  <div class='ocr_page' id='page_1' title='image "/cluster/home/n/w/nwhite01/storage/ocr_20150623/62/hvd.32044054758693/010.png"; bbox 0 0 4040 6184; ppageno 0'>
   <div class='ocr_carea' id='block_1_1' title="bbox 204 273 3466 336">
    <p class='ocr_par' dir='ltr' id='par_1_1' title="bbox 215 277 3462 332">
     <span class='ocr_line' id='line_1_1' title="bbox 1680 277 3253 297; baseline 0.001 -10"><span class='ocrx_word' id='word_1_1' title='bbox 1680 279 2111 289; x_wconf 56' lang='grc' dir='ltr'><strong>υα--σ--ο--ρ-</strong></span> <span class='ocrx_word' id='word_1_2' title='bbox 2124 278 2313 290; x_wconf 58' lang='grc' dir='ltr'><strong>..ι-.-</strong></span> <span class='ocrx_word' id='word_1_3' title='bbox 2712 279 3075 297; x_wconf 45' lang='grc' dir='ltr'><strong>-οὝ-ῤ-</strong></span> <span class='ocrx_word' id='word_1_4' title='bbox 3086 277 3253 288; x_wconf 72' lang='lat' dir='ltr'><strong>—-—&#39;_v</strong></span> 
     </span>
     <span class='ocr_line' id='line_1_2' title="bbox 215 279 3462 332; baseline -0.003 -2"><span class='ocrx_word' id='word_1_5' title='bbox 215 282 611 332; x_wconf 51' lang='lat' dir='ltr'><strong>ﬁ.</strong></span> <span class='ocrx_word' id='word_1_6' title='bbox 410 328 413 329; x_wconf 42' lang='grc' dir='ltr'><em>ν</em></span> <span class='ocrx_word' id='word_1_7' title='bbox 618 281 959 331; x_wconf 41' lang='lat' dir='ltr'><strong>ﬁ.</strong></span> <span class='ocrx_word' id='word_1_8' title='bbox 662 324 716 331; x_wconf 38' lang='grc' dir='ltr'><strong>ομ,</strong></span> <span class='ocrx_word' id='word_1_9' title='bbox 847 324 929 329; x_wconf 38' lang='grc' dir='ltr'><strong>γη...</strong></span> <span class='ocrx_word' id='word_1_10' title='bbox 943 279 1315 330; x_wconf 51' lang='lat' dir='ltr'><strong>WE.</strong></span> <span class='ocrx_word' id='word_1_11' title='bbox 1126 321 1237 328; x_wconf 22' lang='lat' dir='ltr'><strong>si.”</strong></span> <span class='ocrx_word' id='word_1_12' title='bbox 1303 319 1307 323; x_wconf 91' lang='lat'><strong><em>-</em></strong></span> <span class='ocrx_word' id='word_1_13' title='bbox 1318 280 1381 325; x_wconf 68' lang='grc' dir='ltr'><strong>Ξ-</strong></span> <span class='ocrx_word' id='word_1_14' title='bbox 1354 280 1626 327; x_wconf 55' lang='grc' dir='ltr'><strong>ο--ἰοεί</strong></span> <span class='ocrx_word' id='word_1_15' title='bbox 1635 280 1845 327; x_wconf 55' lang='grc' dir='ltr'>Ιῃ...</span> <span class='ocrx_word' id='word_1_16' title='bbox 1826 320 1837 325; x_wconf 49' lang='grc' dir='ltr'><em>ρ</em></span> <span class='ocrx_word' id='word_1_17' title='bbox 1854 290 2006 326; x_wconf 66' lang='lat'><strong>__</strong></span> <span class='ocrx_word' id='word_1_18' title='bbox 1916 320 1983 325; x_wconf 39' lang='lat' dir='ltr'><strong>M-r</strong></span> <span class='ocrx_word' id='word_1_19' title='bbox 2054 320 2073 325; x_wconf 51' lang='grc' dir='ltr'><strong>,ρ</strong></span> <span class='ocrx_word' id='word_1_20' title='bbox 2088 322 2091 323; x_wconf 50' lang='grc' dir='ltr'><em>ν</em></span> <span class='ocrx_word' id='word_1_21' title='bbox 2110 322 2131 326; x_wconf 41' lang='grc' dir='ltr'><strong>,Α</strong></span> <span class='ocrx_word' id='word_1_22' title='bbox 2162 322 2171 325; x_wconf 59' lang='grc' dir='ltr'><em>ν</em></span> <span class='ocrx_word' id='word_1_23' title='bbox 2758 282 3462 325; x_wconf 64' lang='lat' dir='ltr'><strong>.M,</strong></span> <span class='ocrx_word' id='word_1_24' title='bbox 3050 322 3053 325; x_wconf 61' lang='grc'>,</span> <span class='ocrx_word' id='word_1_25' title='bbox 3232 317 3241 321; x_wconf 59' lang='grc' dir='ltr'><strong>νυ</strong></span> <span class='ocrx_word' id='word_1_26' title='bbox 3324 318 3325 321; x_wconf 59' lang='grc' dir='ltr'><strong>η</strong></span> 
     </span>
    </p>
   </div>
   <div class='ocr_carea' id='block_1_2' title="bbox 1365 434 2303 480">
    <p class='ocr_par' dir='ltr' id='par_1_2' title="bbox 1365 434 2303 480">
     <span class='ocr_line' id='line_1_3' title="bbox 1365 434 2303 480; baseline -0.003 -2"><span class='ocrx_word' id='word_1_27' title='bbox 1365 436 1533 480; x_wconf 78' lang='lat' dir='ltr'><strong>ANNO</strong></span> <span class='ocrx_word' id='word_1_28' title='bbox 1577 434 1805 477; x_wconf 74' lang='lat' dir='ltr'><strong>DOMINI</strong></span> <span class='ocrx_word' id='word_1_29' title='bbox 1849 434 2278 477; x_wconf 74' lang='lat' dir='ltr'><strong>CCCCXCl-DXII</strong></span> <span class='ocrx_word' id='word_1_30' title='bbox 2294 463 2303 474; x_wconf 92' lang='lat'><strong>.</strong></span> 
     </span>
    </p>
   </div>
   <div class='ocr_carea' id='block_1_3' title="bbox 288 506 3400 761">
    <p class='ocr_par' dir='ltr' id='par_1_3' title="bbox 288 506 3400 761">
     <span class='ocr_line' id='line_1_4' title="bbox 288 506 3400 761; baseline -0.001 -1"><span class='ocrx_word' id='word_1_31' title='bbox 288 596 1879 761; x_wconf 79' lang='lat' dir='ltr'><strong>PASCHASIUS</strong></span> <span class='ocrx_word' id='word_1_32' title='bbox 2047 593 3400 761; x_wconf 80' lang='lat' dir='ltr'><strong>DIACONUS.</strong></span> 
     </span>
    </p>
   </div>
   <div class='ocr_carea' id='block_1_4' title="bbox 1399 922 2321 995">
    <p class='ocr_par' dir='ltr' id='par_1_4' title="bbox 1399 922 2321 995">
     <span class='ocr_line' id='line_1_5' title="bbox 1399 922 2321 995; baseline -0.002 -2"><span class='ocrx_word' id='word_1_33' title='bbox 1399 923 1982 995; x_wconf 80' lang='lat' dir='ltr'><strong>PROLEGOM</strong></span> <span class='ocrx_word' id='word_1_34' title='bbox 2000 922 2137 992; x_wconf 84' lang='lat' dir='ltr'><strong>EN</strong></span> <span class='ocrx_word' id='word_1_35' title='bbox 2143 922 2282 994; x_wconf 81' lang='grc' dir='ltr'><strong>ΟΝ</strong></span> <span class='ocrx_word' id='word_1_36' title='bbox 2295 966 2321 991; x_wconf 87' lang='lat'><strong>.</strong></span> 
     </span>
    </p>
   </div>
   <div class='ocr_carea' id='block_1_5' title="bbox 1699 1032 1999 1096">
    <p class='ocr_par' dir='ltr' id='par_1_5' title="bbox 1699 1032 1999 1096">
     <span class='ocr_line' id='line_1_6' title="bbox 1699 1032 1999 1096; baseline 0 -13"><span class='ocrx_word' id='word_1_37' title='bbox 1699 1032 1795 1096; x_wconf 73' lang='lat' dir='ltr'><strong>(Ex</strong></span> <span class='ocrx_word' id='word_1_38' title='bbox 1819 1034 1999 1095; x_wconf 83' lang='lat' dir='ltr'><strong>Cave.)</strong></span> 
     </span>
    </p>
   </div>
   <div class='ocr_carea' id='block_1_6' title="bbox 277 1157 3473 1235">
    <p class='ocr_par' dir='ltr' id='par_1_6' title="bbox 277 1157 3473 1235">
     <span class='ocr_line' id='line_1_7' title="bbox 277 1157 3473 1235; baseline 0.001 -19"><span class='ocrx_word' id='word_1_39' title='bbox 277 1159 617 1223; x_wconf 67' lang='lat' dir='ltr'><strong>Paschasius,</strong></span> <span class='ocrx_word' id='word_1_40' title='bbox 667 1160 919 1215; x_wconf 66' lang='lat' dir='ltr'><strong>Ecclesiae</strong></span> <span class='ocrx_word' id='word_1_41' title='bbox 974 1160 1231 1216; x_wconf 70' lang='lat' dir='ltr'><strong>Romana:</strong></span> <span class='ocrx_word' id='word_1_42' title='bbox 1279 1160 1556 1223; x_wconf 79' lang='lat' dir='ltr'><strong>diaconus,</strong></span> <span class='ocrx_word' id='word_1_43' title='bbox 1599 1157 2014 1221; x_wconf 73' lang='lat' dir='ltr'><strong>claruitAderi</strong></span> <span class='ocrx_word' id='word_1_44' title='bbox 2063 1166 2305 1227; x_wconf 88' lang='lat' dir='ltr'><strong>possunt,</strong></span> <span class='ocrx_word' id='word_1_45' title='bbox 2363 1159 2757 1230; x_wconf 73' lang='lat' dir='ltr'><strong>Supplement.,</strong></span> <span class='ocrx_word' id='word_1_46' title='bbox 2813 1178 2933 1235; x_wconf 82' lang='lat' dir='ltr'><strong>pag.</strong></span> <span class='ocrx_word' id='word_1_47' title='bbox 2989 1168 3109 1224; x_wconf 71' lang='lat'><strong>107.</strong></span> <span class='ocrx_word' id='word_1_48' title='bbox 3139 1168 3270 1223; x_wconf 81' lang='lat' dir='ltr'><strong>Cum</strong></span> <span class='ocrx_word' id='word_1_49' title='bbox 3296 1178 3473 1226; x_wconf 66' lang='lat' dir='ltr'><strong>tamen</strong></span> 
     </span>
    </p>
   </div>
   <div class='ocr_carea' id='block_1_7' title="bbox 206 1251 1795 1321">
    <p class='ocr_par' dir='ltr' id='par_1_7' title="bbox 206 1251 1795 1321">
     <span class='ocr_line' id='line_1_8' title="bbox 206 1251 1795 1321; baseline -0.001 -14"><span class='ocrx_word' id='word_1_50' title='bbox 206 1255 428 1307; x_wconf 87' lang='lat' dir='ltr'><strong>ineunte</strong></span> <span class='ocrx_word' id='word_1_51' title='bbox 478 1253 580 1306; x_wconf 90' lang='lat' dir='ltr'><strong>hoc</strong></span> <span class='ocrx_word' id='word_1_52' title='bbox 610 1253 827 1317; x_wconf 60' lang='lat' dir='ltr'><strong>saeculo,</strong></span> <span class='ocrx_word' id='word_1_53' title='bbox 871 1268 1001 1307; x_wconf 88' lang='lat' dir='ltr'><strong>ann.</strong></span> <span class='ocrx_word' id='word_1_54' title='bbox 1041 1252 1168 1306; x_wconf 78' lang='grc'><strong>501.</strong></span> <span class='ocrx_word' id='word_1_55' title='bbox 1217 1252 1501 1321; x_wconf 87' lang='lat' dir='ltr'><strong>Flagrante</strong></span> <span class='ocrx_word' id='word_1_56' title='bbox 1553 1251 1795 1305; x_wconf 81' lang='lat' dir='ltr'><strong>Romano</strong></span> 
     </span>
    </p>
   </div>
   <div class='ocr_carea' id='block_1_8' title="bbox 206 1343 1792 1414">
    <p class='ocr_par' dir='ltr' id='par_1_8' title="bbox 206 1343 1792 1414">
     <span class='ocr_line' id='line_1_9' title="bbox 206 1343 1792 1414; baseline -0.002 -15"><span class='ocrx_word' id='word_1_57' title='bbox 206 1348 491 1399; x_wconf 71' lang='lat' dir='ltr'><strong>schismate</strong></span> <span class='ocrx_word' id='word_1_58' title='bbox 518 1361 646 1397; x_wconf 91' lang='lat' dir='ltr'><strong>aun.</strong></span> <span class='ocrx_word' id='word_1_59' title='bbox 680 1344 803 1410; x_wconf 75' lang='lat'><strong>498,</strong></span> <span class='ocrx_word' id='word_1_60' title='bbox 834 1343 1104 1399; x_wconf 75' lang='lat' dir='ltr'><strong>Laurentii</strong></span> <span class='ocrx_word' id='word_1_61' title='bbox 1127 1344 1382 1399; x_wconf 87' lang='lat' dir='ltr'><strong>adversus</strong></span> <span class='ocrx_word' id='word_1_62' title='bbox 1413 1344 1792 1414; x_wconf 82' lang='lat' dir='ltr'><strong>Symmachum</strong></span> 
     </span>
    </p>
   </div>
   <div class='ocr_carea' id='block_1_9' title="bbox 212 1433 1791 1509">
    <p class='ocr_par' dir='ltr' id='par_1_9' title="bbox 212 1433 1791 1509">
     <span class='ocr_line' id='line_1_10' title="bbox 212 1433 1791 1509; baseline 0.002 -26"><span class='ocrx_word' id='word_1_63' title='bbox 212 1450 390 1505; x_wconf 69' lang='lat' dir='ltr'><strong>panes</strong></span> <span class='ocrx_word' id='word_1_64' title='bbox 421 1446 645 1489; x_wconf 75' lang='lat' dir='ltr'><strong>strenue</strong></span> <span class='ocrx_word' id='word_1_65' title='bbox 673 1437 974 1509; x_wconf 75' lang='lat' dir='ltr'><strong>tutabatur;</strong></span> <span class='ocrx_word' id='word_1_66' title='bbox 1005 1434 1226 1504; x_wconf 81' lang='lat' dir='ltr'><strong>ejusque</strong></span> <span class='ocrx_word' id='word_1_67' title='bbox 1253 1448 1472 1489; x_wconf 81' lang='lat' dir='ltr'><strong>causam</strong></span> <span class='ocrx_word' id='word_1_68' title='bbox 1501 1433 1568 1487; x_wconf 90' lang='lat' dir='ltr'><strong>ad</strong></span> <span class='ocrx_word' id='word_1_69' title='bbox 1588 1434 1791 1487; x_wconf 71' lang='lat' dir='ltr'><strong>obitum</strong></span> 
     </span>
    </p>
   </div>
   <div class='ocr_carea' id='block_1_10' title="bbox 207 1510 1782 1596">
    <p class='ocr_par' dir='ltr' id='par_1_10' title="bbox 207 1510 1782 1596">
     <span class='ocr_line' id='line_1_11' title="bbox 207 1510 1782 1596; baseline -0.003 -15"><span class='ocrx_word' id='word_1_70' title='bbox 207 1543 371 1596; x_wconf 81' lang='lat' dir='ltr'><strong>usque</strong></span> <span class='ocrx_word' id='word_1_71' title='bbox 438 1510 783 1595; x_wconf 75' lang='lat' dir='ltr'><strong>pertinaciter</strong></span> <span class='ocrx_word' id='word_1_72' title='bbox 845 1526 1216 1595; x_wconf 87' lang='lat' dir='ltr'><strong>propuguavit.</strong></span> <span class='ocrx_word' id='word_1_73' title='bbox 1288 1526 1433 1580; x_wconf 86' lang='lat' dir='ltr'><strong>Obiit</strong></span> <span class='ocrx_word' id='word_1_74' title='bbox 1458 1540 1586 1577; x_wconf 89' lang='lat' dir='ltr'><strong>anu.</strong></span> <span class='ocrx_word' id='word_1_75' title='bbox 1656 1523 1782 1579; x_wconf 75' lang='grc'><strong>512.</strong></span> 
     </span>
    </p>
   </div>
   <div class='ocr_carea' id='block_1_11' title="bbox 210 1615 1793 1686">
    <p class='ocr_par' dir='ltr' id='par_1_11' title="bbox 210 1615 1793 1686">
     <span class='ocr_line' id='line_1_12' title="bbox 210 1615 1793 1686; baseline -0.003 -14"><span class='ocrx_word' id='word_1_76' title='bbox 210 1620 315 1672; x_wconf 67' lang='lat' dir='ltr'><strong>llac</strong></span> <span class='ocrx_word' id='word_1_77' title='bbox 338 1619 631 1672; x_wconf 81' lang='lat' dir='ltr'><strong>occasione</strong></span> <span class='ocrx_word' id='word_1_78' title='bbox 680 1618 907 1686; x_wconf 90' lang='lat' dir='ltr'><strong>lepidam</strong></span> <span class='ocrx_word' id='word_1_79' title='bbox 950 1618 1107 1685; x_wconf 86' lang='lat' dir='ltr'><strong>plane</strong></span> <span class='ocrx_word' id='word_1_80' title='bbox 1160 1617 1390 1671; x_wconf 90' lang='lat' dir='ltr'><strong>fabulam</strong></span> <span class='ocrx_word' id='word_1_81' title='bbox 1433 1616 1498 1669; x_wconf 90' lang='lat' dir='ltr'><strong>de</strong></span> <span class='ocrx_word' id='word_1_82' title='bbox 1524 1615 1793 1669; x_wconf 87' lang='lat' dir='ltr'><strong>Paschasii</strong></span> 
     </span>
    </p>
   </div>
   <div class='ocr_carea' id='block_1_12' title="bbox 210 1708 1792 1778">
    <p class='ocr_par' dir='ltr' id='par_1_12' title="bbox 210 1708 1792 1778">
     <span class='ocr_line' id='line_1_13' title="bbox 210 1708 1792 1778; baseline 0 -17"><span class='ocrx_word' id='word_1_83' title='bbox 210 1711 385 1763; x_wconf 85' lang='lat' dir='ltr'><strong>anima</strong></span> <span class='ocrx_word' id='word_1_84' title='bbox 422 1710 723 1778; x_wconf 79' lang='lat' dir='ltr'><strong>Purgatorii</strong></span> <span class='ocrx_word' id='word_1_85' title='bbox 753 1710 979 1763; x_wconf 89' lang='lat' dir='ltr'><strong>flammis</strong></span> <span class='ocrx_word' id='word_1_86' title='bbox 1009 1719 1191 1763; x_wconf 78' lang='lat' dir='ltr'><strong>exusta</strong></span> <span class='ocrx_word' id='word_1_87' title='bbox 1218 1708 1383 1764; x_wconf 88' lang='lat' dir='ltr'><strong>refert</strong></span> <span class='ocrx_word' id='word_1_88' title='bbox 1412 1710 1562 1762; x_wconf 87' lang='lat' dir='ltr'><strong>uobis</strong></span> <span class='ocrx_word' id='word_1_89' title='bbox 1588 1708 1792 1776; x_wconf 84' lang='lat' dir='ltr'><strong>Grego-</strong></span> 
     </span>
    </p>
   </div>
   <div class='ocr_carea' id='block_1_13' title="bbox 217 1797 1800 1869">
    <p class='ocr_par' dir='ltr' id='par_1_13' title="bbox 217 1797 1800 1869">
     <span class='ocr_line' id='line_1_14' title="bbox 217 1797 1800 1869; baseline -0.002 -16"><span class='ocrx_word' id='word_1_90' title='bbox 217 1802 343 1863; x_wconf 85' lang='lat' dir='ltr'><strong>rius,</strong></span> <span class='ocrx_word' id='word_1_91' title='bbox 379 1815 475 1853; x_wconf 90' lang='lat' dir='ltr'><strong>seu</strong></span> <span class='ocrx_word' id='word_1_92' title='bbox 506 1801 751 1869; x_wconf 88' lang='lat' dir='ltr'><strong>quisquis</strong></span> <span class='ocrx_word' id='word_1_93' title='bbox 802 1799 1140 1869; x_wconf 83' lang='lat' dir='ltr'><strong>Dialogorum</strong></span> <span class='ocrx_word' id='word_1_94' title='bbox 1193 1810 1402 1855; x_wconf 87' lang='lat' dir='ltr'><strong>auctor.</strong></span> <span class='ocrx_word' id='word_1_95' title='bbox 1453 1798 1638 1851; x_wconf 79' lang='lat' dir='ltr'><strong>Exstat</strong></span> <span class='ocrx_word' id='word_1_96' title='bbox 1669 1797 1800 1850; x_wconf 81' lang='lat' dir='ltr'><strong>l’as-</strong></span> 
     </span>
    </p>
   </div>
   <div class='ocr_carea' id='block_1_14' title="bbox 209 1890 1799 1961">
    <p class='ocr_par' dir='ltr' id='par_1_14' title="bbox 209 1890 1799 1961">
     <span class='ocr_line' id='line_1_15' title="bbox 209 1890 1799 1961; baseline -0.003 -15"><span class='ocrx_word' id='word_1_97' title='bbox 209 1896 374 1948; x_wconf 86' lang='lat' dir='ltr'><strong>ehasii</strong></span> <span class='ocrx_word' id='word_1_98' title='bbox 412 1893 645 1959; x_wconf 79' lang='lat' dir='ltr'><strong>Epistula</strong></span> <span class='ocrx_word' id='word_1_99' title='bbox 677 1891 742 1945; x_wconf 90' lang='lat' dir='ltr'><strong>ad</strong></span> <span class='ocrx_word' id='word_1_100' title='bbox 770 1892 1109 1961; x_wconf 84' lang='lat' dir='ltr'><strong>Eugippium,</strong></span> <span class='ocrx_word' id='word_1_101' title='bbox 1135 1892 1191 1947; x_wconf 90' lang='lat' dir='ltr'><strong>S.</strong></span> <span class='ocrx_word' id='word_1_102' title='bbox 1219 1892 1461 1947; x_wconf 85' lang='lat' dir='ltr'><strong>Severini</strong></span> <span class='ocrx_word' id='word_1_103' title='bbox 1500 1890 1631 1944; x_wconf 75' lang='lat' dir='ltr'><strong>Vitre</strong></span> <span class='ocrx_word' id='word_1_104' title='bbox 1657 1904 1799 1955; x_wconf 76' lang='lat' dir='ltr'><strong>prte-</strong></span> 
     </span>
    </p>
   </div>
   <div class='ocr_carea' id='block_1_15' title="bbox 211 1982 1792 2057">
    <p class='ocr_par' dir='ltr' id='par_1_15' title="bbox 211 1982 1792 2057">
     <span class='ocr_line' id='line_1_16' title="bbox 211 1982 1792 2057; baseline -0.003 -15"><span class='ocrx_word' id='word_1_105' title='bbox 211 1992 332 2054; x_wconf 76' lang='lat' dir='ltr'><strong>ﬁxa,</strong></span> <span class='ocrx_word' id='word_1_106' title='bbox 365 1988 507 2057; x_wconf 86' lang='lat' dir='ltr'><strong>apud</strong></span> <span class='ocrx_word' id='word_1_107' title='bbox 531 1987 744 2041; x_wconf 89' lang='lat' dir='ltr'><strong>Surium</strong></span> <span class='ocrx_word' id='word_1_108' title='bbox 774 1986 896 2040; x_wconf 85' lang='lat' dir='ltr'><strong>Jan.</strong></span> <span class='ocrx_word' id='word_1_109' title='bbox 951 1987 984 2042; x_wconf 90' lang='lat'><strong>8</strong></span> <span class='ocrx_word' id='word_1_110' title='bbox 1017 1996 1072 2041; x_wconf 86' lang='lat' dir='ltr'><strong>et</strong></span> <span class='ocrx_word' id='word_1_111' title='bbox 1122 1987 1403 2041; x_wconf 87' lang='lat' dir='ltr'><strong>Baronium</strong></span> <span class='ocrx_word' id='word_1_112' title='bbox 1432 1987 1497 2039; x_wconf 92' lang='lat' dir='ltr'><strong>ad</strong></span> <span class='ocrx_word' id='word_1_113' title='bbox 1529 2001 1618 2040; x_wconf 89' lang='lat' dir='ltr'><strong>an.</strong></span> <span class='ocrx_word' id='word_1_114' title='bbox 1666 1982 1792 2037; x_wconf 70' lang='grc'><strong>496.</strong></span> 
     </span>
    </p>
   </div>
   <div class='ocr_carea' id='block_1_16' title="bbox 212 2077 1795 2145">
    <p class='ocr_par' dir='ltr' id='par_1_16' title="bbox 212 2077 1795 2145">
     <span class='ocr_line' id='line_1_17' title="bbox 212 2077 1795 2145; baseline -0.004 -11"><span class='ocrx_word' id='word_1_115' title='bbox 212 2081 485 2134; x_wconf 82' lang='lat' dir='ltr'><strong>Habentur</strong></span> <span class='ocrx_word' id='word_1_116' title='bbox 530 2078 690 2132; x_wconf 87' lang='lat' dir='ltr'><strong>etiam</strong></span> <span class='ocrx_word' id='word_1_117' title='bbox 741 2078 883 2132; x_wconf 87' lang='lat' dir='ltr'><strong>Libri</strong></span> <span class='ocrx_word' id='word_1_118' title='bbox 922 2093 959 2131; x_wconf 86' lang='lat' dir='ltr'><strong>ll</strong></span> <span class='ocrx_word' id='word_1_119' title='bbox 1005 2078 1072 2133; x_wconf 87' lang='lat' dir='ltr'><strong>de</strong></span> <span class='ocrx_word' id='word_1_120' title='bbox 1105 2077 1305 2145; x_wconf 83' lang='lat' dir='ltr'><strong>Spiritu</strong></span> <span class='ocrx_word' id='word_1_121' title='bbox 1352 2085 1557 2137; x_wconf 86' lang='lat' dir='ltr'><strong>sancto,</strong></span> <span class='ocrx_word' id='word_1_122' title='bbox 1609 2081 1795 2130; x_wconf 76' lang='lat' dir='ltr'><strong>contra</strong></span> 
     </span>
    </p>
   </div>
   <div class='ocr_carea' id='block_1_17' title="bbox 211 2167 1794 2235">
    <p class='ocr_par' dir='ltr' id='par_1_17' title="bbox 211 2167 1794 2235">
     <span class='ocr_line' id='line_1_18' title="bbox 211 2167 1794 2235; baseline -0.002 -10"><span class='ocrx_word' id='word_1_123' title='bbox 211 2169 606 2232; x_wconf 73' lang='lat' dir='ltr'><strong>llacerloniutn,</strong></span> <span class='ocrx_word' id='word_1_124' title='bbox 631 2167 849 2230; x_wconf 86' lang='lat' dir='ltr'><strong>Colon.,</strong></span> <span class='ocrx_word' id='word_1_125' title='bbox 883 2168 1042 2235; x_wconf 76' lang='grc'><strong>1559,</strong></span> <span class='ocrx_word' id='word_1_126' title='bbox 1070 2168 1240 2235; x_wconf 79' lang='lat' dir='ltr'><strong>iii-8°,</strong></span> <span class='ocrx_word' id='word_1_127' title='bbox 1275 2167 1593 2228; x_wconf 84' lang='lat' dir='ltr'><strong>llelmslad.,</strong></span> <span class='ocrx_word' id='word_1_128' title='bbox 1634 2167 1794 2234; x_wconf 76' lang='grc'><strong>1615,</strong></span> 
     </span>
    </p>
   </div>
   <div class='ocr_carea' id='block_1_18' title="bbox 209 2259 1794 2329">
    <p class='ocr_par' dir='ltr' id='par_1_18' title="bbox 209 2259 1794 2329">
     <span class='ocr_line' id='line_1_19' title="bbox 209 2259 1794 2329; baseline -0.003 -12"><span class='ocrx_word' id='word_1_129' title='bbox 209 2275 259 2317; x_wconf 85' lang='lat' dir='ltr'><strong>et</strong></span> <span class='ocrx_word' id='word_1_130' title='bbox 290 2265 341 2316; x_wconf 93' lang='lat' dir='ltr'><strong>in</strong></span> <span class='ocrx_word' id='word_1_131' title='bbox 368 2261 695 2315; x_wconf 67' lang='lat' dir='ltr'><strong>Bibliotheca</strong></span> <span class='ocrx_word' id='word_1_132' title='bbox 732 2261 876 2314; x_wconf 85' lang='lat' dir='ltr'><strong>Patr.</strong></span> <span class='ocrx_word' id='word_1_133' title='bbox 904 2272 1032 2314; x_wconf 85' lang='lat' dir='ltr'><strong>tom.</strong></span> <span class='ocrx_word' id='word_1_134' title='bbox 1062 2261 1192 2325; x_wconf 75' lang='lat' dir='ltr'><strong>\‘lll,</strong></span> <span class='ocrx_word' id='word_1_135' title='bbox 1226 2277 1345 2329; x_wconf 86' lang='lat' dir='ltr'><strong>pag.</strong></span> <span class='ocrx_word' id='word_1_136' title='bbox 1372 2262 1497 2316; x_wconf 82' lang='lat'><strong>806.</strong></span> <span class='ocrx_word' id='word_1_137' title='bbox 1524 2262 1631 2315; x_wconf 90' lang='lat' dir='ltr'><strong>llos</strong></span> <span class='ocrx_word' id='word_1_138' title='bbox 1662 2259 1794 2313; x_wconf 74' lang='lat' dir='ltr'><strong>Pas-</strong></span> 
     </span>
    </p>
   </div>
   <div class='ocr_carea' id='block_1_19' title="bbox 208 2350 1798 2421">
    <p class='ocr_par' dir='ltr' id='par_1_19' title="bbox 208 2350 1798 2421">
     <span class='ocr_line' id='line_1_20' title="bbox 208 2350 1798 2421; baseline -0.003 -12"><span class='ocrx_word' id='word_1_139' title='bbox 208 2354 373 2409; x_wconf 83' lang='lat' dir='ltr'><strong>cltasii</strong></span> <span class='ocrx_word' id='word_1_140' title='bbox 406 2368 530 2405; x_wconf 79' lang='lat' dir='ltr'><strong>esse</strong></span> <span class='ocrx_word' id='word_1_141' title='bbox 559 2361 839 2420; x_wconf 81' lang='lat' dir='ltr'><strong>pernegat,</strong></span> <span class='ocrx_word' id='word_1_142' title='bbox 872 2363 925 2406; x_wconf 88' lang='lat' dir='ltr'><strong>et</strong></span> <span class='ocrx_word' id='word_1_143' title='bbox 956 2351 1150 2405; x_wconf 88' lang='lat' dir='ltr'><strong>Fausto</strong></span> <span class='ocrx_word' id='word_1_144' title='bbox 1170 2352 1457 2421; x_wconf 83' lang='lat' dir='ltr'><strong>Rhegiensi</strong></span> <span class='ocrx_word' id='word_1_145' title='bbox 1488 2350 1798 2407; x_wconf 88' lang='lat' dir='ltr'><strong>tribuendos</strong></span> 
     </span>
    </p>
   </div>
   <div class='ocr_carea' id='block_1_20' title="bbox 1900 1248 3477 1331">
    <p class='ocr_par' dir='ltr' id='par_1_20' title="bbox 1900 1248 3477 1331">
     <span class='ocr_line' id='line_1_21' title="bbox 1900 1248 3477 1331; baseline 0.01 -30"><span class='ocrx_word' id='word_1_146' title='bbox 1900 1248 2156 1302; x_wconf 71' lang='lat' dir='ltr'><strong>lectissimi</strong></span> <span class='ocrx_word' id='word_1_147' title='bbox 2185 1249 2238 1301; x_wconf 83' lang='lat' dir='ltr'><strong>hi</strong></span> <span class='ocrx_word' id='word_1_148' title='bbox 2275 1258 2323 1302; x_wconf 85' lang='lat' dir='ltr'><strong>et</strong></span> <span class='ocrx_word' id='word_1_149' title='bbox 2352 1249 2599 1304; x_wconf 66' lang='lat' dir='ltr'><strong>incolenti</strong></span> <span class='ocrx_word' id='word_1_150' title='bbox 2620 1252 2735 1306; x_wconf 81' lang='lat' dir='ltr'><strong>libri</strong></span> <span class='ocrx_word' id='word_1_151' title='bbox 2765 1254 2844 1323; x_wconf 90' lang='lat' dir='ltr'><strong>(ut</strong></span> <span class='ocrx_word' id='word_1_152' title='bbox 2867 1256 3105 1324; x_wconf 76' lang='lat' dir='ltr'><strong>Gregorii</strong></span> <span class='ocrx_word' id='word_1_153' title='bbox 3136 1263 3310 1315; x_wconf 79' lang='lat' dir='ltr'><strong>verbis</strong></span> <span class='ocrx_word' id='word_1_154' title='bbox 3337 1266 3477 1331; x_wconf 88' lang='lat' dir='ltr'><strong>utar)</strong></span> 
     </span>
    </p>
   </div>
   <div class='ocr_carea' id='block_1_21' title="bbox 1900 1338 3477 1407">
    <p class='ocr_par' dir='ltr' id='par_1_21' title="bbox 1900 1338 3477 1407">
     <span class='ocr_line' id='line_1_22' title="bbox 1900 1338 3477 1407; baseline 0.01 -16"><span class='ocrx_word' id='word_1_155' title='bbox 1900 1338 2145 1406; x_wconf 79' lang='lat' dir='ltr'><strong>Gregorii</strong></span> <span class='ocrx_word' id='word_1_156' title='bbox 2174 1338 2462 1394; x_wconf 87' lang='lat' dir='ltr'><strong>Paschasio</strong></span> <span class='ocrx_word' id='word_1_157' title='bbox 2480 1341 2704 1395; x_wconf 88' lang='lat' dir='ltr'><strong>diacono</strong></span> <span class='ocrx_word' id='word_1_158' title='bbox 2728 1358 2821 1399; x_wconf 86' lang='lat' dir='ltr'><strong>eos</strong></span> <span class='ocrx_word' id='word_1_159' title='bbox 2845 1346 3040 1402; x_wconf 90' lang='lat' dir='ltr'><strong>diserte</strong></span> <span class='ocrx_word' id='word_1_160' title='bbox 3079 1351 3360 1406; x_wconf 84' lang='lat' dir='ltr'><strong>tribuentis</strong></span> <span class='ocrx_word' id='word_1_161' title='bbox 3401 1365 3477 1407; x_wconf 87' lang='lat' dir='ltr'><strong>te-</strong></span> 
     </span>
    </p>
   </div>
   <div class='ocr_carea' id='block_1_22' title="bbox 1900 1433 3479 1507">
    <p class='ocr_par' dir='ltr' id='par_1_22' title="bbox 1900 1433 3479 1507">
     <span class='ocr_line' id='line_1_23' title="bbox 1900 1433 3479 1507; baseline 0.008 -19"><span class='ocrx_word' id='word_1_162' title='bbox 1900 1433 2151 1488; x_wconf 85' lang='lat' dir='ltr'><strong>stimonio</strong></span> <span class='ocrx_word' id='word_1_163' title='bbox 2173 1434 2413 1488; x_wconf 87' lang='lat' dir='ltr'><strong>nitantur</strong></span> <span class='ocrx_word' id='word_1_164' title='bbox 2432 1434 2509 1505; x_wconf 90' lang='lat' dir='ltr'><strong>(et</strong></span> <span class='ocrx_word' id='word_1_165' title='bbox 2532 1446 2677 1491; x_wconf 87' lang='lat' dir='ltr'><strong>certe</strong></span> <span class='ocrx_word' id='word_1_166' title='bbox 2701 1439 3035 1507; x_wconf 79' lang='lat' dir='ltr'><strong>Dialogorum</strong></span> <span class='ocrx_word' id='word_1_167' title='bbox 3061 1446 3344 1498; x_wconf 80' lang='lat' dir='ltr'><strong>maximam</strong></span> <span class='ocrx_word' id='word_1_168' title='bbox 3378 1446 3479 1501; x_wconf 86' lang='lat' dir='ltr'><strong>hac</strong></span> 
     </span>
    </p>
   </div>
   <div class='ocr_carea' id='block_1_23' title="bbox 1899 1524 3479 1605">
    <p class='ocr_par' dir='ltr' id='par_1_23' title="bbox 1899 1524 3479 1605">
     <span class='ocr_line' id='line_1_24' title="bbox 1899 1524 3479 1605; baseline 0.006 -26"><span class='ocrx_word' id='word_1_169' title='bbox 1899 1524 1955 1579; x_wconf 92' lang='lat' dir='ltr'><strong>in</strong></span> <span class='ocrx_word' id='word_1_170' title='bbox 1984 1538 2142 1579; x_wconf 87' lang='lat' dir='ltr'><strong>causa</strong></span> <span class='ocrx_word' id='word_1_171' title='bbox 2171 1527 2545 1580; x_wconf 87' lang='lat' dir='ltr'><strong>auctoritatem</strong></span> <span class='ocrx_word' id='word_1_172' title='bbox 2573 1542 2695 1581; x_wconf 87' lang='lat' dir='ltr'><strong>esse</strong></span> <span class='ocrx_word' id='word_1_173' title='bbox 2722 1531 2835 1587; x_wconf 84' lang='lat' dir='ltr'><strong>ipse</strong></span> <span class='ocrx_word' id='word_1_174' title='bbox 2862 1533 3096 1597; x_wconf 85' lang='lat' dir='ltr'><strong>agnoscit</strong></span> <span class='ocrx_word' id='word_1_175' title='bbox 3123 1535 3391 1605; x_wconf 83' lang='lat' dir='ltr'><strong>Oudinus)</strong></span> <span class='ocrx_word' id='word_1_176' title='bbox 3421 1547 3479 1593; x_wconf 88' lang='lat' dir='ltr'><strong>ut</strong></span> 
     </span>
    </p>
   </div>
   <div class='ocr_carea' id='block_1_24' title="bbox 1899 1613 3476 1690">
    <p class='ocr_par' dir='ltr' id='par_1_24' title="bbox 1899 1613 3476 1690">
     <span class='ocr_line' id='line_1_25' title="bbox 1899 1613 3476 1690; baseline 0.006 -22"><span class='ocrx_word' id='word_1_177' title='bbox 1899 1613 1968 1668; x_wconf 90' lang='lat' dir='ltr'><strong>de</strong></span> <span class='ocrx_word' id='word_1_178' title='bbox 1997 1614 2273 1685; x_wconf 88' lang='lat' dir='ltr'><strong>Sigeberto</strong></span> <span class='ocrx_word' id='word_1_179' title='bbox 2302 1613 2669 1671; x_wconf 88' lang='lat' dir='ltr'><strong>Gemblacensi</strong></span> <span class='ocrx_word' id='word_1_180' title='bbox 2701 1617 2847 1688; x_wconf 83' lang='lat' dir='ltr'><strong>(Cap.</strong></span> <span class='ocrx_word' id='word_1_181' title='bbox 2878 1620 2964 1687; x_wconf 82' lang='grc'><strong>17)</strong></span> <span class='ocrx_word' id='word_1_182' title='bbox 2992 1623 3121 1676; x_wconf 64' lang='lat' dir='ltr'><strong>nihil</strong></span> <span class='ocrx_word' id='word_1_183' title='bbox 3144 1624 3249 1690; x_wconf 82' lang='lat' dir='ltr'><strong>jam</strong></span> <span class='ocrx_word' id='word_1_184' title='bbox 3274 1625 3476 1689; x_wconf 88' lang='lat' dir='ltr'><strong>dicam,</strong></span> 
     </span>
    </p>
   </div>
   <div class='ocr_carea' id='block_1_25' title="bbox 1862 1703 3478 1780">
    <p class='ocr_par' dir='ltr' id='par_1_25' title="bbox 1862 1703 3478 1780">
     <span class='ocr_line' id='line_1_26' title="bbox 1862 1703 3478 1780; baseline 0.007 -22"><span class='ocrx_word' id='word_1_185' title='bbox 1862 1736 1867 1741; x_wconf 63' lang='grc' dir='ltr'><em>ι</em></span> <span class='ocrx_word' id='word_1_186' title='bbox 1901 1703 2189 1759; x_wconf 81' lang='lat' dir='ltr'><strong>Paschasio</strong></span> <span class='ocrx_word' id='word_1_187' title='bbox 2214 1714 2398 1759; x_wconf 83' lang='lat' dir='ltr'><strong>nostro</strong></span> <span class='ocrx_word' id='word_1_188' title='bbox 2428 1707 2565 1761; x_wconf 90' lang='lat' dir='ltr'><strong>haud</strong></span> <span class='ocrx_word' id='word_1_189' title='bbox 2597 1716 2795 1763; x_wconf 65' lang='lat' dir='ltr'><strong>temere</strong></span> <span class='ocrx_word' id='word_1_190' title='bbox 2828 1724 2951 1764; x_wconf 90' lang='lat' dir='ltr'><strong>sunt</strong></span> <span class='ocrx_word' id='word_1_191' title='bbox 2975 1713 3326 1780; x_wconf 87' lang='lat' dir='ltr'><strong>abjudicandi.</strong></span> <span class='ocrx_word' id='word_1_192' title='bbox 3371 1715 3478 1770; x_wconf 72' lang='lat' dir='ltr'><strong>Nec</strong></span> 
     </span>
    </p>
   </div>
   <div class='ocr_carea' id='block_1_26' title="bbox 1900 1795 3475 1875">
    <p class='ocr_par' dir='ltr' id='par_1_26' title="bbox 1900 1795 3475 1875">
     <span class='ocr_line' id='line_1_27' title="bbox 1900 1795 3475 1875; baseline 0.008 -27"><span class='ocrx_word' id='word_1_193' title='bbox 1900 1795 2113 1849; x_wconf 88' lang='lat' dir='ltr'><strong>obstant</strong></span> <span class='ocrx_word' id='word_1_194' title='bbox 2138 1795 2385 1851; x_wconf 89' lang='lat' dir='ltr'><strong>codicum</strong></span> <span class='ocrx_word' id='word_1_195' title='bbox 2432 1801 2781 1866; x_wconf 85' lang='lat' dir='ltr'><strong>quorumdam</strong></span> <span class='ocrx_word' id='word_1_196' title='bbox 2830 1815 2957 1855; x_wconf 87' lang='lat' dir='ltr'><strong>mss.</strong></span> <span class='ocrx_word' id='word_1_197' title='bbox 3001 1804 3162 1867; x_wconf 87' lang='lat' dir='ltr'><strong>tituli,</strong></span> <span class='ocrx_word' id='word_1_198' title='bbox 3197 1808 3288 1875; x_wconf 88' lang='lat' dir='ltr'><strong>qui</strong></span> <span class='ocrx_word' id='word_1_199' title='bbox 3317 1807 3475 1862; x_wconf 84' lang='lat' dir='ltr'><strong>libra-</strong></span> 
     </span>
    </p>
   </div>
   <div class='ocr_carea' id='block_1_27' title="bbox 1901 1890 3479 1960">
    <p class='ocr_par' dir='ltr' id='par_1_27' title="bbox 1901 1890 3479 1960">
     <span class='ocr_line' id='line_1_28' title="bbox 1901 1890 3479 1960; baseline 0.006 -17"><span class='ocrx_word' id='word_1_200' title='bbox 1901 1890 2102 1944; x_wconf 92' lang='lat' dir='ltr'><strong>riorum</strong></span> <span class='ocrx_word' id='word_1_201' title='bbox 2133 1890 2332 1945; x_wconf 76' lang='lat' dir='ltr'><strong>incuria</strong></span> <span class='ocrx_word' id='word_1_202' title='bbox 2363 1892 2589 1960; x_wconf 62' lang='grc' dir='ltr'><strong>θρροςὶιί</strong></span> <span class='ocrx_word' id='word_1_203' title='bbox 2629 1894 2869 1948; x_wconf 86' lang='lat' dir='ltr'><strong>incautos</strong></span> <span class='ocrx_word' id='word_1_204' title='bbox 2915 1896 3143 1951; x_wconf 86' lang='lat' dir='ltr'><strong>lectores</strong></span> <span class='ocrx_word' id='word_1_205' title='bbox 3186 1898 3324 1952; x_wconf 83' lang='lat' dir='ltr'><strong>haud</strong></span> <span class='ocrx_word' id='word_1_206' title='bbox 3357 1914 3479 1953; x_wconf 89' lang='lat' dir='ltr'><strong>raro</strong></span> 
     </span>
    </p>
   </div>
   <div class='ocr_carea' id='block_1_28' title="bbox 1902 1982 3477 2057">
    <p class='ocr_par' dir='ltr' id='par_1_28' title="bbox 1902 1982 3477 2057">
     <span class='ocr_line' id='line_1_29' title="bbox 1902 1982 3477 2057; baseline 0.008 -23"><span class='ocrx_word' id='word_1_207' title='bbox 1902 1982 2090 2036; x_wconf 79' lang='lat' dir='ltr'><strong>fallunt</strong></span> <span class='ocrx_word' id='word_1_208' title='bbox 2119 2000 2133 2037; x_wconf 93' lang='lat'>:</span> <span class='ocrx_word' id='word_1_209' title='bbox 2166 1987 2465 2054; x_wconf 60' lang='lat' dir='ltr'><strong>praesertim</strong></span> <span class='ocrx_word' id='word_1_210' title='bbox 2496 2000 2617 2039; x_wconf 89' lang='lat' dir='ltr'><strong>cum</strong></span> <span class='ocrx_word' id='word_1_211' title='bbox 2664 1986 2915 2042; x_wconf 82' lang='lat' dir='ltr'><strong>Faustum</strong></span> <span class='ocrx_word' id='word_1_212' title='bbox 2952 1991 3237 2057; x_wconf 88' lang='lat' dir='ltr'><strong>scripsisse</strong></span> <span class='ocrx_word' id='word_1_213' title='bbox 3285 1991 3477 2047; x_wconf 90' lang='lat' dir='ltr'><strong>librum</strong></span> 
     </span>
    </p>
   </div>
   <div class='ocr_carea' id='block_1_29' title="bbox 1904 2072 3481 2152">
    <p class='ocr_par' dir='ltr' id='par_1_29' title="bbox 1904 2072 3481 2152">
     <span class='ocr_line' id='line_1_30' title="bbox 1904 2072 3481 2152; baseline 0.008 -27"><span class='ocrx_word' id='word_1_214' title='bbox 1904 2073 1971 2126; x_wconf 91' lang='lat' dir='ltr'><strong>de</strong></span> <span class='ocrx_word' id='word_1_215' title='bbox 2000 2072 2202 2139; x_wconf 90' lang='lat' dir='ltr'><strong>Spiritu</strong></span> <span class='ocrx_word' id='word_1_216' title='bbox 2232 2084 2416 2129; x_wconf 87' lang='lat' dir='ltr'><strong>sancto</strong></span> <span class='ocrx_word' id='word_1_217' title='bbox 2439 2075 2717 2131; x_wconf 88' lang='lat' dir='ltr'><strong>tradiderit</strong></span> <span class='ocrx_word' id='word_1_218' title='bbox 2742 2075 3047 2132; x_wconf 88' lang='lat' dir='ltr'><strong>Gennadius</strong></span> <span class='ocrx_word' id='word_1_219' title='bbox 3077 2076 3227 2150; x_wconf 78' lang='lat' dir='ltr'><strong>(Cap.</strong></span> <span class='ocrx_word' id='word_1_220' title='bbox 3262 2080 3378 2152; x_wconf 80' lang='grc'><strong>85).</strong></span> <span class='ocrx_word' id='word_1_221' title='bbox 3416 2082 3481 2137; x_wconf 81' lang='lat' dir='ltr'><strong>Et</strong></span> 
     </span>
    </p>
   </div>
   <div class='ocr_carea' id='block_1_30' title="bbox 1911 2162 3481 2236">
    <p class='ocr_par' dir='ltr' id='par_1_30' title="bbox 1911 2162 3481 2236">
     <span class='ocr_line' id='line_1_31' title="bbox 1911 2162 3481 2236; baseline 0.008 -21"><span class='ocrx_word' id='word_1_222' title='bbox 1911 2162 2027 2230; x_wconf 90' lang='lat' dir='ltr'><strong>ipse</strong></span> <span class='ocrx_word' id='word_1_223' title='bbox 2052 2163 2400 2230; x_wconf 86' lang='lat' dir='ltr'><strong>Trithemius,</strong></span> <span class='ocrx_word' id='word_1_224' title='bbox 2432 2180 2592 2235; x_wconf 83' lang='lat' dir='ltr'><strong>quem</strong></span> <span class='ocrx_word' id='word_1_225' title='bbox 2626 2182 2726 2236; x_wconf 89' lang='lat' dir='ltr'><strong>pro</strong></span> <span class='ocrx_word' id='word_1_226' title='bbox 2770 2183 2827 2222; x_wconf 78' lang='lat' dir='ltr'><strong>se</strong></span> <span class='ocrx_word' id='word_1_227' title='bbox 2877 2178 3064 2224; x_wconf 87' lang='lat' dir='ltr'><strong>testem</strong></span> <span class='ocrx_word' id='word_1_228' title='bbox 3113 2170 3290 2225; x_wconf 78' lang='lat' dir='ltr'><strong>laudat</strong></span> <span class='ocrx_word' id='word_1_229' title='bbox 3318 2173 3481 2227; x_wconf 88' lang='lat' dir='ltr'><strong>Oudi-</strong></span> 
     </span>
    </p>
   </div>
   <div class='ocr_carea' id='block_1_31' title="bbox 1903 2255 3478 2330">
    <p class='ocr_par' dir='ltr' id='par_1_31' title="bbox 1903 2255 3478 2330">
     <span class='ocr_line' id='line_1_32' title="bbox 1903 2255 3478 2330; baseline 0.004 -23"><span class='ocrx_word' id='word_1_230' title='bbox 1903 2268 2040 2319; x_wconf 87' lang='lat' dir='ltr'><strong>nus,</strong></span> <span class='ocrx_word' id='word_1_231' title='bbox 2072 2255 2169 2308; x_wconf 90' lang='lat' dir='ltr'><strong>hos</strong></span> <span class='ocrx_word' id='word_1_232' title='bbox 2194 2256 2338 2325; x_wconf 79' lang='lat' dir='ltr'><strong>ipsos</strong></span> <span class='ocrx_word' id='word_1_233' title='bbox 2378 2256 2561 2321; x_wconf 89' lang='lat' dir='ltr'><strong>libros,</strong></span> <span class='ocrx_word' id='word_1_234' title='bbox 2612 2272 2835 2324; x_wconf 88' lang='lat' dir='ltr'><strong>quorum</strong></span> <span class='ocrx_word' id='word_1_235' title='bbox 2882 2261 3124 2313; x_wconf 69' lang='lat' dir='ltr'><strong>meminit</strong></span> <span class='ocrx_word' id='word_1_236' title='bbox 3168 2259 3478 2330; x_wconf 86' lang='lat' dir='ltr'><strong>Gregorius,</strong></span> 
     </span>
    </p>
   </div>
   <div class='ocr_carea' id='block_1_32' title="bbox 1904 2345 3476 2420">
    <p class='ocr_par' dir='ltr' id='par_1_32' title="bbox 1904 2345 3476 2420">
     <span class='ocr_line' id='line_1_33' title="bbox 1904 2345 3476 2420; baseline 0.003 -20"><span class='ocrx_word' id='word_1_237' title='bbox 1904 2345 2190 2401; x_wconf 80' lang='lat' dir='ltr'><strong>Paschasio</strong></span> <span class='ocrx_word' id='word_1_238' title='bbox 2214 2355 2397 2400; x_wconf 87' lang='lat' dir='ltr'><strong>nostro</strong></span> <span class='ocrx_word' id='word_1_239' title='bbox 2444 2346 2743 2403; x_wconf 85' lang='lat' dir='ltr'><strong>luculenter</strong></span> <span class='ocrx_word' id='word_1_240' title='bbox 2769 2350 3017 2415; x_wconf 75' lang='lat' dir='ltr'><strong>ascribit;</strong></span> <span class='ocrx_word' id='word_1_241' title='bbox 3046 2353 3290 2420; x_wconf 83' lang='lat' dir='ltr'><strong>quamvis</strong></span> <span class='ocrx_word' id='word_1_242' title='bbox 3330 2352 3476 2406; x_wconf 89' lang='lat' dir='ltr'><strong>aliud</strong></span> 
     </span>
    </p>
   </div>
   <div class='ocr_carea' id='block_1_33' title="bbox 209 2437 3473 2512">
    <p class='ocr_par' dir='ltr' id='par_1_33' title="bbox 209 2437 3473 2512">
     <span class='ocr_line' id='line_1_34' title="bbox 209 2437 3473 2512; baseline 0.002 -21"><span class='ocrx_word' id='word_1_243' title='bbox 209 2441 485 2499; x_wconf 75' lang='lat' dir='ltr'><strong>contendit</strong></span> <span class='ocrx_word' id='word_1_244' title='bbox 521 2441 819 2495; x_wconf 86' lang='lat' dir='ltr'><strong>Casimirus</strong></span> <span class='ocrx_word' id='word_1_245' title='bbox 861 2441 1055 2497; x_wconf 91' lang='lat' dir='ltr'><strong>Oudin.</strong></span> <span class='ocrx_word' id='word_1_246' title='bbox 1090 2442 1234 2497; x_wconf 87' lang='lat' dir='ltr'><strong>Sane</strong></span> <span class='ocrx_word' id='word_1_247' title='bbox 1284 2444 1517 2496; x_wconf 69' lang='lat' dir='ltr'><strong>rationes</strong></span> <span class='ocrx_word' id='word_1_248' title='bbox 1540 2441 1657 2509; x_wconf 85' lang='lat' dir='ltr'><strong>ejus</strong></span> <span class='ocrx_word' id='word_1_249' title='bbox 1687 2456 1791 2494; x_wconf 85' lang='lat' dir='ltr'><strong>neu</strong></span> <span class='ocrx_word' id='word_1_250' title='bbox 1825 2451 1870 2510; x_wconf 75' lang='grc' dir='ltr'><strong>Β</strong></span> <span class='ocrx_word' id='word_1_251' title='bbox 1903 2451 2087 2504; x_wconf 83' lang='lat' dir='ltr'><strong>agens,</strong></span> <span class='ocrx_word' id='word_1_252' title='bbox 2120 2437 2286 2504; x_wconf 89' lang='lat' dir='ltr'><strong>prima</strong></span> <span class='ocrx_word' id='word_1_253' title='bbox 2332 2437 2488 2505; x_wconf 87' lang='lat' dir='ltr'><strong>hujus</strong></span> <span class='ocrx_word' id='word_1_254' title='bbox 2531 2439 2711 2506; x_wconf 84' lang='lat' dir='ltr'><strong>operis</strong></span> <span class='ocrx_word' id='word_1_255' title='bbox 2761 2441 2923 2493; x_wconf 67' lang='lat' dir='ltr'><strong>verba</strong></span> <span class='ocrx_word' id='word_1_256' title='bbox 2965 2441 3124 2493; x_wconf 89' lang='lat' dir='ltr'><strong>unico</strong></span> <span class='ocrx_word' id='word_1_257' title='bbox 3171 2442 3280 2506; x_wconf 90' lang='lat' dir='ltr'><strong>isti,</strong></span> <span class='ocrx_word' id='word_1_258' title='bbox 3314 2458 3473 2512; x_wconf 86' lang='lat' dir='ltr'><strong>quem</strong></span> 
     </span>
    </p>
   </div>
   <div class='ocr_carea' id='block_1_34' title="bbox 209 2530 1796 2605">
    <p class='ocr_par' dir='ltr' id='par_1_34' title="bbox 209 2530 1796 2605">
     <span class='ocr_line' id='line_1_35' title="bbox 209 2530 1796 2605; baseline -0.006 -16"><span class='ocrx_word' id='word_1_259' title='bbox 209 2548 431 2605; x_wconf 82' lang='lat' dir='ltr'><strong>prorsus</strong></span> <span class='ocrx_word' id='word_1_260' title='bbox 452 2533 866 2588; x_wconf 78' lang='lat' dir='ltr'><strong>contemnenda:</strong></span> <span class='ocrx_word' id='word_1_261' title='bbox 889 2533 1162 2599; x_wconf 84' lang='lat' dir='ltr'><strong>videntur,</strong></span> <span class='ocrx_word' id='word_1_262' title='bbox 1194 2549 1312 2604; x_wconf 74' lang='lat' dir='ltr'><strong>qua:</strong></span> <span class='ocrx_word' id='word_1_263' title='bbox 1341 2532 1481 2603; x_wconf 88' lang='lat' dir='ltr'><strong>apud</strong></span> <span class='ocrx_word' id='word_1_264' title='bbox 1517 2533 1691 2601; x_wconf 91' lang='lat' dir='ltr'><strong>ipsum</strong></span> <span class='ocrx_word' id='word_1_265' title='bbox 1714 2530 1796 2581; x_wconf 85' lang='lat' dir='ltr'><strong>vi-</strong></span> 
     </span>
    </p>
   </div>
   <div class='ocr_carea' id='block_1_35' title="bbox 1904 2525 3481 2594">
    <p class='ocr_par' dir='ltr' id='par_1_35' title="bbox 1904 2525 3481 2594">
     <span class='ocr_line' id='line_1_36' title="bbox 1904 2525 3481 2594; baseline 0.006 -15"><span class='ocrx_word' id='word_1_266' title='bbox 1904 2527 2003 2579; x_wconf 89' lang='lat' dir='ltr'><strong>hac</strong></span> <span class='ocrx_word' id='word_1_267' title='bbox 2034 2525 2102 2581; x_wconf 85' lang='lat' dir='ltr'><strong>de</strong></span> <span class='ocrx_word' id='word_1_268' title='bbox 2128 2541 2187 2581; x_wconf 90' lang='lat' dir='ltr'><strong>re</strong></span> <span class='ocrx_word' id='word_1_269' title='bbox 2211 2528 2423 2594; x_wconf 89' lang='lat' dir='ltr'><strong>scripsit</strong></span> <span class='ocrx_word' id='word_1_270' title='bbox 2454 2525 2703 2592; x_wconf 78' lang='lat' dir='ltr'><strong>Faustus,</strong></span> <span class='ocrx_word' id='word_1_271' title='bbox 2733 2528 2869 2584; x_wconf 89' lang='lat' dir='ltr'><strong>libro</strong></span> <span class='ocrx_word' id='word_1_272' title='bbox 2909 2530 3150 2587; x_wconf 87' lang='lat' dir='ltr'><strong>incautus</strong></span> <span class='ocrx_word' id='word_1_273' title='bbox 3184 2530 3481 2588; x_wconf 76' lang='lat' dir='ltr'><strong>affinxerit.</strong></span> 
     </span>
    </p>
   </div>
   <div class='ocr_carea' id='block_1_36' title="bbox 752 2666 2885 2887">
    <p class='ocr_par' dir='ltr' id='par_1_36' title="bbox 752 2666 2885 2887">
     <span class='ocr_line' id='line_1_37' title="bbox 752 2666 2885 2887; baseline -0 -12"><span class='ocrx_word' id='word_1_274' title='bbox 752 2781 763 2797; x_wconf 87' lang='lat'><strong><em>&#39;</em></strong></span> <span class='ocrx_word' id='word_1_275' title='bbox 830 2666 2885 2887; x_wconf 61' lang='lat' dir='ltr'><strong>PASGEAmIACONI</strong></span> 
     </span>
    </p>
   </div>
   <div class='ocr_carea' id='block_1_37' title="bbox 1150 2923 2527 3036">
    <p class='ocr_par' dir='ltr' id='par_1_37' title="bbox 1150 2923 2527 3036">
     <span class='ocr_line' id='line_1_38' title="bbox 1150 2923 2527 3036; baseline -0.004 -2"><span class='ocrx_word' id='word_1_276' title='bbox 1177 2935 1335 3034; x_wconf 92' lang='lat' dir='ltr'><strong>DE</strong></span> <span class='ocrx_word' id='word_1_277' title='bbox 1436 2928 1943 3036; x_wconf 80' lang='lat' dir='ltr'><strong>SPIRITU</strong></span> <span class='ocrx_word' id='word_1_278' title='bbox 2027 2923 2527 3032; x_wconf 84' lang='lat' dir='ltr'><strong>SANCTO</strong></span> 
     </span>
    </p>
   </div>
   <div class='ocr_carea' id='block_1_38' title="bbox 1563 3082 2161 3160">
    <p class='ocr_par' dir='ltr' id='par_1_38' title="bbox 1563 3082 2161 3160">
     <span class='ocr_line' id='line_1_39' title="bbox 1563 3082 2161 3160; baseline -0.013 0"><span class='ocrx_word' id='word_1_279' title='bbox 1563 3082 1876 3160; x_wconf 76' lang='lat' dir='ltr'><strong>LIBRI</strong></span> <span class='ocrx_word' id='word_1_280' title='bbox 1916 3082 2161 3156; x_wconf 87' lang='lat' dir='ltr'><strong>DUO.</strong></span> 
     </span>
    </p>
   </div>
   <div class='ocr_carea' id='block_1_39' title="bbox 1726 3248 1961 3261">
    <p class='ocr_par' dir='ltr' id='par_1_39' title="bbox 1726 3248 1961 3261">
     <span class='ocr_line' id='line_1_40' title="bbox 1726 3248 1961 3261; baseline -0.009 0"><span class='ocrx_word' id='word_1_281' title='bbox 1726 3248 1961 3261; x_wconf 71' lang='lat'><strong>-——</strong></span> 
     </span>
    </p>
   </div>
   <div class='ocr_carea' id='block_1_40' title="bbox 1504 3336 2204 3427">
    <p class='ocr_par' dir='ltr' id='par_1_40' title="bbox 1504 3336 2204 3427">
     <span class='ocr_line' id='line_1_41' title="bbox 1504 3336 2204 3427; baseline -0.019 0"><span class='ocrx_word' id='word_1_282' title='bbox 1504 3336 2204 3427; x_wconf 71' lang='lat' dir='ltr'><strong>PRZEFATIO.</strong></span> 
     </span>
    </p>
   </div>
   <div class='ocr_carea' id='block_1_41' title="bbox 288 3475 1809 3551">
    <p class='ocr_par' dir='ltr' id='par_1_41' title="bbox 288 3475 1809 3551">
     <span class='ocr_line' id='line_1_42' title="bbox 288 3475 1809 3551; baseline 0.003 -21"><span class='ocrx_word' id='word_1_283' title='bbox 288 3476 448 3530; x_wconf 77' lang='lat' dir='ltr'><strong>Fides</strong></span> <span class='ocrx_word' id='word_1_284' title='bbox 476 3475 743 3531; x_wconf 84' lang='lat' dir='ltr'><strong>catholica</strong></span> <span class='ocrx_word' id='word_1_285' title='bbox 768 3478 823 3531; x_wconf 90' lang='lat' dir='ltr'><strong>in</strong></span> <span class='ocrx_word' id='word_1_286' title='bbox 845 3478 1153 3534; x_wconf 86' lang='lat' dir='ltr'><strong>universum</strong></span> <span class='ocrx_word' id='word_1_287' title='bbox 1179 3481 1434 3536; x_wconf 91' lang='lat' dir='ltr'><strong>mundum</strong></span> <span class='ocrx_word' id='word_1_288' title='bbox 1460 3496 1563 3550; x_wconf 84' lang='lat' dir='ltr'><strong>per</strong></span> <span class='ocrx_word' id='word_1_289' title='bbox 1586 3481 1809 3551; x_wconf 81' lang='lat' dir='ltr'><strong>patriar-</strong></span> 
     </span>
    </p>
   </div>
   <div class='ocr_carea' id='block_1_42' title="bbox 217 3568 1809 3641">
    <p class='ocr_par' dir='ltr' id='par_1_42' title="bbox 217 3568 1809 3641">
     <span class='ocr_line' id='line_1_43' title="bbox 217 3568 1809 3641; baseline 0.004 -22"><span class='ocrx_word' id='word_1_290' title='bbox 217 3568 346 3620; x_wconf 69' lang='lat' dir='ltr'><strong>Illas</strong></span> <span class='ocrx_word' id='word_1_291' title='bbox 377 3578 434 3621; x_wconf 91' lang='lat' dir='ltr'><strong>et</strong></span> <span class='ocrx_word' id='word_1_292' title='bbox 485 3568 777 3636; x_wconf 78' lang='lat' dir='ltr'><strong>prophetas</strong></span> <span class='ocrx_word' id='word_1_293' title='bbox 824 3576 879 3622; x_wconf 87' lang='lat' dir='ltr'><strong>et</strong></span> <span class='ocrx_word' id='word_1_294' title='bbox 920 3570 1107 3637; x_wconf 75' lang='lat' dir='ltr'><strong>gratia:</strong></span> <span class='ocrx_word' id='word_1_295' title='bbox 1136 3571 1555 3641; x_wconf 86' lang='lat' dir='ltr'><strong>dispensatores,</strong></span> <span class='ocrx_word' id='word_1_296' title='bbox 1606 3571 1809 3641; x_wconf 88' lang='lat' dir='ltr'><strong>Spiritu</strong></span> 
     </span>
    </p>
   </div>
   <div class='ocr_carea' id='block_1_43' title="bbox 219 3659 1810 3732">
    <p class='ocr_par' dir='ltr' id='par_1_43' title="bbox 219 3659 1810 3732">
     <span class='ocr_line' id='line_1_44' title="bbox 219 3659 1810 3732; baseline 0.004 -21"><span class='ocrx_word' id='word_1_297' title='bbox 219 3669 412 3712; x_wconf 71' lang='lat' dir='ltr'><strong>sancto</strong></span> <span class='ocrx_word' id='word_1_298' title='bbox 440 3660 746 3713; x_wconf 88' lang='lat' dir='ltr'><strong>insinuante</strong></span> <span class='ocrx_word' id='word_1_299' title='bbox 771 3659 962 3713; x_wconf 75' lang='lat' dir='ltr'><strong>diffusa</strong></span> <span class='ocrx_word' id='word_1_300' title='bbox 988 3673 1091 3715; x_wconf 87' lang='lat' dir='ltr'><strong>est.</strong></span> <span class='ocrx_word' id='word_1_301' title='bbox 1117 3663 1264 3715; x_wconf 89' lang='lat' dir='ltr'><strong>llanc</strong></span> <span class='ocrx_word' id='word_1_302' title='bbox 1286 3664 1577 3732; x_wconf 85' lang='lat' dir='ltr'><strong>apostolica</strong></span> <span class='ocrx_word' id='word_1_303' title='bbox 1607 3665 1810 3717; x_wconf 88' lang='lat' dir='ltr'><strong>sollici-</strong></span> 
     </span>
    </p>
   </div>
   <div class='ocr_carea' id='block_1_44' title="bbox 1917 3472 3492 3549">
    <p class='ocr_par' dir='ltr' id='par_1_44' title="bbox 1917 3472 3492 3549">
     <span class='ocr_line' id='line_1_45' title="bbox 1917 3472 3492 3549; baseline 0.009 -20"><span class='ocrx_word' id='word_1_304' title='bbox 1917 3473 2060 3529; x_wconf 89' lang='lat' dir='ltr'><strong>tione</strong></span> <span class='ocrx_word' id='word_1_305' title='bbox 2089 3472 2272 3527; x_wconf 74' lang='lat' dir='ltr'><strong>Grzeca</strong></span> <span class='ocrx_word' id='word_1_306' title='bbox 2302 3472 2508 3542; x_wconf 86' lang='lat' dir='ltr'><strong>signum</strong></span> <span class='ocrx_word' id='word_1_307' title='bbox 2533 3475 2727 3541; x_wconf 79' lang='lat' dir='ltr'><strong>cruris,</strong></span> <span class='ocrx_word' id='word_1_308' title='bbox 2753 3476 2938 3533; x_wconf 67' lang='lat' dir='ltr'><strong>decem</strong></span> <span class='ocrx_word' id='word_1_309' title='bbox 2961 3488 3015 3535; x_wconf 85' lang='lat' dir='ltr'><strong>et</strong></span> <span class='ocrx_word' id='word_1_310' title='bbox 3041 3490 3163 3536; x_wconf 87' lang='lat' dir='ltr'><strong>octo</strong></span> <span class='ocrx_word' id='word_1_311' title='bbox 3191 3496 3338 3549; x_wconf 87' lang='lat' dir='ltr'><strong>vero,</strong></span> <span class='ocrx_word' id='word_1_312' title='bbox 3363 3485 3492 3543; x_wconf 72' lang='lat' dir='ltr'><strong>Iesu</strong></span> 
     </span>
    </p>
   </div>
   <div class='ocr_carea' id='block_1_45' title="bbox 1916 3564 3494 3640">
    <p class='ocr_par' dir='ltr' id='par_1_45' title="bbox 1916 3564 3494 3640">
     <span class='ocr_line' id='line_1_46' title="bbox 1916 3564 3494 3640; baseline 0.01 -24"><span class='ocrx_word' id='word_1_313' title='bbox 1916 3564 2244 3618; x_wconf 82' lang='lat' dir='ltr'><strong>adorandum</strong></span> <span class='ocrx_word' id='word_1_314' title='bbox 2292 3580 2485 3619; x_wconf 87' lang='lat' dir='ltr'><strong>nomen</strong></span> <span class='ocrx_word' id='word_1_315' title='bbox 2518 3568 2826 3622; x_wconf 84' lang='lat' dir='ltr'><strong>ostendunt.</strong></span> <span class='ocrx_word' id='word_1_316' title='bbox 2870 3570 2923 3623; x_wconf 92' lang='lat' dir='ltr'><strong>lu</strong></span> <span class='ocrx_word' id='word_1_317' title='bbox 2967 3571 3067 3625; x_wconf 51' lang='lat' dir='ltr'><strong>hoc</strong></span> <span class='ocrx_word' id='word_1_318' title='bbox 3103 3590 3232 3640; x_wconf 75' lang='lat' dir='ltr'><strong>ergo</strong></span> <span class='ocrx_word' id='word_1_319' title='bbox 3270 3591 3494 3632; x_wconf 85' lang='lat' dir='ltr'><strong>numero</strong></span> 
     </span>
    </p>
   </div>
   <div class='ocr_carea' id='block_1_46' title="bbox 1915 3657 3496 3727">
    <p class='ocr_par' dir='ltr' id='par_1_46' title="bbox 1915 3657 3496 3727">
     <span class='ocr_line' id='line_1_47' title="bbox 1915 3657 3496 3727; baseline 0.01 -19"><span class='ocrx_word' id='word_1_320' title='bbox 1915 3665 2073 3726; x_wconf 87' lang='lat' dir='ltr'><strong>atque</strong></span> <span class='ocrx_word' id='word_1_321' title='bbox 2102 3657 2376 3727; x_wconf 83' lang='lat' dir='ltr'><strong>mysterio,</strong></span> <span class='ocrx_word' id='word_1_322' title='bbox 2410 3657 2462 3710; x_wconf 91' lang='lat' dir='ltr'><strong>in</strong></span> <span class='ocrx_word' id='word_1_323' title='bbox 2492 3674 2597 3726; x_wconf 87' lang='lat' dir='ltr'><strong>quo</strong></span> <span class='ocrx_word' id='word_1_324' title='bbox 2622 3671 2672 3712; x_wconf 89' lang='lat' dir='ltr'><strong>et</strong></span> <span class='ocrx_word' id='word_1_325' title='bbox 2704 3671 2923 3715; x_wconf 84' lang='lat' dir='ltr'><strong>sanctus</strong></span> <span class='ocrx_word' id='word_1_326' title='bbox 2951 3664 3219 3719; x_wconf 86' lang='lat' dir='ltr'><strong>Abraham</strong></span> <span class='ocrx_word' id='word_1_327' title='bbox 3250 3666 3317 3722; x_wconf 88' lang='lat' dir='ltr'><strong>de</strong></span> <span class='ocrx_word' id='word_1_328' title='bbox 3344 3670 3496 3723; x_wconf 83' lang='lat' dir='ltr'><strong>innu-</strong></span> 
     </span>
    </p>
   </div>
   <div class='ocr_carea' id='block_1_47' title="bbox 219 3749 3493 3841">
    <p class='ocr_par' dir='ltr' id='par_1_47' title="bbox 219 3749 3493 3841">
     <span class='ocr_line' id='line_1_48' title="bbox 219 3749 3493 3841; baseline 0.007 -48"><span class='ocrx_word' id='word_1_329' title='bbox 219 3753 348 3805; x_wconf 74' lang='lat' dir='ltr'><strong>tndo</strong></span> <span class='ocrx_word' id='word_1_330' title='bbox 375 3760 540 3821; x_wconf 68' lang='lat' dir='ltr'><strong>atque</strong></span> <span class='ocrx_word' id='word_1_331' title='bbox 570 3751 850 3821; x_wconf 49' lang='lat' dir='ltr'><strong>perfeclio,</strong></span> <span class='ocrx_word' id='word_1_332' title='bbox 886 3756 1024 3807; x_wconf 69' lang='lat' dir='ltr'><strong>sicut</strong></span> <span class='ocrx_word' id='word_1_333' title='bbox 1054 3771 1146 3819; x_wconf 72' lang='lat' dir='ltr'><strong>per</strong></span> <span class='ocrx_word' id='word_1_334' title='bbox 1183 3766 1396 3810; x_wconf 61' lang='lat' dir='ltr'><strong>sanctas</strong></span> <span class='ocrx_word' id='word_1_335' title='bbox 1428 3758 1647 3825; x_wconf 72' lang='lat' dir='ltr'><strong>paginas</strong></span> <span class='ocrx_word' id='word_1_336' title='bbox 1679 3758 1811 3811; x_wconf 62' lang='grc' dir='ltr'><strong>(Με-</strong></span> <span class='ocrx_word' id='word_1_337' title='bbox 1838 3780 1883 3841; x_wconf 81' lang='lat' dir='ltr'><strong>C</strong></span> <span class='ocrx_word' id='word_1_338' title='bbox 1919 3750 2079 3803; x_wconf 90' lang='lat' dir='ltr'><strong>meris</strong></span> <span class='ocrx_word' id='word_1_339' title='bbox 2106 3749 2351 3814; x_wconf 83' lang='lat' dir='ltr'><strong>gentibus</strong></span> <span class='ocrx_word' id='word_1_340' title='bbox 2387 3751 2751 3818; x_wconf 87' lang='lat' dir='ltr'><strong>triumphavit,</strong></span> <span class='ocrx_word' id='word_1_341' title='bbox 2778 3755 3047 3809; x_wconf 80' lang='lat' dir='ltr'><strong>seniorum</strong></span> <span class='ocrx_word' id='word_1_342' title='bbox 3076 3758 3245 3825; x_wconf 85' lang='lat' dir='ltr'><strong>pietas</strong></span> <span class='ocrx_word' id='word_1_343' title='bbox 3285 3760 3493 3816; x_wconf 67' lang='lat' dir='ltr'><strong>hostem</strong></span> 
     </span>
    </p>
   </div>
   <div class='ocr_carea' id='block_1_48' title="bbox 221 3842 1810 3913">
    <p class='ocr_par' dir='ltr' id='par_1_48' title="bbox 221 3842 1810 3913">
     <span class='ocr_line' id='line_1_49' title="bbox 221 3842 1810 3913; baseline 0.004 -18"><span class='ocrx_word' id='word_1_344' title='bbox 221 3852 455 3905; x_wconf 79' lang='lat' dir='ltr'><strong>taverat,</strong></span> <span class='ocrx_word' id='word_1_345' title='bbox 483 3843 552 3895; x_wconf 90' lang='lat' dir='ltr'><strong>ita</strong></span> <span class='ocrx_word' id='word_1_346' title='bbox 585 3858 682 3911; x_wconf 90' lang='lat' dir='ltr'><strong>per</strong></span> <span class='ocrx_word' id='word_1_347' title='bbox 710 3842 949 3913; x_wconf 83' lang='lat' dir='ltr'><strong>Sytuboli</strong></span> <span class='ocrx_word' id='word_1_348' title='bbox 979 3844 1212 3900; x_wconf 89' lang='lat' dir='ltr'><strong>salutare</strong></span> <span class='ocrx_word' id='word_1_349' title='bbox 1240 3846 1372 3899; x_wconf 87' lang='lat' dir='ltr'><strong>mira</strong></span> <span class='ocrx_word' id='word_1_350' title='bbox 1414 3847 1673 3901; x_wconf 85' lang='lat' dir='ltr'><strong>brevitate</strong></span> <span class='ocrx_word' id='word_1_351' title='bbox 1698 3849 1810 3902; x_wconf 87' lang='lat' dir='ltr'><strong>col--</strong></span> 
     </span>
    </p>
   </div>
   <div class='ocr_carea' id='block_1_49' title="bbox 223 3935 1811 4007">
    <p class='ocr_par' dir='ltr' id='par_1_49' title="bbox 223 3935 1811 4007">
     <span class='ocr_line' id='line_1_50' title="bbox 223 3935 1811 4007; baseline 0.006 -23"><span class='ocrx_word' id='word_1_352' title='bbox 223 3935 378 4003; x_wconf 87' lang='lat' dir='ltr'><strong>legit,</strong></span> <span class='ocrx_word' id='word_1_353' title='bbox 412 3944 467 3987; x_wconf 88' lang='lat' dir='ltr'><strong>et</strong></span> <span class='ocrx_word' id='word_1_354' title='bbox 509 3942 756 4000; x_wconf 90' lang='lat' dir='ltr'><strong>tanquam</strong></span> <span class='ocrx_word' id='word_1_355' title='bbox 802 3950 893 4001; x_wconf 74' lang='lat' dir='ltr'><strong>per</strong></span> <span class='ocrx_word' id='word_1_356' title='bbox 928 3936 1168 3991; x_wconf 87' lang='lat' dir='ltr'><strong>diversas</strong></span> <span class='ocrx_word' id='word_1_357' title='bbox 1200 3939 1557 3992; x_wconf 87' lang='lat' dir='ltr'><strong>remediorum</strong></span> <span class='ocrx_word' id='word_1_358' title='bbox 1605 3938 1811 4007; x_wconf 85' lang='lat' dir='ltr'><strong>species</strong></span> 
     </span>
    </p>
   </div>
   <div class='ocr_carea' id='block_1_50' title="bbox 221 4025 1813 4093">
    <p class='ocr_par' dir='ltr' id='par_1_50' title="bbox 221 4025 1813 4093">
     <span class='ocr_line' id='line_1_51' title="bbox 221 4025 1813 4093; baseline 0.005 -19"><span class='ocrx_word' id='word_1_359' title='bbox 221 4026 492 4093; x_wconf 77' lang='lat' dir='ltr'><strong>disposuit</strong></span> <span class='ocrx_word' id='word_1_360' title='bbox 515 4025 565 4078; x_wconf 86' lang='lat' dir='ltr'><strong>in</strong></span> <span class='ocrx_word' id='word_1_361' title='bbox 598 4040 791 4093; x_wconf 83' lang='lat' dir='ltr'><strong>corpus</strong></span> <span class='ocrx_word' id='word_1_362' title='bbox 814 4041 997 4093; x_wconf 84' lang='lat' dir='ltr'><strong>unum,</strong></span> <span class='ocrx_word' id='word_1_363' title='bbox 1026 4042 1089 4080; x_wconf 88' lang='lat' dir='ltr'><strong>ac</strong></span> <span class='ocrx_word' id='word_1_364' title='bbox 1110 4028 1255 4081; x_wconf 86' lang='lat' dir='ltr'><strong>velut</strong></span> <span class='ocrx_word' id='word_1_365' title='bbox 1278 4044 1343 4083; x_wconf 78' lang='lat' dir='ltr'><strong>ex</strong></span> <span class='ocrx_word' id='word_1_366' title='bbox 1377 4030 1670 4084; x_wconf 83' lang='lat' dir='ltr'><strong>innumeris</strong></span> <span class='ocrx_word' id='word_1_367' title='bbox 1690 4046 1813 4085; x_wconf 79' lang='lat' dir='ltr'><strong>aro-</strong></span> 
     </span>
    </p>
   </div>
   <div class='ocr_carea' id='block_1_51' title="bbox 223 4115 1811 4189">
    <p class='ocr_par' dir='ltr' id='par_1_51' title="bbox 223 4115 1811 4189">
     <span class='ocr_line' id='line_1_52' title="bbox 223 4115 1811 4189; baseline 0.006 -24"><span class='ocrx_word' id='word_1_368' title='bbox 223 4115 463 4166; x_wconf 71' lang='lat' dir='ltr'><strong>matibns</strong></span> <span class='ocrx_word' id='word_1_369' title='bbox 511 4115 804 4179; x_wconf 86' lang='lat' dir='ltr'><strong>pretiosum</strong></span> <span class='ocrx_word' id='word_1_370' title='bbox 838 4116 1066 4171; x_wconf 78' lang='lat' dir='ltr'><strong>crnifecit</strong></span> <span class='ocrx_word' id='word_1_371' title='bbox 1107 4128 1456 4187; x_wconf 86' lang='lat' dir='ltr'><strong>unguentum,</strong></span> <span class='ocrx_word' id='word_1_372' title='bbox 1487 4121 1639 4189; x_wconf 87' lang='lat' dir='ltr'><strong>cujus</strong></span> <span class='ocrx_word' id='word_1_373' title='bbox 1677 4122 1811 4175; x_wconf 88' lang='lat' dir='ltr'><strong>odor</strong></span> 
     </span>
    </p>
   </div>
   <div class='ocr_carea' id='block_1_52' title="bbox 225 4204 1812 4280">
    <p class='ocr_par' dir='ltr' id='par_1_52' title="bbox 225 4204 1812 4280">
     <span class='ocr_line' id='line_1_53' title="bbox 225 4204 1812 4280; baseline 0.004 -24"><span class='ocrx_word' id='word_1_374' title='bbox 225 4221 420 4257; x_wconf 86' lang='lat' dir='ltr'><strong>omnes</strong></span> <span class='ocrx_word' id='word_1_375' title='bbox 446 4204 579 4258; x_wconf 87' lang='lat' dir='ltr'><strong>fines</strong></span> <span class='ocrx_word' id='word_1_376' title='bbox 609 4216 767 4258; x_wconf 66' lang='lat' dir='ltr'><strong>terra:</strong></span> <span class='ocrx_word' id='word_1_377' title='bbox 797 4210 1030 4274; x_wconf 87' lang='lat' dir='ltr'><strong>potentia</strong></span> <span class='ocrx_word' id='word_1_378' title='bbox 1058 4209 1346 4275; x_wconf 62' lang='lat' dir='ltr'><strong>flagrantiae</strong></span> <span class='ocrx_word' id='word_1_379' title='bbox 1376 4212 1670 4280; x_wconf 87' lang='lat' dir='ltr'><strong>spiritualis</strong></span> <span class='ocrx_word' id='word_1_380' title='bbox 1713 4213 1812 4264; x_wconf 89' lang='lat' dir='ltr'><strong>im-</strong></span> 
     </span>
    </p>
   </div>
   <div class='ocr_carea' id='block_1_53' title="bbox 223 4297 1810 4372">
    <p class='ocr_par' dir='ltr' id='par_1_53' title="bbox 223 4297 1810 4372">
     <span class='ocr_line' id='line_1_54' title="bbox 223 4297 1810 4372; baseline 0.005 -25"><span class='ocrx_word' id='word_1_381' title='bbox 223 4297 418 4364; x_wconf 82' lang='lat' dir='ltr'><strong>plevit,</strong></span> <span class='ocrx_word' id='word_1_382' title='bbox 446 4307 503 4349; x_wconf 91' lang='lat' dir='ltr'><strong>ut</strong></span> <span class='ocrx_word' id='word_1_383' title='bbox 545 4298 593 4348; x_wconf 87' lang='lat' dir='ltr'><strong>in</strong></span> <span class='ocrx_word' id='word_1_384' title='bbox 639 4298 753 4365; x_wconf 88' lang='lat' dir='ltr'><strong>ipso</strong></span> <span class='ocrx_word' id='word_1_385' title='bbox 781 4300 1140 4352; x_wconf 80' lang='lat' dir='ltr'><strong>universitatis</strong></span> <span class='ocrx_word' id='word_1_386' title='bbox 1180 4316 1404 4355; x_wconf 76' lang='lat' dir='ltr'><strong>ascensu</strong></span> <span class='ocrx_word' id='word_1_387' title='bbox 1438 4304 1606 4357; x_wconf 66' lang='lat' dir='ltr'><strong>virtus</strong></span> <span class='ocrx_word' id='word_1_388' title='bbox 1644 4318 1810 4372; x_wconf 82' lang='lat' dir='ltr'><strong>appa-</strong></span> 
     </span>
    </p>
   </div>
   <div class='ocr_carea' id='block_1_54' title="bbox 226 4388 1811 4463">
    <p class='ocr_par' dir='ltr' id='par_1_54' title="bbox 226 4388 1811 4463">
     <span class='ocr_line' id='line_1_55' title="bbox 226 4388 1811 4463; baseline 0.004 -22"><span class='ocrx_word' id='word_1_389' title='bbox 226 4398 346 4441; x_wconf 75' lang='lat' dir='ltr'><strong>reat</strong></span> <span class='ocrx_word' id='word_1_390' title='bbox 377 4388 644 4441; x_wconf 76' lang='lat' dir='ltr'><strong>veritatis.</strong></span> <span class='ocrx_word' id='word_1_391' title='bbox 701 4391 765 4441; x_wconf 66' lang='lat' dir='ltr'><strong>lit</strong></span> <span class='ocrx_word' id='word_1_392' title='bbox 802 4390 921 4456; x_wconf 81' lang='lat' dir='ltr'><strong>quia</strong></span> <span class='ocrx_word' id='word_1_393' title='bbox 961 4402 1171 4455; x_wconf 85' lang='lat' dir='ltr'><strong>oportet</strong></span> <span class='ocrx_word' id='word_1_394' title='bbox 1214 4403 1270 4444; x_wconf 92' lang='lat' dir='ltr'><strong>ut</strong></span> <span class='ocrx_word' id='word_1_395' title='bbox 1318 4394 1619 4447; x_wconf 88' lang='lat' dir='ltr'><strong>errantibus</strong></span> <span class='ocrx_word' id='word_1_396' title='bbox 1660 4396 1811 4463; x_wconf 88' lang='lat' dir='ltr'><strong>quasi</strong></span> 
     </span>
    </p>
   </div>
   <div class='ocr_carea' id='block_1_55' title="bbox 231 4481 1814 4546">
    <p class='ocr_par' dir='ltr' id='par_1_55' title="bbox 231 4481 1814 4546">
     <span class='ocr_line' id='line_1_56' title="bbox 231 4481 1814 4546; baseline 0.005 -15"><span class='ocrx_word' id='word_1_397' title='bbox 231 4481 471 4545; x_wconf 77' lang='lat' dir='ltr'><strong>parvulis</strong></span> <span class='ocrx_word' id='word_1_398' title='bbox 497 4488 552 4532; x_wconf 88' lang='lat' dir='ltr'><strong>et</strong></span> <span class='ocrx_word' id='word_1_399' title='bbox 582 4481 799 4546; x_wconf 77' lang='lat' dir='ltr'><strong>ignaris.</strong></span> <span class='ocrx_word' id='word_1_400' title='bbox 837 4482 947 4545; x_wconf 62' lang='lat' dir='ltr'><strong>prin</strong></span> <span class='ocrx_word' id='word_1_401' title='bbox 974 4498 1018 4533; x_wconf 81' lang='lat' dir='ltr'><strong>a:</strong></span> <span class='ocrx_word' id='word_1_402' title='bbox 1038 4481 1353 4536; x_wconf 76' lang='lat' dir='ltr'><strong>Christiana:</strong></span> <span class='ocrx_word' id='word_1_403' title='bbox 1378 4484 1677 4537; x_wconf 84' lang='lat' dir='ltr'><strong>traditionis</strong></span> <span class='ocrx_word' id='word_1_404' title='bbox 1704 4486 1814 4539; x_wconf 89' lang='lat' dir='ltr'><strong>cle-</strong></span> 
     </span>
    </p>
   </div>
   <div class='ocr_carea' id='block_1_56' title="bbox 232 4570 1814 4638">
    <p class='ocr_par' dir='ltr' id='par_1_56' title="bbox 232 4570 1814 4638">
     <span class='ocr_line' id='line_1_57' title="bbox 232 4570 1814 4638; baseline 0.004 -18"><span class='ocrx_word' id='word_1_405' title='bbox 232 4580 414 4623; x_wconf 79' lang='lat' dir='ltr'><strong>tuenta</strong></span> <span class='ocrx_word' id='word_1_406' title='bbox 446 4581 748 4638; x_wconf 76' lang='lat' dir='ltr'><strong>repetamus</strong></span> <span class='ocrx_word' id='word_1_407' title='bbox 776 4570 794 4637; x_wconf 86' lang='lat'>(</span> <span class='ocrx_word' id='word_1_408' title='bbox 814 4571 884 4623; x_wconf 81' lang='lat' dir='ltr'><strong>De</strong></span> <span class='ocrx_word' id='word_1_409' title='bbox 906 4570 983 4623; x_wconf 74' lang='lat' dir='ltr'><strong>Itis</strong></span> <span class='ocrx_word' id='word_1_410' title='bbox 1004 4573 1113 4625; x_wconf 83' lang='lat' dir='ltr'><strong>vide</strong></span> <span class='ocrx_word' id='word_1_411' title='bbox 1132 4573 1381 4626; x_wconf 78' lang='lat' dir='ltr'><strong>Ambrosii</strong></span> <span class='ocrx_word' id='word_1_412' title='bbox 1406 4575 1494 4627; x_wconf 80' lang='lat' dir='ltr'><strong>lib.</strong></span> <span class='ocrx_word' id='word_1_413' title='bbox 1518 4591 1532 4627; x_wconf 91' lang='grc' dir='ltr'><strong>ι</strong></span> <span class='ocrx_word' id='word_1_414' title='bbox 1559 4576 1621 4628; x_wconf 82' lang='lat' dir='ltr'><strong>de</strong></span> <span class='ocrx_word' id='word_1_415' title='bbox 1653 4576 1814 4627; x_wconf 80' lang='lat' dir='ltr'><strong>Abra-</strong></span> 
     </span>
    </p>
   </div>
   <div class='ocr_carea' id='block_1_57' title="bbox 233 4659 1815 4735">
    <p class='ocr_par' dir='ltr' id='par_1_57' title="bbox 233 4659 1815 4735">
     <span class='ocr_line' id='line_1_58' title="bbox 233 4659 1815 4735; baseline 0.005 -25"><span class='ocrx_word' id='word_1_416' title='bbox 233 4662 387 4712; x_wconf 83' lang='lat' dir='ltr'><strong>lmmo</strong></span> <span class='ocrx_word' id='word_1_417' title='bbox 418 4677 533 4729; x_wconf 83' lang='lat' dir='ltr'><strong>mp.</strong></span> <span class='ocrx_word' id='word_1_418' title='bbox 557 4662 590 4713; x_wconf 82' lang='grc'><strong>5</strong></span> <span class='ocrx_word' id='word_1_419' title='bbox 615 4670 663 4713; x_wconf 85' lang='lat' dir='ltr'><strong>et</strong></span> <span class='ocrx_word' id='word_1_420' title='bbox 710 4659 979 4735; x_wconf 74' lang='lat' dir='ltr'><strong>Prudentii</strong></span> <span class='ocrx_word' id='word_1_421' title='bbox 1009 4662 1407 4733; x_wconf 74' lang='grc' dir='ltr'><strong>Ψυχομαχίαν),</strong></span> <span class='ocrx_word' id='word_1_422' title='bbox 1438 4665 1488 4716; x_wconf 88' lang='lat' dir='ltr'><strong>iu</strong></span> <span class='ocrx_word' id='word_1_423' title='bbox 1530 4665 1630 4719; x_wconf 82' lang='lat' dir='ltr'><strong>hac</strong></span> <span class='ocrx_word' id='word_1_424' title='bbox 1671 4681 1815 4735; x_wconf 87' lang='lat' dir='ltr'><strong>sym-</strong></span> 
     </span>
    </p>
   </div>
   <div class='ocr_carea' id='block_1_58' title="bbox 235 4755 1813 4829">
    <p class='ocr_par' dir='ltr' id='par_1_58' title="bbox 235 4755 1813 4829">
     <span class='ocr_line' id='line_1_59' title="bbox 235 4755 1813 4829; baseline 0.004 -22"><span class='ocrx_word' id='word_1_425' title='bbox 235 4758 337 4808; x_wconf 71' lang='lat' dir='ltr'><strong>lmli</strong></span> <span class='ocrx_word' id='word_1_426' title='bbox 370 4755 698 4823; x_wconf 76' lang='lat' dir='ltr'><strong>perfectione</strong></span> <span class='ocrx_word' id='word_1_427' title='bbox 727 4765 784 4809; x_wconf 87' lang='lat' dir='ltr'><strong>et</strong></span> <span class='ocrx_word' id='word_1_428' title='bbox 806 4758 978 4811; x_wconf 90' lang='lat' dir='ltr'><strong>unitas</strong></span> <span class='ocrx_word' id='word_1_429' title='bbox 999 4758 1273 4829; x_wconf 74' lang='lat' dir='ltr'><strong>evidenter</strong></span> <span class='ocrx_word' id='word_1_430' title='bbox 1301 4760 1573 4824; x_wconf 82' lang='lat' dir='ltr'><strong>aperitur,</strong></span> <span class='ocrx_word' id='word_1_431' title='bbox 1619 4770 1673 4813; x_wconf 89' lang='lat' dir='ltr'><strong>et</strong></span> <span class='ocrx_word' id='word_1_432' title='bbox 1720 4762 1813 4815; x_wconf 89' lang='lat' dir='ltr'><strong>tri-</strong></span> 
     </span>
    </p>
   </div>
   <div class='ocr_carea' id='block_1_59' title="bbox 236 4847 1816 4916">
    <p class='ocr_par' dir='ltr' id='par_1_59' title="bbox 236 4847 1816 4916">
     <span class='ocr_line' id='line_1_60' title="bbox 236 4847 1816 4916; baseline 0.004 -17"><span class='ocrx_word' id='word_1_433' title='bbox 236 4849 400 4909; x_wconf 78' lang='lat' dir='ltr'><strong>nitas,</strong></span> <span class='ocrx_word' id='word_1_434' title='bbox 427 4847 552 4900; x_wconf 88' lang='lat' dir='ltr'><strong>dum</strong></span> <span class='ocrx_word' id='word_1_435' title='bbox 591 4858 673 4901; x_wconf 90' lang='lat' dir='ltr'><strong>ter</strong></span> <span class='ocrx_word' id='word_1_436' title='bbox 711 4847 933 4913; x_wconf 89' lang='lat' dir='ltr'><strong>repetita</strong></span> <span class='ocrx_word' id='word_1_437' title='bbox 977 4850 1243 4904; x_wconf 78' lang='lat' dir='ltr'><strong>confessio</strong></span> <span class='ocrx_word' id='word_1_438' title='bbox 1272 4848 1439 4915; x_wconf 91' lang='lat' dir='ltr'><strong>Patri,</strong></span> <span class='ocrx_word' id='word_1_439' title='bbox 1470 4860 1524 4904; x_wconf 92' lang='lat' dir='ltr'><strong>et</strong></span> <span class='ocrx_word' id='word_1_440' title='bbox 1574 4851 1726 4916; x_wconf 84' lang='lat' dir='ltr'><strong>Filio,</strong></span> <span class='ocrx_word' id='word_1_441' title='bbox 1758 4861 1816 4907; x_wconf 89' lang='lat' dir='ltr'><strong>et</strong></span> 
     </span>
    </p>
   </div>
   <div class='ocr_carea' id='block_1_60' title="bbox 237 4940 1811 5010">
    <p class='ocr_par' dir='ltr' id='par_1_60' title="bbox 237 4940 1811 5010">
     <span class='ocr_line' id='line_1_61' title="bbox 237 4940 1811 5010; baseline 0.002 -18"><span class='ocrx_word' id='word_1_442' title='bbox 237 4940 461 5008; x_wconf 87' lang='lat' dir='ltr'><strong>Spiritui</strong></span> <span class='ocrx_word' id='word_1_443' title='bbox 487 4950 693 5001; x_wconf 83' lang='lat' dir='ltr'><strong>sancto,</strong></span> <span class='ocrx_word' id='word_1_444' title='bbox 720 4955 881 4993; x_wconf 90' lang='lat' dir='ltr'><strong>unum</strong></span> <span class='ocrx_word' id='word_1_445' title='bbox 918 4940 1251 4995; x_wconf 88' lang='lat' dir='ltr'><strong>credulitatis</strong></span> <span class='ocrx_word' id='word_1_446' title='bbox 1282 4943 1456 4996; x_wconf 87' lang='lat' dir='ltr'><strong>reddit</strong></span> <span class='ocrx_word' id='word_1_447' title='bbox 1476 4942 1811 5010; x_wconf 84' lang='lat' dir='ltr'><strong>obsequium.</strong></span> 
     </span>
    </p>
   </div>
   <div class='ocr_carea' id='block_1_61' title="bbox 238 5030 1813 5101">
    <p class='ocr_par' dir='ltr' id='par_1_61' title="bbox 238 5030 1813 5101">
     <span class='ocr_line' id='line_1_62' title="bbox 238 5030 1813 5101; baseline 0.003 -16"><span class='ocrx_word' id='word_1_448' title='bbox 238 5030 288 5085; x_wconf 90' lang='lat' dir='ltr'><strong>lu</strong></span> <span class='ocrx_word' id='word_1_449' title='bbox 311 5032 516 5101; x_wconf 77' lang='lat' dir='ltr'><strong>quibus</strong></span> <span class='ocrx_word' id='word_1_450' title='bbox 550 5034 727 5085; x_wconf 83' lang='lat' dir='ltr'><strong>verbis</strong></span> <span class='ocrx_word' id='word_1_451' title='bbox 762 5033 923 5086; x_wconf 89' lang='lat' dir='ltr'><strong>etiam</strong></span> <span class='ocrx_word' id='word_1_452' title='bbox 955 5042 1312 5089; x_wconf 82' lang='lat' dir='ltr'><strong>trecentorum</strong></span> <span class='ocrx_word' id='word_1_453' title='bbox 1358 5035 1545 5089; x_wconf 88' lang='lat' dir='ltr'><strong>decem</strong></span> <span class='ocrx_word' id='word_1_454' title='bbox 1576 5045 1630 5089; x_wconf 90' lang='lat' dir='ltr'><strong>et</strong></span> <span class='ocrx_word' id='word_1_455' title='bbox 1668 5044 1813 5099; x_wconf 87' lang='lat' dir='ltr'><strong>octo,</strong></span> 
     </span>
    </p>
   </div>
   <div class='ocr_carea' id='block_1_62' title="bbox 1918 3841 3495 3919">
    <p class='ocr_par' dir='ltr' id='par_1_62' title="bbox 1918 3841 3495 3919">
     <span class='ocr_line' id='line_1_63' title="bbox 1918 3841 3495 3919; baseline 0.006 -24"><span class='ocrx_word' id='word_1_456' title='bbox 1918 3841 2038 3895; x_wconf 81' lang='lat' dir='ltr'><strong>ﬁdei</strong></span> <span class='ocrx_word' id='word_1_457' title='bbox 2063 3841 2161 3894; x_wconf 89' lang='lat' dir='ltr'><strong>sub</strong></span> <span class='ocrx_word' id='word_1_458' title='bbox 2194 3856 2293 3893; x_wconf 89' lang='lat' dir='ltr'><strong>una</strong></span> <span class='ocrx_word' id='word_1_459' title='bbox 2326 3841 2497 3896; x_wconf 82' lang='lat' dir='ltr'><strong>Patris</strong></span> <span class='ocrx_word' id='word_1_460' title='bbox 2522 3854 2573 3897; x_wconf 89' lang='lat' dir='ltr'><strong>et</strong></span> <span class='ocrx_word' id='word_1_461' title='bbox 2599 3842 2717 3898; x_wconf 75' lang='lat' dir='ltr'><strong>Fdxi</strong></span> <span class='ocrx_word' id='word_1_462' title='bbox 2749 3854 2803 3898; x_wconf 90' lang='lat' dir='ltr'><strong>et</strong></span> <span class='ocrx_word' id='word_1_463' title='bbox 2840 3846 3070 3913; x_wconf 86' lang='lat' dir='ltr'><strong>Spiritus</strong></span> <span class='ocrx_word' id='word_1_464' title='bbox 3099 3851 3266 3905; x_wconf 87' lang='lat' dir='ltr'><strong>sancti</strong></span> <span class='ocrx_word' id='word_1_465' title='bbox 3299 3852 3495 3919; x_wconf 61' lang='lat' dir='ltr'><strong>praidi-</strong></span> 
     </span>
    </p>
   </div>
   <div class='ocr_carea' id='block_1_63' title="bbox 1916 3931 3498 4006">
    <p class='ocr_par' dir='ltr' id='par_1_63' title="bbox 1916 3931 3498 4006">
     <span class='ocr_line' id='line_1_64' title="bbox 1916 3931 3498 4006; baseline 0.005 -19"><span class='ocrx_word' id='word_1_466' title='bbox 1916 3932 2128 3987; x_wconf 86' lang='lat' dir='ltr'><strong>catioue</strong></span> <span class='ocrx_word' id='word_1_467' title='bbox 2154 3931 2429 3986; x_wconf 83' lang='lat' dir='ltr'><strong>confundit</strong></span> <span class='ocrx_word' id='word_1_468' title='bbox 2456 3951 2467 3984; x_wconf 90' lang='lat'><em>:</em></span> <span class='ocrx_word' id='word_1_469' title='bbox 2496 3935 2635 3987; x_wconf 91' lang='lat' dir='ltr'><strong>unde</strong></span> <span class='ocrx_word' id='word_1_470' title='bbox 2662 3934 2822 3988; x_wconf 81' lang='lat' dir='ltr'><strong>etiam</strong></span> <span class='ocrx_word' id='word_1_471' title='bbox 2847 3935 3249 4006; x_wconf 82' lang='lat' dir='ltr'><strong>intelligendum</strong></span> <span class='ocrx_word' id='word_1_472' title='bbox 3279 3949 3361 3994; x_wconf 74' lang='lat' dir='ltr'><strong>est</strong></span> <span class='ocrx_word' id='word_1_473' title='bbox 3402 3956 3498 3996; x_wconf 82' lang='lat' dir='ltr'><strong>eos</strong></span> 
     </span>
    </p>
   </div>
   <div class='ocr_carea' id='block_1_64' title="bbox 1915 4023 3499 4091">
    <p class='ocr_par' dir='ltr' id='par_1_64' title="bbox 1915 4023 3499 4091">
     <span class='ocr_line' id='line_1_65' title="bbox 1915 4023 3499 4091; baseline 0.006 -15"><span class='ocrx_word' id='word_1_474' title='bbox 1915 4024 2004 4091; x_wconf 90' lang='lat' dir='ltr'><strong>qui</strong></span> <span class='ocrx_word' id='word_1_475' title='bbox 2064 4023 2116 4076; x_wconf 91' lang='lat' dir='ltr'><strong>in</strong></span> <span class='ocrx_word' id='word_1_476' title='bbox 2176 4023 2431 4090; x_wconf 87' lang='lat' dir='ltr'><strong>Spiritum</strong></span> <span class='ocrx_word' id='word_1_477' title='bbox 2472 4034 2714 4077; x_wconf 79' lang='lat' dir='ltr'><strong>sancttun</strong></span> <span class='ocrx_word' id='word_1_478' title='bbox 2759 4025 2859 4078; x_wconf 88' lang='lat' dir='ltr'><strong>sub</strong></span> <span class='ocrx_word' id='word_1_479' title='bbox 2910 4036 3106 4080; x_wconf 78' lang='lat' dir='ltr'><strong>a-terna</strong></span> <span class='ocrx_word' id='word_1_480' title='bbox 3154 4029 3499 4086; x_wconf 67' lang='lat' dir='ltr'><strong>damnatione</strong></span> 
     </span>
    </p>
   </div>
   <div class='ocr_carea' id='block_1_65' title="bbox 1916 4114 3495 4187">
    <p class='ocr_par' dir='ltr' id='par_1_65' title="bbox 1916 4114 3495 4187">
     <span class='ocr_line' id='line_1_66' title="bbox 1916 4114 3495 4187; baseline 0.003 -19"><span class='ocrx_word' id='word_1_481' title='bbox 1916 4114 2303 4182; x_wconf 64' lang='lat' dir='ltr'><strong>blasphemant,</strong></span> <span class='ocrx_word' id='word_1_482' title='bbox 2330 4124 2414 4167; x_wconf 91' lang='lat' dir='ltr'><strong>aut</strong></span> <span class='ocrx_word' id='word_1_483' title='bbox 2444 4115 2559 4168; x_wconf 89' lang='lat' dir='ltr'><strong>sine</strong></span> <span class='ocrx_word' id='word_1_484' title='bbox 2580 4115 2911 4183; x_wconf 79' lang='lat' dir='ltr'><strong>professione</strong></span> <span class='ocrx_word' id='word_1_485' title='bbox 2929 4117 3152 4186; x_wconf 83' lang='lat' dir='ltr'><strong>symboli</strong></span> <span class='ocrx_word' id='word_1_486' title='bbox 3178 4119 3495 4187; x_wconf 83' lang='lat' dir='ltr'><strong>baptizatos,</strong></span> 
     </span>
    </p>
   </div>
   <div class='ocr_carea' id='block_1_66' title="bbox 1916 4205 3494 4280">
    <p class='ocr_par' dir='ltr' id='par_1_66' title="bbox 1916 4205 3494 4280">
     <span class='ocr_line' id='line_1_67' title="bbox 1916 4205 3494 4280; baseline 0.005 -22"><span class='ocrx_word' id='word_1_487' title='bbox 1916 4215 2005 4258; x_wconf 74' lang='lat' dir='ltr'><strong>aut</strong></span> <span class='ocrx_word' id='word_1_488' title='bbox 2039 4208 2087 4257; x_wconf 88' lang='lat' dir='ltr'><strong>in</strong></span> <span class='ocrx_word' id='word_1_489' title='bbox 2121 4206 2235 4273; x_wconf 88' lang='lat' dir='ltr'><strong>ipso</strong></span> <span class='ocrx_word' id='word_1_490' title='bbox 2256 4206 2352 4257; x_wconf 84' lang='lat' dir='ltr'><strong>sibi</strong></span> <span class='ocrx_word' id='word_1_491' title='bbox 2383 4206 2626 4274; x_wconf 68' lang='lat' dir='ltr'><strong>symbol.»</strong></span> <span class='ocrx_word' id='word_1_492' title='bbox 2655 4220 2717 4260; x_wconf 86' lang='lat' dir='ltr'><strong>ac</strong></span> <span class='ocrx_word' id='word_1_493' title='bbox 2747 4205 2892 4259; x_wconf 86' lang='lat' dir='ltr'><strong>fonte</strong></span> <span class='ocrx_word' id='word_1_494' title='bbox 2922 4209 3193 4274; x_wconf 83' lang='lat' dir='ltr'><strong>mentitos,</strong></span> <span class='ocrx_word' id='word_1_495' title='bbox 3210 4222 3494 4280; x_wconf 82' lang='lat' dir='ltr'><strong>antequam</strong></span> 
     </span>
    </p>
   </div>
   <div class='ocr_carea' id='block_1_67' title="bbox 1916 4295 3501 4360">
    <p class='ocr_par' dir='ltr' id='par_1_67' title="bbox 1916 4295 3501 4360">
     <span class='ocr_line' id='line_1_68' title="bbox 1916 4295 3501 4360; baseline 0.006 -11"><span class='ocrx_word' id='word_1_496' title='bbox 1916 4297 2089 4349; x_wconf 78' lang='lat' dir='ltr'><strong>omnis</strong></span> <span class='ocrx_word' id='word_1_497' title='bbox 2119 4295 2276 4348; x_wconf 87' lang='lat' dir='ltr'><strong>homo</strong></span> <span class='ocrx_word' id='word_1_498' title='bbox 2305 4298 2355 4348; x_wconf 91' lang='lat' dir='ltr'><strong>di</strong></span> <span class='ocrx_word' id='word_1_499' title='bbox 2376 4297 2518 4348; x_wconf 73' lang='lat' dir='ltr'><strong>.lmlo</strong></span> <span class='ocrx_word' id='word_1_500' title='bbox 2549 4296 2860 4349; x_wconf 79' lang='lat' dir='ltr'><strong>renuntiatis</strong></span> <span class='ocrx_word' id='word_1_501' title='bbox 2893 4297 3179 4353; x_wconf 83' lang='lat' dir='ltr'><strong>coofitetur</strong></span> <span class='ocrx_word' id='word_1_502' title='bbox 3205 4319 3217 4353; x_wconf 94' lang='lat'>:</span> <span class='ocrx_word' id='word_1_503' title='bbox 3244 4300 3423 4357; x_wconf 86' lang='lat' dir='ltr'><strong>Credo</strong></span> <span class='ocrx_word' id='word_1_504' title='bbox 3443 4314 3501 4360; x_wconf 88' lang='lat' dir='ltr'><strong>et</strong></span> 
     </span>
    </p>
   </div>
   <div class='ocr_carea' id='block_1_68' title="bbox 1916 4386 3494 4462">
    <p class='ocr_par' dir='ltr' id='par_1_68' title="bbox 1916 4386 3494 4462">
     <span class='ocr_line' id='line_1_69' title="bbox 1916 4386 3494 4462; baseline 0.006 -20"><span class='ocrx_word' id='word_1_505' title='bbox 1916 4389 1967 4442; x_wconf 90' lang='lat' dir='ltr'><strong>iu</strong></span> <span class='ocrx_word' id='word_1_506' title='bbox 1991 4386 2243 4455; x_wconf 87' lang='lat' dir='ltr'><strong>Spiritqu</strong></span> <span class='ocrx_word' id='word_1_507' title='bbox 2276 4396 2537 4441; x_wconf 75' lang='lat' dir='ltr'><strong>sanctum.</strong></span> <span class='ocrx_word' id='word_1_508' title='bbox 2573 4387 2767 4455; x_wconf 86' lang='lat' dir='ltr'><strong>Credo,</strong></span> <span class='ocrx_word' id='word_1_509' title='bbox 2800 4389 3036 4457; x_wconf 84' lang='lat' dir='ltr'><strong>inquam,</strong></span> <span class='ocrx_word' id='word_1_510' title='bbox 3070 4400 3123 4445; x_wconf 80' lang='lat' dir='ltr'><strong>et</strong></span> <span class='ocrx_word' id='word_1_511' title='bbox 3153 4392 3204 4446; x_wconf 90' lang='lat' dir='ltr'><strong>iu</strong></span> <span class='ocrx_word' id='word_1_512' title='bbox 3236 4394 3494 4462; x_wconf 85' lang='lat' dir='ltr'><strong>Spiritum</strong></span> 
     </span>
    </p>
   </div>
   <div class='ocr_carea' id='block_1_69' title="bbox 1916 4480 3497 4549">
    <p class='ocr_par' dir='ltr' id='par_1_69' title="bbox 1916 4480 3497 4549">
     <span class='ocr_line' id='line_1_70' title="bbox 1916 4480 3497 4549; baseline 0.006 -16"><span class='ocrx_word' id='word_1_513' title='bbox 1916 4491 2176 4533; x_wconf 85' lang='lat' dir='ltr'><strong>sanctum.</strong></span> <span class='ocrx_word' id='word_1_514' title='bbox 2206 4482 2568 4545; x_wconf 75' lang='lat' dir='ltr'><strong>Agnoscatuus</strong></span> <span class='ocrx_word' id='word_1_515' title='bbox 2600 4480 2755 4533; x_wconf 78' lang='lat' dir='ltr'><strong>\‘crhi</strong></span> <span class='ocrx_word' id='word_1_516' title='bbox 2791 4481 2955 4549; x_wconf 82' lang='lat' dir='ltr'><strong>ipsius</strong></span> <span class='ocrx_word' id='word_1_517' title='bbox 2988 4482 3340 4549; x_wconf 84' lang='lat' dir='ltr'><strong>privilegium.</strong></span> <span class='ocrx_word' id='word_1_518' title='bbox 3368 4490 3497 4542; x_wconf 55' lang='lat' dir='ltr'><strong>(Ire.</strong></span> 
     </span>
    </p>
   </div>
   <div class='ocr_carea' id='block_1_70' title="bbox 1917 4570 3496 4644">
    <p class='ocr_par' dir='ltr' id='par_1_70' title="bbox 1917 4570 3496 4644">
     <span class='ocr_line' id='line_1_71' title="bbox 1917 4570 3496 4644; baseline 0.005 -19"><span class='ocrx_word' id='word_1_519' title='bbox 1917 4570 2045 4625; x_wconf 82' lang='lat' dir='ltr'><strong>dere</strong></span> <span class='ocrx_word' id='word_1_520' title='bbox 2062 4572 2132 4624; x_wconf 87' lang='lat' dir='ltr'><strong>illi</strong></span> <span class='ocrx_word' id='word_1_521' title='bbox 2148 4572 2363 4641; x_wconf 82' lang='lat' dir='ltr'><strong>quilibet</strong></span> <span class='ocrx_word' id='word_1_522' title='bbox 2385 4573 2858 4640; x_wconf 81' lang='lat' dir='ltr'><strong>potesthominuui.</strong></span> <span class='ocrx_word' id='word_1_523' title='bbox 2875 4573 3104 4628; x_wconf 86' lang='lat' dir='ltr'><strong>Credere</strong></span> <span class='ocrx_word' id='word_1_524' title='bbox 3118 4590 3245 4630; x_wconf 80' lang='lat' dir='ltr'><strong>vero</strong></span> <span class='ocrx_word' id='word_1_525' title='bbox 3259 4578 3309 4631; x_wconf 94' lang='lat' dir='ltr'><strong>in</strong></span> <span class='ocrx_word' id='word_1_526' title='bbox 3325 4578 3496 4644; x_wconf 76' lang='lat' dir='ltr'><strong>illiilli,</strong></span> 
     </span>
    </p>
   </div>
   <div class='ocr_carea' id='block_1_71' title="bbox 1917 4654 3499 4735">
    <p class='ocr_par' dir='ltr' id='par_1_71' title="bbox 1917 4654 3499 4735">
     <span class='ocr_line' id='line_1_72' title="bbox 1917 4654 3499 4735; baseline 0.004 -19"><span class='ocrx_word' id='word_1_527' title='bbox 1917 4663 2017 4716; x_wconf 88' lang='lat' dir='ltr'><strong>soli</strong></span> <span class='ocrx_word' id='word_1_528' title='bbox 2035 4663 2229 4717; x_wconf 84' lang='lat' dir='ltr'><strong>debere</strong></span> <span class='ocrx_word' id='word_1_529' title='bbox 2251 4673 2301 4715; x_wconf 88' lang='lat' dir='ltr'><strong>te</strong></span> <span class='ocrx_word' id='word_1_530' title='bbox 2317 4662 2576 4729; x_wconf 84' lang='lat' dir='ltr'><strong>tnajestati</strong></span> <span class='ocrx_word' id='word_1_531' title='bbox 2602 4663 2833 4715; x_wconf 79' lang='lat' dir='ltr'><strong>noveris.</strong></span> <span class='ocrx_word' id='word_1_532' title='bbox 2852 4654 2958 4717; x_wconf 86' lang='lat' dir='ltr'><strong>Sed</strong></span> <span class='ocrx_word' id='word_1_533' title='bbox 2974 4674 3025 4718; x_wconf 76' lang='lat' dir='ltr'><strong>rt</strong></span> <span class='ocrx_word' id='word_1_534' title='bbox 3049 4665 3147 4719; x_wconf 88' lang='lat' dir='ltr'><strong>hoc</strong></span> <span class='ocrx_word' id='word_1_535' title='bbox 3168 4666 3338 4735; x_wconf 89' lang='lat' dir='ltr'><strong>ipsum</strong></span> <span class='ocrx_word' id='word_1_536' title='bbox 3354 4654 3499 4727; x_wconf 76' lang='lat' dir='ltr'><strong>aliud</strong></span> 
     </span>
    </p>
   </div>
   <div class='ocr_carea' id='block_1_72' title="bbox 1917 4753 3504 4814">
    <p class='ocr_par' dir='ltr' id='par_1_72' title="bbox 1917 4753 3504 4814">
     <span class='ocr_line' id='line_1_73' title="bbox 1917 4753 3504 4814; baseline 0.003 -6"><span class='ocrx_word' id='word_1_537' title='bbox 1917 4754 2191 4814; x_wconf 85' lang='lat' dir='ltr'><strong>est,Deum</strong></span> <span class='ocrx_word' id='word_1_538' title='bbox 2205 4753 2375 4807; x_wconf 69' lang='lat' dir='ltr'><strong>crede:</strong></span> <span class='ocrx_word' id='word_1_539' title='bbox 2390 4768 2438 4809; x_wconf 80' lang='lat' dir='ltr'><strong>e.</strong></span> <span class='ocrx_word' id='word_1_540' title='bbox 2455 4753 2594 4805; x_wconf 89' lang='lat' dir='ltr'><strong>aliud</strong></span> <span class='ocrx_word' id='word_1_541' title='bbox 2607 4753 2916 4808; x_wconf 79' lang='lat' dir='ltr'><strong>estcredere</strong></span> <span class='ocrx_word' id='word_1_542' title='bbox 2930 4755 2979 4807; x_wconf 90' lang='lat' dir='ltr'><strong>in</strong></span> <span class='ocrx_word' id='word_1_543' title='bbox 2997 4755 3323 4811; x_wconf 77' lang='lat' dir='ltr'><strong>Deum.Esse</strong></span> <span class='ocrx_word' id='word_1_544' title='bbox 3339 4757 3504 4813; x_wconf 86' lang='lat' dir='ltr'><strong>Deum</strong></span> 
     </span>
    </p>
   </div>
   <div class='ocr_carea' id='block_1_73' title="bbox 1918 4845 3503 4917">
    <p class='ocr_par' dir='ltr' id='par_1_73' title="bbox 1918 4845 3503 4917">
     <span class='ocr_line' id='line_1_74' title="bbox 1918 4845 3503 4917; baseline 0.006 -20"><span class='ocrx_word' id='word_1_545' title='bbox 1918 4857 1967 4897; x_wconf 82' lang='lat' dir='ltr'><strong>et</strong></span> <span class='ocrx_word' id='word_1_546' title='bbox 1986 4845 2227 4899; x_wconf 81' lang='lat' dir='ltr'><strong>diabolus</strong></span> <span class='ocrx_word' id='word_1_547' title='bbox 2247 4846 2467 4899; x_wconf 89' lang='lat' dir='ltr'><strong>credere</strong></span> <span class='ocrx_word' id='word_1_548' title='bbox 2481 4846 2675 4899; x_wconf 89' lang='lat' dir='ltr'><strong>dicitur</strong></span> <span class='ocrx_word' id='word_1_549' title='bbox 2695 4848 2985 4901; x_wconf 81' lang='lat' dir='ltr'><strong>secundum</strong></span> <span class='ocrx_word' id='word_1_550' title='bbox 3009 4849 3320 4917; x_wconf 87' lang='lat' dir='ltr'><strong>Apostolum</strong></span> <span class='ocrx_word' id='word_1_551' title='bbox 3339 4869 3351 4903; x_wconf 90' lang='lat'><strong>:</strong></span> <span class='ocrx_word' id='word_1_552' title='bbox 3370 4854 3503 4906; x_wconf 70' lang='lat' dir='ltr'><strong>Nam</strong></span> 
     </span>
    </p>
   </div>
   <div class='ocr_carea' id='block_1_74' title="bbox 1919 4937 3506 4997">
    <p class='ocr_par' dir='ltr' id='par_1_74' title="bbox 1919 4937 3506 4997">
     <span class='ocr_line' id='line_1_75' title="bbox 1919 4937 3506 4997; baseline 0.003 -6"><span class='ocrx_word' id='word_1_553' title='bbox 1919 4950 1975 4991; x_wconf 87' lang='lat' dir='ltr'><strong>et</strong></span> <span class='ocrx_word' id='word_1_554' title='bbox 1996 4938 2267 4991; x_wconf 74' lang='lat' dir='ltr'><strong>dauuoues</strong></span> <span class='ocrx_word' id='word_1_555' title='bbox 2301 4937 2526 4991; x_wconf 87' lang='lat' dir='ltr'><strong>credunt</strong></span> <span class='ocrx_word' id='word_1_556' title='bbox 2555 4952 2602 4992; x_wconf 84' lang='lat' dir='ltr'><strong>et</strong></span> <span class='ocrx_word' id='word_1_557' title='bbox 2628 4940 3066 4994; x_wconf 65' lang='lat' dir='ltr'><strong>contremiscunt.</strong></span> <span class='ocrx_word' id='word_1_558' title='bbox 3100 4942 3155 4995; x_wconf 93' lang='lat' dir='ltr'><strong>lu</strong></span> <span class='ocrx_word' id='word_1_559' title='bbox 3189 4943 3353 4996; x_wconf 65' lang='lat' dir='ltr'><strong>Deum</strong></span> <span class='ocrx_word' id='word_1_560' title='bbox 3372 4959 3506 4997; x_wconf 86' lang='lat' dir='ltr'><strong>vero</strong></span> 
     </span>
    </p>
   </div>
   <div class='ocr_carea' id='block_1_75' title="bbox 1920 5032 3503 5107">
    <p class='ocr_par' dir='ltr' id='par_1_75' title="bbox 1920 5032 3503 5107">
     <span class='ocr_line' id='line_1_76' title="bbox 1920 5032 3503 5107; baseline 0.003 -20"><span class='ocrx_word' id='word_1_561' title='bbox 1920 5038 2162 5099; x_wconf 86' lang='lat' dir='ltr'><strong>credere,</strong></span> <span class='ocrx_word' id='word_1_562' title='bbox 2188 5032 2284 5087; x_wconf 90' lang='lat' dir='ltr'><strong>nisi</strong></span> <span class='ocrx_word' id='word_1_563' title='bbox 2308 5035 2396 5102; x_wconf 91' lang='lat' dir='ltr'><strong>qui</strong></span> <span class='ocrx_word' id='word_1_564' title='bbox 2426 5033 2511 5103; x_wconf 91' lang='lat' dir='ltr'><strong>pie</strong></span> <span class='ocrx_word' id='word_1_565' title='bbox 2535 5036 2585 5087; x_wconf 91' lang='lat' dir='ltr'><strong>in</strong></span> <span class='ocrx_word' id='word_1_566' title='bbox 2615 5050 2736 5087; x_wconf 87' lang='lat' dir='ltr'><strong>eum</strong></span> <span class='ocrx_word' id='word_1_567' title='bbox 2763 5037 3080 5102; x_wconf 86' lang='lat' dir='ltr'><strong>speraverit,</strong></span> <span class='ocrx_word' id='word_1_568' title='bbox 3103 5053 3207 5091; x_wconf 91' lang='lat' dir='ltr'><strong>non</strong></span> <span class='ocrx_word' id='word_1_569' title='bbox 3227 5040 3503 5107; x_wconf 87' lang='lat' dir='ltr'><strong>probatur.</strong></span> 
     </span>
    </p>
   </div>
   <div class='ocr_carea' id='block_1_76' title="bbox 238 5122 3593 5210">
    <p class='ocr_par' dir='ltr' id='par_1_76' title="bbox 238 5122 3593 5210">
     <span class='ocr_line' id='line_1_77' title="bbox 238 5122 3593 5210; baseline 0.001 -35"><span class='ocrx_word' id='word_1_570' title='bbox 238 5138 392 5176; x_wconf 78' lang='lat' dir='ltr'><strong>sacer</strong></span> <span class='ocrx_word' id='word_1_571' title='bbox 418 5137 669 5177; x_wconf 87' lang='lat' dir='ltr'><strong>numerus</strong></span> <span class='ocrx_word' id='word_1_572' title='bbox 700 5123 1058 5187; x_wconf 83' lang='lat' dir='ltr'><strong>sacerdotum,</strong></span> <span class='ocrx_word' id='word_1_573' title='bbox 1089 5135 1423 5192; x_wconf 79' lang='lat' dir='ltr'><strong>emergentes</strong></span> <span class='ocrx_word' id='word_1_574' title='bbox 1470 5127 1577 5179; x_wconf 83' lang='lat' dir='ltr'><strong>Arii</strong></span> <span class='ocrx_word' id='word_1_575' title='bbox 1608 5141 1669 5179; x_wconf 88' lang='lat' dir='ltr'><strong>ac</strong></span> <span class='ocrx_word' id='word_1_576' title='bbox 1708 5125 1814 5179; x_wconf 79' lang='lat' dir='ltr'><strong>Mu-</strong></span> <span class='ocrx_word' id='word_1_577' title='bbox 1847 5151 1897 5210; x_wconf 69' lang='grc' dir='ltr'><strong>ι)</strong></span> <span class='ocrx_word' id='word_1_578' title='bbox 1928 5122 1981 5176; x_wconf 95' lang='lat' dir='ltr'><strong>ln</strong></span> <span class='ocrx_word' id='word_1_579' title='bbox 2005 5124 2166 5177; x_wconf 88' lang='lat' dir='ltr'><strong>[)eum</strong></span> <span class='ocrx_word' id='word_1_580' title='bbox 2189 5137 2316 5191; x_wconf 85' lang='lat' dir='ltr'><strong>ergo</strong></span> <span class='ocrx_word' id='word_1_581' title='bbox 2337 5122 2580 5185; x_wconf 85' lang='lat' dir='ltr'><strong>credere,</strong></span> <span class='ocrx_word' id='word_1_582' title='bbox 2616 5124 2716 5177; x_wconf 90' lang='lat' dir='ltr'><strong>hoc</strong></span> <span class='ocrx_word' id='word_1_583' title='bbox 2740 5132 2823 5179; x_wconf 92' lang='lat' dir='ltr'><strong>est</strong></span> <span class='ocrx_word' id='word_1_584' title='bbox 2839 5124 3065 5179; x_wconf 86' lang='lat' dir='ltr'><strong>fideliter</strong></span> <span class='ocrx_word' id='word_1_585' title='bbox 3087 5142 3208 5180; x_wconf 89' lang='lat' dir='ltr'><strong>eum</strong></span> <span class='ocrx_word' id='word_1_586' title='bbox 3239 5141 3504 5194; x_wconf 71' lang='lat' dir='ltr'><strong>qumrere.</strong></span> <span class='ocrx_word' id='word_1_587' title='bbox 3580 5168 3593 5183; x_wconf 75' lang='lat'><strong>.</strong></span> 
     </span>
    </p>
   </div>
   <div class='ocr_carea' id='block_1_77' title="bbox 240 5214 1817 5281">
    <p class='ocr_par' dir='ltr' id='par_1_77' title="bbox 240 5214 1817 5281">
     <span class='ocr_line' id='line_1_78' title="bbox 240 5214 1817 5281; baseline 0.003 -15"><span class='ocrx_word' id='word_1_588' title='bbox 240 5214 446 5267; x_wconf 80' lang='lat' dir='ltr'><strong>eedrmii</strong></span> <span class='ocrx_word' id='word_1_589' title='bbox 478 5214 751 5269; x_wconf 85' lang='lat' dir='ltr'><strong>damnavit</strong></span> <span class='ocrx_word' id='word_1_590' title='bbox 787 5230 1020 5281; x_wconf 87' lang='lat' dir='ltr'><strong>errores,</strong></span> <span class='ocrx_word' id='word_1_591' title='bbox 1048 5218 1233 5271; x_wconf 84' lang='lat' dir='ltr'><strong>dicens</strong></span> <span class='ocrx_word' id='word_1_592' title='bbox 1267 5233 1281 5269; x_wconf 92' lang='lat'>:</span> <span class='ocrx_word' id='word_1_593' title='bbox 1322 5216 1499 5271; x_wconf 88' lang='lat' dir='ltr'><strong>Credo</strong></span> <span class='ocrx_word' id='word_1_594' title='bbox 1547 5219 1600 5271; x_wconf 91' lang='lat' dir='ltr'><strong>in</strong></span> <span class='ocrx_word' id='word_1_595' title='bbox 1655 5218 1817 5272; x_wconf 82' lang='lat' dir='ltr'><strong>Deum</strong></span> 
     </span>
    </p>
   </div>
   <div class='ocr_carea' id='block_1_78' title="bbox 240 5303 1819 5375">
    <p class='ocr_par' dir='ltr' id='par_1_78' title="bbox 240 5303 1819 5375">
     <span class='ocr_line' id='line_1_79' title="bbox 240 5303 1819 5375; baseline 0.001 -17"><span class='ocrx_word' id='word_1_596' title='bbox 240 5305 476 5369; x_wconf 79' lang='lat' dir='ltr'><strong>Patrem,</strong></span> <span class='ocrx_word' id='word_1_597' title='bbox 499 5303 674 5357; x_wconf 86' lang='lat' dir='ltr'><strong>Credo</strong></span> <span class='ocrx_word' id='word_1_598' title='bbox 697 5305 746 5357; x_wconf 92' lang='lat' dir='ltr'><strong>in</strong></span> <span class='ocrx_word' id='word_1_599' title='bbox 789 5304 981 5360; x_wconf 81' lang='lat' dir='ltr'><strong>Filium</strong></span> <span class='ocrx_word' id='word_1_600' title='bbox 1005 5309 1123 5375; x_wconf 88' lang='lat' dir='ltr'><strong>ejus</strong></span> <span class='ocrx_word' id='word_1_601' title='bbox 1153 5308 1368 5361; x_wconf 90' lang='lat' dir='ltr'><strong>unicum</strong></span> <span class='ocrx_word' id='word_1_602' title='bbox 1412 5308 1689 5361; x_wconf 85' lang='lat' dir='ltr'><strong>Dominum</strong></span> <span class='ocrx_word' id='word_1_603' title='bbox 1720 5325 1819 5362; x_wconf 88' lang='lat' dir='ltr'><strong>no-</strong></span> 
     </span>
    </p>
   </div>
   <div class='ocr_carea' id='block_1_79' title="bbox 240 5396 1819 5466">
    <p class='ocr_par' dir='ltr' id='par_1_79' title="bbox 240 5396 1819 5466">
     <span class='ocr_line' id='line_1_80' title="bbox 240 5396 1819 5466; baseline 0.005 -20"><span class='ocrx_word' id='word_1_604' title='bbox 240 5407 431 5449; x_wconf 72' lang='lat' dir='ltr'><strong>strum.</strong></span> <span class='ocrx_word' id='word_1_605' title='bbox 457 5396 639 5449; x_wconf 83' lang='lat' dir='ltr'><strong>Credo</strong></span> <span class='ocrx_word' id='word_1_606' title='bbox 665 5406 716 5449; x_wconf 89' lang='lat' dir='ltr'><strong>et</strong></span> <span class='ocrx_word' id='word_1_607' title='bbox 747 5397 798 5451; x_wconf 92' lang='lat' dir='ltr'><strong>in</strong></span> <span class='ocrx_word' id='word_1_608' title='bbox 824 5397 1076 5466; x_wconf 86' lang='lat' dir='ltr'><strong>Spiritum</strong></span> <span class='ocrx_word' id='word_1_609' title='bbox 1118 5413 1383 5454; x_wconf 88' lang='lat' dir='ltr'><strong>sanetum.</strong></span> <span class='ocrx_word' id='word_1_610' title='bbox 1427 5400 1556 5453; x_wconf 81' lang='lat' dir='ltr'><strong>Nam</strong></span> <span class='ocrx_word' id='word_1_611' title='bbox 1596 5409 1651 5453; x_wconf 90' lang='lat' dir='ltr'><strong>et</strong></span> <span class='ocrx_word' id='word_1_612' title='bbox 1684 5401 1727 5454; x_wconf 93' lang='lat' dir='ltr'><strong>si</strong></span> <span class='ocrx_word' id='word_1_613' title='bbox 1753 5416 1819 5454; x_wconf 81' lang='lat' dir='ltr'><strong>ex</strong></span> 
     </span>
    </p>
   </div>
   <div class='ocr_carea' id='block_1_80' title="bbox 242 5490 1822 5559">
    <p class='ocr_par' dir='ltr' id='par_1_80' title="bbox 242 5490 1822 5559">
     <span class='ocr_line' id='line_1_81' title="bbox 242 5490 1822 5559; baseline 0.004 -20"><span class='ocrx_word' id='word_1_614' title='bbox 242 5490 338 5542; x_wconf 86' lang='lat' dir='ltr'><strong>hoc</strong></span> <span class='ocrx_word' id='word_1_615' title='bbox 373 5503 601 5542; x_wconf 81' lang='lat' dir='ltr'><strong>numero</strong></span> <span class='ocrx_word' id='word_1_616' title='bbox 639 5504 923 5555; x_wconf 80' lang='lat' dir='ltr'><strong>paucorum</strong></span> <span class='ocrx_word' id='word_1_617' title='bbox 973 5492 1225 5559; x_wconf 75' lang='lat' dir='ltr'><strong>fragilitas</strong></span> <span class='ocrx_word' id='word_1_618' title='bbox 1267 5491 1575 5554; x_wconf 85' lang='lat' dir='ltr'><strong>declinavit,</strong></span> <span class='ocrx_word' id='word_1_619' title='bbox 1609 5493 1822 5545; x_wconf 88' lang='lat' dir='ltr'><strong>univer-</strong></span> 
     </span>
    </p>
   </div>
   <div class='ocr_carea' id='block_1_81' title="bbox 241 5580 1822 5648">
    <p class='ocr_par' dir='ltr' id='par_1_81' title="bbox 241 5580 1822 5648">
     <span class='ocr_line' id='line_1_82' title="bbox 241 5580 1822 5648; baseline 0.003 -18"><span class='ocrx_word' id='word_1_620' title='bbox 241 5581 368 5631; x_wconf 61' lang='lat' dir='ltr'><strong>salis</strong></span> <span class='ocrx_word' id='word_1_621' title='bbox 397 5588 574 5632; x_wconf 68' lang='lat' dir='ltr'><strong>tamen</strong></span> <span class='ocrx_word' id='word_1_622' title='bbox 608 5580 812 5632; x_wconf 88' lang='lat' dir='ltr'><strong>numeri</strong></span> <span class='ocrx_word' id='word_1_623' title='bbox 845 5582 1155 5648; x_wconf 86' lang='lat' dir='ltr'><strong>mysterium</strong></span> <span class='ocrx_word' id='word_1_624' title='bbox 1198 5598 1301 5635; x_wconf 88' lang='lat' dir='ltr'><strong>nou</strong></span> <span class='ocrx_word' id='word_1_625' title='bbox 1334 5582 1572 5636; x_wconf 82' lang='lat' dir='ltr'><strong>resolvit.</strong></span> <span class='ocrx_word' id='word_1_626' title='bbox 1610 5581 1673 5635; x_wconf 79' lang='lat' dir='ltr'><strong>Et</strong></span> <span class='ocrx_word' id='word_1_627' title='bbox 1702 5583 1822 5636; x_wconf 86' lang='lat' dir='ltr'><strong>ideo</strong></span> 
     </span>
    </p>
   </div>
   <div class='ocr_carea' id='block_1_82' title="bbox 244 5672 1819 5742">
    <p class='ocr_par' dir='ltr' id='par_1_82' title="bbox 244 5672 1819 5742">
     <span class='ocr_line' id='line_1_83' title="bbox 244 5672 1819 5742; baseline 0.001 -17"><span class='ocrx_word' id='word_1_628' title='bbox 244 5688 327 5725; x_wconf 80' lang='lat' dir='ltr'><strong>sac</strong></span> <span class='ocrx_word' id='word_1_629' title='bbox 352 5688 393 5726; x_wconf 16' lang='lat' dir='ltr'><strong>Vr</strong></span> <span class='ocrx_word' id='word_1_630' title='bbox 423 5688 677 5725; x_wconf 63' lang='lat' dir='ltr'><strong>nume-rus</strong></span> <span class='ocrx_word' id='word_1_631' title='bbox 702 5672 951 5729; x_wconf 72' lang='lat' dir='ltr'><strong>diximus,</strong></span> <span class='ocrx_word' id='word_1_632' title='bbox 980 5672 1119 5737; x_wconf 79' lang='lat' dir='ltr'><strong>quod</strong></span> <span class='ocrx_word' id='word_1_633' title='bbox 1152 5675 1369 5728; x_wconf 82' lang='lat' dir='ltr'><strong>trrcenti</strong></span> <span class='ocrx_word' id='word_1_634' title='bbox 1397 5687 1542 5726; x_wconf 84' lang='lat' dir='ltr'><strong>mera</strong></span> <span class='ocrx_word' id='word_1_635' title='bbox 1567 5682 1819 5742; x_wconf 86' lang='lat' dir='ltr'><strong>supputa-</strong></span> 
     </span>
    </p>
   </div>
   <div class='ocr_carea' id='block_1_83' title="bbox 573 5764 1086 5825">
    <p class='ocr_par' dir='ltr' id='par_1_83' title="bbox 573 5764 1086 5825">
     <span class='ocr_line' id='line_1_84' title="bbox 573 5764 1086 5825; baseline -0.006 -2"><span class='ocrx_word' id='word_1_636' title='bbox 573 5766 843 5825; x_wconf 72' lang='grc' dir='ltr'><strong>ΡΑτῐιοι..</strong></span> <span class='ocrx_word' id='word_1_637' title='bbox 898 5764 1086 5821; x_wconf 75' lang='lat' dir='ltr'><strong>LXII.</strong></span> 
     </span>
    </p>
   </div>
   <div class='ocr_carea' id='block_1_84' title="bbox 144 5873 339 6066">
    <p class='ocr_par' dir='ltr' id='par_1_84' title="bbox 144 5873 339 6066">
     <span class='ocr_line' id='line_1_85' title="bbox 144 5873 339 6066; baseline 0.005 -57"><span class='ocrx_word' id='word_1_638' title='bbox 144 5873 339 6066; x_wconf 39' lang='lat' dir='ltr'><strong>gi?</strong></span> 
     </span>
    </p>
   </div>
   <div class='ocr_carea' id='block_1_85' title="bbox 1926 5213 3505 5285">
    <p class='ocr_par' dir='ltr' id='par_1_85' title="bbox 1926 5213 3505 5285">
     <span class='ocr_line' id='line_1_86' title="bbox 1926 5213 3505 5285; baseline 0.001 -18"><span class='ocrx_word' id='word_1_639' title='bbox 1926 5224 2010 5267; x_wconf 77' lang='lat' dir='ltr'><strong>est</strong></span> <span class='ocrx_word' id='word_1_640' title='bbox 2031 5223 2137 5266; x_wconf 87' lang='lat' dir='ltr'><strong>tota</strong></span> <span class='ocrx_word' id='word_1_641' title='bbox 2161 5214 2211 5267; x_wconf 91' lang='lat' dir='ltr'><strong>in</strong></span> <span class='ocrx_word' id='word_1_642' title='bbox 2233 5213 2651 5267; x_wconf 84' lang='lat' dir='ltr'><strong>eumdilectione</strong></span> <span class='ocrx_word' id='word_1_643' title='bbox 2668 5216 2913 5268; x_wconf 87' lang='lat' dir='ltr'><strong>transire.</strong></span> <span class='ocrx_word' id='word_1_644' title='bbox 2928 5215 3101 5270; x_wconf 84' lang='lat' dir='ltr'><strong>Gredo</strong></span> <span class='ocrx_word' id='word_1_645' title='bbox 3117 5216 3307 5285; x_wconf 88' lang='lat' dir='ltr'><strong>ergoin</strong></span> <span class='ocrx_word' id='word_1_646' title='bbox 3332 5214 3505 5280; x_wconf 86' lang='lat' dir='ltr'><strong>illum,</strong></span> 
     </span>
    </p>
   </div>
   <div class='ocr_carea' id='block_1_86' title="bbox 1926 5303 3504 5372">
    <p class='ocr_par' dir='ltr' id='par_1_86' title="bbox 1926 5303 3504 5372">
     <span class='ocr_line' id='line_1_87' title="bbox 1926 5303 3504 5372; baseline 0.003 -15"><span class='ocrx_word' id='word_1_647' title='bbox 1926 5303 2026 5359; x_wconf 89' lang='lat' dir='ltr'><strong>hoc</strong></span> <span class='ocrx_word' id='word_1_648' title='bbox 2044 5314 2128 5358; x_wconf 90' lang='lat' dir='ltr'><strong>est</strong></span> <span class='ocrx_word' id='word_1_649' title='bbox 2143 5304 2343 5371; x_wconf 88' lang='lat' dir='ltr'><strong>dicere,</strong></span> <span class='ocrx_word' id='word_1_650' title='bbox 2361 5304 2614 5359; x_wconf 86' lang='lat' dir='ltr'><strong>confiteor</strong></span> <span class='ocrx_word' id='word_1_651' title='bbox 2630 5305 2802 5370; x_wconf 86' lang='lat' dir='ltr'><strong>illum,</strong></span> <span class='ocrx_word' id='word_1_652' title='bbox 2820 5306 2940 5360; x_wconf 83' lang='lat' dir='ltr'><strong>enlo</strong></span> <span class='ocrx_word' id='word_1_653' title='bbox 2961 5306 3129 5369; x_wconf 87' lang='lat' dir='ltr'><strong>illum,</strong></span> <span class='ocrx_word' id='word_1_654' title='bbox 3149 5306 3316 5361; x_wconf 89' lang='lat' dir='ltr'><strong>adoro</strong></span> <span class='ocrx_word' id='word_1_655' title='bbox 3336 5306 3504 5372; x_wconf 86' lang='lat' dir='ltr'><strong>illum.</strong></span> 
     </span>
    </p>
   </div>
   <div class='ocr_carea' id='block_1_87' title="bbox 1930 5396 3505 5466">
    <p class='ocr_par' dir='ltr' id='par_1_87' title="bbox 1930 5396 3505 5466">
     <span class='ocr_line' id='line_1_88' title="bbox 1930 5396 3505 5466; baseline 0.001 -17"><span class='ocrx_word' id='word_1_656' title='bbox 1930 5406 2095 5450; x_wconf 90' lang='lat' dir='ltr'><strong>totum</strong></span> <span class='ocrx_word' id='word_1_657' title='bbox 2121 5411 2205 5451; x_wconf 88' lang='lat' dir='ltr'><strong>me</strong></span> <span class='ocrx_word' id='word_1_658' title='bbox 2231 5397 2282 5450; x_wconf 92' lang='lat' dir='ltr'><strong>iu</strong></span> <span class='ocrx_word' id='word_1_659' title='bbox 2310 5396 2396 5464; x_wconf 87' lang='lat' dir='ltr'><strong>jus</strong></span> <span class='ocrx_word' id='word_1_660' title='bbox 2418 5396 2534 5465; x_wconf 85' lang='lat' dir='ltr'><strong>ejus</strong></span> <span class='ocrx_word' id='word_1_661' title='bbox 2560 5412 2625 5451; x_wconf 86' lang='lat' dir='ltr'><strong>ac</strong></span> <span class='ocrx_word' id='word_1_662' title='bbox 2647 5398 2939 5452; x_wconf 88' lang='lat' dir='ltr'><strong>dominium</strong></span> <span class='ocrx_word' id='word_1_663' title='bbox 2965 5399 3115 5451; x_wconf 91' lang='lat' dir='ltr'><strong>trado</strong></span> <span class='ocrx_word' id='word_1_664' title='bbox 3141 5406 3300 5466; x_wconf 88' lang='lat' dir='ltr'><strong>atque</strong></span> <span class='ocrx_word' id='word_1_665' title='bbox 3329 5408 3505 5453; x_wconf 80' lang='lat' dir='ltr'><strong>trans~</strong></span> 
     </span>
    </p>
   </div>
   <div class='ocr_carea' id='block_1_88' title="bbox 1929 5488 3507 5559">
    <p class='ocr_par' dir='ltr' id='par_1_88' title="bbox 1929 5488 3507 5559">
     <span class='ocr_line' id='line_1_89' title="bbox 1929 5488 3507 5559; baseline 0.005 -18"><span class='ocrx_word' id='word_1_666' title='bbox 1929 5488 2116 5541; x_wconf 86' lang='lat' dir='ltr'><strong>fundo.</strong></span> <span class='ocrx_word' id='word_1_667' title='bbox 2150 5488 2202 5541; x_wconf 91' lang='lat' dir='ltr'><strong>In</strong></span> <span class='ocrx_word' id='word_1_668' title='bbox 2237 5489 2583 5557; x_wconf 87' lang='lat' dir='ltr'><strong>professionis</strong></span> <span class='ocrx_word' id='word_1_669' title='bbox 2611 5492 2764 5559; x_wconf 70' lang='lat' dir='ltr'><strong>hujus</strong></span> <span class='ocrx_word' id='word_1_670' title='bbox 2793 5489 3115 5552; x_wconf 81' lang='lat' dir='ltr'><strong>reverentia,</strong></span> <span class='ocrx_word' id='word_1_671' title='bbox 3146 5490 3393 5548; x_wconf 82' lang='lat' dir='ltr'><strong>universa</strong></span> <span class='ocrx_word' id='word_1_672' title='bbox 3426 5496 3507 5548; x_wconf 62' lang='lat' dir='ltr'><strong>di«</strong></span> 
     </span>
    </p>
   </div>
   <div class='ocr_carea' id='block_1_89' title="bbox 1931 5583 3156 5652">
    <p class='ocr_par' dir='ltr' id='par_1_89' title="bbox 1931 5583 3156 5652">
     <span class='ocr_line' id='line_1_90' title="bbox 1931 5583 3156 5652; baseline 0.001 -18"><span class='ocrx_word' id='word_1_673' title='bbox 1931 5585 2053 5637; x_wconf 88' lang='lat' dir='ltr'><strong>vino</strong></span> <span class='ocrx_word' id='word_1_674' title='bbox 2079 5584 2278 5637; x_wconf 89' lang='lat' dir='ltr'><strong>nomini</strong></span> <span class='ocrx_word' id='word_1_675' title='bbox 2309 5583 2486 5638; x_wconf 86' lang='lat' dir='ltr'><strong>debita</strong></span> <span class='ocrx_word' id='word_1_676' title='bbox 2508 5585 2847 5639; x_wconf 85' lang='lat' dir='ltr'><strong>continentur</strong></span> <span class='ocrx_word' id='word_1_677' title='bbox 2876 5583 3156 5652; x_wconf 86' lang='lat' dir='ltr'><strong>obsequia.</strong></span> 
     </span>
    </p>
   </div>
   <div class='ocr_carea' id='block_1_90' title="bbox 3196 5764 3226 5825">
    <p class='ocr_par' dir='ltr' id='par_1_90' title="bbox 3196 5764 3226 5825">
     <span class='ocr_line' id='line_1_91' title="bbox 3196 5764 3226 5825; baseline 0 0"><span class='ocrx_word' id='word_1_678' title='bbox 3196 5764 3226 5825; x_wconf 86' lang='grc'><strong>1</strong></span> 
     </span>
    </p>
   </div>
  </div>
