4044 6184
472 222 532 271 tt
1756 235 2030 292 PASCI'M!

2148 241 2412 299 piscosi
3658 274 3723 325 τε

603 349 3521 419 Em.“
3686 414 3691 420 .

1509 425 1969 535 LIBER
2039 436 2681 559 PRIMUS.

1960 578 2225 595 ἢ

976 625 1198 683 CAPUT
1237 627 1523 687 PRIMUM.

469 712 616 773 Quod
644 715 827 787 nonin
859 714 1135 770 Ecclesium
1157 719 1286 771 sicut
1311 720 1362 771 in
1383 719 1637 784 Spiritum
1668 735 1932 787 sanctum;
1955 731 2044 782 sed

535 794 727 855 retttota
760 785 808 855 in
860 788 1231 855 prwpositione,
1267 786 1545 843 Ecclesium
1577 791 1888 849 Crit/tulicant
1918 785 2044 855 vere-

536 855 654 906 dere
682 854 971 907 debeamus.

535 964 638 1018 Sed
671 966 896 1034 opponis
918 977 970 1019 ct
990 966 1144 1033 dicis,
1168 984 1272 1023 non
1291 971 1469 1024 statim
1493 973 1545 1026 in
1569 973 1668 1026 hoc
1691 976 1855 1028 verbo
1880 977 2041 1030 Deum

464 1069 621 1121 posse
649 1056 953 1121 monstrari,
984 1072 1088 1126 quo
1114 1058 1376 1113 dicimus:
1405 1060 1578 1116 Credo
1609 1075 1661 1118 et
1692 1066 1743 1117 in
1784 1066 2039 1131 Spiritum

462 1155 727 1213 sanctum,
754 1147 879 1215 quia
902 1149 1142 1213 sequitur
1167 1166 1182 1203 :
1207 1151 1379 1207 Credo
1402 1153 1452 1207 in
1475 1166 1731 1210 sanctam-
1750 1159 2039 1216 Ecclesiam

461 1238 801 1292 catholicam.
827 1238 1006 1299 Primo
1036 1241 1217 1296 nescio
1237 1243 1505 1312 quomodo
1535 1245 1824 1304 Ecclesiam
1855 1252 2044 1307 catho-

460 1326 614 1379 licam
651 1327 929 1383 nominare
957 1331 1149 1384 audeat
1170 1331 1535 1400 Macedonius,
1558 1336 1648 1404 qui
1673 1346 1830 1392 extra
1856 1339 2041 1394 catho-

460 1418 614 1472 Iicam
659 1419 810 1473 exsul
852 1420 1037 1475 salutis
1071 1422 1318 1476 exclusus
1363 1434 1464 1484 est.
1503 1441 1568 1480 ex
1611 1426 1822 1483 illorum
1869 1430 2040 1486 factus

458 1524 700 1576 numero,
716 1508 781 1563 de
797 1509 987 1580 quibus
1001 1509 1227 1565 dicitur:
1256 1512 1311 1565 In
1332 1514 1556 1571 circuitu
1573 1515 1719 1587 impii
1737 1519 2037 1577 ambulant.

462 1601 602 1670 Ergo
627 1601 760 1655 dicis
782 1617 798 1657 :
830 1600 1007 1656 Credo
1039 1603 1089 1655 in
1115 1614 1352 1658 sanetam
1377 1605 1671 1663 Ecclesium
1695 1611 2035 1669 catholicam.

454 1690 603 1758 Quod
638 1692 987 1761 supponendo
1027 1694 1295 1763 exiguam,
1328 1697 1378 1751 id
1406 1708 1489 1753 est
1532 1700 1583 1757 in
1628 1701 1915 1771 syllabam,
1950 1704 2034 1758 in—

452 1790 664 1850 gentem
698 1782 975 1850 caliginem
1017 1784 1303 1841 subtexere
1337 1790 1586 1843 conaris?
1618 1793 1895 1845 Credimus
1936 1794 2035 1851 Ec-

452 1873 670 1927 clesium
695 1873 844 1941 quasi
878 1877 1297 1943 regenerationis
1329 1888 1576 1948 matrem,
1610 1898 1714 1937 non
1759 1886 1811 1938 in
1852 1886 2032 1943 Eccle-

451 1961 583 2013 siam
613 1963 881 2018 credimus
907 1967 1059 2035 quasi
1097 1968 1146 2021 in
1179 1970 1369 2026 salutis
1397 1981 1692 2028 auctorem.
1730 1975 1861 2029 Nam
1908 1993 2029 2031 cum

454 2052 554 2106 hoc
581 2054 647 2107 de
675 2055 878 2121 Spiritu
914 2070 1101 2111 sancto
1133 2060 1378 2116 universa
1402 2064 1719 2121 Confitentur
1765 2067 2027 2136 Ecclesia,
2064 2036 2112 2098 Β

453 2146 687 2216 nunquid
718 2157 771 2201 et
798 2150 847 2202 iu
874 2151 1209 2220 semetipsum
1240 2153 1460 2210 credere
1486 2168 1659 2224 petest
1689 2159 1711 2211 ?
1736 2158 1878 2227 Ergo
1908 2174 2033 2215 cum

452 2237 504 2287 in
534 2236 703 2290 solam
728 2239 1035 2307 specialiter
1062 2242 1207 2296 credi
1230 2256 1473 2313 Oporteat
1503 2246 1840 2315 Trinitatem,
1871 2250 2035 2306 etiam

449 2340 868 2385 memoratarum
903 2329 1121 2386 Patrum
1169 2341 1281 2389 toto
1313 2335 1579 2391 celebrata
1619 2338 1748 2391 orbe
1792 2339 2033 2396 doctrina

448 2418 752 2487 confirmet,
785 2430 876 2475 aut
904 2437 1122 2478 remove
1150 2423 1285 2478 hanc
1311 2425 1379 2478 de
1410 2426 1663 2482 Ecclesia:
1689 2432 1901 2485 nomine
1924 2430 2033 2501 syl-

447 2506 620 2561 labam
648 2526 661 2561 :
693 2519 782 2563 aut
813 2521 960 2565 certe
984 2513 1208 2567 credere
1238 2521 1288 2569 te
1316 2514 1367 2569 in
1412 2516 1703 2572 Ecclesiam
1750 2520 2031 2575 manifesta

448 2586 774 2664 professione
801 2601 1098 2668 Scripturis
1132 2620 1332 2671 assere,
1361 2607 1687 2664 testimoniis
1710 2610 1863 2679 doce,
1897 2613 2033 2667 divi-

444 2689 527 2743 nis
547 2692 797 2759 oraculis,
820 2707 1023 2750 lemma
1046 2697 1332 2753 verborum
1359 2708 1567 2754 tuorum
1590 2690 2027 2772 praesumptione,

443 2781 721 2837 convinco.
752 2783 826 2839 De
846 2788 1014 2840 sacris
1045 2788 1355 2844 omnimodo
1375 2790 1739 2847 voluminibus
1770 2810 1888 2863 quae
1905 2804 2030 2851 sunt

443 2874 707 2931 credenda
735 2891 1030 2942 sumamus,
1060 2878 1127 2934 de
1153 2897 1380 2949 quorum
1408 2884 1556 2939 fonte
1590 2885 1821 2954 symboli
1864 2887 2029 2957 ipsius

441 2967 610 3020 series
640 2966 875 3021 derivata
899 2969 1159 3023 subsistit.
1190 2969 1292 3037 Qui
1322 2973 1377 3026 in
1411 2974 1703 3031 Ecclesium
1741 2976 1933 3041 credit,
1973 2979 2053 3049 in,

442 3054 711 3110 hominem
740 3058 930 3113 credit.
974 3058 1089 3112 Non
1133 3062 1276 3115 enim
1324 3063 1482 3118 homo
1520 3080 1585 3119 ex
1626 3066 1886 3133 Ecclesia,
1929 3069 2024 3123 sed

443 3145 682 3202 Ecclesia
706 3163 825 3203 esse
855 3150 994 3218 cepit
1025 3164 1089 3206 ex
1120 3152 1354 3208 homine.
1390 3155 1603 3211 Recede
1626 3158 1803 3227 itaque
1836 3174 1901 3213 ex
1928 3159 2026 3215 hac

443 3240 787 3309 blasphemiae
813 3244 1180 3311 persuasione,
1214 3254 1269 3299 ut
1300 3246 1351 3299 in
1382 3248 1615 3318 aliquam
1657 3249 1939 3306 humanam
1974 3262 2025 3309 te

442 3332 676 3384 :cstimes
704 3333 901 3387 debere
931 3334 1152 3390 credere
1174 3348 1505 3394 creaturam:
1534 3355 1653 3394 cum
1675 3342 1895 3397 omnino
1924 3358 2024 3399 nec

444 3423 495 3472 in
525 3420 768 3488 angelum
801 3438 899 3477 nec
927 3424 977 3477 in
1009 3424 1389 3494 archangelum
1418 3428 1488 3482 sit
1512 3418 1861 3485 credendum.
1896 3431 2020 3488 Ilaec
2047 3442 2094 3506 ο

440 3512 584 3565 enim
611 3527 732 3581 quae
763 3513 813 3566 in
841 3514 1084 3584 symbolo
1117 3526 1234 3584 post
1258 3519 1426 3571 sancti
1463 3518 1691 3586 Spiritus
1722 3536 1914 3576 nomen
1938 3536 2023 3575 se-

439 3612 694 3671 quuntur,
725 3603 790 3657 ad
833 3605 1123 3660 clausulam
1166 3610 1393 3677 symboli
1433 3623 1634 3665 remota
1674 3614 1727 3665 in
1767 3615 2023 3683 ιιι-ωροδί-

441 3695 583 3748 tione
612 3694 971 3765 recipiuntur,
989 3709 1044 3751 ut
1084 3707 1321 3754 sanctam
1353 3701 1671 3768 Ecclesium,
1716 3716 2019 3761 sanctorum

440 3786 891 3854 communionem,
912 3789 1279 3845 remissionem
1310 3804 1677 3859 peccatorum,
1716 3797 1892 3851 carnis
1936 3813 2019 3852 re-

438 3877 846 3945 surrectionem,
878 3879 1041 3934 vitam
1076 3889 1331 3936 aeternam
1371 3884 1678 3939 credamus.
1721 3886 2019 3942 Credamus

437 3963 487 4021 in
521 3968 705 4031 Deum.
739 3968 790 4022 id
810 3978 892 4024 est
913 3978 974 4023 ut
999 3970 1111 4024 haec
1131 3985 1160 4024 a
1184 3970 1295 4026 Deo
1316 3974 1580 4041 deposita,
1604 3986 1656 4029 et
1684 3975 1738 4029 in
1763 3976 1871 4032 Deo
1891 3992 2022 4032 con-

435 4066 577 4111 stare
600 4060 878 4113 fateamur.
909 4059 1039 4114 Nam
1071 4061 1445 4116 nonnullorum
1478 4063 1769 4133 imperitia,
1800 4068 1850 4120 in
1878 4083 2015 4136 prte-

438 4148 755 4215 positionem
784 4149 939 4218 hanc,
966 4154 1109 4207 velut
1139 4152 1206 4208 de
1229 4156 1470 4223 proxima
1501 4157 1781 4228 vicinaque
1803 4172 2017 4216 senten-

437 4243 531 4305 tia,
561 4241 613 4295 in
637 4256 1051 4314 eonsequeutem
1083 4250 1240 4301 traxit
1263 4263 1326 4301 ac
1352 4251 1544 4319 rapuit,
1575 4262 1625 4306 et
1650 4268 1715 4307 ex
1747 4253 2018 4323 superﬂuo

437 4333 804 4402 imprudenter
832 4338 1102 4406 apposuit.
1132 4337 1187 4391 In
1221 4341 1381 4394 nullis
1414 4352 1591 4397 autem
1642 4347 1915 4400 canonicis
1951 4346 2018 4400 de

436 4423 630 4489 quibus
660 4426 887 4494 symboli
913 4437 1088 4482 textus
1119 4430 1315 4495 pendet
1335 4434 1660 4500 aciepimus,
1688 4438 1808 4503 quia
1842 4439 1891 4489 in
1917 4436 2018 4490 Ec-

436 4513 652 4567 clesium
678 4517 900 4570 credere
922 4523 1058 4573 sicut
1081 4520 1134 4573 in
1148 4520 1405 4591 Spiritum
1426 4536 1693 4593 sanctum,
1720 4527 2017 4596 [ﬁliumque

436 4607 745 4669 debeamus.
772 4608 836 4662 Et
863 4611 981 4663 ideo
997 4626 1116 4666 cum
1145 4613 1213 4667 ab
1236 4614 1338 4669 hoc
1362 4615 1562 4671 honore
1577 4628 1818 4671 creatura
1844 4620 2016 4675 omnis

437 4696 509 4751 sit
531 4698 726 4765 aliena,
759 4699 843 4754 hic
867 4701 916 4754 in
937 4718 1091 4771 quem
1116 4703 1336 4759 credere
1367 4706 1722 4774 praecipimur,
1750 4707 1891 4763 Deus
1911 4720 2014 4764 est.

432 4790 590 4854 Quod
616 4793 835 4847 verbum
861 4794 1155 4850 divinitatis
1180 4798 1483 4865 Specialiter
1518 4814 1620 4852 vox
1656 4800 1864 4855 Domini
1899 4803 2016 4856 Sai-
2042 4815 2097 4875 ι)

435 4882 636 4936 vatoris
662 4876 918 4953 assignat,
946 4889 1013 4941 ita
1039 4889 1224 4942 dicens
1249 4907 1260 4941 :
1286 4890 1485 4944 Credite
1507 4892 1561 4944 in
1591 4890 1775 4960 Deum,
1799 4905 1843 4946 et
1870 4894 2014 4949 inme

433 4970 634 5026 credite.
664 4973 728 5027 Et
750 4978 972 5029 iterum:
1003 4980 1101 5042 Qui
1127 4982 1284 5033 credit
1308 4983 1358 5035 in
1388 4998 1486 5047 me,
1519 4999 1621 5036 non
1647 4986 1809 5037 credit
1839 4986 1890 5038 in
1915 5003 2011 5053 me,

434 5063 522 5118 sed
548 5065 603 5117 in
622 5081 736 5118 eum
763 5068 847 5135 qui
872 5084 948 5120 me
971 5072 1104 5124 misit
1130 5071 1308 5141 (Joan.
1337 5090 1446 5143 xu,
1479 5077 1544 5129 IO
1574 5088 1617 5129 et
1648 5076 1761 5146 12).

1064 5184 1288 5239 CAPUT
1328 5187 1390 5240 II.

434 5270 690 5329 Clu-istim:
717 5289 747 5326 a
774 5273 974 5341 Spiritu
1002 5288 1177 5331 sancto
1206 5288 1375 5344 utpote
1397 5278 1529 5347 Deo,
1550 5299 1650 5335 non
1671 5285 1894 5354 genitum
1916 5284 2009 5337 sed

1097 5359 1337 5401 creatum.

501 5439 630 5492 Cum
663 5449 841 5495 autem
881 5440 1137 5495 catholica
1169 5442 1487 5497 conﬁteatur
1521 5441 1779 5509 Ecclesia,
1814 5460 2005 5500 conre-

428 5534 560 5594 ptus
579 5540 660 5583 est
683 5531 749 5584 de
769 5532 968 5602 Spiritu
996 5544 1201 5599 sancto,
1226 5536 1585 5605 interrogandi
1603 5546 1725 5589 sunt
1760 5537 1859 5591 hoc
1887 5538 2003 5592 loco

433 5620 793 5677 Hacedoniani
825 5636 999 5680 utrutn
1026 5627 1284 5691 Spiritum
1322 5637 1559 5683 sanetum
1590 5637 1890 5683 creatorem
1928 5644 1996 5682 an

2074 651 2116 707 Λ
2153 664 2356 715 patrem
2385 653 2651 711 aestiment
2692 657 3082 730 Redemptoris.
3122 663 3175 721 Si
3228 678 3433 737 patrem
3474 672 3612 729 forte
3639 693 3722 731 re-

2150 743 2485 835 sponderint,
2523 761 2644 803 cum
2685 748 2796 819 jam
2832 751 2885 806 in
2927 755 3186 827 principio
3212 762 3437 830 symboli
3470 766 3718 835 dixerint,

2144 832 2318 886 Credo
2348 834 2400 889 in
2432 837 2595 892 Deum
2619 841 2826 897 Patrem
2859 849 3307 918 omnipotentem,
3329 856 3463 912 duos
3484 876 3603 916 eum
3623 832 3718 917 ba;

2146 923 2274 979 bere
2300 936 2480 994 patres
2508 932 2901 991 eonl'usibiliter
2931 940 3253 998 fatebuntur.
3272 947 3326 1001 Si
3352 963 3481 1003 vero
3506 966 3717 1006 creato-

2148 1030 2260 1069 rem
2293 1029 2347 1071 ut
2373 1019 2534 1075 habet
2564 1024 2759 1080 veritas
2788 1033 3134 1101 asserueriut,
3168 1038 3248 1091 vel
3280 1044 3597 1099 necessitate
3625 1063 3719 1098 no-

2146 1108 2345 1161 hiscum
2372 1111 2735 1170 universitatis
2762 1117 2928 1173 Deum
2962 1127 3305 1193 pronuntiare
3343 1142 3615 1198 cogentur.
3654 1136 3717 1190 Et

2142 1196 2261 1252 ideo
2284 1216 2377 1266 per
2402 1201 2588 1260 Isaiam
2622 1209 2956 1279 prophetam,
2984 1216 3123 1269 velut
3155 1233 3248 1287 per
3271 1196 3449 1277 tubam
3476 1240 3625 1280 suam
3653 1244 3719 1282 ac

2140 1287 2207 1341 de
2235 1292 2432 1361 templo
2452 1307 2549 1348 suo
2579 1296 2828 1367 loquitur,
2851 1301 2975 1357 dum
3000 1304 3131 1360 duas
3153 1308 3203 1362 in
3231 1311 3444 1368 Christo
3469 1316 3719 1371 substan-

2142 1379 2239 1432 tias
2254 1384 2630 1454 prtesignaret:
2657 1389 2865 1456 Rorale,
2888 1396 3018 1461 cali,
3035 1398 3268 1467 desuper,
3292 1409 3339 1455 et
3362 1405 3515 1459 nubes
3537 1408 3716 1475 pluunt

2140 1471 2351 1536 iustum,
2379 1477 2637 1544 aperiatur
2659 1487 2793 1535 terra
2807 1492 2852 1536 et
2877 1488 3119 1553 germinet
3143 1490 3478 1559 Salvatorem,
3501 1471 3593 1566 ego
3612 1499 3715 1551 Do-

2138 1559 2302 1614 minus
2328 1568 2490 1617 creari
2517 1582 2628 1620 eum
2655 1568 2807 1641 (Isai.
2851 1574 2998 1643 xu).
3035 1578 3203 1634 Iiomo
3244 1599 3470 1654 namque
3509 1603 3717 1645 assum-

2140 1659 2261 1719 ptus
2280 1667 2344 1708 ex
2373 1655 2559 1723 Maria,
2585 1663 2825 1728 Operatio
2846 1667 3071 1734 Spiritus
3111 1675 3278 1730 sancti
3320 1676 3435 1743 fuit,
3464 1697 3566 1734 non
3587 1700 3712 1751 por-

2140 1741 2243 1805 tio;
2270 1759 2367 1801 nec
2387 1747 2455 1800 ab
2484 1762 2550 1803 eo
2575 1753 2806 1821 genitus,
2832 1759 2925 1811 sed
2953 1770 3182 1817 creatus.
3205 1764 3504 1839 Conceptus
3522 1741 3603 1826 esi
3628 1791 3712 1841 po-

2138 1835 2320 1901 tentia,
2380 1854 2484 1893 non
2524 1843 2854 1911 substantia;
2893 1853 3223 1921 operatione,
3272 1835 3398 1914 non-
3429 1835 3713 1934 participa-

2138 1928 2322 1989 tione;
2356 1928 2573 1994 virtute,
2606 1948 2706 1988 non
2733 1951 2950 2003 genere.

2753 2052 2979 2111 CAI’U'I‘
3012 2058 3098 2116 III.

2280 2133 2357 2187 De
2384 2136 2576 2191 unitate
2614 2142 2911 2199 testimoniis
2934 2150 3203 2203 asserenda
3241 2155 3566 2222 propheticis.

2208 2224 2483 2282 Catholica
2520 2230 2653 2286 fides
2684 2236 3016 2305 trigeminam
3054 2242 3385 2312 maiestatem
3428 2252 3526 2303 sub
3558 2255 3708 2305 utrius

2136 2314 2429 2373 divinitatis
2457 2323 2797 2380 confessione
2829 2340 3134 2386 veneratur.
3182 2336 3419 2404 Accipite
3448 2356 3605 2396 unam
3645 2360 3707 2397 ex

2135 2407 2300 2461 sacris
2324 2409 2679 2467 voluminibus
2694 2414 3045 2475 divinitatem.
3073 2424 3228 2489 Audi,
3251 2424 3447 2482 Israel:
3466 2430 3711 2486 Dominus

2135 2495 2272 2552 Deus
2321 2508 2457 2564 tuus,
2490 2501 2629 2557 Deus
2655 2522 2784 2560 unus
2824 2520 2896 2563 est
2931 2510 3107 2582 (Deut.
3156 2514 3230 2581 vt)
3266 2532 3279 2568 :
3316 2528 3387 2585 et,
3434 2520 3707 2576 Dominum

2136 2585 2301 2641 Deum
2322 2598 2466 2644 tuum
2494 2594 2732 2650 adorabis
2758 2608 2805 2651 et
2824 2598 2903 2652 illi
2920 2601 3019 2654 soli
3040 2605 3242 2670 servies,
3276 2606 3326 2660 in
3370 2611 3605 2677 psalmis,
3628 2615 3706 2685 [ι-

2132 2686 2268 2740 citns
2288 2687 2564 2753 mirabilia,
2593 2701 2645 2744 tu
2677 2707 2727 2747 es
2754 2692 2892 2747 Deus
2913 2697 3072 2751 solus.
3100 2697 3229 2754 Item
3255 2718 3267 2753 :
3300 2701 3375 2755 Tu
3398 2705 3537 2758 solus
3563 2709 3705 2760 altis-

2130 2775 2294 2830 simus
2319 2777 2375 2829 in
2400 2780 2538 2833 omni
2560 2793 2716 2837 terra.
2746 2781 2847 2838 Per
2889 2786 3075 2842 Isaiam
3097 2804 3309 2860 quoque
3337 2809 3350 2846 :
3379 2790 3515 2846 Deus
3538 2794 3704 2850 Israel

2130 2867 2219 2935 qni
2245 2868 2382 2922 sedet
2410 2887 2566 2941 super
2594 2871 2872 2941 Cherubin,
2896 2886 2949 2930 tu
2971 2893 3023 2932 es
3049 2877 3182 2934 Deus
3211 2882 3351 2935 solus
3374 2886 3598 2939 omnium
3628 2905 3705 2943 rc-

2128 2971 2343 3022 gnorum
2366 2969 2517 3015 terra:
2538 2961 2689 3031 (lsai.
2724 2964 2868 3034 ειν).
2896 2967 3022 3022 Item
3047 2990 3058 3021 .
3088 2969 3195 3039 Ego
3219 2971 3487 3037 Dominus,
3511 2977 3707 3046 primus

2130 3055 2179 3097 et
2213 3050 2510 3104 novissimus
2537 3068 2627 3123 ego
2651 3070 2761 3107 sum
2780 3054 2930 3125 (Isai.
2956 3059 3084 3129 xu).
3107 3059 3236 3114 Item
3262 3081 3273 3114 :
3303 3062 3412 3133 Ego
3435 3064 3705 3129 Dominus,

2128 3133 2224 3187 hoc
2249 3146 2322 3188 est
2346 3138 2530 3193 nomen
2564 3156 2762 3209 meum;
2802 3145 3019 3216 gloriam
3052 3164 3216 3203 meam
3254 3153 3401 3205 alteri
3444 3170 3543 3208 non
3572 3157 3705 3209 dabo

2130 3222 2287 3291 (Isai.
2314 3231 2463 3294 XLII).
2490 3228 2556 3284 Ut
2577 3245 2703 3287 vero
2720 3232 2821 3288 hoc
2844 3236 3204 3293 testimonium
3225 3241 3290 3295 ad
3313 3242 3580 3297 Christum
3607 3261 3701 3298 no-

2130 3316 2272 3371 veris
2292 3319 2584 3388 pertinere,
2608 3322 2656 3375 id
2680 3332 2762 3377 est
2784 3324 2984 3392 primus
3007 3337 3059 3383 et
3076 3330 3415 3395 novissimus,
3436 3335 3500 3386 de
3522 3350 3578 3388 se
3595 3336 3705 3390 alio

2128 3406 2247 3460 Ioco
2275 3407 2445 3463 dixit:
2482 3409 2591 3481 Ego
2620 3428 2732 3466 sum
2765 3408 3096 3484 principium,
3137 3421 3226 3489 qui
3263 3430 3309 3474 et
3355 3421 3534 3492 loquar
3565 3426 3703 3478 vobis

2122 3498 2302 3570 (Joan.
2339 3504 2476 3570 vm).
2518 3503 2647 3558 Item
2684 3525 2698 3559 :
2741 3508 2872 3561 Ante
2908 3526 2986 3564 me
3025 3528 3125 3565 non
3171 3514 3268 3582 fuit
3310 3514 3469 3581 Deus,
3503 3527 3548 3571 et
3589 3532 3700 3589 post

2122 3608 2203 3647 nte
2226 3610 2328 3647 non
2359 3597 2472 3651 erit.
2508 3595 2617 3667 Ego
2638 3614 2747 3651 sunt
2774 3598 3049 3668 Dominus,
3070 3616 3118 3656 et
3161 3622 3260 3659 non
3288 3618 3359 3660 est
3394 3608 3581 3678 absque
3623 3626 3706 3662 me

2124 3682 2362 3738 Salvator
2402 3684 2557 3755 (Isai.
2592 3687 2765 3757 XLIII).
2814 3690 2964 3755 Quod
3018 3696 3322 3762 specialiter
3362 3700 3585 3768 pertinet
3632 3702 3705 3755 ad

2120 3774 2389 3830 Christum
2437 3777 2653 3834 humani
2700 3782 2912 3849 generis
2959 3784 3309 3842 Salvatorem.
3362 3789 3489 3844 Item
3525 3808 3537 3842 :
3571 3792 3699 3845 llrec

2122 3867 2242 3919 dicit
2264 3866 2511 3923 Dominus
2532 3871 2815 3941 redemptor
2830 3882 2970 3940 tuus,
2989 3885 3035 3928 et
3050 3880 3297 3945 formator
3314 3890 3429 3934 tuus
3449 3897 3512 3934 ex
3534 3892 3695 3937 uterot

2122 3954 2232 4026 Ego
2261 3973 2371 4011 sum
2402 3957 2653 4014 Dominus
2676 3962 2869 4030 faciens
2897 3966 3087 4031 omnia,
3120 3971 3390 4023 extendens
3415 3972 3587 4037 oculos,
3616 3989 3700 4026 ως

2123 4048 2206 4102 ius
2245 4050 2510 4104 stabilirus
2547 4060 2756 4119 terram,
2795 4065 2842 4108 et
2882 4056 3054 4109 nullus
3090 4072 3284 4110 mecum
3317 4058 3472 4127 (Isai.
3508 4067 3699 4132 XLIV):

2120 4141 2258 4208 quod
2285 4142 2350 4195 ad
2373 4140 2552 4198 Jesum
2577 4145 2827 4213 pertinet,
2851 4158 2903 4201 et
2930 4147 3191 4204 faetorem
3215 4165 3279 4206 ae
3304 4153 3703 4223 redemptorem

2121 4233 2342 4302 preprie
2369 4235 2606 4303 respicit.
2649 4239 2721 4291 De
2750 4253 2866 4306 quo,
2893 4239 3217 4310 evangelista
3268 4256 3650 4299 commemorat
3676 4262 3699 4300 ;

2124 4327 2307 4381 Omnia
2334 4345 2426 4397 per
2460 4330 2627 4397 ipsum
2670 4333 2808 4401 facta
2852 4342 2991 4398 sunt,
3032 4344 3081 4386 et
3108 4337 3215 4389 sine
3254 4336 3364 4405 ipso
3402 4339 3591 4405 factum
3621 4348 3699 4391 est

2121 4417 2269 4472 nihil.
2299 4420 2427 4473 Item
2456 4437 2468 4471 :
2497 4419 2618 4474 Non
2647 4432 2721 4474 est
2750 4423 2885 4476 ultra
2916 4422 3052 4477 Deus
3081 4424 3269 4491 absque
3295 4441 3393 4489 me,
3422 4434 3473 4479 et
3511 4426 3697 4480 Salva-

2119 4521 2199 4564 tor
2228 4529 2330 4564 non
2352 4522 2427 4565 est
2454 4524 2636 4581 prteter
2660 4531 2736 4567 me
2763 4514 2915 4585 (lsai.
2948 4516 3093 4587 XLV).
3125 4518 3252 4572 Item
3282 4535 3295 4571 :
3336 4517 3446 4590 Ego
3477 4520 3689 4585 primus,

2118 4615 2166 4657 et
2192 4606 2516 4673 novissimus,
2544 4624 2724 4662 manus
2753 4625 2864 4663 mea
2904 4610 3137 4679 fundavit
3162 4620 3367 4675 terram,
3410 4625 3455 4667 et
3482 4614 3695 4667 dextera

2118 4713 2228 4751 mea
2255 4712 2427 4750 mensa
2467 4708 2539 4751 est
2570 4700 2719 4753 caelos
2765 4699 2917 4770 (Isai.
2951 4704 3156 4768 sunt).
3187 4702 3333 4758 Sicut
3360 4702 3513 4757 Jesus
3540 4704 3700 4759 Chri-

2122 4797 2233 4841 stus
2264 4788 2370 4842 alio
2414 4790 2532 4843 loco
2559 4789 2628 4845 de
2656 4803 2715 4845 se
2755 4791 3035 4847 evidenter
3063 4795 3255 4848 asserit
3292 4795 3476 4848 dicens
3513 4812 3526 4846 :
3580 4793 3691 4862 Ego

2117 4892 2230 4931 sunt
2259 4877 2425 4948 Alplm
2466 4889 2519 4932 et
2551 4880 2769 4951 Omega,
2798 4882 2996 4935 initium
3024 4893 3072 4935 et
3097 4884 3211 4948 ﬁnis
3237 4882 3419 4953 (Apoc.
3456 4884 3601 4951 XXI).
3636 4884 3689 4937 In

2120 4969 2203 5022 bis
2228 4971 2547 5025 testimoniis
2570 4954 2731 5026 etiam
2776 4973 3004 5042 Spiritus
3041 4984 3252 5027 sanctus
3281 4976 3606 5039 continetur,
3637 4979 3687 5029 iu

2117 5059 2309 5127 quibus
2340 5059 2410 5112 ita
2443 5060 2744 5116 conﬁtenda
2774 5073 2855 5118 est
2877 5066 3050 5118 omnis
3081 5063 3387 5119 substantia:
3419 5068 3610 5131 unitas,
3634 5076 3691 5122 ut

2116 5160 2168 5203 et
2215 5148 2266 5202 in
2325 5150 2403 5202 eis
2451 5152 2625 5207 inesse
2675 5153 2936 5208 credenda
2995 5156 3065 5208 sit
3118 5154 3279 5208 etiam
3338 5171 3686 5225 personarum

2117 5241 2362 5296 distincta
2396 5243 2706 5311 proprietas,
2739 5255 2794 5297 et
2829 5244 3050 5298 indivisa
3084 5246 3379 5314 pluralitas.

2720 5354 2941 5411 CAPUT
2979 5357 3067 5412 IV.

2109 5466 2186 5519 De
2212 5465 2461 5520 Trinitate
2498 5470 2574 5521 vel
2626 5468 2857 5521 liberales
2892 5471 3043 5540 etiam
3090 5472 3387 5540 disciplinas
3424 5470 3485 5524 de
3524 5471 3693 5524 tribus

2630 5542 2874 5592 transisse
2901 5539 3164 5597 Persmtis.

2174 5629 2306 5684 Cum
2344 5630 2518 5699 itaque
2550 5628 2713 5686 γριὺὶ
2747 5648 2907 5688 unam
2950 5634 3362 5693 monstravimus
3400 5633 3685 5703 deitatem,
