4040 6184
338 338 400 394 15
1504 325 1582 384 DF.
1621 319 1884 382 SPJilTU

2026 320 2192 380 NCTO
2231 317 2357 378 fall.
2404 318 2443 376 Ι.
3536 324 3598 385 η

337 454 431 505 tria
457 465 597 503 nunc
626 448 678 502 in
705 464 809 502 una
836 447 1039 502 Deitate
1069 446 1378 506 doceamus,
1410 443 1507 495 tria
1552 443 1766 494 nomina
1810 454 1915 491 non
1949 443 1993 496 Λ
2027 438 2283 505 singulari
2318 436 2519 504 plurale
2539 435 2843 503 νοητή-ρει,
2876 452 2980 489 non
3014 436 3136 489 dii-it
3168 438 3232 491 ad
3266 439 3525 507 imagines
3546 453 3601 496 et

336 546 428 598 tria
457 559 647 610 regna;
670 552 783 594 tres
801 538 1207 608 appellationes,
1236 537 1326 588 sed
1353 550 1453 587 non
1478 544 1585 586 tres
1606 541 1914 601 ptitestates;

337 646 443 688 tres
475 637 792 703 hypostases
839 630 920 684 vel
960 626 1351 691 subsistentias,
1390 624 1484 679 sed
1511 640 1619 677 non
1650 633 1761 675 tres
1788 622 1917 676 sub-

333 722 581 779 stantias.
600 718 949 773 Manifestum
968 723 1048 770 est
1062 714 1224 770 etiam
1244 713 1557 766 smcularcm
1576 707 1909 764 intellexisse

335 807 946 883 sapientiam,omnium
965 803 1365 860 multitudinem
1385 801 1750 862 saecularium,
1767 800 1910 853 intra

337 905 504 958 trium
558 915 923 971 personarum
957 898 1269 953 conclusam
1298 909 1418 949 esse
1460 894 1748 948 rationem.
1779 891 1910 955 Ome

339 1005 465 1050 sunt
498 997 616 1049 ista:
647 993 807 1048 tres?
832 992 887 1045 ld
924 1003 1006 1045 est
1028 1011 1041 1045 :
1066 993 1197 1070 Ego,
1222 988 1324 1054 Tn,
1355 983 1470 1042 ille.
1501 981 1662 1056 Ergo,
1695 995 1752 1039 ut
1775 983 1912 1038 disia-

341 1104 485 1151 mus,
510 1096 619 1140 tres
639 1096 850 1139 tantum
875 1086 929 1138 in
949 1085 1115 1139 rebus
1140 1100 1261 1137 esse
1287 1096 1565 1153 personas.
1586 1080 1753 1135 etiam
1780 1075 1916 1130 libe-

343 1180 477 1233 ralia
508 1177 773 1232 studiade
815 1177 1196 1246 spiritualibus
1218 1176 1525 1246 disciplinis
1553 1176 1913 1231 instructione

344 1278 592 1325 mutuata
624 1276 938 1331 senserunt,
967 1267 1157 1335 eisque
1192 1267 1474 1320 evidenter
1504 1266 1777 1335 apparuit,
1816 1281 1916 1321 nec

345 1364 642 1417 secundam
667 1375 955 1431 personam
982 1358 1297 1413 satisfacere
1316 1356 1640 1427 pcrfcctioni
1688 1371 1789 1411 nec
1812 1364 1921 1411 ter~

347 1457 475 1508 tiam
512 1469 672 1524 posse
707 1450 1040 1516 transcendi,
1067 1450 1195 1521 quia
1213 1448 1531 1503 dualltatem
1562 1447 1912 1517 semiplenam

346 1564 464 1603 esse
497 1547 563 1600 ad
599 1545 825 1600 tertium
849 1558 1138 1598 numerum
1166 1542 1398 1598 tendens
1419 1540 1597 1612 arguit
1615 1541 1924 1612 plenitudo-

349 1639 773 1708 quaternitatcm
806 1652 941 1690 vero
973 1634 1183 1704 respuit
1211 1636 1266 1689 in
1309 1635 1487 1689 tribus
1543 1644 1919 1689 consummata

350 1730 635 1797 perfectio.
657 1728 753 1781 llis
765 1743 896 1797 ergo
913 1727 1017 1781 levi
1035 1725 1550 1781 commemoratione
1565 1724 1921 1788 transmissis,

2027 528 2404 581 similitudines
2433 536 2662 591 nostras,
2682 532 2764 582 vel
2795 537 2943 581 certe
2968 529 3033 580 ad
3070 529 3422 598 imaginemet
3453 533 3601 585 simis

2029 618 2307 674 litudinem
2338 634 2532 683 meam,
2583 620 2844 673 unitatem
2891 622 3281 689 singularitate,
3310 623 3603 677 trinitate...

2030 716 2333 785 pluralitate
2358 718 2716 771 commendat.
2752 717 2934 787 Itaque
2964 719 3014 772 in
3054 735 3120 772 eo
3149 721 3269 788 quia
3297 721 3424 774 dicit
3449 740 3462 774 :
3501 721 3607 774 [δα-

2026 811 2219 863 ciamus
2256 809 2510 863 hominem
2564 813 2630 864 ad
2660 813 2931 880 imaginem
2961 824 3202 877 nostram,
3256 826 3601 881 personarum

2029 918 2282 956 numerus
2305 904 2623 972 explicatur,
2655 904 2708 957 in
2732 920 2797 959 eo
2823 904 2945 974 quia
2973 906 3315 975 singulariter
3358 907 3422 959 ad
3460 910 3599 960 ima-

2027 996 2206 1062 ginem
2237 1004 2289 1049 et
2318 994 2745 1060 similitudinem,
2772 996 2824 1048 in
2856 1008 3013 1049 unam
3038 996 3388 1050 substantiam
3414 998 3605 1050 divini.

2031 1095 2111 1139 tas
2140 1086 2364 1139 indivisa
2389 1087 2676 1156 colligitur.
2703 1087 2833 1141 Cum
2858 1088 3084 1140 Abraha:
3116 1089 3168 1141 in
3197 1091 3332 1143 osti..
3355 1090 3604 1145 taberna-

2028 1176 2131 1230 culi
2163 1178 2492 1246 apparuisset
2531 1180 2669 1231 Dens
2720 1176 2874 1245 (Gen.
2907 1180 3077 1247 xvni),
3125 1191 3180 1234 et
3228 1196 3292 1235 ex
3344 1197 3451 1235 uno
3496 1194 3605 1235 tres

2028 1269 2145 1337 ejus
2174 1283 2233 1323 se
2259 1269 2428 1322 oculis
2455 1270 2768 1323 mirabiliter
2795 1268 3137 1337 obtulissent,
3168 1271 3220 1325 in
3246 1273 3414 1325 tribus
3444 1289 3607 1325 unum

2028 1360 2275 1413 conscius
2331 1358 2626 1426 maiestatis
2683 1360 2945 1413 adoravit.
3006 1360 3061 1414 In
3136 1361 3342 1430 psalmo
3398 1372 3609 1432 quoque

2030 1449 2272 1503 absolute
2298 1451 2541 1517 personis
2570 1452 2682 1502 suis
2718 1450 2894 1503 unitas
2916 1450 3227 1520 designatur
3258 1470 3272 1507 :
3316 1452 3400 1507 Ne
3450 1456 3611 1525 projia

2028 1542 2134 1594 cias
2156 1557 2253 1606 me,
2282 1541 2473 1610 inquit,
2497 1558 2528 1593 a
2559 1543 2690 1611 facie
2710 1551 2820 1608 tua,
2847 1552 2895 1596 ct
2939 1543 3188 1608 Spizilum
3217 1558 3445 1599 sanctum
3470 1553 3611 1601 muni

2028 1647 2090 1685 ne
2132 1634 2335 1700 auferas
2366 1651 2396 1683 a
2418 1649 2496 1684 me
2523 1631 2693 1700 (Psal.
2729 1633 2802 1701 ι).
2835 1633 2999 1688 Filius
3026 1635 3165 1690 sicut
3197 1636 3372 1705 imago
3416 1639 3609 1701 Patris.

2029 1722 2102 1776 ita
2159 1731 2212 1777 et
2253 1723 2414 1777 facies
2472 1722 2645 1777 Patr's
2696 1725 2977 1792 accipitur.
3035 1726 3101 1779 Et
3153 1727 3274 1782 ideo
3329 1729 3605 1797 legimus:

350 1823 526 1890 magis
560 1821 731 1875 sacris
760 1819 1088 1873 testimoniis
1117 1833 1443 1877 asseramus.
1488 1809 1809 1871 Trinitatem
1866 1816 1919 1870 in

2034 1812 2299 1881 Philippe,
2324 1814 2409 1875 qui
2434 1813 2566 1867 videt
2597 1831 2693 1882 me,
2716 1816 2845 1868 ridet
2869 1826 2914 1868 et
2940 1815 3147 1869 Patrem
3166 1816 3344 1889 (Joan.
3378 1822 3511 1890 xw).
3550 1822 3612 1875 Et

355 1916 567 1968 unitate
591 1914 894 1967 mutatione
925 1912 1245 1967 subsistere.
1269 1910 1375 1965 Sed
1418 1910 1556 1964 dicis
1588 1910 1759 1976 :Quid
1788 1909 1922 1965 mihi

354 2007 568 2077 profers
592 2004 819 2059 unitatis
832 2020 893 2057 ac
916 2004 1202 2058 Trinitatis
1222 2001 1408 2065 verba,
1440 2018 1561 2071 qua:
1586 2003 1637 2055 in
1658 2003 1922 2055 canonica

355 2100 594 2153 lcctione
626 2112 736 2151 non
778 2092 1040 2152 invenis?
1071 2095 1184 2153 Non
1206 2095 1427 2158 mirum,
1449 2095 1491 2147 si
1521 2094 1566 2147 is
1590 2093 1682 2163 qui
1712 2091 1921 2161 ingredi

350 2195 456 2232 non
480 2190 718 2233 meretur
746 2175 1036 2245 penetralia
1071 2176 1279 2237 sanitis,
1322 2185 1624 2243 expavescu
1650 2192 1712 2229 ac
1743 2178 1932 2243 refugit

348 2274 507 2326 etiam
548 2272 909 2326 testimonium
950 2272 1209 2325 veritatis.
1250 2270 1389 2337 Quid
1420 2271 1562 2324 enim
1608 2280 1712 2324 tant
1746 2272 1933 2340 proxi-

350 2380 517 2426 mum,
550 2373 653 2415 tam
679 2362 944 2427 naturale,
979 2370 1083 2415 tam
1119 2361 1417 2430 proprium,
1447 2378 1605 2431 quant
1645 2362 1785 2417 utde
1826 2378 1932 2416 uno

354 2460 548 2522 unitas,
574 2457 643 2511 de
672 2458 843 2509 tribus
863 2455 1119 2520 Trinitas,
1151 2455 1430 2508 catholicis
1474 2456 1700 2523 primum
1728 2456 1932 2510 dilfini-

351 2549 582 2601 tionibus
628 2545 1004 2617 nuncupetur?
1038 2546 1151 2600 Non
1193 2560 1257 2600 ex
1309 2560 1368 2599 se
1422 2544 1755 2601 discutienda
1807 2558 1932 2601 sunt

348 2642 513 2693 verba
542 2658 660 2709 qnze
690 2641 757 2694 de
785 2640 1208 2710 praecedentibus
1233 2640 1486 2707 pendent,
1518 2654 1615 2694 nec
1645 2655 1775 2695 sane
1803 2656 1933 2695 cona

346 2746 579 2801 seque.s
603 2744 686 2786 est
716 2744 771 2786 ut
812 2733 1090 2802 peregrina
1124 2732 1450 2798 iudicentur,
1484 2745 1605 2802 quas
1639 2749 1703 2787 ex
1743 2749 1850 2788 uno
1878 2746 1933 2790 et

347 2826 543 2891 tribus,
570 2826 620 2878 id
645 2827 807 2880 estde
837 2825 1103 2881 manifesti
1124 2825 1332 2879 exordii
1358 2830 1681 2896 proprietate
1703 2843 1932 2883 nascun-

346 2927 452 2971 tur.
482 2918 721 2971 Adverte
750 2918 869 2985 quia
904 2933 1008 2971 non
1036 2927 1118 2971 est
1149 2919 1565 2987 praesumptivus
1596 2929 1817 2990 uterque
1845 2919 1932 2975 hic

342 3022 548 3071 sermo,
581 3011 675 3062 sed
706 3010 1051 3065 derivativus.
1075 3013 1204 3077 Qua:
1227 3012 1481 3066 voeabula
1504 3027 1532 3065 a
1563 3022 1804 3083 tempore
1826 3014 1933 3082 pri-

344 3100 544 3153 tnitiva:
574 3101 826 3155 Ecclesia:
856 3099 1143 3172 antiquitas
1169 3102 1395 3171 invenit,
1421 3103 1714 3160 auctoritas
1744 3113 1926 3175 protu-

345 3190 428 3255 lit,
459 3203 589 3244 :t-tas
615 3194 768 3263 longa
800 3194 1051 3248 firmavit.

970 3304 1194 3364 CAPUT
1238 3308 1297 3362 ν.

418 3424 552 3483 Dum
575 3433 730 3502 facies
758 3424 952 3497 Patris,
976 3430 1145 3487 Filius
1173 3434 1391 3516 dicitur,
1422 3432 1571 3486 Patri
1596 3445 1851 3504 (equa-vus

976 3514 1292 3573 agnoscitur.

414 3605 639 3671 Suscipe
660 3605 729 3660 de
753 3606 919 3659 sacris
939 3605 1301 3660 voluminibus
1323 3606 1662 3661 Trinitatem.
1697 3605 1761 3659 In
1783 3608 1925 3677 prin-

338 3696 476 3764 cipio
504 3696 622 3766 fecit
656 3695 791 3748 Deus
813 3699 993 3748 cretum
1020 3707 1065 3749 et
1093 3706 1303 3759 terram,
1331 3708 1376 3750 et
1408 3697 1636 3763 Spiritus
1684 3697 1775 3749 Dei
1793 3699 1924 3766 fers-

337 3790 486 3841 batur
513 3804 668 3857 super
692 3804 848 3856 aquas
879 3788 1031 3857 (Gen.
1066 3787 1126 3855 ι).
1180 3788 1338 3842 Pater
1373 3799 1579 3850 auctor,
1626 3801 1920 3856 ωψιςυνιιιιι

338 3882 683 3949 principium,
718 3881 1033 3949 superfusus
1054 3880 1207 3950 aquis
1234 3881 1465 3949 Spiritus
1492 3891 1723 3934 sanctus.
1752 3881 1923 3950 Super

340 3988 512 4038 aquas
544 3974 719 4039 itaque
749 3972 1071 4025 dominantis
1101 3971 1388 4026 eminentia
1446 3970 1716 4025 ferebatur
1742 3987 1757 4035 ;
1809 3971 1919 4039 jam

337 4078 492 4131 tunc,
520 4066 705 4133 credo,
730 4065 974 4133 baptismi
1019 4079 1237 4118 munera
1269 4063 1521 4133 figurans.
1573 4064 1626 4116 In
1666 4063 1914 4117 faciendo

330 4177 549 4231 quoque
574 4161 812 4224 homine,
858 4174 963 4212 non
992 4157 1170 4223 unius,
1224 4156 1321 4211 sed
1359 4157 1518 4211 trium
1570 4169 1919 4225 personarum

329 4270 471 4318 opus
524 4268 648 4307 esse
695 4253 1028 4306 demonstrat
1069 4251 1206 4304 trina
1265 4250 1511 4317 repetitio
1563 4250 1798 4304 deitatis.
1845 4250 1918 4303 Ita

326 4346 475 4397 enim
512 4345 742 4411 legimus
772 4359 785 4394 :
819 4341 886 4396 Et
908 4342 1037 4394 dixit
1066 4341 1200 4395 Deus
1224 4355 1244 4396 :
1270 4339 1549 4395 Faciamus
1572 4342 1825 4395 Itomincm
1849 4342 1919 4395 ad

326 4437 609 4505 imaginem
652 4442 697 4487 et
737 4434 1119 4487 similitudinem
1156 4444 1397 4487 nostram.
1432 4431 1662 4486 Adverte
1706 4442 1920 4487 senten-

2033 1907 2224 1961 iterum
2257 1924 2270 1960 :
2298 1908 2409 1971 Quo
2436 1908 2518 1961 ibo
2556 1926 2588 1961 α
2617 1908 2814 1977 Spiritu
2842 1920 2947 1973 tuo,
2975 1921 3021 1963 et
3049 1924 3151 1980 quo
3179 1928 3211 1964 a
3257 1912 3388 1982 facie
3414 1923 3503 1966 tua
3534 1916 3613 1984 fm-

2032 1997 2214 2068 giam?
2242 1998 2477 2053 Adverte
2523 2000 2575 2053 in
2606 1999 2708 2053 fide
2734 1999 2982 2068 perfecta:
3022 2000 3379 2056 confessionis
3422 2016 3613 2073 mystc-

2034 2103 2171 2141 rium
2197 2087 2491 2143 Trinitatis.
2520 2089 2785 2157 Propheta
2808 2090 2871 2141 ad
2896 2090 3106 2143 Patrem
3137 2091 3394 2161 loquizur,
3425 2093 3612 2147 facii-ni

2035 2179 2207 2236 Patris
2240 2180 2430 2235 Filium
2463 2182 2639 2237 Patris
2670 2182 2970 2252 profitetur,
3004 2198 3211 2238 necnon
3238 2183 3487 2238 diffusum
3522 2203 3611 2255 p.-r

2036 2274 2216 2327 omnia
2280 2274 2536 2343 Spiritum
2589 2283 2831 2328 sanctum
2890 2276 3188 2343 profitetur.
3240 2276 3314 2331 De
3359 2277 3492 2331 Filio
3538 2283 3601 2330 ad

2036 2361 2267 2434 Mnysem
2298 2368 2456 2418 ctiam
2487 2365 2722 2434 loquitur
2746 2364 3022 2429 Dominus,
3057 2365 3212 2435 facies
3234 2383 3345 2418 mea
3368 2370 3613 2436 pracedcl

2037 2454 2296 2524 te(li.rod.
2324 2456 2536 2526 xum).
2563 2454 2715 2523 Quod
2769 2472 2985 2520 nomen,
3020 2456 3070 2509 id
3125 2466 3206 2510 est
3246 2457 3429 2521 facies,
3460 2467 3512 2512 et
3548 2462 3612 2511 ad

2036 2545 2256 2599 unitatis
2280 2546 2650 2611 Substantiam,
2681 2555 2735 2600 et
2766 2547 2829 2598 ad
2854 2545 3209 2601 :‘rternitatcm
3242 2549 3474 2616 pertinet
3504 2564 3615 2601 nia-

2034 2635 2261 2703 jcstatis.
2291 2635 2442 2703 Quod
2464 2646 2641 2691 autem
2672 2637 2932 2690 minorem
2950 2646 3156 2704 putant,
3180 2637 3302 2704 quia
3327 2647 3482 2691 natus
3507 2649 3611 2702 est,

2034 2726 2162 2794 quid
2193 2735 2276 2778 est
2311 2727 2474 2779 Deum
2504 2725 2572 2779 de
2596 2726 2705 2779 Deo
2750 2738 2870 2779 esse
2903 2735 3105 2787 natum,
3132 2724 3231 2777 nisi
3263 2740 3326 2778 ex
3379 2725 3490 2779 Deo
3518 2742 3613 2781 naa

2038 2817 2281 2870 turaliter
2303 2815 2623 2871 exstitisse?
2648 2816 2754 2871 Sed
2788 2815 2921 2869 dicis
2945 2826 2960 2869 ε
2995 2816 3048 2870 Si
3079 2830 3143 2870 ex
3195 2817 3283 2870 illo
3306 2828 3407 2884 est;
3431 2819 3615 2887 jnniur

2034 2916 2139 2959 est.
2173 2907 2309 2960 Ecce
2338 2906 2615 2961 brachium
2644 2922 2707 2959 ex
2734 2920 2981 2975 corpore,
3006 2917 3056 2960 et
3080 2906 3242 2961 facies
3268 2908 3335 2963 de
3386 2924 3615 2979 eurporc

2035 3011 2134 3049 suo
2168 2997 2425 3065 nascitur,
2465 3012 2565 3053 nec
2589 3007 2765 3051 tamen
2796 2996 2983 3050 faciem
3008 2997 3271 3051 minorem
3316 3000 3492 3070 capite
3518 3018 3614 3056 sua

2037 3087 2118 3138 \‘cl
2151 3086 2427 3141 brachium
2456 3100 2685 3155 corpore
2712 3100 2809 3140 suo
2826 3097 3039 3140 cnustat
3090 3102 3211 3142 esse
3242 3091 3528 3156 posterius.
3554 3092 3612 3148 Si

1955 3183 2002 3247 ς
2036 3192 2162 3244 ergo
2206 3176 2372 3229 ullum
2401 3186 2561 3245 caput
2584 3175 2855 3244 antiquius
2886 3190 3115 3245 unquam
3146 3178 3264 3242 fuit,
3295 3189 3420 3232 tunc
3460 3194 3612 3234 asse-

2037 3285 2154 3324 rete
2179 3285 2440 3338 pracsume
2468 3270 2818 3339 antiqniOrem
2866 3284 2986 3323 esse
3018 3268 3227 3324 Patrem
3275 3270 3343 3324 ab
3384 3272 3612 3341 imagine

2032 3375 2148 3422 sua,
2180 3374 2296 3429 qua:
2314 3361 2364 3415 in
2388 3360 2585 3413 Christi
2610 3356 2840 3427 perfecta
2867 3358 3215 3413 similitudine
3236 3370 3288 3413 et
3311 3363 3613 3428 mqnalitate

2032 3451 2299 3504 consistit.
2347 3450 2416 3502 Ita
2463 3463 2591 3515 ergo
2639 3449 2810 3500 nescit
2867 3447 3035 3501 Fidus
3084 3448 3167 3502 vel
3212 3459 3473 3517 potestate
3521 3454 3609 3507 vel

2030 3552 2273 3609 tempore
2301 3558 2328 3594 a
2362 3541 2514 3594 Patre
2562 3539 2817 3604 discerni,
2866 3538 3008 3590 sicut
3035 3536 3193 3591 facies
3222 3553 3249 3591 a
3308 3540 3482 3607 capite
3525 3555 3611 3593 sc—

2030 3633 2243 3704 parari,
2296 3633 2374 3684 vil
2443 3632 2614 3700 capite
2678 3644 2777 3685 suo
2832 3643 3163 3699 nequaquam
3213 3639 3387 3699 potest.
3427 3629 3609 3701 jnniol‘

2027 3723 2267 3780 inveniri.

2637 3788 2865 3844 CAPUT
2893 3789 2975 3842 Vl.

2137 3883 2390 3950 Spiritum
2422 3880 2616 3947 Patris,
2645 3884 2809 3950 ipsum
2835 3897 2942 3935 esse
2969 3880 3218 3950 Spiritum
3247 3890 3498 3935 sanctum.

2097 3998 2202 4055 Sed
2233 3997 2366 4050 dicis
2393 4014 2404 4048 :
2438 3994 2672 4050 Ostende
2702 3994 2829 4048 milii
2853 3994 2990 4062 quod
3023 3995 3073 4046 in
3104 4008 3198 4046 sua
3228 3995 3457 4047 essentia
3478 3994 3605 4048 sub-

2025 4090 2178 4143 sistat
2203 4086 2434 4151 S,.irnus
2457 4093 2691 4138 sanctus.
2726 4084 3039 4151 Ubicunque
3072 4083 3152 4134 vel
3184 4082 3429 4151 quotiens
3461 4082 3600 4151 lego,

2025 4190 2117 4235 aut
2146 4178 2401 4245 Spiritum
2435 4175 2625 4238 Patris,
2659 4182 2750 4226 aut
2782 4172 3035 4241 Spiritum
3068 4184 3269 4236 meum,
3300 4179 3392 4225 aut
3429 4171 3601 4240 Spiria

2027 4280 2135 4323 tum
2168 4269 2257 4321 Dei
2291 4284 2303 4319 :
2339 4265 2511 4328 video,
2546 4264 2742 4331 inquis.
2776 4276 2879 4315 non
2909 4260 2973 4314 ad
2995 4260 3225 4329 Spiritus
3255 4262 3449 4326 sancti,
3505 4266 3599 4318 sed

2024 4361 2088 4413 ad
2122 4356 2298 4412 Patris
2330 4352 2663 4409 referendam
2690 4366 2810 4407 esse
2841 4362 3142 4421 personam.
3198 4352 3433 4408 Primum
3481 4354 3603 4409 huic

2025 4447 2409 4516 blaSphcmiam
2435 4460 2547 4498 sua:
2594 4443 2881 4511 impietatis
2912 4445 3270 4511 accumulant,
3302 4460 3424 4500 cum
3468 4447 3601 4501 alte-x

328 4531 459 4579 tiam
488 4530 544 4579 in
575 4526 941 4594 propositione
968 4525 1289 4592 simplicem,
1323 4524 1375 4577 in
1400 4524 1749 4591 responsione
1781 4524 1918 4577 mul-

2027 4549 2230 4594 rutrum
2259 4536 2459 4599 dicant,
2482 4534 2737 4602 Spiritum
2761 4542 3004 4587 sanctum
3045 4534 3133 4587 Dei
3163 4543 3254 4588 aut
3277 4546 3600 4597 creaturam,

328 4618 594 4683 tiplicem.
633 4617 694 4670 Et
718 4617 846 4670 dixit
878 4615 1046 4679 Deus,
1076 4617 1326 4687 faciamus
1353 4616 1627 4668 hominem.
1675 4615 1811 4681 Quid
1836 4626 1921 4670 est

324 4711 498 4773 aiiud,
534 4709 634 4762 nisi
662 4709 783 4777 quia
810 4707 1103 4762 substantia
1130 4707 1347 4759 unitatis
1369 4707 1617 4774 loquitur,
1648 4717 1700 4759 et
1729 4712 1919 4774 poten-

325 4805 404 4853 tia
434 4802 714 4855 Trinitatis
734 4802 1011 4870 operatur?
1041 4800 1292 4869 Perspice
1324 4800 1594 4867 quiomodo
1628 4799 1763 4884 trin‘a
1799 4799 1917 4854 vico

322 4910 529 4946 nomen
559 4895 653 4947 Dei
698 4896 749 4947 in
801 4895 1076 4947 creatione
1122 4894 1355 4946 hominis
1408 4901 1767 4961 nuncupatur.
1825 4891 1914 4946 Sic

318 4986 474 5037 enim
524 4986 780 5038 habemus
821 4984 873 5038 in
921 4982 1143 5038 Genesi:
1177 4983 1243 5036 Et
1273 4984 1401 5037 dixit
1451 4982 1611 5049 Deus,
1665 4984 1914 5052 faciamus

315 5076 606 5128 hominem.
641 5079 703 5129 Et
736 5082 923 5130 iterum
956 5095 968 5128 :
1001 5077 1196 5130 Creavit
1240 5076 1378 5130 Deus
1414 5076 1689 5131 hominem.
1714 5076 1780 5130 Et
1801 5086 1911 5129 ter-

313 5167 401 5219 tio
437 5185 450 5218 :
487 5166 753 5221 Benedixit
774 5170 819 5221 ei
844 5168 1002 5222 Deus.
1038 5168 1177 5221 Dixit
1209 5168 1371 5230 Deus,
1398 5166 1523 5221 fecit
1563 5168 1724 5231 Deus,
1752 5172 1912 5223 liene-

310 5263 465 5315 rtixit
487 5262 651 5315 Dens.
684 5263 906 5332 Pr0pter
950 5274 1059 5316 tres
1108 5277 1389 5331 personas,
1423 5272 1502 5315 ter
1532 5261 1759 5317 iteratur
1807 5278 1909 5317 una

308 5361 603 5415 divinitas.
637 5366 752 5423 Quo
781 5362 895 5412 loco
917 5359 1202 5413 evidenter
1256 5358 1567 5426 mysterium
1601 5359 1761 5412 etiam
1791 5357 1910 5411 Tri-

307 5457 507 5508 ntatis
534 5451 797 5517 in'ellige.
836 5450 968 5504 Ecce
998 5450 1172 5518 imago
1217 5450 1308 5502 Dei
1349 5457 1403 5502 et
1441 5448 1732 5502 similitudo
1791 5448 1909 5501 uui-

302 5548 518 5613 cuique
549 5543 755 5598 homini
795 5559 825 5597 a
856 5542 1026 5596 tribus
1078 5543 1256 5608 datur,
1309 5551 1363 5595 et
1413 5555 1587 5595 tamen
1639 5557 1741 5595 una
1788 5556 1908 5595 esse

298 5638 677 5708 dignoscitur.
702 5636 843 5688 Dixit
872 5635 1027 5701 Deus,
1057 5620 1324 5705 faciamus.
1345 5635 1636 5703 Diligenter
1665 5636 1903 5699 attende,

296 5733 453 5785 dum
485 5742 621 5782 unus
648 5728 796 5792 dicit,
824 5738 877 5782 et
932 5743 1037 5782 non
1066 5742 1198 5783 unus
1244 5726 1389 5794 facit,
1417 5727 1649 5805 dumque
1700 5728 1900 5782 iterum

2025 4637 2117 4681 aut
2144 4635 2291 4683 certe
2318 4628 2489 4696 ipsum
2518 4623 2728 4677 Patrem
2770 4636 2890 4676 esse
2916 4621 3266 4677 credendum.
3302 4625 3488 4679 Merito
3509 4622 3601 4692 qui

2027 4722 2283 4791 Spiritum
2322 4726 2567 4773 sanctum
2605 4731 2710 4769 non
2740 4714 3045 4779 confitetur,
3078 4728 3247 4785 usque
3289 4718 3353 4770 ad
3408 4728 3594 4771 contu-

2026 4815 2235 4868 meliam
2265 4811 2437 4867 Patris
2465 4808 2681 4863 confusa
2725 4816 2904 4860 mente
2943 4804 3262 4860 devolvitur.
3321 4804 3512 4874 Utique
3557 4809 3600 4859 si

2022 4904 2250 4969 factura,
2283 4903 2346 4953 ad
2374 4902 2546 4955 Patris
2577 4917 2681 4953 non
2710 4907 2885 4969 potest
2913 4901 3181 4968 pertinere
3227 4899 3597 4954 substantiam.

2021 4996 2076 5051 Si
2110 5010 2234 5048 vero
2280 5009 2400 5047 eum
2445 5005 2716 5059 paternam
2769 5000 2919 5059 putas
2948 5005 3070 5045 esse
3108 4995 3418 5059 potent‘am,
3468 5008 3598 5060 qun-

2018 5092 2178 5139 tumlo
2210 5101 2330 5139 eum
2362 5099 2530 5151 usque
2553 5082 2618 5137 ad
2652 5084 2870 5136 factura:
2898 5081 3181 5135 humiliare
3212 5082 3487 5150 priesumis
3519 5082 3597 5131 in-

2012 5178 2246 5246 iuriam?
2282 5175 2386 5229 Nos
2438 5190 2566 5228 Vero
2599 5173 2854 5242 Spiraum
2883 5173 2972 5227 Dei
3025 5188 3128 5226 non
3179 5172 3246 5226 de
3280 5172 3436 5225 Patre
3464 5170 3590 5233 dici,

2016 5270 2109 5323 scd
2144 5268 2355 5337 proprie
2379 5270 2444 5320 dc
2460 5268 2661 5333 Spiritu
2686 5275 2869 5318 sancto
2900 5265 3238 5319 evidentibus
3277 5261 3594 5315 testimoniis

2016 5360 2523 5415 demonstrabimus.
2553 5359 2800 5427 Legimus
2823 5358 2873 5411 in
2907 5357 3037 5410 Isaia
3093 5371 3256 5423 super
3306 5353 3591 5408 Dominum

2014 5449 2197 5504 Jesum
2216 5450 2561 5504 descendisse
2575 5449 2826 5517 Spiritum
2841 5457 3082 5501 sanctum
3106 5443 3330 5507 Domini,
3355 5447 3590 5516 spiritum

2012 5540 2277 5607 sapientia?
2307 5548 2353 5593 et
2376 5538 2678 5603 ἕψεαι-ιω,
2708 5538 2940 5605 spiritum
2958 5533 3156 5586 consilii
3184 5542 3231 5585 et
3256 5534 3591 5602 fortitudinis,

2010 5633 2245 5693 spiritum
2267 5634 2492 5687 scicntia:
2538 5643 2585 5683 ct
2611 5631 2811 5699 pietatis
2842 5626 2994 5695 (Isai.
3028 5634 3121 5692 st).
3160 5625 3231 5679 [ale
3285 5628 3386 5681 huc
3418 5628 3595 5694 itaque

2009 5724 2195 5793 spiritu
2229 5725 2460 5790 Domini,
2483 5721 2573 5793 qui
2620 5734 2779 5791 supra
2812 5720 3146 5774 Salvatorem
3179 5735 3332 5774 sacro
3362 5721 3587 5774 descen-
