4044 6184
339 343 407 394 ΓΙ

1512 350 1599 405 DE
1638 349 1907 408 SPlRlTU
1948 350 2213 409 SANCTO
2248 350 2377 408 LIB.
2418 351 2465 409 Ι.

3532 358 3603 411 13

336 455 581 513 columba
612 457 826 529 species
858 460 1243 530 pertransiens,
1276 474 1384 518 non
1416 461 1708 519 substantia
1740 479 1921 534 perse-
1947 468 2001 530 Α
2027 474 2328 538 opportuna
2356 464 2442 522 vel
2468 464 2669 522 dixeris
2696 466 2781 523 vel
2810 468 3063 536 audieris,
3106 470 3343 541 nunquid
3397 472 3451 528 in
3499 473 3600 529 hoc

336 562 526 603 vernus
532 588 550 604 .

925 620 1151 677 CAPUT
1192 620 1324 677 Vill.

373 706 496 761 Non
521 708 696 765 obesse
714 711 879 785 sancti
917 710 1147 779 Spiritus
1176 712 1374 785 deitati,
1400 712 1519 780 quia
1554 729 1645 767 nec
1686 714 1885 785 genitus

728 782 962 835 videatur
989 796 1097 835 esse
1136 798 1225 836 nec
1255 783 1534 854 ingenitus.

406 890 517 945 Sed
542 891 683 948 inter
708 893 822 948 haec
842 907 963 948 cum
992 894 1223 964 Spiritus
1269 896 1437 951 sancti
1470 911 1759 966 personam
1794 911 1922 966 pro-

341 984 512 1050 priam
543 985 1001 1053 demonstremus,
1024 995 1080 1041 et
1126 978 1335 1042 Patrem
1380 988 1731 1043 conliteamur
1769 989 1923 1059 inge-

341 1080 534 1141 nitum,
563 1076 754 1130 Filium
778 1095 907 1132 vero
938 1093 1325 1148 cognoscamus
1354 1080 1707 1151 unigenitum,
1730 1084 1923 1151 quaeris

341 1182 370 1217 a
402 1186 487 1221 me
514 1179 688 1222 utrttm
709 1171 942 1238 Spiritus
970 1182 1186 1226 sanctus
1208 1172 1496 1242 ingenitus,
1522 1188 1588 1227 an
1613 1176 1921 1243 genitus,an

342 1259 469 1325 quid
493 1263 635 1313 aliud
668 1263 1002 1317 eonlitendtts
1029 1264 1115 1317 sit.
1164 1265 1452 1331 Scriptura:
1499 1276 1700 1319 sancta:
1729 1266 1796 1320 de
1825 1280 1924 1334 po-

344 1348 507 1401 t--ntia
545 1358 599 1404 et
640 1351 838 1405 deitare
872 1352 1101 1421 Spiritus
1144 1356 1314 1408 sancti
1369 1357 1687 1425 loquuntur,
1741 1365 1920 1411 utrum

346 1455 472 1492 vero
492 1444 703 1511 genitus
732 1444 836 1498 diei
859 1446 1051 1500 d«-beat
1069 1461 1137 1499 an
1164 1448 1449 1515 ingenitus,
1483 1463 1588 1502 non
1613 1448 1918 1518 loquuntur.

352 1530 483 1583 \ide
509 1548 643 1601 quas
686 1534 787 1587 sibi
840 1537 1087 1591 tenebras
1138 1540 1464 1594 inﬁdelitatis
1506 1542 1650 1595 facit.
1682 1540 1798 1595 Non
1845 1542 1924 1598 vis

343 1624 503 1689 scire,
544 1626 664 1694 quia
711 1628 881 1682 noluit
925 1631 1191 1699 ignorari;
1234 1642 1287 1687 et
1337 1634 1420 1688 vis
1470 1634 1609 1688 scire
1647 1636 1768 1704 quia
1819 1651 1923 1690 non

342 1713 498 1781 jussit
528 1716 744 1784 inquiri.
777 1720 889 1773 Non
924 1720 1058 1775 dixit
1088 1725 1323 1792 genitum
1347 1767 1361 1792 ,
1397 1741 1462 1780 ne
1495 1725 1686 1779 Filium
1738 1727 1925 1781 crede-

344 1819 433 1858 res
464 1822 480 1857 :
505 1821 608 1859 non
632 1808 768 1861 dixit
799 1811 1111 1879 ingenitum,
1146 1830 1213 1868 ne
1242 1814 1710 1902 Patrem'pntares;
1738 1817 1831 1870 sed
1857 1816 1919 1869 ad
1955 1844 1998 1902 Β

345 1897 596 1949 essentim
645 1897 1081 1968 distinctionem,
1130 1908 1423 1974 procedere
1458 1897 1590 1962 eum
1640 1923 1707 1962 ex
1772 1908 1925 1963 Patre

346 1994 569 2039 testatus
596 2000 697 2053 εει,
726 1990 864 2045 sicut
896 1993 1118 2062 legimus
1154 2012 1168 2050 :
1222 1995 1519 2052 Paracletus
1547 2000 1635 2069 qui
1674 2016 1737 2053 ea:
1765 1998 1927 2055 Patre

345 2079 591 2141 procedit.
622 2082 751 2146 Quae
780 2099 900 2137 cum
931 2085 1001 2139 ita
1032 2087 1159 2155 sint,
1195 2089 1278 2144 vel
1310 2090 1388 2144 sic
1410 2105 1637 2159 agnosce
1667 2092 1926 2159 Spiritttnt

344 2180 588 2223 sanctum
632 2174 899 2239 propriam
949 2176 1145 2232 habere
1198 2194 1505 2248 personam.
1540 2182 1743 2236 Praeter
1789 2184 1924 2237 duos

282 2252 285 2253 ⁷
344 2270 465 2312 esse
495 2260 704 2315 tertium
729 2263 919 2330 probat
947 2265 1230 2323 diversitas
1257 2272 1511 2337 nominis,
1544 2272 1925 2341 procedentem

280 2354 281 2357 ‘
346 2362 411 2401 ex
443 2349 574 2416 Deo,
604 2367 709 2405 non
739 2367 861 2409 esse
889 2355 1078 2414 ordine
1119 2359 1202 2415 vel
1226 2361 1394 2430 gradu
1426 2362 1641 2415 tertium
1666 2372 1929 2416 monstrat

347 2446 521 2499 unitas
551 2447 869 2516 majestatis.
900 2450 1001 2519 Qui
1021 2455 1163 2508 enim
1193 2456 1261 2510 de
1290 2455 1635 2510 interioribus
1680 2456 1765 2509 Dei
1802 2472 1928 2525 plo-

278 2560 285 2565 -
346 2538 606 2610 greditur,
634 2557 738 2597 non
786 2536 887 2599 'Dei
936 2531 1200 2616 creatura,
1233 2550 1326 2605 sed
1383 2550 1478 2605 Dei
1528 2550 1779 2621 probatur
1809 2568 1931 2609 esse

351 2634 671 2691 substantia.
700 2638 819 2695 Non
868 2645 1127 2701 scruteris
1177 2647 1407 2717 qualiter
1452 2647 1591 2704 Deus
1647 2648 1717 2704 sit
1770 2663 1930 2716 quem

345 2723 518 2781 Deum
547 2744 670 2784 esse
696 2732 1033 2790 manifestum
1066 2748 1170 2792 eSt.
1223 2738 1322 2794 Hic
1360 2740 1495 2795 ratio
1548 2740 1700 2807 latet,
1730 2742 1931 2798 veritas

348 2836 456 2876 non
486 2822 637 2878 latet.
668 2825 775 2880 Cur
803 2829 1101 2901 interroges
1121 2831 1391 2901 quomodo
1420 2834 1489 2887 sit
1507 2832 1686 2889 socius
1698 2843 1932 2903 etzequa-

347 2912 413 2967 lis
443 2916 611 2983 regis,
634 2932 790 2985 quem
824 2922 952 2991 regii
983 2933 1192 2978 constat
1220 2940 1340 2980 esse
1364 2925 1585 2981 honoris
1614 2936 1668 2983 et
1695 2928 1928 2997 generis.

320 3007 424 3060 ‘Ex
456 3010 733 3077 superﬂuo
781 3012 848 3066 de
887 3014 1101 3069 nomine
1150 3015 1327 3084 agitur
1360 3016 1654 3086 inquisitio,
1688 3019 1774 3071 ubi
1826 3032 1932 3070 nou

344 3105 429 3150 est
460 3098 527 3153 de
555 3099 881 3156 sublimitate
902 3102 1169 3159 dubitare.
1200 3104 1340 3174 Ergo
1362 3104 1590 3171 Spiritus
1618 3115 1834 3160 sanctus
1863 3121 1929 3159 ex

2025 560 2133 613 line
2150 568 2294 615 stare
2335 569 2622 615 contentus
2651 561 2785 616 eris?
2805 560 2962 617 Certe
3004 563 3179 620 adhuc
3227 579 3401 623 utrum
3459 567 3600 623 Dens

2024 650 2097 704 sit
2126 650 2506 719 interrogabis.
2532 652 2665 708 Cum
2697 668 2880 709 verum
2919 655 3085 710 Deum
3115 672 3235 712 esse
3263 675 3327 713 ex
3358 659 3443 714 his
3480 678 3603 729 qua:

2026 742 2274 812 leguntur
2300 746 2596 814 acceperis,
2644 746 2754 815 jatu
2784 748 2927 817 quod
2957 748 3256 821 interroges
3284 767 3390 807 non
3435 756 3603 810 babe-

2026 831 2130 898 bis,
2158 835 2279 903 quia
2308 850 2428 890 cum
2466 838 2697 905 cmperis
2724 839 2878 893 fortia
2918 849 2971 893 et
3008 851 3372 897 consummata
3394 859 3599 915 cogno—

2024 938 2198 995 scere,
2226 926 2399 981 inania
2430 938 2485 983 et
2537 944 2700 984 vacua
2742 946 2851 985 non
2882 932 3142 1001 indigebis
3190 935 3478 1006 inquirere.
3505 938 3604 993 Ubi

2025 1030 2155 1085 ergo
2194 1018 2439 1073 utilitatis
2471 1020 2606 1074 ratio
2628 1030 2683 1076 et
2733 1022 2973 1077 veritatis
3003 1038 3124 1079 esse
3154 1027 3466 1097 intelligitur
3495 1031 3608 1100 ple-

2027 1105 2235 1171 nitudo,
2259 1106 2386 1162 illuc
2415 1108 2664 1164 salutaris
2693 1111 2922 1180 pendeat
2941 1112 3194 1170 intentio.

2637 1248 2864 1306 CAPUT
2892 1251 2982 1306 IX.

2101 1338 2351 1409 Spiritum
2370 1350 2601 1395 sanctum
2630 1345 2961 1466 plerfectorem
2981 1364 3087 1403 esse
3110 1349 3469 1407 charismatum
3491 1362 3540 1409 et

2677 1425 2970 1468 arattorem.

2677 1432 2970 1485 arguerem.

2100 1522 2361 1593 Spiritum
2391 1537 2630 1582 sanctum
2654 1532 2952 1586 cmlestinm
2984 1535 3361 1592 charismatum
3395 1539 3609 1611 largito-

2028 1629 2139 1668 rem
2199 1625 2252 1670 et
2292 1617 2717 1687 dispensatorem
2758 1625 3244 1682 sattctiﬂcationum
3290 1631 3447 1684 etiam
3496 1632 3606 1700 ipsa

2028 1704 2166 1758 ratio
2192 1709 2422 1762 nominis
2463 1719 2804 1779 protestatur.
2846 1713 3235 1784 Magnificentia
3291 1730 3464 1775 autem
3492 1723 3608 1791 ejus

2027 1797 2187 1850 etiam
2216 1798 2269 1851 in
2294 1798 2471 1853 Veteri
2504 1801 2851 1856 Testamento
2895 1806 3173 1862 manifesta
3208 1819 3308 1863 ρει.
3342 1810 3473 1864 Nam
3503 1812 3611 1866 illic

2031 1886 2199 1953 gratia
2230 1887 2347 1956 ejus
2370 1905 2473 1943 non
2508 1890 2608 1945 nisi
2634 1892 2812 1965 certis.
2843 1894 3162 1964 quibusque.
3192 1897 3242 1952 id
3276 1908 3358 1953 est
3386 1902 3612 1968 patriar-

2028 1974 2142 2028 cbis
2173 1976 2373 2045 pariter
2402 1986 2455 2032 et
2482 1981 2790 2049 prophetis,
2823 1992 2877 2037 et
2924 1986 3124 2041 sanctis
3155 1987 3446 2059 electisque
3485 2005 3611 2045 eou-

2028 2078 2176 2119 C0538
2217 2076 2319 2127 est,
2349 2076 2405 2120 ut
2435 2084 2531 2137 per
2559 2071 2727 2138 ipsam
2775 2072 3036 2128 donorum
3071 2076 3451 2143 perfectionem
3509 2080 3609 2133 do-

2028 2157 2207 2211 nantis
2239 2158 2504 2229 intelligas
2526 2161 2859 2231 dignitatetn.
2885 2166 3150 2231 Quantum
3204 2185 3330 2225 vero
3374 2170 3426 2225 in
3467 2172 3613 2227 Scri-

2032 2246 2200 2311 pturis
2254 2250 2456 2304 sanctis
2496 2253 2941 2310 manifestissime
3002 2257 3453 2328 deprehenditur,
3507 2265 3609 2319 alia

2034 2333 2190 2389 Pater
2214 2336 2328 2406 ipse
2350 2353 2445 2408 per
2469 2355 2550 2405 se,
2579 2342 2682 2395 alia
2699 2344 3004 2412 specialiter
3026 2362 3120 2417 per
3143 2348 3358 2417 Filium,
3387 2352 3489 2408 alia
3518 2368 3613 2423 per

2031 2429 2288 2499 Spiritum
2309 2444 2576 2497 sanctum,
2604 2435 2729 2491 licet
2756 2438 2857 2492 sub
2887 2439 3168 2512 privilegio
3196 2445 3447 2511 potentia:
3464 2461 3613 2501 com—

2032 2520 2208 2575 munis
2248 2532 2523 2593 operatur.
2574 2525 2707 2594 Quia
2755 2544 2960 2595 sumus,
3015 2531 3081 2586 ad
3129 2533 3340 2590 Patrem
3400 2538 3619 2607 proprie

2033 2614 2223 2669 referri
2260 2616 2493 2685 videtur,
2513 2619 2566 2672 iit
2581 2635 2703 2691 quo,
2724 2617 2865 2677 sicut
2889 2626 3177 2694 Apostolus
3189 2627 3319 2683 dicit
3342 2645 3356 2681 :
3380 2628 3613 2693 vivimus,

2032 2721 2311 2773 moventur,
2342 2716 2603 2764 animus.
2634 2711 2785 2779 Quod
2818 2729 2948 2768 vero
2979 2716 3205 2772 rationis
3234 2729 3289 2773 et
3338 2712 3615 2788 sapientia:

2034 2807 2088 2851 et
2112 2799 2334 2866 justitite
2378 2815 2603 2870 capaces
2649 2817 2857 2869 sumus,
2896 2806 2975 2860 illi
3017 2808 3344 2877 specialiter,
3391 2812 3481 2881 qui
3531 2822 3615 2868 est

2040 2888 2175 2943 ratio
2213 2899 2269 2943 et
2292 2891 2549 2960 sapientia
2599 2902 2651 2947 et
2676 2894 2901 2962 justitia,
2937 2897 2988 2950 id
3018 2908 3100 2952 est
3156 2899 3270 2952 tilio
3308 2901 3613 2971 deputatur.

2036 2980 2187 3047 Quod
2215 2991 2389 3037 autem
2415 2986 2589 3040 vocati
2618 3002 3018 3056 regeneramur,
3048 3001 3101 3046 et
3131 2996 3429 3062 regenerati
3463 2996 3616 3051 inno-

2039 3086 2247 3138 vamur,
2277 3074 2513 3129 innovati
2556 3078 2976 3149 sanctilleamur,
3030 3097 3127 3152 per
3177 3084 3353 3138 divina
3404 3087 3616 3157 eloquia

344 3194 580 3255 utroque
610 3190 873 3258 procedit,
916 3192 1035 3247 ideo
1072 3193 1200 3247 dicit
1234 3166 1416 3260 δρα
1454 3204 1625 3248 autem
1675 3194 1929 3264 Spiritum
1960 3216 2007 3279 ρ
2040 3166 2788 3279 ξ’ῗξδξῗδξξξξτὶίῗξε-δθήθξ
2830 3173 3116 3279 ξδ’ξξῘθτξξθΓ
3158 3178 3462 3279 ³.⁵⁰Γ.Ῑδί¹¹¹¹’·

346 3275 540 3330 Christi
569 3295 671 3331 non
699 3279 867 3349 habet,
899 3282 981 3335 hic
1008 3299 1109 3335 non
1146 3292 1221 3338 est
1271 3285 1404 3354 ejus.
1439 3282 1502 3338 Et
1531 3285 1636 3337 alio
1667 3284 1807 3338 loco.
1841 3282 1934 3336 In-

348 3370 563 3439 sufﬂavit
590 3383 633 3425 et
662 3373 835 3428 dixit:
866 3376 1093 3445 Accipite
1124 3376 1377 3448 Spiritum
1429 3386 1682 3432 sanrtum.
1741 3379 1931 3433 Utrum

276 3470 277 3473 ‘
348 3459 619 3526 ingenitus
646 3461 717 3516 sit
768 3477 833 3516 an
865 3464 1076 3533 genitus
1128 3468 1376 3533 requiris.
1408 3466 1551 3521 Nihil
1592 3482 1655 3520 ex
1690 3467 1790 3521 hoc
1821 3468 1935 3521 elo-

348 3553 471 3619 quia
531 3568 681 3606 sacra
738 3556 1071 3622 cecinerunt,
1111 3557 1263 3611 nefas
1290 3570 1370 3610 est
1419 3573 1707 3625 erumpere
1757 3558 1931 3610 divina

350 3641 586 3695 silentia.
619 3642 767 3707 Quod
800 3644 937 3698 Deus
967 3645 1261 3715 Scripturis
1282 3649 1391 3701 suis
1438 3648 1777 3702 indicandum
1813 3663 1933 3702 esse

355 3747 463 3783 non
493 3734 742 3797 credidit,
767 3733 1003 3789 indicare
1032 3737 1114 3791 vel
1146 3737 1285 3790 scire
1317 3744 1367 3790 te
1415 3738 1679 3805 superﬂua
1710 3736 1935 3790 curiosi--

355 3832 463 3875 tate
489 3825 678 3877 noluit.
714 3825 823 3879 lloc
852 3829 1136 3896 pervenire
1181 3829 1380 3882 debere
1411 3827 1668 3881 indicavit
1694 3826 1758 3878 ad
1808 3841 1936 3879 con-

353 3916 633 3970 scientiam
660 3927 830 3981 tuam,
860 3920 998 3987 quod
1031 3922 1334 3989 pert'netad
1350 3921 1573 3973 salutem
1602 3926 1766 3973 tuam.
1797 3918 1933 3987 Quid

351 4006 508 4061 vobis
539 4008 608 4061 de
634 4020 823 4062 sancto
847 4011 1046 4078 Spiritu
1078 4013 1146 4065 sit
1172 4012 1517 4074 credendum,
1544 4021 1725 4066 sancta
1744 4026 1938 4065 consu-

353 4098 531 4152 lamus
561 4102 794 4170 eloquia.
829 4101 940 4155 Hoc
984 4102 1156 4172 ipsum
1211 4103 1355 4155 enim
1399 4102 1539 4171 quod
1570 4102 1646 4154 ait
1698 4101 1938 4170 genitum

355 4188 571 4242 Filium.
600 4191 837 4259 iniquum
864 4192 1044 4246 dicere
1072 4193 1322 4257 auderes,
1347 4192 1449 4247 nisi
1472 4191 1677 4247 caelesti
1707 4206 1770 4245 ex
1795 4190 1938 4246 Scri-

355 4281 531 4345 pturis
552 4280 897 4335 attestatione
922 4280 1230 4337 didicisses?
1257 4282 1362 4336 Aut
1386 4281 1621 4351 nunquid
1652 4294 1939 4348 usurpares

356 4384 608 4425 asserere
629 4372 896 4429 Christum
924 4372 1230 4437 Dominum,
1247 4375 1327 4429 vel
1350 4388 1415 4428 ex
1446 4374 1666 4442 Virgine
1692 4387 1941 4442 procrea-

353 4468 489 4523 tum,
522 4462 607 4515 vel
636 4476 701 4515 ex
732 4477 969 4530 aequaevo
988 4474 1041 4519 et
1088 4475 1357 4519 coartcrno
1389 4465 1544 4519 Patre
1574 4465 1937 4533 progenitum,

355 4548 458 4603 nisi
511 4565 578 4604 ex
635 4552 866 4607 lectione
904 4553 1247 4622 sumpsisses,
1302 4554 1404 4609 nisi
1452 4553 1519 4609 de
1577 4555 1687 4609 Deo
1733 4554 1940 4609 divinas

354 4654 514 4695 voces
544 4643 962 4713 interrogasses?
991 4644 1056 4698 Et
1085 4644 1506 4715 ideovquomodo
1535 4644 1840 4699 consentire
1867 4644 1936 4699 de

352 4733 554 4801 Spiritu
612 4746 802 4791 sancto
848 4737 1067 4803 debeas,
1119 4738 1185 4790 ad
1230 4737 1505 4805 apostolos
1551 4743 1605 4789 et
1660 4733 1935 4804 evangelia

354 4834 568 4891 oportet
600 4834 656 4879 ut
698 4827 905 4886 redeas.
936 4842 1056 4881 cum
1084 4828 1276 4897 quibus
1306 4838 1359 4883 et
1415 4827 1469 4881 in
1523 4827 1717 4897 quibus
1766 4826 1936 4881 Deum

356 4913 587 4967 locutum
618 4930 737 4969 esse
768 4931 875 4969 non
904 4915 1137 4970 dubitas.
1165 4915 1375 4985 Utergo
1402 4914 1467 4969 ad
1486 4929 1934 4983 supervacaneam

356 5004 781 5070 propositionem
812 5015 958 5059 tuam
982 5006 1226 5071 redeam,
1259 5006 1499 5075 nunquid
1531 5007 1583 5061 in
1642 5006 1741 5061 hac
1765 5006 1935 5074 gratia

353 5092 440 5147 vel
472 5092 767 5147 subsmntia
795 5091 1027 5161 Spiritus
1057 5096 1228 5149 sancti
1261 5095 1510 5162 habetur,
1539 5094 1584 5149 si
1614 5105 1703 5150 aut
1731 5097 1935 5165 ingeni-

354 5192 441 5236 tus
470 5184 724 5251 probetur
747 5196 837 5239 aut
864 5188 1074 5256 genitus
1098 5188 1120 5238 ?
1149 5188 1281 5241 Nam
1322 5202 1422 5242 nec
1463 5186 1600 5244 Filio
1646 5190 1935 5258 quidquam

352 5277 600 5346 derogat,
631 5279 770 5346 quod
800 5278 1068 5349 ingenitus
1093 5296 1215 5335 esse
1258 5296 1364 5335 non
1420 5281 1632 5348 legitur,
1666 5296 1765 5335 nec
1794 5281 1938 5336 Patri

354 5367 494 5434 quod
524 5368 736 5435 genitus
760 5384 863 5424 non
898 5371 1141 5425 habetur.
1185 5371 1243 5426 ltt
1272 5371 1637 5439 hujuscemodi
1669 5373 1937 5426 sermoni-

354 5458 453 5511 bus
477 5459 788 5528 proprietas
817 5469 899 5516 est
938 5462 1337 5530 appellationis,
1372 5476 1476 5516 non
1522 5463 1809 5517 diversitas
1841 5476 1940 5530 po-

357 5550 566 5604 testatis
592 5552 675 5606 vel
708 5554 1018 5623 majestatis.
1044 5555 1267 5610 Genitus
1295 5566 1348 5609 et
1376 5554 1664 5623 ingenitus,
1699 5570 1942 5624 personae

355 5649 436 5695 est
451 5642 771 5707 dti’erentia,
789 5659 893 5699 non
917 5655 1140 5701 naturae.
1157 5648 1286 5702 Cum
1300 5662 1429 5717 ergo
1445 5647 1512 5702 de
1532 5646 1712 5716 genito
1726 5657 1776 5701 et
1796 5648 1941 5716 inge-

362 5733 474 5788 nito
505 5735 710 5791 inutilia
759 5744 812 5791 et
859 5753 963 5791 non
1015 5738 1342 5805 necessaria,
1399 5746 1452 5795 et
1489 5737 1616 5793 solis
1658 5738 1940 5793 calumniis

1966 4587 2017 4648 D

2040 3256 2143 3311 hoc
2172 3258 2241 3311 ita
2267 3273 2435 3313 sacra:
2457 3260 2663 3327 pagina:
2690 3261 2791 3317 sub
2814 3263 3152 3321 distinctione
3178 3268 3478 3324 indiscretze
3500 3270 3618 3326 Tri-

2038 3350 2219 3403 nitatis
2249 3351 2567 3420 loquuntur,
2604 3364 2661 3407 ttt
2720 3356 2943 3410 cuilibet
2996 3370 3249 3425 appareat
3290 3360 3342 3414 iu
3395 3362 3618 3432 singulis

2037 3440 2319 3495 diversitas
2340 3443 2538 3510 aperis,
2570 3452 2781 3499 maneat
2810 3454 2984 3500 tamen
3017 3448 3068 3500 in
3117 3449 3283 3503 tribus
3326 3452 3498 3505 unitas
3527 3467 3618 3506 vo-

2037 3533 2277 3586 luntatis.
2314 3534 2454 3602 Ergo
2506 3545 2560 3590 et
2586 3536 2810 3605 gentiles
2835 3519 3302 3606 eTcatet-hntneni,
3330 3544 3396 3597 de
3450 3543 3619 3598 l’atris

2037 3636 2091 3680 et
2119 3624 2239 3679 Filii
2267 3624 2664 3693 dispensatione
2706 3627 3042 3696 participant,
3083 3631 3149 3683 de
3194 3632 3619 3688 sanctiﬁcatione

2039 3733 2166 3772 vero
2193 3728 2245 3771 et
2272 3718 2535 3773 infnsione
2580 3719 2808 3787 Spiritus
2832 3724 2998 3775 sancti
3029 3738 3132 3776 non
3182 3722 3356 3789 facile,
3387 3725 3485 3779 nisi
3509 3728 3617 3794 jam

2040 3811 2407 3865 beatissimum
2430 3812 2729 3881 consecuti,
2755 3814 3016 3882 pnriﬁcati
3047 3825 3097 3870 et
3120 3816 3423 3886 spiritttales
3446 3818 3617 3873 effecti

2039 3911 2090 3956 et
2121 3902 2397 3970 apostolici
2446 3903 2631 3971 etiam,
2663 3919 2725 3959 ac
2774 3914 2886 3959 toto
2943 3907 3130 3972 Spiritu
3179 3908 3245 3961 ad
3303 3911 3616 3979 martyrium

2041 3994 2344 4060 praeparati.
2370 3992 2438 4048 Et
2454 3996 2594 4050 inter
2624 3995 2738 4050 haec
2758 3996 2934 4051 adhuc
2949 4007 3190 4052 creatura
3209 4014 3328 4053 esse
3348 4000 3414 4053 ab
3442 4000 3620 4068 impiis

2038 4084 2387 4154 iudicabitur,
2421 4087 2510 4156 qui
2567 4088 2705 4155 apud
2739 4088 3066 4141 individuam
3096 4088 3411 4144 Trinitatem
3445 4090 3496 4143 in
3527 4106 3619 4144 or-

2041 4175 2313 4231 dinatione
2362 4177 2552 4231 salutis
2587 4177 2857 4245 humanae,
2892 4178 3347 4246 magniﬁcentiora
3392 4196 3619 4249 quinque

2042 4282 2261 4321 munera
2316 4276 2370 4320 et
2418 4266 2734 4337 perfectiora
2792 4268 3053 4324 sortitur?
3102 4271 3205 4325 Sed
3255 4269 3391 4326 forte
3433 4272 3615 4327 dicas:

2040 4358 2209 4427 Major
2229 4368 2310 4414 est
2335 4359 2563 4428 Spiritus
2580 4368 2817 4424 sanctus,
2849 4362 3003 4431 cujus
3024 4363 3224 4431 majora
3276 4372 3329 4418 et
3360 4364 3618 4418 nobiliora

2043 4458 2169 4505 sunt
2192 4464 2374 4519 opera.
2402 4448 2518 4504 Non
2544 4451 2612 4504 ita
2639 4461 2739 4506 est.
2767 4451 2896 4506 Nam
2931 4452 2981 4505 id
3008 4454 3173 4508 moris
3210 4464 3292 4509 est
3317 4455 3616 4523 Trinitatis,

2046 4549 2101 4595 ut
2125 4543 2208 4597 cui
2242 4557 2484 4611 persona:
2510 4542 2949 4598 administranda:
2977 4546 3048 4600 rei
3065 4546 3616 4615 committitoﬂicium,

2041 4634 2090 4688 ei
2123 4645 2349 4702 peracta:
2381 4636 2617 4690 ascribat
2669 4635 2939 4702 effectum,
2972 4651 3035 4692 ac
3084 4637 3127 4691 si
3177 4652 3311 4707 epus
3361 4638 3431 4692 sit
3482 4637 3619 4693 forte

2041 4724 2334 4791 diversum,
2363 4728 2456 4780 sed
2481 4741 2767 4781 commune
2790 4728 3144 4796 propositum,
3173 4738 3227 4783 et
3255 4729 3299 4783 si
3320 4738 3403 4783 est
3422 4731 3472 4782 in
3500 4731 3615 4783 sin-

2041 4815 2177 4886 gulis
2200 4817 2433 4887 speciale
2474 4817 2692 4881 l'actum,
2723 4826 2907 4872 manet
2938 4819 2989 4871 in
3022 4820 3191 4872 tribus
3212 4820 3464 4889 generale
3490 4835 3617 4873 θυη-

2042 4908 2240 4975 silium,
2267 4923 2329 4964 ac
2370 4918 2652 4978 propterea
2701 4910 2747 4964 si
2778 4910 3088 4965 distinctum
3120 4912 3317 4965 habent
3346 4912 3395 4966 in
3427 4928 3621 4982 opera-

2046 5000 2189 5055 tione
2220 5000 2510 5070 negotium,
2538 5016 2699 5054 unum
2753 5011 2929 5056 tamen
2963 4999 3157 5058 tenent'
3196 5004 3248 5057 in
3281 5005 3617 5058 ordinatione

2045 5107 2383 5147 consensum.
2418 5092 2547 5147 Post
2597 5095 2970 5150 ascensionem
3019 5096 3228 5150 Domini
3270 5096 3336 5150 ad
3369 5111 3617 5151 accumu-

2045 5185 2200 5238 landa
2232 5194 2282 5239 et
2315 5184 2579 5253 implenda
2638 5186 2754 5250 ejus
2786 5186 3067 5251 beneficia,
3122 5187 3355 5256 Spiritus
3401 5195 3616 5239 sanctus

2045 5276 2385 5332 descendisse
2439 5278 2778 5341 describitur,
2823 5278 2889 5332 de
2921 5295 3026 5347 quo
3065 5279 3181 5348 'pse
3229 5277 3472 5333 Salvator
3523 5291 3619 5344 per

2044 5369 2264 5425 Joannis
2319 5369 2663 5438 Evangelium
2707 5371 2962 5439 loquitur,
2996 5369 3096 5423 Ille
3132 5370 3341 5437 spiritus
3393 5368 3618 5422 veritatis

2044 5478 2188 5526 quem
2213 5463 2373 5515 mittet
2407 5460 2563 5514 Pater
2591 5464 2642 5515 itt
2670 5464 2871 5517 nomine
2910 5474 3018 5516 meo
3050 5460 3226 5530 (latin.
3254 5459 3395 5531 xrv):
3428 5460 3617 5528 Miller,

2045 5552 2236 5621 inquit,
2268 5552 2425 5606 Pater
2454 5554 2505 5605 in
2536 5557 2735 5607 nomine
2755 5570 2884 5618 meo,
2916 5553 2983 5607 de
3027 5552 3289 5606 Trinitate
3316 5552 3614 5606 evidenter.

2050 5645 2235 5715 Deqtta
2262 5645 2359 5699 hoc
2384 5662 2609 5714 unquam
2659 5656 2905 5699 creatura
2933 5644 3132 5698 dictum
3165 5642 3247 5697 vel
3283 5645 3503 5714 legimus
3533 5647 3617 5697 vel

2047 5738 2367 5807 audivimus,
2424 5739 2561 5807 quod
2611 5739 2661 5792 in
2698 5738 2835 5793 hunc
2869 5737 3121 5792 mundum
3178 5738 3229 5792 in
3264 5738 3356 5791 Dei
3408 5737 3619 5792 nomine
