4044 6184
414 320 481 379 ιθ
1702 324 2052 381 mscuasn
2098 328 2364 387 DIACONI
3588 346 3659 400 stt

409 432 639 487 venerit?
689 433 783 487 llic
839 447 965 501 ergo
991 432 1059 486 de
1100 447 1207 502 quo
1243 433 1490 487 Christus
1523 434 1777 489 Dominus
1834 416 1974 489 Dens
2004 442 2046 495 Α

407 522 553 577 dicit:
580 523 699 576 Nisi
728 540 818 593 ego
834 524 937 577 iero
954 525 1265 593 ,paracletus
1290 540 1389 576 non
1416 524 1576 578 veniet
1596 526 1662 576 ad
1682 541 1765 578 vos
1788 526 1969 596 (Joan.

404 615 541 684 xw),
572 617 708 673 Deus
739 618 941 685 absque
987 616 1150 670 dubio
1177 625 1279 681 est,
1307 615 1396 685 qui
1447 616 1499 670 in
1547 618 1721 672 locum
1767 617 1858 671 Dei
1904 618 1969 671 ad

402 708 766 763 roulirntanda
799 707 890 761 Dei
949 721 1165 761 munera
1203 707 1523 763 destinatur.
1552 707 1606 761 ln
1656 707 1741 760 his
1769 707 1972 763 duabus

400 798 680 851 sententiis
704 799 806 852 sub
856 799 1199 852 distinctione
1246 798 1808 865 Trinitatis,absolute
1847 814 1970 868 per-

400 903 528 945 sona
559 889 723 946 etiam
748 888 979 957 Spiritus
1008 891 1178 943 sancti
1210 890 1528 951 declaratur.
1560 890 1671 945 Non
1704 891 1970 946 immerito

400 978 602 1050 itaque,
632 980 816 1035 ethoc
854 979 922 1034 ad
960 979 1265 1033 Divinitatis
1310 980 1665 1050 aequalitatem
1715 980 1985 1047 refertur,‘

398 1070 538 1139 quod
567 1072 704 1127 sicut
725 1070 912 1137 Filius,
947 1070 1016 1124 ita
1045 1072 1205 1123 etiam
1232 1071 1463 1140 Spiritus
1490 1080 1709 1126 Sanctus
1730 1071 1782 1126 in
1815 1072 1963 1128 Scri-

398 1162 567 1231 ptnris
602 1164 906 1233 paraclctns
933 1173 1287 1229 nuncupatur.
1323 1162 1387 1217 Et
1408 1163 1548 1217 unde
1600 1163 1704 1217 hoc
1743 1164 1968 1232 probare

398 1254 730 1323 poterimus?
762 1253 952 1323 Utique
983 1269 1049 1307 ex
1094 1253 1315 1310 Joannis
1368 1255 1597 1322 apostoli
1652 1255 1967 1309 auctoritate

395 1360 514 1398 ctun
536 1346 567 1398 d
593 1346 691 1400 cit:
722 1345 783 1399 Si
800 1346 1143 1415 quis,inquit,
1169 1356 1401 1403 nostrum
1424 1346 1965 1418 peccaverit,paracle-

395 1450 500 1496 tum
516 1438 755 1493 habemus
783 1439 922 1509 apud
948 1438 1155 1491 Patrem
1176 1437 1353 1491 Iesum
1378 1437 1658 1496 Christum,
1689 1448 1736 1490 et
1759 1439 1867 1507 ipse
1893 1447 1964 1492 est

390 1531 685 1601 propitiatio
709 1546 807 1599 pro
832 1532 1049 1602 peccatis
1068 1531 1254 1587 nostris
1275 1529 1318 1600 (Ι
1336 1528 1494 1582 Joan.
1517 1530 1578 1597 ι).
1609 1528 1959 1592 Paractetmn,

392 1623 440 1674 id
470 1632 552 1676 est
579 1620 917 1684 advocatum,
951 1620 1092 1689 quod
1139 1619 1205 1673 ad
1233 1634 1514 1689 personam
1562 1619 1685 1675 Filii
1720 1620 1960 1688 respicit,

390 1713 502 1773 sive
531 1712 689 1766 etiam
721 1710 1132 1773 consolatorem,
1155 1708 1295 1779 quod
1324 1711 1387 1762 ad
1431 1718 1673 1762 sanctum
1703 1708 1957 1777 Spit-itum

2703 449 2929 505 CAPUT
2970 451 3037 505 Χ.

2079 531 2153 588 De
2182 535 2384 612 Artibus
2412 541 2755 609 apostolorum
2785 548 2994 598 assertio
3020 546 3281 601 Trinitatis
3311 550 3541 612 iteratur.
3569 556 3653 607 ubi

2146 616 2193 657 et
2208 606 2631 690 .Christns'co'ntra
2655 612 2967 669 Nautium
2978 620 3045 669 ad
3068 618 3294 671 dandum
3314 606 3652 690 ptenitbnliuni

2146 677 2330 731 missus
2361 682 2628 735 asseritur.

2145 787 2200 846 in
2239 791 2459 845 Actibus
2502 795 2864 862 apostolorum
2909 797 3098 854 Petrus
3143 800 3211 853 de
3255 801 3479 855 Domino
3524 804 3647 859 Jesn

2072 876 2280 933 Christo
2308 881 2578 937 disserens
2607 885 2675 938 ita
2706 886 2837 940 dicit
2877 904 2890 940 :
2927 887 3118 943 Dextra
3144 892 3298 959 igitur
3328 890 3422 946 Dei
3448 896 3648 949 etralta-

2072 977 2185 1034 tus,
2231 981 2278 1024 et
2322 975 2651 1040 promissione
2686 976 2909 1048 Spiritus
2950 981 3109 1036 sancti
3147 993 3351 1052 accepta
3392 1002 3426 1036 a
3469 986 3641 1053 Patre,

2070 1058 2250 1126 offudit
2271 1059 2406 1115 hunc
2426 1080 2571 1132 quem
2592 1068 2769 1121 videtis
2791 1079 2836 1122 et
2858 1070 3050 1122 auditis
3074 1070 3204 1141 (Act.
3232 1073 3314 1143 ιι).
3349 1075 3401 1128 In
3428 1076 3647 1133 dextera

2072 1154 2261 1223 Filius,
2291 1159 2342 1213 in
2374 1160 2485 1216 Deo
2508 1162 2686 1228 Patre,
2720 1165 2769 1217 in
2801 1166 3031 1221 nominis
3062 1169 3142 1221 sui
3176 1170 3498 1238 proprietate
3523 1173 3644 1239 Spi-

2068 1246 2206 1302 ritus
2235 1259 2452 1305 sanctns
2481 1250 2812 1322 designatur,
2853 1265 2909 1309 et
2948 1256 3001 1309 in
3037 1260 3486 1327 consequentibus
3515 1262 3645 1331 legi-

2068 1352 2206 1391 mus.
2252 1340 2403 1395 Tunc
2431 1341 2619 1397 Petrus
2649 1345 2886 1413 repletus
2918 1346 3120 1414 Spiritu
3164 1360 3350 1403 sancto
3376 1350 3508 1404 dixit
3534 1370 3546 1405 :
3583 1351 3647 1405 In

2066 1432 2269 1485 nomine
2296 1431 2421 1487 Jesu
2450 1434 2640 1489 Christi
2674 1437 2980 1503 Nazareni,
3010 1458 3156 1509 quem
3183 1458 3270 1497 vos
3298 1444 3644 1511 cruciﬁxistis,

2064 1538 2214 1592 quem
2236 1521 2377 1578 Deus
2402 1528 2665 1581 suscitavit
2697 1546 2728 1581 a
2756 1532 2990 1594 mortuis,
3012 1533 3065 1586 in
3087 1534 3181 1586 hoc
3206 1536 3299 1590 iste
3319 1547 3447 1592 astat
3473 1556 3646 1594 coram

2063 1612 2201 1667 vobis
2244 1630 2400 1669 sanus
2446 1615 2579 1685 (Act.
2609 1618 2709 1686 tv).
2758 1620 3004 1689 Perspice
3041 1633 3096 1677 et
3142 1624 3225 1677 hic
3252 1626 3645 1685 distinctionem

2064 1701 2339 1758 Trinitatis
2360 1722 2690 1775 expressam,
2717 1710 2902 1765 Petrus
2928 1713 2978 1766 in
3009 1728 3068 1767 se
3090 1716 3363 1783 perferens
3385 1719 3641 1789 Spiritum

390 1805 639 1871 "enim.
665 1818 765 1856 una
785 1801 953 1858 amet
980 1804 1242 1858 sermonis
1269 1803 1561 1857 θηωιιῇεῃο
1589 1813 1871 1870 mm.on
1887 1815 1913 1855 ς
1936 1828 1963 1843 -
1990 1802 2038 1869 Β
2064 1800 2326 1862 sanctum,
2348 1795 2534 1850 Filium
2562 1798 2613 1851 in
2636 1813 2798 1853 carne
2819 1802 3155 1871 morientem,
3177 1816 3230 1860 et
3247 1806 3453 1864 Patrem
3477 1810 3645 1879 loqui-

387 1898 620 1964 gnilicat.
653 1896 938 1959 anoannis
956 1892 1740 1965 EvapgeliohabemuszEtego,
1771 1894 1961 1963 inquit,

388 1991 573 2057 rogabo
602 1990 830 2057 Patrem,
851 2000 899 2048 et
925 1990 1085 2045 alium
1111 1990 1419 2058 paracletum
1447 1990 1588 2047 dabit
1614 1990 1752 2045 vobis
1779 1989 1959 2061 (lacn.

388 2082 518 2150 xiv).
552 2082 728 2140 Alium
753 2082 1106 2151 paracletum,
1134 2081 1183 2134 id
1213 2090 1298 2135 est
1341 2081 1532 2135 similis
1560 2081 1832 2148 potentite,
1867 2082 1965 2135 Pa-

389 2176 484 2229 tris
509 2175 720 2244 glurite,
774 2174 1016 2243 ejusdem
1046 2185 1269 2229 naturae.
1322 2173 1576 2231 Etalium
1627 2175 1961 2244 paractetum.

387 2264 438 2323 Si
463 2280 623 2319 uuntn
665 2263 734 2322 de
762 2266 1023 2319 creaturis
1046 2279 1166 2320 esse
1212 2273 1369 2334 putas
1410 2264 1665 2333 Spiritum
1696 2274 1961 2329 sanctum,

390 2352 667 2422 indignum
695 2361 871 2419 est,ut
890 2353 1303 2410 descendentem
1320 2354 1511 2410 eodem
1556 2356 1811 2415 beneﬁcia
1842 2370 1961 2423 quae

386 2460 403 2495 (
422 2453 596 2501 reator
621 2444 850 2501 contulit
877 2455 1122 2500 euentura
1147 2446 1450 2514 conﬁrmet,
1479 2454 1535 2500 et
1562 2446 1715 2514 quasi
1743 2446 1963 2504 factoris

388 2536 631 2592 inefﬁcax
659 2536 819 2592 fuerit
836 2538 1025 2603 virtus,
1042 2537 1341 2606 quamlibet
1352 2538 1740 2603 excellentior-i,
1758 2549 1960 2598 tantum

385 2636 669 2693 creaturae,
700 2628 787 2683 vel
811 2631 1167 2689 consummati
1197 2632 1377 2701 operis
1405 2632 1957 2690 reservetureli’eetus.

386 2717 427 2772 Τ
434 2734 464 2771 ιι
507 2734 636 2789 ergo
660 2718 861 2789 Spiritu
908 2732 1095 2775 sancto
1122 2732 1370 2791 tanquam
1398 2730 1658 2777 creatum
1687 2722 1961 2780 maledicis

385 2812 696 2881 opprobrio,
724 2815 808 2867 cui
853 2829 913 2870 se
961 2813 1054 2871 Dei
1110 2815 1277 2873 Fiiins
1329 2815 1511 2869 divino
1540 2816 1852 2873 testimonio
1906 2824 1961 2874 et

388 2902 602 2971 proprio
631 2906 927 2973 esteqnavit
952 2906 1191 2959 orat-nlo.
1223 2906 1288 2958 Et
1317 2907 1479 2964 alium
1505 2906 1839 2975 paracletuut,
1862 2908 1963 2962 du.-

384 2993 576 3060 plit'cm
628 2993 715 3047 hic
763 2994 1116 3061 intellectum,
1154 3005 1211 3050 et
1254 3010 1499 3063 persona:
1555 2998 1957 3052 distinctionem

386 3098 696 3150 commensi.
750 3085 874 3137 Ideo
926 3101 985 3138 se
1021 3087 1265 3140 Christus
1306 3087 1407 3138 sub
1457 3089 1708 3153 paracleti
1749 3089 1958 3141 videtur

2068 1891 2153 1937 tur
2182 1886 2529 1945 suscitantem
2550 1934 2565 1956 ,
2597 1892 2887 1958 apostolico
2918 1894 3262 1954 nihilominus
3294 1900 3504 1956 iterato.
3544 1904 3643 1957 lle-

2068 1977 2189 2043 pleti
2218 1989 2336 2033 sunt
2361 1996 2531 2037 omnes
2554 1982 2755 2048 Spiritu
2785 1996 2978 2049 sancto,
3014 1999 3058 2040 et
3085 1989 3415 2059 loquebantur
3440 1996 3644 2048 verbum

2066 2064 2164 2121 Dei
2184 2085 2295 2122 cum
2318 2071 2508 2139 ﬁducia
2536 2074 2674 2144 (Act.
2703 2078 2785 2142 tt).
2810 2076 3039 2132 Adverte
3067 2082 3224 2135 etiam
3253 2083 3350 2136 hoc
3374 2084 3423 2135 in
3450 2086 3566 2138 loco
3591 2088 3643 2141 in

2065 2159 2324 2216 Trinitate
2364 2166 2623 2232 Spiritum
2674 2179 2914 2222 sanctum
2962 2172 3245 2225 contineri.
3304 2176 3358 2227 lu
3401 2179 3644 2231 oratione

2065 2251 2221 2305 Pater
2249 2266 2486 2323 rogatus,
2509 2257 2559 2308 in
2590 2257 2680 2311 Dei
2712 2259 2874 2313 verbo
2901 2261 3065 2315 Filius
3093 2268 3416 2330 agnoscitur,
3442 2265 3491 2317 in
3516 2282 3645 2339 apo-

2064 2343 2322 2397 stolorum
2362 2349 2658 2401 ethtantia
2699 2349 2926 2417 Spiritus
2964 2353 3098 2421 ignis
3134 2367 3403 2420 operatur.
3450 2356 3646 2427 Rep/eti

2062 2443 2202 2501 sunt,
2236 2435 2432 2504 inquit,
2465 2454 2637 2495 omnes
2674 2439 2875 2508 Spiritu
2903 2452 3098 2495 sancto.
3143 2443 3434 2499 Manifesta:
3463 2448 3633 2513 tnaje-

2064 2526 2217 2579 statis
2246 2537 2326 2579 eSt
2359 2542 2513 2595 posse
2547 2530 2771 2596 plurima
2804 2532 2959 2585 simul
2992 2532 3283 2590 subtilitate
3314 2538 3642 2606 incorporea:

2064 2618 2367 2673 divinitatis
2414 2620 2720 2688 infundere,
2765 2633 2820 2679 et
2865 2628 2983 2680 sine
3019 2626 3339 2682 detrimento
3380 2630 3641 2696 integrum

2067 2723 2402 2775 permanere.
2453 2712 2580 2768 Item
2624 2729 2743 2769 cum
2789 2715 3049 2771 dixissent
3092 2720 3318 2785 apostoli
3368 2721 3435 2774 de
3478 2722 3638 2775 Jesn:

2064 2799 2115 2860 11
2126 2818 2222 2854 nnc
2259 2801 2391 2855 Deus
2419 2806 2697 2872 principem
2738 2816 2785 2858 et
2820 2806 3124 2861 salvatorem
3166 2812 3405 2862 exultavit
3434 2812 3641 2865 dertera

2060 2910 2178 2957 sua,
2209 2894 2277 2946 ad
2306 2894 2532 2947 dandam
2566 2898 2912 2964 pcpuitentiam
2943 2902 2994 2952 in
3025 2898 3189 2953 Israel
3214 2902 3267 2953 in
3300 2903 3641 2957 remissionem

2064 2999 2403 3053 peccatorum.
2445 2989 2575 3052 Nos,
2611 2990 2884 3058 inquiunt,
2923 3002 3069 3045 testes
3103 2996 3312 3060 horum,
3342 3005 3388 3047 et
3416 2995 3640 3065 Spiritus

2061 3087 2269 3129 sanctus
2317 3094 2462 3145 quem
2506 3080 2644 3131 dedit
2695 3079 2833 3133 Dens
2884 3083 3115 3133 ontnibus
3162 3083 3506 3138 obedientibus
3546 3083 3641 3139 sibi

385 3191 696 3241 equttasse
746 3192 892 3242 t‘ttgn-
920 3176 1062 3232 utine
1106 3177 1328 3241 Spiritui
1367 3187 1577 3240 saneto,
1627 3180 1719 3245 qui
1772 3180 1953 3247 utique

2060 3168 2199 3234 (Act.
2226 3172 2297 3236 ι).
2322 3168 2559 3237 lntcllige
2591 3170 2674 3224 hic
2699 3172 2798 3231 sub
2824 3173 3014 3230 ordine
3035 3174 3309 3228 Trinitatis
3339 3192 3442 3229 non
3470 3180 3639 3232 solum

389 3268 609 3321 materia
651 3272 829 3336 operis
856 3270 945 3321 Dt-i
976 3281 1138 3336 atque
1163 3270 1362 3324 factura
1391 3279 1495 3335 est,
1517 3271 1637 3337 quia
1668 3270 1781 3337 ipse
1803 3270 1960 3324 Jesus

386 3365 600 3411 creatus
627 3372 746 3413 esse
777 3359 1030 3426 probatur
1066 3375 1131 3414 τι
1160 3360 1345 3425 Maria,
1376 3360 1447 3414 ob
1490 3375 1649 3429 quam
1690 3361 1960 3417 inlidelem

391 3462 580 3502 vocem
607 3458 710 3501 tam
744 3449 1111 3509 inlirniuntest
1133 3460 1522 3520 argumentum.
1542 3452 1670 3509 Nam
1698 3452 1745 3505 si
1771 3467 1963 3507 serun-

386 3539 512 3592 dum
544 3537 810 3593 hominem
844 3540 1110 3607 paracleto
1164 3542 1434 3599 Christum
1482 3543 1831 3601 assimilatum
1858 3561 1961 3614 pne

389 3639 492 3692 tas,
526 3646 591 3684 ne
631 3629 732 3683 hoc
760 3631 972 3699 quidem
1012 3632 1261 3686 convenit
1290 3632 1519 3691 caritati.
1555 3633 1766 3688 Etenim
1805 3636 1963 3702 paulo

386 3721 554 3773 minus
573 3721 641 3773 ab
664 3722 854 3792 angelis
878 3722 1182 3786 minoratus,
1208 3732 1257 3775 et
1282 3738 1414 3776 unus
1438 3724 1599 3790 factus
1615 3734 1686 3776 est
1707 3740 1771 3777 ea
1796 3724 1957 3790 nobis,

388 3811 527 3867 bene
549 3814 733 3879 printze
788 3821 946 3880 atque
975 3813 1184 3870 caelesti
1216 3814 1605 3880 escellentiori,
1637 3824 1695 3870 ιιι
1735 3816 1958 3885 asseris,

389 3913 651 3957 creaturte
676 3919 780 3957 non
828 3905 1001 3975 potuit
1028 3907 1346 3975 comparari.
1376 3906 1436 3963 Si
1471 3920 1598 3967 vero
1631 3906 1732 3961 hoc
1769 3923 1960 3962 securi-.-

384 3995 514 4053 dum
541 3994 764 4049 fortnam
783 3996 873 4052 Dei
897 3996 1140 4055 Christus
1168 3998 1374 4055 loeutus
1404 4006 1508 4065 est,
1547 4000 1735 4057 facturi
1777 4002 1959 4070 utique

384 4088 646 4142 iacturam
679 4099 883 4144 certum
912 4098 995 4144 est
1023 4105 1129 4144 non
1185 4089 1436 4147 debuisse
1483 4091 1738 4147 conferri.
1788 4093 1865 4148 Ac
1911 4093 1956 4147 si

383 4177 509 4238 huic
533 4179 901 4235 exeellcntiori
930 4193 1264 4241 creaturmse
1288 4182 1448 4235 homo
1486 4191 1754 4251 equnst,
1786 4184 1958 4237 mino.

381 4270 458 4324 ris
485 4271 731 4339 superbia
756 4283 859 4337 est,
912 4274 956 4325 si
1013 4272 1151 4325 Deus
1206 4272 1425 4343 majoris
1457 4272 1651 4340 injuria
1674 4281 1783 4335 est,
1820 4274 1958 4340 Quia

379 4374 508 4428 ergo
539 4360 590 4416 in
612 4372 870 4415 creaturae
892 4362 1195 4417 conditione
1213 4363 1461 4417 constare
1479 4364 1580 4416 sibi
1606 4363 1721 4421 hinc
1742 4379 1956 4431 compa-

380 4450 520 4503 ratio
545 4466 652 4505 non
706 4452 1036 4518 agnoscitur,
1086 4462 1254 4506 restat
1300 4463 1359 4508 ut
1397 4462 1621 4521 uterque
1671 4455 1809 4510 Deus
1834 4471 1954 4508 esse

2063 3262 2128 3313 ad
2157 3260 2581 3327 prmdieandnm,
2611 3263 2703 3315 sed
2742 3262 2807 3315 ad
2838 3264 3064 3317 dandam
3097 3268 3460 3331 pmtuitenliam
3490 3261 3517 3319 a
3544 3269 3640 3320 l‘a-.

2063 3363 2142 3407 tre
2187 3353 2373 3412 Filium
2417 3356 2708 3419 destinari,
2753 3366 2809 3410 et
2847 3358 3337 3424 obtemperantibus
3385 3360 3639 3427 Spiritum

2061 3455 2303 3500 sanctum
2325 3446 2412 3513 qni
2441 3447 2795 3501 obedientiam
2824 3460 3132 3503 renumeret
3162 3451 3387 3503 infundi.
3417 3453 3639 3521 Stepha-

2061 3552 2162 3591 nus
2189 3537 2287 3591 sub
2315 3550 2584 3593 momcnto
2611 3541 2905 3607 passionis,
2934 3540 3138 3609 Spiritu
3165 3552 3350 3597 sancto
3388 3544 3640 3613 impletur

2060 3638 2111 3683 et
2143 3629 2390 3683 reseratis
2414 3631 2635 3696 iustitiae
2663 3632 2828 3697 portis
2872 3646 2900 3685 a
2932 3632 3133 3688 dextris
3163 3632 3332 3687 Patris
3360 3634 3524 3689 Filius
3556 3652 3639 3691 re-

2060 3720 2288 3786 velatnr,
2335 3722 2472 3777 sicut
2517 3723 2630 3791 ipse
2670 3725 2869 3790 Spiritu
2916 3736 3105 3780 sancto
3146 3727 3380 3795 repletus
3427 3727 3637 3783 ell‘atnr.

2062 3810 2195 3867 Ecce
2232 3815 2377 3867 video
2406 3816 2556 3869 cwlos
2585 3824 2815 3883 apertos,
2844 3826 2890 3870 et
2916 3818 3082 3895 ﬁlium
3122 3819 3341 3872 hominis
3366 3828 3580 3875 stantem
3608 3838 3640 3875 a

2061 3906 2251 3959 dextris
2279 3906 2391 3961 Dei.
2426 3906 2558 3961 Vide
2584 3910 2850 3975 quomodo
2876 3910 2976 3966 sub
3006 3912 3311 3979 spectaculo
3338 3911 3636 3977 Trinitatis,

2058 3995 2252 4051 edebat
2298 4012 2516 4052 munera
2566 3998 2850 4066 passionis.
2914 3999 3222 4057 Cornelium
3270 4003 3638 4058 centurionem

2060 4086 2248 4141 Petrus
2268 4088 2554 4156 alloquitur
2573 4090 2756 4144 dicens
2780 4088 2988 4145 :Jesum
3007 4091 3361 4155 Nazarenam,
3382 4094 3637 4159 quomodo

2057 4178 2204 4234 unxit
2223 4194 2339 4231 eum
2361 4178 2498 4234 Deus
2521 4179 2721 4247 Spiritu
2750 4189 2944 4233 sancto.
2970 4179 3131 4235 Unxit
3156 4180 3317 4246 Deus,
3345 4182 3394 4235 id
3423 4190 3508 4235 est
3532 4183 3637 4235 vir-

2060 4275 2144 4325 lus
2175 4269 2434 4337 implevit,
2466 4270 2763 4326 benedictio
2790 4271 2999 4336 infudit,
3033 4272 3285 4325 divinitas
3317 4275 3632 4340 penetravit.

2062 4358 2328 4424 Quomodo
2373 4363 2517 4415 unxit
2560 4378 2672 4419 eum
2706 4361 2842 4417 Deus
2872 4364 3075 4430 Spiritu
3120 4373 3316 4417 sancto.
3359 4364 3479 4417 Tria
3522 4364 3635 4419 haec

2059 4452 2413 4519 prOprietates
2467 4467 2593 4507 snas
2646 4453 2921 4509 evidenter
2966 4454 3368 4512 demonstrant:
3417 4454 3631 4520 Munus,

381 4543 653 4611 credatur,
682 4559 745 4599 ac
771 4545 873 4600 sibi
894 4553 1077 4599 mutuo
1102 4545 1395 4600 divinitatis
1422 4547 1698 4615 inqualitas
1730 4562 1949 4615 compa-
1980 4520 2032 4587 ι)
2057 4557 2366 4608 tnnnerans,
2404 4555 2736 4599 muneratus.
2772 4547 3004 4614 Ungens.
3035 4555 3251 4613 unctus,
3282 4555 3633 4613 unguentum,

379 4644 551 4690 retur.
572 4635 707 4693 Nam
735 4637 861 4690 dum
908 4636 1152 4691 Salvator
1181 4638 1413 4707 loquitur
1443 4654 1534 4705 per
1554 4639 1812 4693 Joannem
1841 4656 1857 4699 :-
1884 4637 1953 4697 Et

380 4742 472 4796 ego
518 4727 709 4797 rogabo
760 4726 987 4793 Patrem,
1019 4739 1065 4782 et
1094 4729 1255 4783 alium
1280 4730 1589 4799 paracletum
1626 4730 1764 4782 dabit
1793 4731 1950 4797 vobis,

382 4813 636 4880 Spiritum
666 4818 905 4880 veritatis,
936 4835 1079 4887 quem
1100 4812 1199 4872 rbic
1228 4819 1444 4873 mundus
1484 4836 1584 4871 non
1633 4830 1791 4889 potest
1819 4823 1953 4875 acci-

384 4920 499 4979 pere
526 4903 688 4976 (Ibid.
698 4918 738 4977 ι,
760 4910 847 4977 qui
876 4910 1125 4964 universo
1167 4911 1367 4963 mundo
1392 4910 1505 4966 dari
1550 4920 1740 4979 potest.
1790 4914 1954 4965 mani-

384 4999 519 5059 feste
551 5000 690 5055 Deus
712 5009 797 5056 est
837 5004 1039 5057 mundi.
1064 5004 1279 5061 Trinant
1310 5013 1365 5059 et
1405 5004 1491 5059 hic
1535 5020 1766 5075 agnosce
1791 5005 1953 5060 virtu-

382 5105 511 5148 tem.
544 5093 702 5148 Pater
743 5106 825 5147 est
853 5096 941 5162 qni
988 5094 1252 5149 indicatur
1302 5096 1589 5163 rogandus,
1652 5095 1819 5150 Filius
1862 5097 1953 5165 qui

383 5184 689 5254 intelligitur
715 5197 1013 5254 rogaturus,
1055 5187 1284 5255 Spiritus
1319 5200 1535 5243 sanctus
1563 5189 1651 5257 qui
1682 5189 1948 5257 promittis

352 5279 464 5329 ’tur
490 5291 519 5329 a
548 5276 707 5333 Patre
755 5279 1067 5335 mittendus.
1100 5278 1332 5335 Advorte
1380 5293 1662 5353 personam
1712 5279 1947 5347 Spiritus

383 5370 568 5435 Sancti,
602 5382 717 5425 non
744 5380 849 5423 tam
902 5372 1144 5438 cognatis
1175 5378 1232 5435 ut
1259 5371 1457 5425 asscris
1496 5370 1760 5426 creaturis
1798 5384 1950 5425 asso-v

383 5459 529 5523 piari,
552 5460 647 5515 sed
691 5476 787 5530 per
814 5462 992 5516 omnia
1027 5461 1278 5523 Trinitati
1316 5462 1566 5533 operibus
1610 5459 1849 5531 adjungi,
1895 5468 1952 5520 et

369 5549 658 5613 virtutibus
667 5554 957 5634 exmquari.

2054 4634 2189 4691 sicut
2213 4636 2269 4691 in
2291 4635 2394 4695 alio
2419 4634 2535 4689 loco
2556 4635 2687 4690 dicit
2712 4650 2892 4690 sermo
2920 4636 3137 4689 divinus
3164 4654 3176 4688 :
3208 4636 3365 4695 Unxit
3393 4646 3440 4693 te
3469 4635 3630 4701 Deus;

2054 4725 2190 4781 Deus
2220 4737 2335 4781 tuus
2363 4728 2472 4781 oleo
2502 4729 2710 4782 thitiw.
2764 4728 2819 4780 In
2845 4738 3094 4797 suscepto
3121 4727 3335 4783 homine
3366 4728 3505 4782 Dens
3535 4743 3634 4781 un-

2051 4817 2217 4887 gitur,
2248 4826 2303 4871 et
2331 4818 2469 4872 Deus
2495 4818 2661 4887 ungit,
2692 4826 2746 4872 et
2769 4818 2869 4872 sub
2892 4819 3149 4879 columbte
3176 4820 3410 4873 caelestis
3442 4818 3630 4886 illapsu

2052 4918 2285 4975 potestas
2309 4908 2483 4962 Patris
2503 4908 2828 4977 agnoscitur,
2859 4908 2937 4961 fas
2960 4924 3065 4962 non
3087 4917 3188 4974 est,
3213 4916 3266 4959 ιιι
3292 4908 3377 4961 hie
3398 4908 3632 4975 Spiritus

2053 5010 2291 5060 sanctus.
2324 5014 2353 5057 a
2380 5015 2485 5068 quo
2511 4999 2677 5055 Filius
2706 5000 2938 5055 hominis
2966 4998 3211 5054 Christus
3232 4998 3343 5067 jam
3370 4998 3464 5053 Dei
3493 4999 3629 5054 Filio

2054 5092 2241 5161 plenus
2282 5092 2567 5160 impletttr,
2614 5091 2755 5146 aliud
2814 5105 2972 5160 quam
3016 5091 3155 5144 Deus
3196 5103 3317 5144 esse
3357 5089 3627 5147 credatur.

2051 5185 2183 5239 Nam
2214 5185 2255 5238 si
2287 5194 2529 5239 creatura
2558 5193 2725 5248 esset,
2753 5181 3021 5250 quomodo
3052 5193 3334 5250 penetrare
3363 5194 3540 5250 posset
3570 5184 3626 5237 in

2045 5290 2361 5343 corpoream
2388 5284 2626 5331 naturam
2651 5274 2830 5328 omnia
2852 5273 3252 5342 penetrantem?
3277 5272 3450 5341 Capax
3479 5272 3624 5328 enim

2049 5365 2132 5423 Sui
2153 5375 2230 5419 εει
2252 5365 2506 5428 Trinitas,
2524 5364 2662 5419 sicut
2675 5381 2767 5436 ego
2788 5365 2841 5417 in
2856 5362 3015 5415 Putre
3034 5373 3080 5415 et
3097 5361 3254 5415 Pater
3271 5363 3325 5416 in
3350 5380 3428 5417 me
3444 5363 3622 5435 (loco.

2048 5460 2183 5530 xw).
2215 5459 2282 5513 Et
2319 5459 2508 5513 iterum
2555 5476 2568 5511 :
2611 5458 2836 5527 Spiritus
2874 5466 3131 5510 scrutatur
3175 5458 3327 5510 etiam
3368 5457 3627 5526 profunda

2049 5549 2147 5604 Dei
2175 5547 2227 5618 (I
2250 5547 2368 5604 Cor.
2399 5548 2483 5616 ιι).
2531 5547 2687 5611 item,
2729 5546 2952 5615 Spiritus
2989 5547 3073 5612 qui
3110 5563 3173 5601 ea:
3203 5545 3361 5599 Patre
3399 5546 3625 5615 procedit

2050 5641 2230 5709 (Joan.
2254 5641 2365 5709 sv).
2407 5642 2516 5696 Nisi
2543 5641 2627 5694 hic
2652 5638 2884 5708 Spiritus
2914 5654 2977 5693 ex
3008 5639 3162 5694 Patre
3189 5647 3350 5699 esset,
3382 5645 3438 5691 et
3466 5650 3620 5691 natu-

2053 5733 2234 5798 taliter
2265 5735 2320 5796 in
2348 5734 2520 5797 Patris
2549 5744 2742 5797 teterna
2776 5732 2982 5795 infusus
3018 5732 3297 5798 habitaret,
3332 5730 3622 5798 procedere
