4040 6184
278 349 339 401 ει
1426 342 1512 397 DE
1549 339 1816 398 SPIRITU
1858 336 2123 396 SANCTO
2160 336 2291 393 LIB.
2334 335 2369 391 I.
3481 335 3559 388 ετξ

277 474 341 513 ex
376 458 535 513 Patre
563 471 670 511 non
708 465 911 523 posset.
964 454 1066 511 Sed
1112 454 1408 522 interrogas
1437 462 1614 508 utrum
1655 466 1868 519 semper
1895 456 1945 513 Α
1973 466 2062 521 per
2092 466 2205 503 cum
2235 448 2466 503 omnibus
2496 448 2631 503 vobis
2661 447 2748 519 (ll
2790 448 2907 503 Cor.
2936 447 3078 517 ult.).
3125 446 3303 502 Gratia
3332 446 3550 517 Christi,

283 555 519 623 Spiritus
544 567 609 606 ex
642 551 799 605 Patre
833 548 1083 618 procedat
1109 564 1122 599 :
1146 561 1359 615 semper
1379 560 1497 600 cum
1524 545 1633 609 illo,
1660 559 1873 613 semper

278 662 346 699 es
381 646 506 708 illo,
547 644 691 697 sicut
729 640 880 696 calor
918 654 981 694 ex
1024 639 1173 708 igne,
1210 639 1283 692 ita
1319 638 1436 692 sine
1476 636 1873 691 intermissione

284 736 560 806 profertur
595 740 657 786 ut
694 732 880 802 egredi
916 732 1077 795 sciat,
1110 731 1349 797 separari
1393 732 1613 784 nesciat.
1666 726 1797 781 Nam
1825 727 1870 781 si

290 843 393 879 non
419 830 569 879 esset
591 824 829 891 Spiritus
856 820 1025 876 sancti
1055 820 1326 886 processio
1356 818 1699 887 sempiterna,
1732 816 1872 871 loea-

283 918 348 970 Iis
382 918 659 971 videntur
687 928 811 968 esse
848 911 1187 967 substantia:
1234 912 1277 964 si
1320 924 1425 963 non
1470 910 1608 963 alter
1644 909 1870 964 alterum

282 1010 406 1063 sine
433 1006 790 1075 permixtione
824 1005 910 1058 sui
944 1010 1187 1070 penetrat
1226 1002 1537 1068 incorporea
1578 1014 1688 1053 suae
1717 999 1876 1055 clari-

289 1100 415 1150 tatis
447 1098 669 1159 unione,
701 1095 806 1150 erit
830 1094 1049 1147 contusa
1079 1091 1356 1145 divinitas.
1408 1089 1700 1143 Permistio
1729 1090 1872 1143 enim

286 1187 424 1253 tollit
471 1187 723 1239 essentias
773 1182 998 1251 triplicis
1046 1181 1451 1250 proprietatem,
1503 1178 1698 1233 inlusio
1749 1192 1875 1231 vero

288 1289 470 1332 minus
499 1277 806 1332 distinctam
838 1274 1071 1330 ostendit
1095 1272 1407 1335 essentiam,
1430 1286 1548 1340 qua:
1579 1271 1719 1325 inter
1748 1272 1870 1324 sub-

288 1370 539 1424 stantiam
581 1375 639 1421 et
674 1380 935 1436 personas
978 1363 1153 1418 media
1183 1362 1349 1415 videri
1384 1368 1577 1431 potest.
1628 1363 1705 1414 Ad
1750 1363 1882 1414 sub--

286 1459 542 1514 stantiam
572 1458 807 1527 pertinet
833 1454 977 1525 quod
1003 1454 1246 1508 subsistit
1274 1469 1287 1504 :
1319 1452 1385 1506 ad
1417 1465 1673 1521 personas
1707 1451 1873 1518 perti-

290 1562 398 1615 net,
422 1551 565 1620 quod
589 1549 807 1618 proprie
828 1548 927 1602 sibi
951 1559 1279 1616 unaquaque
1298 1545 1557 1601 subsistit.
1580 1545 1876 1613 Discipulos

288 1657 415 1696 suos
445 1641 641 1696 Paulus
667 1643 775 1695 alio
798 1639 957 1704 ,uitur
985 1638 1203 1693 dicens:
1234 1636 1357 1691 Non
1385 1636 1721 1706 subter-fugio,
1747 1652 1875 1705 quo—

288 1732 456 1784 minus
482 1731 781 1783 annuatim
808 1729 948 1782 vobis
977 1742 1123 1781 omne
1151 1726 1421 1781 consilium
1460 1726 1571 1780 Dei.
1622 1727 1876 1779 Attendite

1976 543 2210 597 Charitas
2246 542 2363 609 Dei,
2392 542 2802 597 communicatio
2832 542 3000 595 sancti
3021 542 3268 610 Spiritus.
3293 552 3403 596 tres
3435 558 3546 610 per-

1975 646 2137 689 sonas
2176 634 2453 689 evidenter
2490 636 2779 703 expressit.
2845 633 2975 687 Item
3018 633 3081 687 ad
3125 632 3429 686 Corinthios
3472 648 3551 685 so-

1974 724 2149 778 cundo
2174 742 2185 777 :
2223 724 2324 791 Qui
2351 736 2517 778 autem
2550 725 2817 791 conﬁrmat
2846 740 2935 776 nos
2968 723 3221 777 vobiscum
3251 724 3301 776 in
3331 722 3554 786 Christo.

1976 826 2023 870 et
2051 817 2136 886 qui
2164 818 2309 869 unxit
2346 833 2436 869 nos
2464 815 2597 869 Deus
2616 859 2627 874 .
2659 826 2705 867 et
2734 818 2819 885 qui
2858 816 3169 885 consignavit
3206 831 3318 877 nos,
3349 824 3393 867 et
3420 815 3555 867 dedit

1976 908 2119 960 nobis
2161 906 2342 976 pignus
2378 906 2602 976 Spiritus
2642 906 2695 959 in
2731 906 2965 959 cordibus
3000 907 3184 958 nostris
3215 902 3304 971 (11
3330 903 3449 958 Cor.
3493 908 3555 976 t).

1976 996 2129 1053 Unde
2161 998 2211 1050 in
2238 997 2491 1065 aperibus
2517 995 2773 1051 unitatem
2806 996 3093 1051 individua:
3122 996 3398 1051 Trinitatis
3428 1011 3550 1051 con-

1978 1087 2174 1154 ﬁrmat,
2202 1095 2255 1141 et
2276 1088 2455 1155 signat
2477 1102 2573 1141 nos
2596 1088 2810 1157 proprie
2835 1101 2927 1157 per
2944 1084 3239 1152 Christum,
3262 1097 3313 1142 et
3337 1086 3556 1141 daturus

1977 1180 2233 1247 seipsum,
2269 1180 2358 1233 dat
2383 1180 2491 1248 iam
2536 1180 2588 1233 in
2630 1179 2875 1249 prreseuti
2925 1181 3112 1247 pignus
3142 1178 3396 1247 Spiritum
3429 1193 3555 1233 san-

1976 1278 2142 1324 ctum.
2172 1271 2227 1324 In
2252 1271 2476 1325 terrenis
2500 1269 2724 1339 nqutiis
2746 1275 2917 1325 arrlt:e
2942 1271 3228 1339 quantitas,
3255 1280 3556 1324 contractus

1978 1362 2123 1416 illius
2164 1372 2261 1431 pro
2289 1377 2395 1431 quo
2422 1362 2784 1416 intercesserit
2812 1362 3055 1432 qttmdam
3094 1362 3267 1430 portio
3300 1370 3412 1429 est,
3446 1364 3553 1432 pig-

1979 1457 2126 1511 noris
2165 1472 2292 1511 vero
2320 1456 2478 1521 ratio,
2512 1459 2761 1512 meritum
2796 1460 2870 1513 rei
2900 1474 2998 1529 pro
3027 1474 3128 1527 qua
3174 1460 3295 1528 poni
3326 1460 3553 1526 videtur,

1978 1546 2208 1603 excedit.
2262 1548 2359 1602 li'c
2384 1562 2511 1601 vero
2542 1548 2806 1615 maiestati
2836 1553 3026 1617 pignus
3053 1565 3207 1603 somn
3235 1550 3355 1620 quia
3387 1553 3555 1604 nescit

1978 1639 2238 1708 pratlerri,
2274 1653 2491 1694 necesse
2518 1649 2598 1693 est
2626 1641 2914 1709 exmquari.
2949 1639 3227 1711 Nequeunt
3255 1642 3397 1695 enim
3431 1657 3553 1711 per-

1980 1730 2115 1784 fecta
2144 1729 2466 1785 transcendi.
2488 1728 2622 1783 -Pro
2663 1744 2721 1784 se
2761 1746 2888 1799 ergo
2917 1730 3072 1785 Pater
3102 1730 3334 1800 Spiritus
3381 1732 3551 1785 sancti

288 1821 423 1875 vobis
441 1831 490 1875 et
510 1821 746 1875 universo
765 1819 991 1889 gregi,in
1012 1833 1112 1888 quo
1127 1818 1351 1885 Spiritus
1371 1826 1574 1871 sanctus
1596 1832 1681 1869 vos
1702 1817 1870 1884 posuit
1903 1822 1948 1883 Β
1976 1821 2163 1888 pignus
2208 1820 2464 1891 indulget.
2509 1819 2589 1875 Nil
2613 1821 2790 1890 itaque
2819 1822 2871 1876 in
2902 1820 3104 1892 Spiritu
3132 1833 3319 1877 saneto
3340 1838 3546 1891 semper

287 1914 584 1984 episcopos,
610 1928 784 1982 regere
815 1910 1095 1965 Ecclesium
1124 1909 1247 1975 Dei,
1276 1925 1429 1979 quam
1455 1909 1721 1979 acquisivit
1749 1924 1868 1962 son-

288 2009 439 2075 guine
464 2021 582 2058 suo.
623 2006 790 2070 Quam
820 2002 1048 2058 dilucide
1078 2004 1319 2070 personis
1350 2002 1465 2055 suis
1504 2010 1610 2057 tota
1638 2001 1869 2057 Trinitas

284 2097 639 2166 designatur!
680 2094 976 2151 Consilium
1006 2094 1097 2149 Dei
1124 2093 1293 2147 Patris
1319 2093 1627 2156 annuntiat;
1662 2092 1869 2161 episco-

288 2203 386 2257 pos
407 2204 436 2239 a
461 2187 664 2255 Spiritu
694 2194 881 2239 sancto
909 2185 1183 2238 ordinatos
1211 2197 1330 2238 esse
1358 2184 1668 2247 conﬁrmat;
1704 2182 1867 2238 Deum

284 2283 447 2332 etiam
486 2276 778 2341 Christum,
820 2278 973 2342 cuius
1017 2274 1273 2343 sanguine
1310 2272 1548 2328 Ecclesia
1593 2274 1663 2327 sit
1691 2274 1869 2342 aequi.

287 2376 413 2435 sita,
448 2373 802 2427 demonstrat.
851 2369 933 2425 Ad
983 2369 1253 2423 Romanos
1296 2369 1454 2422 etiam
1496 2367 1727 2421 Trinitas
1771 2366 1872 2421 sub

290 2467 567 2520 nominum
590 2462 915 2532 proprietate
937 2460 1213 2530 digeritur.
1241 2460 1390 2525 Quod
1418 2460 1463 2512 si
1485 2458 1713 2529 Spiritus
1733 2460 1869 2528 ejus,

289 2561 377 2624 qui
418 2557 677 2609 suscitavit
709 2554 916 2615 Iesum,
958 2554 1150 2606 habitat
1190 2553 1244 2605 in
1283 2552 1452 2615 vobis,
1487 2552 1572 2617 qui
1611 2552 1873 2606 suscitavit

289 2647 472 2699 Jesum
497 2662 532 2697 ts
554 2645 797 2707 mortuis,
822 2643 1091 2711 viviﬁcabit
1121 2652 1169 2695 et
1190 2642 1425 2695 mortalia
1452 2657 1667 2711 corpora
1689 2652 1868 2705 vestra,

289 2745 495 2806 praptcr
515 2736 883 2789 inhabitantetu
907 2735 1153 2802 Spiritum
1173 2736 1283 2803 ejus
1304 2735 1357 2787 in
1378 2735 1514 2788 vobis
1536 2735 1554 2801 (
1567 2734 1712 2787 Rom.
1735 2735 1870 2805 vni).

290 2829 449 2884 Pater
476 2829 736 2893 suscitat,
770 2827 935 2881 Filius
973 2827 1280 2893 suscitatur,
1312 2837 1366 2881 et
1406 2835 1621 2895 propter
1658 2826 1867 2881 inhabi-

290 2929 492 2974 tantem
525 2918 782 2987 Spiritum
814 2917 1196 2983 resuscitandis
1225 2918 1529 2973 mortalium
1556 2920 1873 2987 corporibus

293 3011 403 3064 vita
426 3009 781 3077 promittitur.
816 3008 883 3063 Et
912 3008 965 3062 in
1001 3009 1346 3078 consequenti
1378 3026 1391 3061 :
1432 3008 1533 3063 Vos
1571 3019 1742 3063 autem
1772 3026 1872 3063 non

288 3103 411 3155 estis
449 3103 509 3155 in
548 3115 723 3166 carne,
747 3100 837 3154 sed
879 3099 935 3153 in
968 3098 1186 3171 Spiritu,
1232 3101 1276 3152 si
1317 3110 1485 3153 tamen
1518 3098 1743 3171 Spiritus
1780 3099 1872 3154 Dei

1972 1911 2057 1966 vel
2087 1912 2439 1983 semiplenam
2468 1927 2630 1981 super
2655 1912 2893 1983 plenum,
2926 1916 3138 1982 plenum
3166 1924 3399 1982 putetur,
3426 1914 3549 1984 quia

1973 2005 2286 2074 plenitudini
2309 2016 2670 2076 comparatur.
2694 2006 2825 2061 Nam
2848 2008 2936 2072 qui
2961 2006 3024 2060 ad
3050 2008 3220 2062 vicem
3243 2007 3339 2061 Dei
3370 2009 3557 2076 pigno-
3610 2042 3611 2045 η

1974 2097 2047 2151 ris
2087 2097 2203 2150 loco
2247 2095 2521 2165 tribuitur,
2563 2096 2642 2150 ias
2681 2114 2786 2151 non
2814 2106 2919 2165 est,
2949 2107 3004 2152 ut
3043 2098 3186 2152 aliud
3225 2115 3382 2168 quam
3416 2099 3557 2153 Deus

1972 2198 2091 2241 esse
2133 2185 2401 2241 credatur.
2452 2187 2580 2242 item
2626 2187 2691 2241 ad
2719 2188 2936 2242 Titum:
2968 2186 3150 2244 Satvos
3192 2207 3283 2242 nos
3309 2191 3425 2260 fecit
3462 2207 3553 2259 per

1973 2279 2232 2331 lavacrum
2264 2278 2660 2347 regenerationis
2685 2288 2731 2332 et
2758 2280 3096 2334 renovationis
3121 2280 3346 2350 Spiritus
3371 2281 3556 2343 sancti,

1972 2382 2118 2432 quem
2144 2366 2327 2434 e/i‘udit
2356 2369 2409 2419 in
2438 2384 2530 2421 nos
2565 2370 2766 2421 abunde
2803 2384 2891 2439 per
2919 2366 3095 2422 Iesum
3127 2368 3382 2424 Christum
3415 2368 3545 2436 (Tit.

1975 2458 2075 2527 ιιι).
2111 2458 2247 2513 Ecce
2269 2460 2427 2513 etiam
2456 2459 2541 2514 hic
2567 2460 2666 2515 sub
2690 2460 2949 2515 Triuitate
2976 2460 3255 2516 manifeste
3281 2462 3433 2517 Pater
3462 2479 3556 2534 per

1977 2548 2165 2604 Filium
2197 2551 2579 2606 abundantiam
2609 2551 2843 2621 Spiritus
2880 2552 3048 2608 sancti
3081 2553 3220 2608 eﬂ‘ud
3248 2563 3283 2607 t.
3322 2555 3386 2608 Et
3415 2555 3557 2625 quod

1976 2640 2204 2695 maxime
2227 2641 2611 2696 advertendum
2638 2651 2741 2707 est,
2772 2643 2871 2710 ipsi
2903 2654 3091 2698 sancto
3113 2644 3336 2713 Spiritui
3370 2656 3556 2715 poten-

1974 2734 2100 2786 tiam
2139 2735 2564 2803 regenerationis
2595 2744 2645 2788 et
2674 2735 3038 2790 renovationis
3077 2736 3316 2791 sseribit.
3370 2737 3557 2792 Petrus

1975 2838 2188 2892 quoque
2212 2825 2261 2878 in
2288 2824 2526 2893 Epistula
2551 2838 2645 2880 sua
2668 2824 3082 2892 iusuperabilem
3109 2827 3351 2893 personis
3380 2829 3555 2896 expli-

1975 2925 2059 2969 cat
2086 2912 2400 2967 Trinitatem
2446 2914 2632 2967 dicens
2674 2928 2684 2965 :
2723 2913 3018 2968 Secundum
3051 2916 3420 2985 prwscienfiam
3464 2915 3557 2968 Dei

1978 3005 2156 3060 Patris
2183 3014 2231 3060 et
2265 3006 2725 3073 sanctiﬁcationem
2752 3005 3009 3073 Spiritus,
3038 3007 3090 3059 in
3121 3006 3478 3073 obedientiam,
3507 3018 3555 3062 et

1976 3100 2319 3169 aspersionem
2347 3098 2610 3168 sanguinis
2631 3096 2755 3152 Jesu
2776 3096 2984 3160 Christi,
3021 3098 3187 3168 gratia
3214 3098 3350 3153 vobis
3379 3108 3424 3153 et
3453 3117 3556 3169 pax

292 3196 489 3247 habitat
527 3195 582 3247 in
625 3193 782 3246 vobis.
831 3191 891 3248 Si
925 3193 1036 3261 quis
1078 3201 1247 3246 autem
1278 3192 1529 3261 Spiritum
1556 3192 1746 3247 Christi
1769 3209 1871 3247 non
1896 3188 1943 3250 C
1975 3190 2338 3263 multiplicetur
2373 3187 2426 3263 (Ι
2452 3189 2595 3246 Petr.
2631 3189 2688 3260 ι).
2739 3190 2794 3246 In
2827 3191 3157 3261 prrescientia
3185 3189 3364 3259 Pater,
3409 3201 3464 3246 et
3502 3194 3555 3247 in

290 3288 468 3350 habet,
490 3286 574 3339 hic
601 3301 705 3339 non
733 3294 807 3338 est
833 3288 966 3351 eius.
1004 3284 1134 3338 Dum
1164 3283 1295 3338 dicit
1318 3283 1564 3355 Spiritum
1591 3281 1705 3350 Dei,
1736 3292 1790 3339 et
1820 3285 1874 3339 in

291 3386 664 3447 consequente
693 3377 946 3446 Spiritum
974 3376 1195 3441 Christi,
1227 3376 1443 3431 adverte
1470 3378 1591 3443 quia
1623 3377 1712 3431 hic
1750 3392 1872 3446 pere

293 3484 490 3524 Sonam
514 3469 716 3523 Christi
748 3469 850 3523 sub
880 3469 969 3523 Dei
1009 3468 1366 3537 appellatione
1393 3468 1652 3538 designat.
1696 3469 1801 3523 Aut
1830 3470 1875 3525 sl

297 3564 388 3616 hic
421 3561 633 3616 Patrem
661 3560 817 3629 cuius
839 3559 1072 3627 Spiritus
1100 3559 1200 3625 sit,
1233 3558 1331 3613 sub
1361 3559 1450 3613 Dei
1484 3561 1875 3630 nuncupatione

294 3655 603 3718 signiﬁcat,
648 3668 778 3707 ecce
821 3653 905 3706 hic
941 3651 1174 3721 Spiritus
1220 3662 1433 3707 sanctus
1478 3667 1573 3722 per
1618 3654 1877 3709 unitatem

294 3744 633 3808 substantiae,
657 3753 710 3797 et
736 3742 928 3808 Patris,
950 3753 1003 3797 et
1026 3743 1141 3797 Filii
1164 3757 1283 3797 esse
1304 3742 1531 3811 Spiritus
1551 3743 1872 3812 declaratur,

295 3849 347 3889 et
390 3838 589 3890 merito
630 3836 922 3903 procedere
966 3851 1031 3889 ex
1081 3846 1303 3905 utroque
1336 3836 1684 3905 dignoscitur,
1732 3848 1786 3892 et
1822 3836 1876 3893 in

297 3930 383 3982 vin
418 3929 515 3981 uio
549 3927 822 3981 Trinitatis
862 3927 1164 3980 distinctam
1209 3927 1406 3983 habere
1448 3942 1724 3996 personam
1758 3944 1878 3997 per-

296 4020 549 4086 spicitur,
592 4028 650 4072 et
687 4018 775 4087 qui
820 4016 1074 4083 Spiritum
1122 4025 1363 4071 sanctum
1410 4032 1514 4071 non
1561 4019 1747 4083 habet,
1779 4034 1879 4074 nec

295 4114 571 4165 t.hristum
599 4110 795 4165 habere
819 4118 1163 4164 monstratur.
1190 4110 1329 4165 Deus
1352 4110 1526 4179 itaque
1547 4120 1629 4166 est
1648 4110 1876 4181 Spiritus

298 4213 551 4263 sanctus.
597 4216 704 4271 quo
744 4210 934 4270 negato
968 4210 1189 4268 negatur
1218 4210 1271 4254 et
1295 4202 1539 4256 Christus
1578 4204 1665 4271 qui
1703 4203 1875 4262 dixit:

224 4278 227 4303 ³
300 4291 470 4345 Nune
503 4293 636 4344 venit
660 4293 727 4343 ad
754 4290 959 4343 Patrem
986 4291 1083 4344 nsi
1107 4306 1194 4357 per
1214 4305 1311 4342 me.
1334 4291 1431 4357 Qui
1462 4291 1663 4360 Spiritu
1690 4305 1877 4350 sancto

226 4372 231 4381 ’
297 4398 503 4439 tacitus
533 4393 638 4449 est,
665 4384 860 4438 Christi
890 4398 994 4437 non
1023 4392 1123 4448 est,
1154 4392 1209 4439 et
1236 4384 1409 4453 perdit
1440 4386 1601 4451 viam,
1626 4400 1729 4455 qua
1759 4404 1879 4458 per-

228 4536 229 4539 ,
296 4477 520 4532 venitur
548 4477 615 4531 ad
645 4475 879 4531 Patrem.

914 4613 1136 4671 CAPUT
1187 4615 1276 4670 XI.

468 4709 567 4763 Dei
596 4709 860 4777 proprium
888 4724 995 4762 esse
1022 4717 1076 4762 ut
1106 4708 1382 4777 sanctiﬁcat
1409 4719 1711 4764 creaturam.

373 4821 455 4875 Ad
469 4819 789 4874 Corinthios
803 4818 969 4885 prima
988 4817 1247 4888 Epistula.
1271 4818 1335 4872 Et
1352 4819 1460 4874 Ιιωε
1473 4822 1675 4890 quidem
1693 4824 1882 4889 fuistis,

300 4914 390 4967 sed
412 4912 575 4965 abluti
600 4910 738 4973 estis,
752 4910 1117 4978 scdjustiﬁcati
1142 4910 1259 4963 estis
1277 4912 1329 4963 in
1350 4915 1551 4965 nomine
1566 4911 1768 4965 Domini
1787 4929 1886 4965 no-

298 5004 396 5057 stri
416 5002 543 5055 Jesu
566 5001 774 5065 Christi,
793 5002 911 5053 etin
926 5001 1124 5069 Spiritu
1145 5000 1233 5053 Dei
1250 5003 1409 5054 nostri
1428 5000 1482 5070 (l
1497 5001 1614 5055 Cor.
1638 5001 1731 5071 vt).
1754 5003 1889 5057 Ecce

297 5105 355 5148 et
366 5095 461 5148 hic
480 5094 578 5147 sub
590 5092 680 5147 Dei
695 5093 889 5156 nostri,
906 5092 956 5145 id
966 5098 1052 5147 est
1061 5091 1160 5145 sub
1171 5090 1344 5145 Patris
1358 5093 1889 5161 commemoratione,

296 5188 544 5256 Spiritus
576 5196 793 5240 sanctus
822 5184 1218 5240 Corinthiorum
1246 5184 1432 5238 ﬁdeles
1460 5184 1670 5238 Christo
1696 5199 1888 5254 coope-

298 5290 463 5335 rante
514 5280 832 5335 sanctiﬁcat.
882 5278 1228 5332 Sattctsﬁcarts
1274 5278 1413 5330 nulla
1458 5287 1695 5332 creatura
1732 5278 1888 5332 aliam

302 5373 525 5442 penitus
548 5381 744 5439 putest.
787 5370 1020 5438 Largitio
1039 5367 1500 5434 sanctiﬁcationis,
1528 5368 1889 5423 muniﬁcentia

300 5466 477 5519 solius
498 5473 584 5517 est
606 5461 923 5529 maiestatis.
948 5459 1062 5525 Quo
1089 5459 1207 5513 loco
1230 5458 1281 5511 in
1311 5458 1524 5513 nomine
1545 5458 1669 5513 Jesu
1691 5460 1886 5513 Christi

301 5567 356 5609 et
400 5555 456 5607 in
488 5552 694 5621 Spiritu
733 5552 825 5606 Dei
858 5552 1052 5614 nostri,
1085 5559 1193 5603 tres
1232 5563 1458 5619 agnosce
1490 5563 1762 5615 personas.
1810 5548 1889 5603 Ad

299 5647 619 5703 Corinthios
639 5645 872 5700 secunda
898 5662 909 5697 :
932 5643 1110 5697 Gratia
1134 5640 1337 5696 Domini
1355 5640 1517 5700 nostri
1539 5638 1658 5693 Iesu
1679 5638 1889 5705 Christi,

298 5749 350 5795 et
371 5739 606 5795 charitas
633 5737 743 5807 Dei,
772 5746 819 5792 et
846 5734 1231 5793 communicatio
1250 5734 1410 5789 sancti
1434 5731 1659 5804 Spiritus
1683 5734 1743 5786 sit
1764 5751 1894 5788 sent-

1978 3283 2401 3339 sanctilicatione
2450 3281 2709 3353 Spiritus,
2778 3282 2830 3337 in
2880 3281 3189 3355 aspersione
3241 3282 3547 3353 sanguinis,

1977 3373 2222 3431 Christus
2246 3374 2563 3430 ostenditur.

2564 3513 2791 3571 CAPUT
2842 3515 2957 3569 XII.

2238 3612 2473 3669 Luculent
2497 3629 2601 3668 non
2629 3628 2734 3667 esse
2756 3611 3009 3683 Spiritum
3035 3619 3285 3667 sanctum.

2051 3731 2215 3785 Deum
2242 3730 2499 3798 Spiritum
2530 3738 2771 3782 sanctum
2802 3741 2867 3781 es
2897 3740 3007 3781 suis
3035 3727 3315 3780 virtutibus
3344 3737 3397 3780 et
3425 3742 3553 3797 ope-

1978 3822 2125 3877 ribus
2148 3822 2594 3877 demonstremus.
2615 3818 2801 3874 Omnis
2823 3827 3063 3873 creatura
3088 3819 3225 3874 sicut
3252 3828 3551 3887 tempormn

1982 3919 2150 3975 initiis
2174 3919 2433 3988 subiacet,
2458 3918 2530 3972 ita
2553 3916 2736 3970 localis
2756 3928 2875 3970 esse
2895 3916 3057 3969 certis
3076 3916 3263 3983 spatiis
3283 3923 3337 3969 et
3357 3915 3553 3968 ﬁnibus

1979 4010 2379 4078 circumscripta
2427 4008 2789 4077 cognoscitur.
2867 4004 3095 4073 Spiritus
3137 4016 3351 4060 sanctus
3394 4004 3553 4061 nullis

1982 4100 2219 4154 terminis
2252 4108 2499 4167 tanquam
2532 4097 2734 4150 factura
2763 4094 3132 4155 concluditur;
3166 4094 3305 4149 Deus
3335 4109 3553 4149 necesse

1980 4200 2081 4255 est,
2125 4202 2223 4257 pro
2263 4189 2375 4256 ipsa
2422 4187 2666 4240 libertate
2701 4183 2907 4237 dill'ttsaz
2948 4182 3239 4250 maiestatis
3274 4182 3549 4239 habeatur.

1982 4280 2194 4335 Domini
2226 4279 2517 4333 Salvatoris
2551 4278 2615 4330 ad
2647 4274 2919 4347 apostolos
2947 4288 3047 4329 vox
3074 4284 3156 4329 est
3183 4292 3197 4328 :
3234 4276 3380 4329 Dabit
3415 4279 3554 4332 vobis

1982 4371 2160 4437 Pater,
2193 4368 2392 4439 inquit,
2425 4367 2679 4439 Spiritum
2715 4366 2958 4428 veritatis,
2994 4365 3081 4434 qui
3114 4365 3367 4419 vobiscum
3402 4367 3466 4420 sit
3502 4367 3556 4420 in

1982 4473 2248 4516 internum.
2274 4462 2330 4517 Si
2356 4460 2542 4516 locatis
2569 4468 2671 4526 est,
2701 4466 2759 4513 et
2785 4466 3043 4527 perpetuo
3070 4457 3121 4511 in
3154 4456 3259 4513 illis
3285 4458 3553 4525 manebat,

1906 4585 1954 4643 Β
1983 4556 2166 4623 utique
2186 4552 2311 4607 alibi
2333 4566 2454 4607 esse
2477 4565 2580 4605 non
2605 4557 2829 4617 poterat.
2856 4548 3141 4602 Videamus
3159 4549 3205 4601 si
3233 4548 3349 4617 eius
3370 4557 3557 4603 natura

1982 4644 2239 4698 localibus
2284 4643 2355 4696 sit
2393 4638 2796 4695 determinanda
2846 4636 3124 4691 limitibus.
3174 4636 3263 4690 Ait
3308 4637 3561 4706 apostolis

1986 4735 2242 4789 Dominus
2270 4749 2284 4787 :
2316 4732 2583 4799 Accipietis
2611 4730 2847 4783 virtutem
2878 4728 3105 4794 Spiritus
3132 4729 3294 4781 sancti
3325 4744 3563 4796 superve-
3600 4728 3613 4741 ⁴

1988 4825 2172 4877 nientis
2198 4824 2252 4877 in
2278 4839 2395 4888 vos,
2436 4832 2480 4874 et
2510 4821 2649 4874 eritis
2677 4819 2800 4871 mihi
2827 4828 2973 4872 testes
2998 4819 3052 4871 in
3075 4816 3393 4886 Jerusalem,
3435 4829 3484 4873 et
3510 4821 3563 4873 in

1991 4916 2127 4970 omni
2156 4915 2370 4978 ludam,
2414 4923 2462 4967 et
2490 4913 2757 4974 Samaria,
2789 4920 2837 4965 et
2865 4926 3024 4976 usque
3047 4911 3114 4962 ad
3142 4911 3377 4964 ultimum
3417 4920 3565 4965 terra:

1992 5010 2128 5076 (Act.
2150 5006 2211 5074 l).
2231 5007 2356 5061 Post
2377 5006 2529 5073 cuius
2550 5006 2914 5059 ascensionem
2936 5005 3081 5057 venit
3100 5002 3328 5071 Spiritus
3348 5011 3565 5057 sanctus

1995 5113 2158 5167 super
2186 5110 2302 5163 eos,
2331 5108 2378 5151 et
2415 5104 2762 5167 apparuerunt
2789 5093 2895 5148 illis
2929 5094 3210 5164 dispartittz
3239 5092 3427 5165 tinguit
3455 5101 3566 5145 tan-

1992 5204 2147 5259 quam
2176 5188 2327 5257 ignis,
2353 5188 2576 5255 seditque
2605 5200 2763 5251 supra
2792 5183 3018 5254 siugulos
3052 5199 3247 5238 eorum.
3280 5183 3566 5237 Videamus

1995 5295 2161 5348 quare
2194 5278 2437 5347 primitus
2466 5278 2799 5331 diversarum
2832 5278 3098 5329 donantur
3138 5276 3431 5344 linguarum
3470 5273 3567 5325 be—

1999 5369 2351 5434 nedictiones,
2380 5369 2627 5422 nimirum
2660 5375 2716 5421 ut
2756 5365 2931 5420 idonei
2959 5366 3297 5420 efﬁcerentur
3332 5362 3568 5419 ﬁdelium

1997 5462 2298 5515 eruditione
2326 5461 2668 5531 populorum.
2711 5458 2810 5525 Qui
2848 5473 2975 5513 vero
3013 5458 3062 5510 in
3098 5454 3334 5523 singulos
3364 5454 3599 5512 sedisse‘

2002 5565 2354 5623 memoratur,
2396 5556 2444 5609 id
2482 5570 2656 5609 causa:
2695 5563 2777 5607 est
2812 5562 2864 5606 ut
2907 5551 3223 5618 intelligatur
3261 5565 3355 5619 per
3394 5552 3571 5621 plures

1999 5663 2102 5700 non
2123 5646 2288 5701 fuisse
2308 5645 2531 5710 divisus,
2553 5646 2811 5698 mansisse
2832 5643 2884 5695 in
2907 5638 3126 5708 singulis
3143 5647 3306 5704 totus,
3326 5641 3416 5696 sed
3435 5643 3571 5697 sicut

2002 5738 2115 5792 ﬁeri
2160 5738 2368 5806 ignibus
2405 5751 2521 5792 mos
2549 5744 2660 5800 est,
2701 5734 2835 5787 hanc
2875 5731 3013 5785 enim
3047 5740 3103 5785 ut
3143 5733 3386 5787 novimus
3416 5734 3570 5789 habet
