4040 6184
450 284 523 339 25
1754 280 2107 338 ιδλδειιριειι
2149 280 2423 337 ΝΜΖοΜ
3643 285 3714 339 ει

452 408 695 455 naturam
725 400 862 471 ignis
888 414 1166 462 accensus,
1201 409 1255 452 ιιι
1282 398 1463 468 quanti
1494 397 1559 450 ad
1585 413 1729 460 eum,
1757 397 1939 466 quanti
1966 395 2029 449 ad
2060 398 2107 455 Α
2142 405 2247 458 tur,
2274 408 2326 450 et
2350 397 2580 465 Spiritus
2601 404 2817 451 sanctus
2838 396 3129 467 procedere
3148 397 3513 466 signiﬁcatur?
3538 397 3596 453 Si
3625 415 3712 454 re-

448 490 654 545 criuem
682 490 933 561 purpurei
963 489 1263 559 splendoris
1292 489 1635 559 aspexerint,
1681 489 1842 542 tantis
1872 503 2023 542 usum

447 597 561 639 sua:
591 582 722 638 lueis
760 581 1057 651 impartiat,
1089 580 1251 635 tantis
1278 579 1628 635 ministerium
1666 580 1749 634 sui
1788 578 2026 651 muneris

449 671 667 739 tribuat,
701 682 755 727 et
784 671 1130 725 nihilominus
1157 671 1209 724 itt
1238 671 1319 725 sui
1352 670 1658 739 integritate
1687 668 2023 737 permaneat:

451 764 524 821 Ita
552 765 725 819 sancti
744 763 975 833 Spiritus
1002 764 1173 817 virtus
1195 763 1589 832 quantumlibet
1626 762 1830 831 el’lloat,
1858 777 2027 833 quan-

451 855 694 910 tumlibet
731 854 783 909 in
819 854 1077 923 plurimos
1103 855 1267 923 gratia
1296 853 1493 908 divina:
1527 853 1788 922 largitatis
1829 853 2028 909 exube-

452 956 562 1013 ret,
605 947 744 1000 sicut
783 945 982 1000 nullam
1028 949 1280 1015 probatur
1315 945 1554 1014 recipere
1587 960 1915 1009 mensuram,
1953 945 2025 999 ita

451 1041 649 1094 nullam
691 1039 858 1094 sensit
894 1053 1206 1107 expensam.
1247 1037 1482 1093 Adverte
1518 1037 1685 1092 Deum
1713 1052 1777 1090 ex
1806 1052 2025 1105 aperum

448 1132 725 1201 dignitate.
762 1131 1006 1201 Apostoli
1048 1130 1190 1199 pleni
1223 1128 1425 1199 Spiritu
1464 1141 1649 1182 saneto
1692 1144 1784 1196 per
1814 1144 2026 1183 omnem

452 1226 707 1279 mttndutn
757 1224 1037 1277 thesauros
1083 1221 1271 1275 salutis
1316 1221 1619 1289 erogaturi,
1668 1220 1888 1275 caeleste
1930 1220 2031 1272 hoc

452 1332 643 1368 ntttttus
671 1318 721 1367 itt
752 1330 812 1369 se
833 1312 1232 1377 etrcutttleruttt,
1258 1312 1310 1365 itt
1338 1314 1474 1365 alios
1500 1311 1743 1365 manibus
1768 1310 2030 1375 impositis

450 1406 799 1460 transferunt.
826 1403 1223 1471 Accipientibus
1251 1402 1369 1455 sine
1399 1402 1595 1455 damno
1623 1404 1777 1452 datur
1805 1400 2030 1467 largien-

448 1494 539 1554 tis.
569 1492 925 1549 Credentibus
953 1503 1096 1549 totus
1126 1493 1374 1555 traditur,
1399 1500 1454 1545 et
1480 1501 1621 1544 totus
1646 1506 1673 1542 a
1702 1490 2031 1543 tradentibus

449 1585 780 1656 possidetur,
811 1583 1081 1639 infusione
1118 1583 1234 1654 ejus
1274 1583 1552 1636 universus
1581 1581 1728 1635 orbis
1757 1581 2028 1649 impletur,

448 1680 566 1735 sine
605 1678 899 1734 attentione
928 1677 1200 1744 dilatatur,
1244 1676 1360 1729 sine
1390 1676 1654 1752 divisione
1683 1674 2028 1742 diSpergitur.

2128 488 2315 556 quiras
2363 489 2490 557 quid
2523 490 2661 543 inter
2692 498 2999 544 nascentem
3030 498 3084 543 et
3114 487 3492 556 procedentem
3523 489 3712 555 distet,
3746 476 3749 483 ’

2126 579 2407 635 evidenter
2431 580 2534 634 hoc
2561 582 2811 647 interest,
2834 583 2960 650 quia
2988 582 3090 636 iste
3115 596 3181 636 ex
3206 597 3312 636 uno
3339 583 3601 650 nascitur,
3626 583 3718 639 ille

2125 685 2191 724 ex
2225 680 2454 739 utroque
2492 672 2854 741 progreditur.
2894 672 3030 738 Quia
3067 688 3196 743 ergo
3233 672 3465 741 Spiritus
3499 684 3716 729 sanctus

2126 775 2156 815 a
2180 762 2343 817 Patre
2375 764 2641 831 procedit,
2676 765 2775 819 tria
2810 764 2862 819 in
2889 779 2956 819 eo
2982 765 3264 835 privilegia
3292 764 3508 821 deitatis
3532 774 3718 821 esten-

2126 855 2238 922 dit,
2266 855 2319 910 id
2349 866 2434 912 est
2462 867 2521 912 ut
2559 858 2611 912 in
2646 873 2874 927 p--rsona
2902 872 2996 913 sua
3026 858 3353 927 subsistere,
3381 869 3438 917 et
3463 862 3580 915 sine
3607 862 3717 916 u‘lo

2129 948 2389 1015 temporis
2420 950 2597 1016 spatio
2628 964 2962 1017 permanere,
2993 958 3048 1003 et
3077 950 3299 1004 omnino
3324 965 3389 1006 ex
3416 951 3714 1007 substantia

2131 1035 2311 1091 Patris
2340 1040 2598 1106 probetur
2631 1040 2884 1093 existere.
2932 1040 3065 1093 Dum
3096 1056 3223 1107 ergo
3253 1041 3542 1108 procedere
3568 1057 3719 1097 com-

2130 1137 2481 1191 memoratur,
2512 1130 2627 1197 ipsa
2654 1131 2979 1198 proprietate
3008 1132 3295 1195 sermonis,
3325 1133 3483 1188 nullis
3513 1144 3717 1201 tempo-

2130 1233 2247 1271 rum
2288 1219 2494 1285 legitus
2534 1221 2923 1289 circumscribi,
2962 1222 3058 1276 sed
3102 1224 3253 1276 initio
3288 1236 3336 1277 et
3384 1225 3489 1279 line
3529 1240 3716 1280 earere

2130 1325 2159 1365 c
2197 1316 2489 1379 gnoscitur.
2528 1314 2597 1368 Et
2624 1316 2746 1382 quia
2780 1315 3007 1383 legimus
3037 1333 3052 1370 :
3086 1315 3196 1387 Ego
3222 1333 3333 1369 sum
3359 1319 3449 1386 qui
3475 1332 3613 1383 sum,
3640 1328 3715 1382 et,

2130 1401 2217 1468 qvi
2248 1411 2321 1454 est
2353 1403 2486 1455 misit
2516 1419 2593 1455 me
2629 1401 2830 1469 (Exod.
2860 1404 2961 1473 ιιι).
3007 1405 3118 1459 lloc
3156 1406 3401 1459 similiter
3438 1406 3629 1459 indicat
3664 1415 3718 1459 et

2132 1493 2394 1561 procedit.
2429 1493 2560 1548 Esse
2588 1495 2732 1550 enim
2765 1507 2817 1549 et
2848 1498 3163 1565 procedere.
3196 1498 3352 1555 unius
3378 1497 3719 1564 setttpilerni-

2134 1585 2256 1638 tatis
2281 1586 2577 1653 expressio.
2612 1588 2750 1657 Ergo
2791 1589 2906 1657 ipsa
2942 1590 3237 1657 processio,
3280 1606 3379 1644 nec
3421 1591 3593 1657 prima
3621 1605 3720 1643 nec

2134 1689 2376 1730 extrema
2416 1682 2753 1748 contingens,
2791 1680 2921 1734 nulli
2970 1681 3051 1734 vel
3100 1681 3356 1749 principio
3406 1681 3719 1749 intelligitur

447 1771 505 1825 In
544 1770 633 1825 illa
669 1768 974 1839 specialiter
1005 1765 1367 1822 sacratissima
1411 1763 1833 1835 regenerationis
1874 1772 2030 1818 nocte
2061 1762 2107 1821 B
2135 1767 2415 1836 subiecere
2445 1770 2527 1821 vel
2562 1771 2808 1825 termino.
2849 1770 2966 1825 Non
2998 1788 3126 1840 ergo
3167 1772 3289 1826 idro
3330 1772 3555 1827 localem
3597 1788 3719 1825 e~se

449 1862 516 1916 ab
530 1861 750 1916 Oriente
768 1862 821 1916 in
843 1858 1207 1923 Occidentem,
1237 1874 1265 1910 a
1294 1856 1422 1911 solis
1443 1866 1561 1909 ortu
1592 1872 1755 1924 usque
1783 1856 1845 1908 ad
1873 1870 2027 1909 ocea-

448 1967 587 2016 sum,
611 1952 678 2005 ab
699 1951 947 2019 aquilone
976 1959 1030 2004 et
1052 1950 1207 2014 mari,
1234 1949 1427 2017 ubique
1448 1947 1586 2001 idem
1608 1947 1863 2012 Spiritus,
1891 1961 2029 2001 unus

448 2052 503 2098 et
541 2042 728 2111 plenus
754 2050 1027 2108 Operatur,
1064 2054 1158 2109 per
1193 2038 1373 2091 omnia
1416 2052 1654 2107 prmsens
1680 2047 1781 2103 est,
1814 2037 2027 2092 introea-

449 2134 595 2188 tione
618 2132 870 2197 creditur,
897 2130 1271 2186 benedictione
1297 2129 1545 2194 sentitur,
1572 2129 1861 2183 innumerae
1886 2129 2026 2183 mul-

450 2225 705 2281 titudines
730 2240 837 2279 uno
868 2224 1134 2294 baptismo
1160 2223 1437 2277 diluuntur
1457 2232 1530 2288 et,
1564 2235 1619 2275 ut
1647 2222 1781 2277 dixit
1800 2225 2030 2290 Aposto-

448 2316 555 2385 lus,
573 2335 675 2372 uno
692 2317 894 2387 Spiritu
911 2326 1169 2388 petantur,
1190 2318 1242 2371 in
1266 2332 1428 2370 unum
1450 2317 1748 2385 adoptantis
1767 2317 2028 2385 gremium

448 2419 825 2465 renascuntur.
854 2408 920 2462 Et
942 2408 1064 2463 ideo
1085 2408 1223 2462 dixit
1245 2407 1387 2462 Deus
1412 2424 1427 2460 :
1452 2406 1517 2460 In
1539 2406 1713 2460 diebus
1742 2407 1846 2461 iliis
1866 2406 2032 2473 e/I'un-

448 2499 567 2552 dant
583 2498 646 2553 de
658 2499 859 2564 Spiritu
880 2514 989 2553 meo
1008 2514 1157 2568 super
1175 2515 1373 2551 omnent
1393 2513 1615 2551 carnem.
1634 2496 1867 2552 Adverte
1887 2498 2029 2567 quod

449 2588 585 2643 dixit
607 2604 621 2640 :
644 2587 907 2655 e/fundatn
927 2588 988 2639 de
1002 2586 1203 2658 Spiritu
1227 2603 1357 2653 meo,
1380 2597 1432 2641 et
1456 2602 1558 2639 non
1577 2586 1711 2640 dixit
1730 2603 1743 2639 :
1763 2587 2030 2642 eﬂ'uttd.tm

448 2680 705 2749 Spiritum
738 2695 937 2744 meum,
969 2679 1022 2733 id
1051 2689 1134 2733 est
1160 2688 1364 2732 tantum
1389 2678 1458 2733 de
1486 2694 1551 2732 eo
1580 2689 1836 2747 quantum
1862 2682 2031 2748 possit

449 2774 681 2829 mundus
717 2774 964 2841 accipere
999 2771 1379 2842 dispensanda.
1436 2771 1592 2827 Vides
1630 2772 1769 2840 quod
1813 2788 1842 2825 a
1875 2773 2031 2828 Patre

448 2863 754 2933 egreditur,
792 2878 891 2918 nec
936 2871 1111 2918 tamen
1150 2877 1181 2916 a
1215 2862 1371 2917 Patre
1409 2872 1708 2932 separatur,
1748 2865 2029 2928 emittitur,

447 2966 504 3011 et
548 2971 655 3011 non
703 2954 985 3017 amittitur,
1025 2955 1314 3011 edunditur
1359 2964 1415 3009 et
1458 2956 1737 3021 retinetur,
1768 2967 1822 3010 et
1875 2958 1927 3010 itt
1963 2973 2030 3013 eo

447 3052 591 3122 quod
618 3050 815 3104 ell'undi
846 3048 1057 3119 legitur,
1084 3046 1393 3116 magnitudo
1417 3048 1761 3116 plenitudinis
1783 3048 2025 3103 declara-

448 3115 556 3198 tur.
582 3140 739 3195 Liber
753 3115 1028 3195 Geneseos
1051 3138 1191 3194 sacri
1214 3115 1499 3194 voluminis
1522 3147 1747 3196 testatur
1770 3140 2023 3195 exordio:
2053 3115 2101 3181 (ἶ

453 3234 680 3306 Spiritus
700 3245 878 3288 autem
896 3232 1100 3285 Domini
1116 3235 1373 3301 ferebatur
1391 3249 1543 3298 super
1558 3249 1737 3303 aquas,
1758 3234 2031 3303 ferebatur,

451 3326 643 3395 inquit,
665 3340 817 3397 super
838 3341 999 3393 aquas
1022 3323 1170 3396 (Gen.
1198 3323 1236 3393 ι)
1257 3341 1272 3389 ;
1300 3338 1481 3379 sermo
1510 3326 1625 3392 ipse
1654 3326 2031 3380 abundantiam

452 3417 695 3472 universa
718 3418 1060 3484 complentis,
1084 3425 1139 3470 et
1160 3415 1506 3471 eminentiam
1529 3416 1738 3470 videtur
1758 3418 2033 3486 assignare

452 3511 799 3566 dominantis.
830 3510 1103 3580 Pmpriam
1134 3523 1346 3579 quoque
1376 3509 1513 3565 hanc
1538 3510 1655 3579 ejus
1684 3512 2032 3581 magniﬁcen-

453 3602 602 3665 tiam,
632 3602 794 3655 nullis
830 3600 1065 3655 locorum
1102 3599 1288 3668 spatiis
1312 3600 1769 3670 circumscriptam
1805 3603 1918 3671 pari
1947 3612 2030 3656 at-

454 3690 743 3747 testatiune
770 3690 1110 3745 concelebrat
1135 3688 1321 3745 dicens
1364 3708 1378 3744 :
1416 3691 1527 3757 Quo
1565 3693 1648 3744 ibo
1677 3710 1705 3743 a
1732 3693 1915 3763 spiritu
1944 3702 2031 3746 tuo

456 3782 631 3853 (Psal.
662 3789 948 3850 cxxxvnt),
991 3784 1093 3836 Itoc
1129 3792 1214 3837 est
1255 3783 1343 3836 ubi
1374 3798 1459 3837 me
1488 3784 1808 3838 abscondam
1846 3799 1873 3835 a
1904 3800 2033 3839 con-

454 3882 638 3943 Spectu
667 3874 803 3942 ejus,
820 3890 979 3943 quem
1008 3883 1202 3941 praesto
1224 3888 1341 3928 esse
1369 3888 1462 3942 per
1483 3876 1685 3940 omnia,
1710 3874 1761 3928 id
1788 3886 1870 3929 est
1893 3876 2031 3929 intra

454 3974 715 4034 extraque
753 3979 858 4017 non
907 3964 1150 4033 ambigo,
1190 3964 1340 4032 cujus
1376 3966 1589 4019 oculum
1621 3964 1839 4034 abyssos
1871 3980 2033 4032 pene—

455 4066 709 4119 trantem,
734 4055 869 4109 intra
900 4065 1105 4109 secreta
1133 4055 1235 4108 mei
1277 4054 1505 4123 peetoris
1530 4056 1839 4120 reformido,
1879 4057 2031 4125 cujus

453 4147 755 4218 pauentia:
777 4146 1018 4200 universa
1040 4162 1159 4216 quae
1178 4146 1419 4201 condidit
1439 4146 1719 4215 subjacere
1739 4150 2030 4217 cognosco?

458 4240 536 4294 De
563 4255 670 4310 quo
697 4239 817 4308 quia
854 4238 989 4307 ignts
1018 4254 1337 4293 consumens
1368 4245 1480 4303 est,
1516 4236 1718 4294 dictum
1753 4238 2032 4294 evidenter

455 4330 709 4398 intelligo,
737 4344 828 4382 nec
854 4339 925 4382 est
955 4329 1042 4397 qui
1069 4344 1122 4381 se
1152 4328 1428 4382 abscondat
1457 4345 1489 4381 a
1516 4329 1686 4381 calore
1716 4330 1828 4399 ejus
1858 4328 2029 4400 (Psal.

456 4418 629 4488 xvttt).
671 4418 833 4484 Cujus
876 4417 1155 4474 ineﬂabilis
1193 4418 1501 4485 magnitudo
1528 4418 1788 4486 profunda
1832 4419 2031 4474 infero-

456 4523 597 4575 rum,
623 4508 811 4563 ditl'usa
835 4507 1108 4575 ﬂuctuum,
1133 4518 1346 4562 extenta
1370 4518 1656 4570 terrarum.
1683 4513 1891 4567 excelsa
1916 4527 2029 4568 cm-

456 4598 629 4654 lorum
661 4600 850 4664 intrat,
882 4597 1094 4666 implet,
1127 4598 1358 4651 excedit.
1401 4598 1537 4653 Mitti
1567 4615 1599 4652 a
1626 4599 1782 4654 Patre
1812 4611 1867 4656 et
1894 4601 2030 4658 Filio

456 4690 674 4755 dicitur,
700 4699 755 4744 et
780 4688 848 4743 de
872 4688 1107 4758 ipsorum
1133 4688 1423 4743 substantia
1453 4691 1763 4759 procedere,
1787 4704 1837 4748 ct
1866 4710 2027 4750 unum

457 4797 581 4837 eum
610 4781 698 4835 eis
727 4795 860 4850 opus
896 4794 1053 4850 agere
1081 4779 1429 4850 dignoscitur,
1468 4791 1523 4837 et
1550 4794 1832 4853 propterea
1866 4785 2031 4842 Filius

458 4873 528 4928 de
544 4888 611 4928 eo
629 4871 754 4927 dicit
780 4889 792 4923 :
813 4869 1111 4927 Paracietus
1131 4873 1216 4942 qui
1237 4890 1269 4925 a
1294 4872 1447 4927 Patre
1465 4876 1690 4944 procedit
1712 4875 1892 4947 (Joau.
1913 4879 2029 4948 xv).

458 4965 576 5020 Non
595 4964 730 5019 dixit
744 4961 835 5033 qui
856 4977 886 5016 a
910 4963 1064 5018 Patre
1083 4973 1295 5019 creatus
1314 4976 1422 5031 est,
1445 4966 1539 5021 sed
1560 4985 1592 5021 a
1609 4966 1762 5021 Patre
1783 4971 2031 5039 procedit,

460 5058 510 5112 id
532 5065 615 5110 est
633 5054 703 5110 de
722 5064 959 5124 paterna:
977 5056 1231 5109 societate
1253 5057 1522 5125 potentiae,
1544 5066 1599 5111 et
1618 5059 1685 5111 de
1709 5062 2033 5129 proprietate

460 5159 681 5203 naturai.
726 5147 833 5201 Sed
858 5162 922 5200 ex
957 5146 1073 5211 ipso
1102 5160 1354 5201 sermone
1373 5190 1386 5210 ,
1430 5162 1551 5201 cum
1580 5148 1790 5203 dicatur
1820 5167 1848 5203 a
1878 5152 2037 5209 Patre

462 5240 772 5308 procedere,
798 5237 1097 5295 ostenditur
1117 5255 1235 5293 cum
1263 5240 1419 5295 Patre
1439 5240 1646 5295 initium
1676 5258 1779 5296 non
1810 5245 2033 5302 habere.

463 5331 596 5397 Quid
624 5340 705 5389 est
731 5343 929 5397 autem,
952 5328 1095 5401 quod
1121 5343 1187 5385 ex
1212 5330 1321 5385 Deo
1346 5330 1504 5386 l’atre
1534 5333 1681 5387 nasci
1710 5333 1878 5392 Filius
1904 5336 2039 5392 dici-

2128 1859 2424 1924 creditnus,
2449 1860 2578 1926 quia
2608 1861 2742 1914 mitti
2770 1878 2890 1913 eum
2922 1878 2952 1913 a
2983 1862 3137 1915 Patre
3172 1878 3237 1915 ex
3281 1862 3507 1915 lectione
3537 1876 3720 1929 petre.

2130 1949 2327 2018 pimus,
2358 1964 2481 2002 nam
2517 1962 2569 2004 et
2598 1951 2667 2004 de
2693 1951 2851 2006 Patre
2885 1960 2939 2005 et
2960 1950 3093 2004 Filio
3126 1951 3371 2019 legimus,
3404 1952 3545 2020 quod
3578 1953 3719 2007 velut

2128 2041 2358 2109 quodam
2380 2050 2529 2095 motu
2566 2041 2893 2097 descendant
2930 2057 2993 2097 ac
3023 2044 3256 2097 vt-tsiant.
3286 2043 3569 2098 Videamus
3607 2045 3719 2098 ubi.

2130 2135 2243 2207 Ego
2281 2137 2497 2208 (inquit)
2528 2150 2573 2191 et
2615 2136 2770 2191 Pater
2800 2138 3090 2203 venietttus,
3138 2150 3182 2192 et
3222 2138 3539 2191 mansionem
3581 2145 3723 2209 apud

2128 2245 2243 2281 eum
2263 2230 2507 2299 faciemus
2525 2229 2704 2300 (Joan.
2731 2230 2863 2299 xiv).
2903 2230 2971 2283 Et
2998 2231 3211 2296 iterum,
3242 2245 3364 2284 eum
3388 2233 3632 2299 gigantes
3664 2232 3718 2285 in

2130 2320 2325 2374 ctelutn
2372 2321 2686 2376 molirentur
2728 2321 2918 2375 turrim
2979 2322 3220 2391 erigere,
3271 2320 3443 2376 Patris
3493 2337 3718 2389 persona

2131 2411 2364 2480 loquitur
2394 2430 2407 2465 :
2460 2411 2635 2467 Venite
2658 2421 2704 2466 et
2732 2413 3108 2482 confundamus
3134 2413 3337 2483 linguas
3363 2430 3535 2469 eorum
3560 2413 3713 2483 (Gen.

2131 2503 2233 2572 xt).
2265 2503 2362 2557 llic
2388 2518 2516 2570 ergo
2547 2518 2641 2569 per
2674 2504 2961 2558 verborum
2995 2514 3300 2559 nostrorum
3326 2518 3512 2569 sonos,
3538 2504 3718 2558 sensi-

2132 2594 2230 2648 bus
2260 2594 2458 2649 nostris
2483 2609 2661 2649 rerum
2688 2595 2979 2650 efficientia
3004 2596 3427 2652 demonstratur.
3452 2596 3718 2650 (Ia-terum

2134 2685 2357 2739 localem
2386 2694 2588 2739 motum
2614 2686 2790 2740 virtus
2813 2685 2991 2739 divina
3016 2701 3121 2740 non
3146 2686 3363 2753 patitur,
3387 2702 3506 2756 quae
3534 2702 3632 2741 nec
3654 2701 3718 2741 ex

2131 2789 2293 2830 cursu
2331 2789 2523 2845 agente
2563 2776 2801 2843 advenit,
2840 2792 2938 2832 nec
2974 2792 3194 2832 recursu
3227 2778 3446 2834 labente
3471 2778 3717 2834 discedit.

2130 2868 2230 2936 Qui
2280 2883 2402 2922 cum
2446 2869 2656 2922 excedit
2698 2868 2908 2931 omnia,
2950 2883 3058 2935 quo
3100 2868 3337 2924 recedit?
3394 2869 3470 2943 De
3516 2869 3717 2936 Spiritu

2129 2969 2316 3013 sancto
2345 2960 2628 3013 didicimus
2658 2958 2925 3013 lectione:
2962 2957 3193 3013 Ecclesia
3212 2969 3382 3013 autem
3410 2976 3584 3029 pacem
3617 2960 3715 3014 Ita-

2133 3054 2276 3107 bebat
2303 3070 2391 3124 per
2419 3063 2577 3107 totam
2610 3052 2850 3107 Judaam
2891 3053 3160 3107 ambulans
3190 3054 3243 3107 iu
3276 3057 3455 3108 timore
3483 3046 3716 3119 Domini,

2135 3157 2180 3202 et
2209 3145 2554 3201 consolatione
2584 3145 2812 3215 Spiritus
2840 3146 2999 3200 sancti
3028 3144 3319 3209 rapiebatur
3360 3144 3495 3216 (Act.
3519 3143 3617 3215 ts).
3656 3147 3719 3201 Et

2135 3240 2405 3308 quomodo
2430 3239 2570 3293 inter
2593 3238 2707 3291 bzec
2734 3253 2856 3293 eum
2887 3238 3110 3292 localem
3131 3238 3413 3307 quisquam
3443 3238 3724 3307 praemis

2134 3345 2379 3385 asserere
2404 3342 2726 3397 creaturam,
2750 3328 2841 3399 qui
2867 3328 3086 3383 inlinita-
3110 3328 3470 3384 multitudinis
3492 3328 3717 3397 implere

2134 3413 2388 3489 probatur
2414 3420 2709 3474 Ecclesium
2732 3460 2746 3484 ,
2779 3427 2837 3472 ιιι
2862 3427 2917 3473 et
2944 3417 3011 3473 ad
3044 3419 3216 3486 ipsum
3244 3419 3520 3488 pertinere
3546 3419 3717 3472 matti-

2132 3510 2327 3566 l'estum
2343 3510 2411 3565 sit
2427 3509 2566 3579 quod
2587 3510 2874 3578 Apostolus
2890 3508 3020 3563 dicit
3043 3526 3055 3561 :
3082 3508 3235 3563 Pater
3253 3508 3717 3561 misericordiarum

2133 3614 2179 3657 et
2207 3602 2346 3657 Deus
2388 3603 2540 3656 totius
2588 3601 2949 3655 consolationis
2986 3597 3039 3669 (Ι
3070 3597 3191 3653 Cor.
3227 3598 3309 3669 t)?
3349 3598 3619 3654 Habemus
3664 3599 3717 3652 itt

2136 3694 2342 3763 psalmo
2367 3709 2379 3746 :
2399 3690 2654 3745 Fluminis
2675 3693 2887 3759 impetus
2910 3690 3134 3757 ltetiﬁcat
3156 3690 3405 3742 civitatem
3424 3688 3518 3743 Dei
3541 3686 3715 3759 (Psal.

2133 3786 2285 3856 xxv).
2310 3785 2437 3854 Quis
2458 3795 2539 3839 est
2562 3784 2663 3839 iste
2690 3781 2922 3836 ﬂuminis
2944 3782 3193 3848 impetus,
3223 3781 3324 3835 nisi
3346 3780 3434 3835 ille
3462 3781 3712 3835 nimirum

2132 3878 2200 3931 de
2222 3892 2327 3946 quo
2348 3876 2475 3931 dicit
2492 3875 2749 3928 Dominus
2772 3888 2869 3943 per
2894 3872 3151 3927 Joannem
3180 3889 3193 3923 :
3222 3872 3321 3937 Qui
3346 3872 3504 3925 credit
3530 3873 3583 3925 in
3609 3888 3710 3937 me,

2131 3968 2346 4038 ﬂumina
2371 3967 2433 4019 de
2455 3974 2626 4019 ventre
2651 3967 2759 4033 ejus
2785 3964 2943 4032 ﬂuent
2971 3978 3119 4032 aqua:
3143 3963 3301 4016 virtu?
3323 3961 3435 4014 [loc
3463 3963 3591 4015 dixit
3617 3961 3719 4014 Do-

2131 4059 2297 4113 minus
2322 4056 2474 4111 Jesus
2503 4056 2564 4109 de
2597 4056 2796 4125 Spiritu
2824 4070 2972 4124 quem
3001 4054 3260 4121 accepturi
3290 4062 3433 4107 erant
3460 4052 3719 4106 credentes

2130 4151 2185 4203 in
2229 4165 2344 4203 eum
2386 4147 2565 4219 (Joan.
2592 4148 2655 4216 ι).
2724 4145 2855 4201 \‘ide
2906 4145 3353 4213 magnificentiam
3400 4144 3716 4212 majestatis.

2131 4242 2223 4299 Sic
2254 4243 2306 4295 in
2339 4242 2499 4296 terris
2526 4239 2778 4293 tribuitur
2801 4237 3058 4292 Ecclesia:
3086 4236 3203 4300 Dei,
3229 4246 3287 4289 ut
3314 4244 3495 4289 tamen
3526 4236 3578 4288 in
3609 4251 3718 4289 Cll!-

2133 4334 2205 4388 lis
2226 4334 2461 4388 latilicet
2480 4332 2749 4387 civitatem
2775 4330 2894 4395 Dei,
2922 4329 2973 4383 id
2997 4339 3079 4383 est
3098 4343 3385 4397 regnorum
3412 4328 3715 4382 tmlestium

2135 4422 2299 4488 cives,
2325 4437 2571 4491 superna:
2599 4421 2801 4476 militiae
2828 4419 3075 4488 populos,
3106 4417 3457 4487 principatus,
3482 4425 3718 4484 potesta-

2137 4523 2218 4568 tes
2251 4528 2314 4567 ac
2356 4512 2772 4572 dominationes,
2811 4508 3164 4563 inell'abilibus
3206 4507 3413 4576 gaudiis
3456 4521 3553 4575 pro
3581 4522 3721 4561 con-

2136 4604 2357 4660 scientia
2383 4611 2599 4658 :eterttre
2624 4600 2968 4657 beatitudinis
2996 4600 3203 4669 irrigat,
3228 4610 3281 4653 et
3308 4600 3554 4654 ubertate
3579 4595 3717 4653 laeti-

2137 4696 2224 4750 tize
2248 4692 2604 4749 exundantius
2634 4691 2895 4757 inebriat,
2935 4697 3256 4745 concentum
3292 4689 3412 4744 caali
3449 4688 3500 4742 in
3537 4689 3718 4743 exsul-

2138 4787 2341 4841 tatione
2385 4791 2630 4839 torrente
2680 4796 2793 4837 stite
2838 4779 3281 4836 sanctiﬁcationis
3310 4779 3620 4834 exsuscitat.
3655 4778 3717 4834 Si

2138 4879 2255 4933 base
2295 4884 2437 4930 tanta
2481 4889 2577 4944 per
2619 4874 2853 4942 aliquam
2895 4880 3193 4926 creaturam
3224 4870 3412 4925 donari
3451 4870 3716 4939 epineris,

2140 4967 2336 5022 divina:
2384 4964 2634 5033 potentiae
2678 4962 2946 5032 proprium
2990 4961 3120 5015 nibil
3169 4959 3450 5029 relinquis.
3502 4959 3558 5014 Si
3602 4960 3719 5014 haec

2141 5056 2405 5127 (inquam)
2437 5071 2533 5124 per
2560 5055 2789 5122 aliquam
2818 5052 3093 5106 existimas
3121 5059 3443 5114 creaturam,
3476 5050 3530 5104 in
3556 5066 3717 5119 ange-

2139 5150 2309 5204 lorum
2354 5159 2405 5202 et
2450 5145 2893 5213 arcltangelornm
2950 5142 3123 5197 tendis
3172 5142 3418 5212 injuriam
3445 5185 3460 5210 ,
3524 5146 3719 5212 quibus

2140 5252 2286 5297 tanta
2326 5250 2381 5296 et
2421 5238 2543 5293 talia
2589 5236 2747 5292 tribui
2789 5251 2883 5307 per
2922 5235 3167 5290 conservi
3205 5235 3441 5291 aestimas
3482 5236 3715 5299 largitio-

2142 5352 2286 5391 Belli.
