4040 6184
1557 230 1641 283 DE
1684 228 1952 284 Sl‘llilTU
1996 227 2264 285 ΞΛΜ]Το
2303 230 2429 283 LIB.
2474 229 2537 284 ΙΙ.
3609 234 3681 289 9⁸

1343 432 1823 538 LIBER
1896 429 2745 581 sggUNDUS.

1954 574 2186 589 ——

926 657 1157 716 CAPUT
1194 656 1482 713 PRIMUM.

489 759 628 826 Quin
658 754 803 810 nulla
830 762 1069 809 uentura
1104 751 1641 826 rationaliscognata:
1681 757 1929 801 creaturae

1002 823 1159 892 possit
1187 819 1417 889 infundi.

490 944 739 1012 Legimus
767 940 836 995 de
862 937 1066 1008 proflua
1106 935 1369 991 effusione
1395 933 1625 1001 Spiritus
1665 932 1835 985 sancti
1867 948 1879 982 :
1908 930 2001 983 Je-

418 1051 507 1089 sus
537 1042 708 1086 autem
737 1032 918 1099 plenus
952 1029 1153 1098 Spiritu
1186 1038 1362 1079 sancto
1403 1040 1657 1093 regressus
1701 1032 1773 1075 est
1812 1040 1843 1073 α
1873 1020 1998 1074 Jor-

421 1129 575 1178 dane.
607 1125 738 1191 Quis
776 1135 907 1190 ergo
937 1120 1037 1174 nisi
1065 1120 1155 1188 qui
1182 1117 1423 1187 ejusdem
1461 1124 1605 1169 esset
1634 1112 1997 1184 plenitudinis,

422 1220 735 1289 impleutem
765 1215 941 1271 omnia
970 1216 1135 1280 possit
1165 1211 1405 1279 implere.
1440 1210 1515 1263 De
1559 1208 1814 1277 apostolis
1841 1206 2003 1260 refert

421 1326 599 1367 sermo
628 1310 885 1364 divinus:
917 1306 983 1359 Et
1020 1304 1198 1373 repleti
1227 1314 1343 1356 sunt
1380 1317 1553 1355 omnes
1579 1300 1775 1369 Spiritu
1800 1310 1998 1350 sancto.

429 1403 494 1457 Et
542 1403 879 1472 loquebantur
927 1398 1134 1451 verbum
1177 1396 1273 1448 Dei
1311 1406 1424 1445 cum
1468 1393 1679 1460 ﬁducia.
1733 1390 1799 1443 Et
1846 1390 2002 1457 paulo

426 1502 549 1565 post
575 1510 589 1547 :
615 1494 880 1559 Quoniam
916 1500 969 1543 et
996 1490 1048 1542 in
1080 1488 1322 1541 nationes
1354 1485 1590 1552 integras
1631 1482 1850 1551 implere
1881 1495 2004 1548 pro-

424 1592 651 1650 hibetur,
677 1596 731 1642 et
758 1585 1107 1639 inexhaustus
1127 1591 1288 1651 atque
1310 1581 1363 1633 in
1385 1594 1443 1634 se
1472 1579 1659 1647 plenus
1691 1590 2004 1646 permanere

422 1683 645 1751 diguosc
670 1689 779 1732 tur.
816 1676 873 1730 Si
903 1686 1113 1729 creatus
1140 1683 1224 1728 est
1248 1673 1497 1737 Spiritus,
1530 1670 1596 1723 de
1624 1683 1731 1738 quo
1773 1682 2003 1736 unquam

422 1775 612 1844 angelo
636 1774 721 1826 vel
762 1768 1088 1838 archangclo
1114 1769 1307 1822 lectum
1338 1775 1442 1832 est,
1483 1764 1623 1834 quod
1668 1779 1728 1817 se
1756 1763 2003 1830 cuiquam

424 1870 617 1922 anima:
647 1866 973 1920 intrinsecus
1004 1870 1287 1930 susceptus
1317 1856 1607 1913 infuderit?
1636 1854 1729 1909 Dic
1773 1854 1923 1919 mihi,
1960 1852 2003 1906 si

424 1975 657 2029 unquam
690 1974 751 2013 ex
785 1955 1048 2012 creaturis
1077 1956 1241 2009 ullam
1274 1951 1467 2022 legeris
1500 1958 1816 2019 potestatem
1847 1955 2007 2015 atque

2026 669 2075 724 Α
2104 655 2283 708 turbat
2311 655 2549 721 incursu,
2580 670 2701 724 quae
2728 656 2995 712 interdum
3028 659 3152 712 vino
3189 658 3354 714 nimio
3407 661 3487 716 vel
3520 661 3681 716 febri-

2102 747 2178 800 tio
2216 748 2501 815 fatigantur
2543 762 2793 803 accensu.
2827 748 2881 802 ln
2911 749 3106 803 anima:
3137 751 3317 819 itaque
3355 768 3545 807 sensus
3583 755 3680 806 ini-

2104 842 2239 893 mica
2281 840 2504 894 tentatio
2542 857 2639 910 per
2674 842 2931 897 malitiam
2972 844 3073 898 scit
3110 844 3368 912 irrepere,
3403 846 3455 900 in
3484 849 3683 901 animat

2103 946 2233 985 vero
2276 946 2523 987 recessus
2569 948 2665 1000 per
2697 942 2939 987 naturam
2971 937 3140 990 nescit
3188 938 3431 992 inﬂuere.
3465 940 3528 992 Et
3562 940 3682 993 ideo

2105 1023 2405 1093 huiusmodi
2433 1024 2652 1092 spiritus
2680 1025 2986 1079 immundos
3009 1027 3253 1081 humana:
3277 1040 3481 1083 mentes
3504 1045 3567 1084 ac
3590 1045 3680 1098 pe-

2102 1124 2250 1169 ctora
2283 1131 2385 1169 non
2421 1128 2727 1171 naturarum
2754 1118 3021 1174 infnsione
3048 1122 3286 1188 capiunt,
3320 1121 3411 1176 sed
3441 1123 3682 1176 volunta-

2106 1218 2213 1261 tum
2242 1210 2499 1278 pravitate
2520 1210 2849 1279 concipiunt.
2874 1212 3206 1267 Manifestum
3231 1215 3408 1283 itaque
3438 1225 3520 1270 est
3542 1218 3683 1288 quod

2108 1311 2388 1369 penetrare
2423 1304 2721 1355 animarum
2763 1305 3091 1359 substantias
3137 1316 3428 1374 nequeunt,
3458 1322 3683 1376 quarum

2105 1393 2459 1446 conscientias
2503 1394 2645 1448 scire
2694 1411 2798 1447 non
2829 1388 3071 1462 possunt.
3116 1396 3267 1461 Quod
3313 1399 3354 1450 si
3400 1398 3683 1467 aliquando

2108 1485 2179 1538 du
2199 1487 2446 1540 monibus
2476 1501 2636 1541 nosse
2667 1488 2975 1558 ccutigerit,
3009 1489 3075 1542 de
3108 1491 3410 1556 perditione
3440 1505 3524 1546 est
3556 1509 3685 1547 con-

2107 1580 2412 1648 venientia),
2446 1596 2553 1634 non
2581 1581 2649 1636 de
2671 1592 2934 1650 potestate
2966 1596 3187 1639 natura»
3218 1586 3340 1641 Sola
3364 1602 3492 1655 ergo
3526 1602 3583 1639 se
3605 1587 3684 1639 di-

2107 1672 2244 1725 vina-
2260 1674 2515 1741 potentia,
2545 1689 2663 1742 quae
2690 1676 2816 1730 etin
2850 1676 3048 1745 Spiritu
3078 1689 3261 1731 sancto
3289 1690 3367 1732 est
3392 1680 3685 1734 rationabi-

2114 1766 2252 1821 libus
2282 1768 2546 1822 creaturis
2574 1768 2745 1822 infusa
2782 1778 2837 1823 et
2863 1771 3180 1823 circumfusa
3216 1774 3518 1839 permiscet,
3550 1776 3685 1831 sicut

2112 1858 2452 1927 peculiariter
2481 1860 2533 1913 in
2560 1860 2653 1912 illo
2673 1861 2923 1915 dominici
2956 1861 3186 1916 hominis
3211 1878 3458 1931 corpore,
3486 1881 3549 1920 ex
3576 1867 3685 1919 Ma-

2112 1951 2188 2004 ria
2219 1960 2388 2006 matre
2409 1962 2682 2021 suscepto,
2706 1954 2869 2021 gratia
2896 1954 3225 2010 exuberante
3249 1959 3526 2026 requievit,
3552 1961 3687 2013 sicut

423 2054 696 2115 virtutem,
721 2063 841 2118 qum
864 2046 1031 2101 multa
1061 2045 1221 2099 simul
1268 2042 1488 2111 impleat
1517 2049 1677 2108 atque
1708 2036 1997 2107 possideat,
2034 2051 2080 2109 Β
2106 2043 2173 2097 de
2202 2043 2380 2112 δεῖρεο
2404 2043 2572 2096 Fitius
2600 2044 2756 2098 dicit;
2774 2043 2997 2112 spiritu,
3030 2046 3404 2116 nominin
3432 2067 3508 2103 ,ηε
3533 2050 3685 2118 (Luc.

424 2156 475 2199 ct
500 2143 643 2214 quod
683 2141 852 2210 magis
894 2147 999 2204 est,
1027 2135 1344 2191 iudiminuta
1402 2142 1563 2201 atque
1592 2129 1763 2183 divisa
1796 2142 2008 2196 perma-

427 2246 571 2291 neat.
612 2231 953 2303 impossibile
997 2239 1102 2292 est,
1151 2238 1207 2282 ut
1236 2224 1529 2296 spiritualis
1569 2237 1632 2277 ac
1676 2218 2009 2275 rationabilis

427 2338 695 2390 creatura,
742 2335 984 2395 cognata:
1024 2322 1125 2377 sibi
1179 2330 1381 2373 natm-te
1426 2332 1657 2384 unquam
1702 2312 1881 2367 valeat
1927 2312 2009 2364 in-

428 2420 593 2475 fundi.
628 2418 813 2487 Itaque
844 2429 932 2470 res
959 2412 1249 2468 materialis
1296 2407 1627 2464 materialem
1656 2404 1825 2460 nescit
1848 2418 2010 2473 pene-

429 2525 568 2567 trare
605 2508 988 2565 substantiam.
1026 2505 1184 2560 Solus
1215 2503 1354 2557 Deus
1383 2502 1438 2554 in
1464 2514 1571 2569 quo
1612 2496 1928 2565 intelligitur
1954 2503 2008 2548 et

428 2603 665 2672 Spiritus
696 2608 940 2663 sanctus,
980 2595 1233 2664 simplex,
1274 2589 1508 2653 subtilis,
1540 2602 1726 2659 purus,
1756 2587 1810 2641 in
1840 2584 2010 2639 factu-

427 2710 539 2749 ram
570 2694 657 2749 vel
678 2691 1000 2762 angelicam,
1027 2690 1109 2743 vel
1138 2688 1425 2742 humanam
1451 2684 1652 2739 virtute
1681 2682 2011 2749 incorporea:

428 2786 731 2842 divinitatis
763 2783 1023 2850 illabitur,
1055 2796 1172 2850 quae
1192 2779 1308 2833 sola
1334 2778 1417 2832 sui
1447 2776 1629 2845 operis
1654 2772 2006 2843 penetratrix,

426 2878 637 2931 occulta
684 2873 905 2929 humani
948 2870 1131 2926 cordis
1166 2867 1485 2939 ingreditur.
1532 2865 1796 2933 Quaelibet
1831 2871 2010 2915 autem

427 2982 680 3025 creatura
721 2964 980 3029 caelestis,
1016 2963 1068 3016 in
1100 2972 1303 3015 tantum
1344 2957 1627 3012 infundere
1665 2956 1754 3009 vel
1792 2954 2014 3021 implere

430 3060 707 3114 hominem
737 3072 843 3109 non
878 3064 1073 3123 potest,
1105 3064 1161 3106 ut
1191 3052 1369 3105 abdita
1399 3048 1739 3117 cogitationis
1770 3047 2015 3098 lnnnana:

428 3154 567 3209 scire
605 3150 798 3223 possit.
832 3150 898 3203 Et
925 3148 1047 3202 ideo
1073 3148 1139 3202 de
1167 3147 1286 3201 solo
1322 3146 1429 3199 Deo
1462 3145 1720 3213 legimus:
1750 3141 1849 3206 Qui
1878 3140 2016 3192 solus

431 3246 563 3298 nutri
587 3245 749 3296 corda
769 3242 1034 3294 hominum
1057 3238 1237 3308 (Prov.
1262 3236 1358 3307 Vl).
1386 3236 1450 3290 Et
1479 3236 1670 3290 iterum
1698 3252 1711 3284 :
1741 3236 1851 3302 lps-r
1872 3231 2015 3285 enim

435 3342 583 3391 novit
634 3335 845 3389 occulta
886 3346 1232 3401 cognoscere,
1274 3339 1329 3383 et
1371 3331 1472 3382 hoc
1508 3328 1550 3381 si
1596 3326 1886 3381 divinitatis
1937 3335 2018 3378 rst

2115 2134 2210 2198 tv).
2244 2134 2301 2189 Si
2350 2150 2478 2203 ergo
2508 2133 2738 2203 Spiritus
2773 2147 2991 2189 sanctus
3021 2136 3222 2191 fat-tura
3258 2138 3519 2208 subjecta:
3546 2152 3689 2196 esset

2112 2225 2435 2278 conditionis
2484 2233 2537 2277 ut
2582 2225 2788 2291 dicunt,
2840 2234 2947 2279 tam
2993 2227 3324 2296 impossibile
3353 2242 3510 2300 quam
3553 2232 3690 2287 indi-

2113 2332 2274 2385 gnum
2305 2316 2415 2371 Deo
2446 2326 2581 2384 erat,
2612 2328 2665 2371 ut
2699 2326 2943 2371 creatura
2977 2318 3080 2373 ulla
3118 2320 3348 2374 animam
3379 2324 3462 2377 vel
3496 2338 3692 2392 corpus

2115 2409 2384 2478 impleret,
2415 2409 2466 2462 in
2493 2424 2598 2477 quo
2618 2408 2728 2477 jam
2768 2409 2939 2464 Filius
2977 2410 3094 2476 Dei,
3126 2411 3177 2465 id
3201 2422 3284 2467 est
3310 2412 3471 2479 Deus,
3496 2415 3689 2476 inerat.

2115 2502 2169 2554 in
2193 2516 2291 2567 quo
2307 2500 2416 2569 jam
2450 2502 2589 2562 sitis,
2618 2502 2691 2556 ait
2721 2501 3031 2567 Apostolus,
3066 2506 3401 2572 corporaliter
3427 2507 3692 2575 plenitudo

2117 2592 2397 2645 divinitatis
2426 2589 2741 2644 inltabitabat
2769 2590 2992 2660 (Coloss.
3024 2593 3106 2664 tt).
3138 2593 3193 2648 Si
3215 2605 3461 2650 creatura
3479 2607 3560 2651 est
3578 2597 3693 2666 Spi-

2116 2686 2255 2741 ritus
2282 2696 2520 2750 sanctus,
2549 2690 2819 2756 quomodo
2850 2698 3027 2758 potest
3053 2691 3328 2761 corruptio
3359 2693 3694 2763 incorrupte-

2116 2777 2246 2844 lam,
2285 2792 2348 2832 ac
2380 2778 2676 2847 maiestatis
2712 2794 2967 2850 capacem
3008 2781 3216 2851 fragilis
3244 2784 3484 2840 conditio
3518 2788 3693 2856 possi-

2116 2869 2278 2925 dere?
2301 2868 2359 2925 Si
2384 2869 2615 2939 Spiritus
2640 2881 2856 2927 sanctus
2882 2888 3020 2928 unus
3048 2884 3134 2928 est
3153 2885 3419 2931 creaturae
3446 2893 3511 2933 ex
3540 2880 3694 2948 plebe

2118 2962 2355 3026 facturae,
2378 2964 2647 3029 quomodo
2667 2974 2913 3020 creatura
2942 2981 3064 3020 cum
3094 2978 3358 3033 creatore,
3389 2969 3440 3025 id
3463 2981 3547 3026 est
3573 2987 3697 3026 cum

2122 3057 2259 3110 Filio
2291 3056 2383 3111 Dei
2412 3057 2558 3111 velut
2588 3059 2882 3127 exaequari,
2914 3073 3101 3114 servus
3129 3076 3252 3115 cum
3285 3061 3510 3116 Domino
3535 3079 3695 3117 unum

2121 3149 2172 3202 in
2200 3150 2378 3203 anima
2411 3147 2706 3204 Salvatoris
2746 3136 3089 3218 prtesumitur
3119 3152 3432 3223 hospitium,
3465 3165 3520 3209 et
3545 3158 3696 3225 quasi

2122 3243 2174 3297 in
2200 3258 2265 3297 eo
2294 3243 2578 3311 praesentia
2612 3243 2714 3297 sibi
2745 3258 2851 3298 non
2884 3244 3155 3299 sufficeret
3178 3246 3436 3312 auctoris,
3470 3246 3700 3302 famulus

2123 3335 2329 3390 accedit
2360 3335 2425 3389 ad
2453 3334 2729 3390 cumulum
2753 3336 3088 3390 sanctitatis?
3117 3337 3233 3392 Non
3258 3337 3328 3392 ita
3358 3347 3462 3392 est.
3493 3338 3599 3394 Sed
3624 3355 3684 3395 re

433 3434 753 3500 proprium,
821 3440 1023 3498 quanto
1090 3426 1258 3494 magis
1313 3424 1539 3477 scrutari
1603 3421 1861 3491 profunda
1920 3416 2015 3473 Dei
2046 3446 2089 3507 C
2125 3430 2401 3496 cognosc‘t
2442 3426 2646 3479 socium
2689 3426 2789 3481 sibi
2824 3428 3080 3496 templum
3134 3428 3355 3484 cmleSIe
3392 3431 3700 3501 collegium.

431 3524 626 3578 summi
660 3525 712 3576 in
746 3536 972 3591 persona
1003 3520 1234 3588 Spiritus
1263 3518 1454 3584 sancti,
1486 3515 1779 3584 majestatis
1810 3514 2018 3581 insigne

433 3627 516 3669 est
540 3634 557 3670 :
580 3615 801 3669 Auctori
826 3624 1028 3667 tantum
1055 3611 1281 3665 debetur
1306 3611 1405 3662 hoc
1433 3608 1791 3678 privilegium,
1816 3617 1869 3659 ut
1892 3620 2021 3657 con-

430 3708 708 3761 scientiam
743 3705 908 3773 po~sit
953 3703 1153 3756 intrare
1188 3708 1473 3753 secretam.
1518 3700 1704 3751 Anima
1746 3712 1871 3749 vero
1904 3694 2020 3747 ani-

432 3816 553 3864 ntae,
584 3809 676 3851 aut
706 3795 929 3865 angelus
956 3792 1146 3861 angelo
1170 3791 1421 3859 conjungi
1458 3798 1656 3859 potest,
1683 3786 1884 3840 infundi
1912 3798 2016 3838 non

431 3901 625 3960 potest,
662 3891 787 3957 quia
816 3886 1125 3955 hujusntodi
1157 3893 1548 3943 creaturarum,
1579 3892 1775 3948 genera
1813 3885 2015 3930 tantum

431 3983 666 4050 Spiritus
696 3980 886 4045 sancti,
929 3979 981 4032 id
1023 3986 1107 4031 est
1135 3976 1303 4030 solius
1334 3973 1427 4027 Del
1454 3973 1669 4041 capacia
1712 3980 1859 4034 sunt,
1894 3969 2016 4038 quia

436 4076 579 4146 figuli
619 4074 702 4128 sui
736 4088 859 4127 vasa
906 4081 1054 4137 sunt,
1082 4070 1152 4124 ab
1187 4070 1276 4123 illo
1306 4068 1422 4123 solo
1454 4067 1665 4135 impleri
1699 4075 1943 4133 possunt,
1988 4080 2016 4116 a

433 4186 539 4240 quo
567 4170 634 4222 de
666 4167 834 4220 nihilo
862 4166 996 4219 facta
1021 4174 1165 4232 sunt,
1197 4177 1252 4218 et
1280 4163 1398 4216 sine
1428 4177 1534 4229 quo
1564 4175 1726 4213 vacua
1749 4171 1871 4212 esse
1897 4171 2019 4209 sen-

433 4264 655 4318 tiuntur.
687 4259 871 4330 Itaque
908 4258 1203 4313 substantia
1250 4257 1446 4310 animae
1496 4264 1681 4323 utpote
1720 4250 2018 4320 corporalis

432 4359 653 4414 materia
702 4357 794 4410 alii
813 4354 1056 4409 rationali
1082 4362 1343 4409 creatura:
1362 4350 1571 4418 penitus
1596 4348 1767 4403 nescit
1788 4344 2013 4399 infundi.

432 4445 789 4504 Crassitudini
849 4446 991 4502 enim
1055 4442 1344 4499 exterioris
1416 4441 1647 4494 hominis
1708 4445 2016 4504 comparata

434 4544 608 4596 anima
636 4541 956 4608 incorporea
983 4535 1087 4592 dici
1125 4544 1321 4605 potest,
1353 4532 1420 4588 ad
1455 4544 1729 4587 auctorem
1764 4544 1889 4583 vero
1930 4544 2015 4581 re-

434 4633 558 4698 lata,
587 4636 675 4687 cui
705 4628 1209 4700 comprehensibilis
1229 4634 1313 4681 est
1330 4623 1553 4679 materia
1586 4638 1700 4685 sua,
1734 4631 1788 4674 et
1811 4620 2014 4673 factura

436 4740 524 4777 sua
557 4722 839 4794 palpabilis
872 4740 885 4773 :
916 4737 944 4774 a
977 4734 1086 4790 quo
1116 4720 1253 4774 intra
1292 4732 1490 4784 corpus
1536 4714 1677 4768 inclu
1700 4712 1738 4765 li
1772 4721 1826 4766 et
1865 4712 2014 4765 colli-

2126 3518 2234 3572 Nec
2260 3517 2473 3581 mirum,
2498 3517 2542 3571 si
2575 3519 2624 3571 in
2649 3517 2738 3572 illa
2770 3518 2959 3573 illustri
2988 3530 3042 3573 et
3070 3520 3207 3574 beati
3243 3524 3487 3588 corporis
3525 3524 3699 3576 anima

2122 3608 2288 3661 Filius
2317 3618 2367 3662 et
2397 3608 2626 3670 Spiritus
2664 3617 2882 3662 sanctus
2912 3625 3075 3663 unum
3107 3612 3405 3665 sortiuntur
3431 3611 3693 3667 habitacu-

2122 3701 2254 3767 lum,
2286 3700 2481 3771 quibus
2504 3716 2789 3756 communc
2810 3712 3020 3756 constat
3048 3714 3243 3779 esseet
3268 3705 3485 3760 etelum.

2746 3842 2970 3898 CAPUT
3011 3842 3074 3897 ll.

2126 3934 2310 3988 Utrum
2335 3940 2493 4007 juxta
2520 3935 2806 4007 Opinionem
2837 3937 3209 3999 imperitorum.
3242 3936 3470 4003 Spiritus
3496 3945 3702 3990 smtctus

2194 4004 2530 4059 sicut'Filiua
2552 4004 2626 4059 sit
2665 4008 2988 4065 incarnatus,
3020 4008 3156 4067 quod
3182 4016 3227 4058 et
3252 4009 3360 4072 ipse
3385 4008 3437 4058 in
3480 4006 3705 4063 Mariam

2193 4077 2502 4156 supervenit.
2545 4077 2624 4128 An
2665 4086 2862 4128 tantum
2903 4074 3070 4129 Filius
3110 4077 3172 4128 de
3224 4075 3431 4144 Virgine
3472 4093 3703 4145 procrea-

2193 4156 2271 4199 tus
2300 4158 2383 4199 stt.

2192 4259 2298 4315 Sed
2353 4258 2667 4315 dicitur:Si
2718 4258 2948 4328 Spiritus
3000 4267 3218 4314 sanctus
3263 4259 3320 4313 in
3375 4274 3604 4327 corpore
3650 4269 3707 4319 et

2124 4352 2300 4405 anima
2333 4349 2735 4418 redemptorum
2770 4350 3050 4414 habitavit,
3088 4364 3219 4418 ergo
3244 4358 3300 4404 et
3328 4349 3444 4417 ipse
3471 4348 3709 4420 Spiritus

2121 4444 2545 4499 incarnationem
2605 4443 2873 4499 videbitur
2930 4443 3256 4511 suscepisse.
3312 4443 3429 4499 Non
3482 4444 3554 4498 ita
3600 4454 3708 4499 est.

2118 4536 2251 4592 Nam
2282 4546 2411 4592 ante
2452 4536 2741 4593 creationis
2782 4536 2931 4591 initia
2982 4552 3013 4591 a
3052 4536 3258 4607 Spirittt
3302 4547 3490 4593 sancto
3528 4518 3707 4591 Mariae

2118 4646 2312 4701 corpus
2335 4631 2605 4701 impletur,
2627 4640 2682 4684 et
2708 4629 2851 4685 inter
2876 4630 3027 4684 initia
3065 4631 3358 4685 creationis
3390 4630 3559 4686 Filius
3584 4630 3706 4684 Vir-

2118 4722 2257 4793 ginis
2293 4722 2492 4793 Spiritu
2525 4731 2712 4776 sancto
2751 4730 3077 4788 cooperante
3121 4722 3443 4788 concipitur,
3496 4721 3593 4777 sed
3639 4721 3707 4774 ad

437 4818 565 4884 gari,
590 4823 752 4884 atque
782 4815 888 4883 igni
932 4821 1193 4883 perpetuo
1238 4808 1531 4877 mancipari
1560 4815 1735 4876 pateSt
1777 4807 1915 4861 sicut
1942 4808 2015 4860 le-
2041 4807 2095 4867 D
2121 4828 2401 4884 personam
2426 4811 2546 4866 Filii
2571 4812 2880 4879 specialiter
2902 4827 3092 4865 novem
3120 4814 3400 4866 mensibus
3432 4812 3705 4880 possiden-

437 4913 626 4976 gitnus,
658 4917 713 4961 ut
740 4915 858 4961 eant
880 4906 932 4958 in
953 4905 1121 4975 ignem
1142 4910 1389 4957 arternunt
1405 4917 1422 4965 ;
1448 4902 1534 4970 qui
1561 4908 1772 4968 paratus
1800 4910 1874 4951 est
1900 4898 2016 4950 diu-

438 5000 549 5053 bolo
571 5008 615 5052 et
647 4999 842 5069 angelis
866 5002 998 5067 ejus.
1032 4996 1167 5049 lluic
1188 4994 1553 5048 indubitanter
1577 4991 1806 5057 auctori,
1838 4988 2015 5057 perfe-

438 5090 598 5143 ctoris
628 5091 684 5143 in
713 5104 775 5144 re
811 5102 1070 5157 corporea
1102 5096 1205 5140 est.
1236 5085 1341 5141 Sed
1376 5085 1602 5137 forsitan
1647 5083 1781 5135 dicis
1810 5100 1821 5133 ι
1850 5080 2015 5135 Mani-

438 5184 631 5238 festum
699 5193 785 5239 est
821 5181 965 5252 quod
1019 5195 1079 5236 se
1131 5182 1293 5235 etiam
1344 5179 1647 5231 daemonum
1711 5178 2015 5243 importuna

437 5280 708 5341 violentia,
747 5278 799 5330 in
838 5276 1084 5330 homines
1112 5288 1247 5342 quos
1270 5270 1557 5337 tentandos
1596 5277 1873 5336 acceperat
1907 5268 2013 5320 frc—

438 5382 661 5441 qnenter
700 5369 966 5423 infundat.
1013 5364 1127 5420 Non
1161 5365 1229 5418 ita
1284 5375 1365 5418 est
1397 5380 1410 5416 :
1448 5380 1566 5415 nattt
1611 5362 1851 5429 corporis
1883 5361 2015 5412 late-

438 5466 559 5518 bras
586 5466 794 5518 intrare
817 5470 1062 5529 possunt,
1087 5459 1281 5511 allltllii'
1308 5472 1436 5511 vero
1460 5456 1712 5509 interiora
1738 5452 1888 5507 adire
1914 5466 2020 5505 non

436 5569 673 5625 possunt.
703 5556 992 5612 Sciendum
1022 5571 1148 5621 ergo
1169 5563 1249 5606 est
1285 5552 1425 5621 quod
1448 5551 1802 5617 spiritualium
1835 5548 2021 5616 nequi-

440 5662 624 5705 ttawtn
666 5651 864 5705 dolosa
897 5648 1187 5708 subtiittas,
1228 5646 1317 5702 illa
1354 5640 1719 5699 membrorum
1770 5644 1885 5697 loca
1924 5658 2023 5697 suo

2119 4905 2241 4967 dus,
2269 4915 2321 4959 et
2350 4919 2469 4960 cum
2503 4903 2695 4958 eodem
2739 4903 2789 4956 in
2822 4903 3000 4959 lucem
3034 4918 3355 4973 progressus
3383 4902 3705 4966 infunditur,

2119 4996 2275 5065 cujus
2328 4996 2512 5065 utique
2562 4995 2817 5064 temporis
2874 4996 3198 5050 societatem
3251 4996 3389 5050 intra
3441 4978 3705 5049 secretum

2119 5090 2260 5141 uteri
2304 5085 2577 5155 virginalis
2605 5086 2842 5152 Spiritus
2873 5086 3042 5140 sancti
3082 5100 3307 5154 persona
3345 5101 3449 5138 non
3492 5082 3704 5150 recipit,

2121 5177 2392 5233 hominem
2439 5193 2569 5247 ergo
2618 5192 2774 5246 quem
2818 5176 2982 5231 Filius
3024 5176 3116 5230 Dei
3159 5178 3295 5231 inter
3337 5178 3447 5243 ipsa
3484 5175 3707 5243 suscipit

2124 5270 2366 5332 exordia,
2400 5268 2632 5337 Spiritus
2664 5276 2880 5322 sanctus
2905 5283 3011 5321 non
3040 5277 3321 5335 susceptor
3350 5266 3443 5318 sed
3471 5266 3706 5319 sanctili-

2127 5373 2275 5416 calor
2299 5361 2541 5415 intravit.
2572 5360 2671 5415 llle
2699 5361 2843 5415 enim
2874 5361 3139 5423 nascitur,
3168 5360 3252 5411 hic
3282 5356 3599 5411 infunditur.
3629 5356 3707 5412 De

2137 5453 2278 5509 Filio
2296 5452 2531 5523 Virginis
2554 5454 2727 5506 anima
2751 5452 2833 5506 vel
2862 5466 2988 5505 caro
3012 5450 3131 5503 Filii
3157 5449 3250 5502 Dei
3276 5449 3632 5517 personaliter
3652 5458 3706 5502 et

2128 5544 2430 5615 specialiter
2465 5545 2569 5603 dici
2616 5555 2817 5614 potest,
2854 5542 3087 5611 Spiritus
3125 5550 3340 5595 sanctus
3373 5556 3501 5601 vero
3529 5542 3703 5594 anima

2131 5641 2217 5697 \el
2249 5656 2371 5697 caro
2417 5640 2563 5696 nullo
2602 5639 2761 5695 modo
2800 5636 2902 5691 dici
2935 5642 3130 5700 potest.
3167 5634 3221 5692 lu
3262 5651 3364 5700 quo
3411 5634 3575 5691 Filius
3604 5630 3704 5686 Dei
