4040 6184
342 316 409 373 27
1019 364 1022 368 ,
1058 330 1063 331 ν
1661 298 2023 358 PASCilASll
2067 302 2332 360 omnem
3530 310 3599 367 εδ

344 434 466 489 ideo
489 431 628 485 Deus
659 427 841 497 gloria:
870 424 1066 479 dicitur
1093 420 1404 486 cruciﬁxus,
1452 404 1736 486 pertulisse
1762 416 1815 468 in
1857 426 1924 467 eo
1951 417 1996 470 Λ
2031 417 2310 472 lentiorem
2349 431 2407 474 se
2431 417 2646 499 majoris
2668 418 2952 489 impatiens
2977 420 3030 475 in
3056 418 3260 475 ccelesti
3284 418 3480 491 gaudio
3508 423 3602 477 ile-

345 523 493 576 nullo
522 518 681 573 modo
709 516 813 570 dici
842 523 1016 585 potest
1043 512 1273 581 Spiritus
1306 518 1547 593 sanctus.
1582 504 1925 587 Ergogdivcr-

345 616 477 667 sitas
523 620 606 665 est
663 622 923 676 operum,
972 619 1076 659 non
1126 602 1415 657 diversitas
1477 596 1922 652 substantiarum.

264 764 273 772 ,
346 705 478 761 Nam
508 704 647 758 sicut
673 700 854 755 dicere
882 713 986 751 nun
1014 708 1318 765 possumus,
1355 689 1495 760 quod
1521 689 1602 744 vel
1636 688 1798 742 Pater
1824 686 1924 740 de.

346 798 616 853 scenderit
650 796 702 849 in
732 794 915 862 specie
949 789 1235 853 columbae,
1269 787 1351 841 vel
1392 786 1444 838 in
1477 784 1645 837 Patris
1681 796 1813 835 voce
1841 779 1926 834 Fi-

348 896 452 951 lius
493 895 564 948 sit
591 894 823 955 locutus,
857 887 1070 957 quando
1111 884 1285 941 dixit:
1321 882 1421 936 Hic
1468 890 1541 934 est
1573 877 1744 932 Filius
1784 891 1924 930 meus

348 984 562 1057 (.llattlt.
591 992 692 1047 Ill),
727 980 797 1034 ita
842 980 1097 1047 Spiritum
1138 984 1381 1039 sanctum
1417 984 1665 1026 asserere
1692 983 1797 1023 non
1828 981 1923 1034 po-

348 1085 451 1140 tes,
473 1073 557 1128 vel
583 1082 764 1125 natum
795 1085 861 1126 ex
901 1068 1137 1137 Virgine,
1170 1066 1250 1119 vel
1276 1065 1332 1119 in
1363 1077 1527 1118 carne
1563 1058 1927 1125 redemptoris

347 1163 653 1233 specialiter
690 1167 1091 1221 conversatum,
1117 1156 1203 1210 vel
1245 1156 1299 1209 iu
1331 1155 1499 1221 ipsius
1523 1151 1775 1220 passione
1806 1162 1928 1202 cru-

348 1256 584 1316 ciﬁxum,
625 1252 710 1306 vel
752 1249 1152 1305 resurrectione
1194 1246 1247 1299 in
1288 1259 1484 1313 corpus
1509 1240 1805 1305 redditum,
1838 1238 1924 1294 vel

348 1347 666 1402 ascensione
696 1345 759 1397 ad
797 1341 1042 1398 cmlestia
1083 1339 1451 1394 sublimatum.
1477 1334 1637 1403 Operi
1661 1344 1715 1389 et
1741 1345 1926 1401 perso-

351 1454 433 1492 na:
464 1437 553 1490 lilii
595 1434 854 1503 assignari
900 1434 998 1487 ista
1052 1428 1356 1484 necessario
1402 1423 1690 1489 convenit,
1730 1420 1927 1474 ascribi

351 1544 480 1583 vero
529 1526 751 1596 Spiritui
800 1533 988 1579 sancto
1031 1522 1175 1575 salva
1218 1519 1342 1573 licet
1390 1516 1681 1571 voluntatis
1729 1512 1931 1567 unitate

353 1635 459 1673 non
489 1618 760 1672 convenit.
796 1614 939 1669 Inter
964 1613 1079 1666 lucc
1099 1612 1294 1665 asserit
1321 1606 1684 1670 Macedonius,
1714 1613 1928 1658 creatu-

352 1726 463 1763 ram
494 1723 615 1763 esse
649 1706 909 1777 Spiritum
937 1712 1206 1758 sanctum.
1246 1697 1402 1755 Unde
1442 1697 1657 1750 videtur
1686 1693 1928 1763 incipiat,

2028 508 2421 577 prehendisset,
2465 509 2543 583 illi
2591 511 2870 582 sejmagis
2924 512 3168 568 conferre
3212 513 3295 567 vel
3348 515 3601 581 praeferre

2028 607 2308 655 tentasset.
2343 600 2458 655 Duo
2497 612 2623 656 sunt
2651 602 2704 654 in
2747 602 3082 671 caelestibus,
3111 602 3200 670 qui
3240 604 3397 671 regit,
3428 612 3480 657 et
3510 605 3599 673 qui

2026 701 2304 758 reguntur,
2338 692 2485 747 nullo
2516 693 2568 746 in
2603 691 2783 748 medio
2806 694 3002 749 borum
3034 694 3247 747 tertium
3277 696 3480 749 exstitit
3508 712 3601 764 ge-

2027 798 2148 848 nus,
2177 782 2320 851 quod
2341 783 2593 838 secundis
2613 783 2808 852 majus,
2837 794 2889 838 et
2924 784 3150 839 summis
3181 793 3326 840 esset
3354 784 3596 840 inferius.

2026 874 2387 941 Excellentior
2432 885 2677 929 creatura
2708 876 2773 931 de
2803 876 3137 945 archangelis
3169 875 3393 932 forsitan
3424 876 3601 932 dicere

2027 975 2199 1035 potes,
2228 967 2353 1022 licet
2371 968 2581 1022 caeteris
2611 967 2801 1023 ordine
2822 969 2992 1038 magis
3011 970 3415 1037 praeemineant,
3441 985 3599 1038 quam

2027 1068 2236 1113 natura.
2277 1058 2385 1113 Sed
2416 1058 2636 1127 Spiritui
2678 1068 2864 1113 sancto
2902 1070 2956 1114 et
2984 1060 3293 1129 archangeli
3338 1063 3599 1129 serviunt,

2029 1164 2096 1203 ex
2124 1149 2319 1217 quibus
2348 1165 2486 1204 unus
2514 1151 2665 1219 quasi
2703 1150 2947 1205 minister
2971 1151 3258 1207 adventum
3288 1152 3402 1219 eius
3434 1154 3603 1207 beata:

2029 1239 2206 1295 Maria:
2233 1241 2516 1295 nuntiavit.
2549 1241 2655 1297 Sed
2688 1242 2825 1297 dicis
2856 1258 2870 1295 :
2907 1243 3044 1309 Ecce
3084 1244 3170 1297 tibi
3196 1243 3450 1310 Spiritum
3480 1260 3603 1299 san-

2028 1342 2170 1387 ctum
2218 1335 2385 1388 Amos
2427 1335 2690 1404 propheta
2730 1343 3032 1390 creaturam
3063 1336 3342 1390 evidenter
3372 1338 3603 1405 assignat

2029 1424 2102 1477 ita
2148 1423 2334 1478 dicens
2369 1441 2383 1478 :
2413 1423 2548 1479 Ecce
2609 1442 2701 1495 ego
2745 1426 2955 1495 ﬁrmans
2994 1427 3298 1489 tonitruum,
3346 1436 3393 1481 et
3429 1443 3605 1482 crenus

2029 1516 2269 1584 spiritum
2298 1516 2474 1584 (Amos
2505 1515 2603 1583 tv).
2638 1516 2875 1571 Primum
2915 1527 2996 1571 est
3024 1517 3164 1585 quod
3198 1516 3464 1571 interdum
3491 1519 3605 1587 spi-

2030 1608 2166 1660 ritus
2198 1620 2390 1661 nomen
2433 1620 2768 1676 nequaquam
2804 1607 2872 1661 ad
2903 1621 3184 1678 personam
3224 1608 3605 1666 sanctiﬁcantis

2031 1700 2255 1767 spiritus
2299 1699 2487 1754 referri
2534 1708 2730 1769 potest,
2780 1700 2880 1754 nisi
2918 1699 3183 1769 adjeceris
3230 1710 3321 1755 aut
3361 1702 3605 1757 sniritum

351 1800 511 1855 modo
546 1772 888 1853 nihil'verbis
926 1796 1038 1850 suis
1074 1807 1235 1861 agere
1265 1797 1579 1859 praesumat,
1611 1801 1710 1840 nec
1737 1801 1767 1839 a
1806 1800 1928 1839 san-
1962 1772 2009 1832 Β
2043 1791 2159 1857 Dei,
2192 1802 2283 1845 aut
2313 1793 2568 1862 Spiritum
2600 1802 2865 1858 sanetum,
2899 1802 2990 1847 aut
3016 1795 3224 1864 spiritus
3253 1796 3338 1849 ubi
3367 1794 3473 1848 vult
3497 1798 3606 1865 spi—

351 1894 457 1947 ctis
487 1890 693 1961 paginis
722 1888 1082 1958 disputatione
1113 1883 1474 1945 transcendat,
1509 1881 1602 1935 sed
1637 1881 1931 1934 auctorita-

356 1996 461 2040 tem
485 2000 580 2055 per
611 1982 789 2037 omnia
807 1982 872 2035 de
904 1978 1228 2035 testimoniis
1256 1976 1300 2030 si
1331 1974 1492 2038 valet,
1526 1972 1784 2043 proferat,
1811 1987 1931 2041 qua:

352 2085 540 2129 contra
590 2073 757 2128 totius
805 2069 987 2125 mundi
1029 2069 1207 2130 ﬁdem,
1249 2076 1306 2123 et
1356 2081 1602 2137 numero,
1643 2074 1698 2120 et
1734 2066 1931 2121 virtute

354 2166 698 2235 prmvaleant.
731 2162 937 2232 Magnis
962 2162 1079 2216 sine
1105 2159 1269 2215 dubio
1296 2158 1704 2227 allegationibus
1747 2164 1802 2212 et
1840 2172 1931 2210 co-

355 2256 519 2325 piosis
555 2264 610 2310 et
639 2254 794 2308 valde
822 2253 1161 2309 evidentibus
1194 2263 1328 2319 Opus
1358 2257 1441 2303 est
1471 2248 1830 2315 documentis,
1875 2257 1933 2300 ut

353 2349 575 2418 quisque
615 2348 763 2401 illum
806 2360 872 2401 ex
919 2358 1147 2399 numero
1193 2351 1563 2396 creaturarum
1607 2354 1768 2393 unum
1811 2354 1932 2394 esse

352 2442 658 2502 convincat,
682 2452 845 2507 quem
864 2451 984 2491 cum
1014 2434 1172 2489 Patre
1199 2442 1252 2486 et
1279 2430 1414 2484 Filio
1437 2429 1678 2498 ejusdem
1713 2430 1932 2483 honoris

352 2541 404 2584 et
454 2531 638 2599 gloriae
686 2528 935 2583 universa
983 2537 1245 2580 terrarum
1304 2536 1465 2588 regna
1510 2520 1927 2583 concelebrant;

351 2637 512 2693 quem
547 2619 808 2673 catholica
844 2615 1084 2671 Ecclesia
1114 2625 1414 2668 creatorem
1447 2626 1601 2665 suum
1643 2611 1694 2664 itt
1739 2612 1929 2664 eodem

353 2722 668 2783 regenerata
720 2710 1019 2781 cognoscit.
1064 2710 1127 2763 Et
1175 2717 1319 2761 recte
1357 2720 1516 2777 quem
1566 2715 1928 2775 reparatnrem

354 2806 629 2874 perspicit,
659 2804 883 2859 credere
915 2818 1019 2856 non
1050 2808 1330 2855 cunctatur
1357 2808 1653 2853 auctorem.

966 2960 1191 3037 carm
1231 2960 1319 3014 ill.

357 3059 587 3125 Ubjcctio
632 3054 944 3120 Macedonii,
974 3071 1081 3125 qua
1115 3054 1269 3119 impie
1298 3050 1552 3118 Spiritum
1583 3058 1815 3103 sanctum
1847 3062 1932 3103 ex—

695 3128 1036 3180 cellentiorem
1060 3125 1239 3176 asserit
1266 3132 1578 3174 creaturam.

423 3241 759 3306 Creaturam,
797 3236 992 3308 inquit,
1030 3238 1174 3303 dico,
1218 3235 1313 3290 sed
1343 3232 1783 3290 excellentiorem
1816 3244 1931 3284 om-

357 3335 513 3388 nibus
554 3333 841 3386 creaturis.
881 3322 1161 3385 I‘rtelocuti
1195 3340 1400 3391 sumus,
1434 3332 1492 3378 ut
1530 3326 1794 3377 actionem
1838 3336 1934 3375 no-

357 3438 519 3478 stram
553 3439 655 3476 non
682 3408 1118 3490 persuasionibus
1144 3417 1392 3486 propriis,
1419 3416 1512 3470 sed
1542 3414 1817 3468 catholicis
1841 3415 1933 3465 de-

359 3530 618 3583 ponamus
646 3512 1008 3567 oraculiste‘
1045 3512 1149 3565 Deo
1179 3510 1336 3578 igitur
1364 3506 1718 3563 tractantibus
1753 3503 1931 3570 nobis,

361 3609 640 3674 prepheta,
689 3604 984 3674 apostolus,
1037 3602 1359 3671 evangelista
1395 3599 1734 3668 respondeat.
1768 3597 1931 3650 Crea-

360 3710 529 3751 tnram
544 3698 676 3753 dicis
689 3695 1123 3752 excellentiorem
1139 3693 1385 3747 omnibus
1399 3690 1681 3745 creaturis.
1698 3688 1933 3742 Ostende

361 3791 410 3853 in
439 3788 630 3857 quibus
658 3787 806 3842 libris
842 3786 908 3841 de
932 3785 1134 3854 Spiritu
1166 3792 1353 3839 sancto
1377 3782 1538 3837 verba
1569 3781 1780 3849 legeris.
1810 3779 1922 3833 Non

359 3880 547 3948 opinor
573 3878 625 3932 in
656 3877 954 3943 veteribus,
986 3891 1088 3932 non
1118 3876 1170 3930 in
1199 3874 1349 3929 novis
1376 3872 1630 3928 docebis?
1650 3872 1782 3925 Cum
1807 3884 1935 3939 ergo

362 3969 600 4043 proferre
636 3983 738 4023 non
770 3968 969 4031 valeas,
1016 3966 1143 4021 dum
1175 3975 1263 4020 tua
1306 3980 1413 4018 non
1454 3962 1719 4032 explicas,
1751 3972 1932 4017 nostra

360 4064 758 4119 conlirmamus.
793 4058 929 4112 Dum
959 4067 1258 4112 creaturam
1296 4070 1401 4110 non
1446 4052 1735 4123 approbas,
1769 4052 1931 4107 etiam

362 4152 515 4214 nobis
542 4151 840 4207 tacentibus
869 4156 1166 4204 creatorem
1205 4161 1325 4202 esse
1367 4145 1726 4200 demonstras.
1756 4142 1936 4213 Itaque

266 4266 271 4273 δ
360 4262 479 4305 cum
525 4244 625 4299 hoc
673 4243 903 4297 assertio
934 4250 1020 4296 tua
1062 4238 1129 4293 ad
1160 4236 1482 4293 catholicum
1531 4248 1770 4299 sensum,
1810 4247 1932 4287 cum

360 4339 577 4393 omnino
616 4334 684 4388 ad
732 4330 1098 4389 Christianum
1133 4344 1240 4382 non
1288 4326 1557 4394 pertineat
1605 4324 1933 4391 institutum,

360 4427 553 4483 diaboli
585 4438 814 4494 agnosce
835 4427 1220 4486 commentum,
1252 4418 1341 4487 qui
1378 4418 1571 4472 anima
1592 4416 1815 4481 donum,
1844 4416 1934 4470 ubi

2033 1890 2135 1945 rat,
2168 1882 2220 1951 id
2243 1892 2328 1937 est
2356 1883 2463 1937 nisi
2485 1882 2746 1953 adieceris
2774 1895 2867 1938 aut
2895 1886 3074 1954 operis
3102 1894 3193 1939 aut
3216 1887 3415 1953 proprii
3438 1888 3606 1941 nomi-

2034 1977 2115 2032 nis
2139 1976 2476 2047 dignitatem.
2515 1978 2716 2034 Deinde
2760 1979 2804 2032 si
2846 1979 2912 2033 ad
2956 1979 3200 2034 ordinem
3244 1981 3502 2051 respicias
3536 1983 3606 2038 le-

2033 2071 2251 2135 ctionis,
2285 2073 2441 2126 istam
2484 2072 2921 2126 excellentiorem
2970 2080 3029 2127 ut
3065 2072 3260 2127 asseris
3284 2083 3607 2139 creaturam,

2034 2161 2192 2214 nimis
2215 2159 2527 2230 despectam
2552 2175 2676 2216 esse
2701 2164 3037 2218 monstravit.
3066 2161 3198 2216 Nam
3232 2178 3350 2218 eam
3382 2174 3504 2233 post
3532 2174 3607 2218 to-

2035 2252 2195 2306 nitrui
2216 2263 2518 2308 creaturam
2551 2268 2673 2308 esse
2700 2249 3009 2324 descripsit.
3041 2254 3196 2310 Unde
3220 2256 3609 2326 inconsequens

2037 2344 2150 2404 fuit,
2188 2352 2246 2397 ut
2271 2344 2423 2411 juxta
2466 2359 2684 2399 sensum
2719 2353 2865 2399 tuum
2899 2346 3191 2416 principale
3221 2348 3322 2415 hoc
3351 2363 3485 2419 opus
3518 2349 3609 2403 Dei

2036 2436 2392 2491 irrationabili
2426 2446 2792 2505 postponeret,
2840 2446 2933 2492 aut
2963 2440 3196 2494 sociaret
3220 2440 3507 2494 elemento.
3538 2441 3610 2495 De

2035 2541 2267 2596 persona
2314 2541 2420 2581 non
2457 2528 2631 2581 diram
2662 2528 2860 2597 angeli,
2889 2528 2984 2583 sed
3018 2528 3301 2597 cujuslibet
3324 2530 3449 2597 justi
3478 2531 3611 2585 indi-

2034 2633 2196 2687 gnum
2235 2619 2337 2673 hoc
2364 2619 2530 2673 credi.
2573 2619 2737 2685 Magis
2767 2633 2895 2688 ergo
2924 2620 3028 2676 hoc
3057 2622 3359 2690 proximum
3401 2634 3454 2676 et
3479 2622 3613 2676 ami.

2035 2725 2157 2765 cum
2190 2725 2310 2765 esse
2338 2711 2660 2765 arbitremur
2698 2712 2913 2777 rationi,
2942 2713 2987 2765 si
3021 2722 3141 2782 post
3176 2715 3409 2769 tonitrua
3446 2715 3610 2771 ﬂabra

2035 2800 2397 2870 inte'ligamus
2434 2801 2726 2871 signiﬁcata
2763 2812 3068 2869 ventorum,
3108 2814 3165 2858 ut
3196 2804 3325 2859 illud
3370 2805 3421 2860 in
3472 2807 3614 2874 psal-

2036 2893 2136 2955 mis
2179 2910 2193 2949 :
2227 2894 2451 2963 Spiritus
2493 2893 2836 2964 procellarum
2890 2895 2977 2963 qui
3021 2896 3214 2964 faciunt
3261 2899 3465 2950 verbum
3502 2900 3613 2969 ejus

2035 2983 2205 3049 (Psal.
2238 2986 2484 3050 cxcvm),
2522 2985 2603 3038 vel
2635 2984 2763 3038 illud
2792 3002 2805 3037 :
2831 2984 3067 3055 Sulphur
3094 2986 3319 3055 Spiritus
3359 2990 3612 3056 procella-

2033 3090 2149 3126 rum
2185 3073 2359 3143 (Psal.
2392 3072 2472 3142 χ),
2502 3074 2587 3131 vel
2619 3091 2632 3128 :
2661 3074 2864 3141 Spiritu
2892 3078 3168 3131 vehementi
3196 3091 3423 3134 conteres
3464 3097 3611 3134 naves

1955 3139 2002 3200 c
2038 3139 2246 3217 Tharsis
2274 3139 2664 3236 (PsalJLvn).
2700 3139 2936 3221 Diversis
2961 3168 3134 3223 modis
3164 3168 3388 3238 spiritus
3414 3170 3611 3226 intellio

2034 3256 2195 3325 gitur,
2228 3255 2442 3325 quando
2465 3270 2570 3310 non
2597 3271 2717 3311 cum
2753 3257 3043 3325 privilegiis
3067 3259 3178 3312 suis
3200 3261 3507 3328 specialiter
3528 3263 3611 3318 de-

2035 3346 2292 3415 signatur.
2326 3346 2432 3403 Sed
2458 3348 2674 3403 omissis
2699 3346 2784 3401 his
2811 3348 3081 3418 interroga
3113 3351 3477 3407 translationis
3509 3354 3611 3408 lle-

2036 3436 2232 3491 braicae
2274 3437 2577 3505 veritatem,
2624 3447 2677 3493 et
2719 3438 2789 3492 ibi
2829 3439 3203 3494 conlusibilem
3249 3443 3613 3510 persuasionis

2039 3535 2141 3585 tuae
2172 3528 2540 3593 deprehendes
2564 3544 2827 3585 errorem.
2856 3529 2933 3584 Ita
2961 3532 3105 3585 enim
3133 3532 3242 3587 illic
3271 3533 3468 3588 dictum
3493 3550 3613 3593 esse

2039 3621 2297 3687 reperies,
2330 3622 2448 3689 quia
2477 3637 2590 3675 ecce
2609 3638 2701 3691 ego
2729 3626 2953 3692 formans
2976 3634 3186 3691 montes,
3217 3635 3264 3679 et
3289 3642 3469 3681 creans
3498 3644 3612 3681 ven-

2040 3718 2165 3763 tum.
2198 3710 2332 3765 Vide
2362 3726 2519 3780 quam
2550 3713 2725 3775 nudis,
2757 3723 2940 3767 contra
2973 3714 3138 3769 Deum
3161 3716 3358 3779 verbis,
3379 3727 3431 3771 et
3451 3733 3610 3786 quam

2038 3803 2283 3858 inanibus
2312 3804 2609 3859 credidisti.
2644 3805 2780 3860 Vide
2809 3822 2964 3875 quam
2997 3823 3189 3876 magno
3218 3817 3270 3862 te
3291 3821 3610 3877 argumento

2037 3902 2220 3948 contra
2246 3895 2536 3962 potentiam
2560 3895 2857 3965 majestatis
2883 3899 3125 3959 armasti,
3156 3908 3208 3953 et
3234 3908 3358 3967 post
3390 3900 3477 3953 illa
3504 3915 3610 3955 non

2039 3989 2233 4041 metuis
2262 3987 2402 4041 circa
2440 3996 2544 4040 tam
2574 3988 2843 4042 inﬁrmum
2872 3988 3077 4044 hterere
3109 3991 3497 4061 ramuscuium,
3520 3992 3613 4064 qui

2039 4078 2091 4134 in
2120 4085 2227 4132 tam
2254 4077 2577 4133 horrendum
2611 4079 2810 4147 pendes
2841 4080 3152 4150 abruptum.

2646 4239 2875 4299 CAPUT
2913 4242 3000 4299 IV.

2046 4331 2382 4388 Macedonius
2427 4332 2728 4388 dualitatem
2778 4352 3023 4399 asserens,
3081 4334 3333 4405 Spiritum
3379 4344 3612 4393 sanctum

2326 4416 2476 4474 negat
2515 4408 2778 4476 propriam
2816 4406 2998 4460 habere
3038 4423 3323 4475 personam.

360 4523 558 4591 Spiritu
589 4526 773 4574 sancto
818 4530 1035 4572 vacuam
1076 4514 1290 4578 viderit,
1321 4514 1474 4584 quasi
1505 4513 1790 4568 contrariis
1832 4513 1933 4567 IIO-
1966 4510 2015 4569 Ι)
2056 4520 2059 4523 ’
2116 4514 2317 4570 Deinde
2343 4515 2652 4571 dualitatem
2706 4517 3034 4583 intromittis,
3077 4524 3137 4573 ‘et
3173 4517 3309 4573 dicis
3353 4519 3609 4587 Spiritum

361 4614 582 4684 spitibus
610 4611 861 4678 nequitia:
881 4606 1209 4677 septiformis
1239 4606 1449 4660 invidit.
1477 4604 1579 4670 Qui
1604 4605 1750 4659 enim
1783 4591 1939 4658 illum

361 4704 612 4769 excindit,
654 4704 793 4757 hunc
833 4702 1046 4770 recipit.
1077 4701 1132 4753 In
1174 4700 1269 4754 illo
1301 4698 1399 4753 luit
1442 4699 1542 4752 ista
1584 4696 1944 4752 excellentior

362 4805 625 4860 creatura,
657 4794 746 4863 qui
779 4795 832 4848 in
861 4792 1067 4849 caelesti
1095 4792 1338 4846 claritate
1360 4789 1713 4859 ‘prmfulgens,
1741 4802 1933 4843 nume-

362 4890 437 4944 ris
466 4887 746 4947 conscius,
776 4887 1012 4941 auctoris
1036 4884 1269 4953 ignarus,
1297 4882 1494 4936 habere
1522 4896 1580 4936 se
1607 4881 1756 4947 vidit,
1781 4893 1934 4934 accc-

364 4984 505 5051 pisse
534 4981 777 5043 nescivit,
804 4986 860 5033 et
892 4977 1015 5031 ideo
1039 4977 1263 5046 gloriam
1295 4987 1471 5044 quam
1494 4975 1814 5029 beatus'non
1847 4973 1934 5027 in-

363 5075 587 5138 teliexit,
636 5073 809 5127 elatus
848 5071 1046 5135 amisit,
1077 5071 1150 5123 ita
1202 5069 1388 5123 dicens
1417 5070 1748 5121 inscendam
1777 5078 1935 5132 supra

364 5176 506 5219 astra
534 5164 762 5227 nubium,
794 5176 980 5230 ponam
1008 5176 1160 5227 super
1198 5159 1435 5212 thronum
1454 5152 1644 5210 Solium
1675 5162 1859 5221 meum,
1887 5165 1936 5209 et

363 5276 449 5316 ero
476 5259 657 5313 similis
678 5255 962 5321 Altissimo,
992 5252 1078 5307 hic
1096 5266 1222 5323 ergo
1248 5250 1449 5305 nullum
1478 5250 1531 5304 in
1562 5248 1823 5303 creaturis
1842 5261 1932 5301 su-

363 5349 624 5417 periorem
646 5361 706 5403 se
730 5354 789 5400 ut
816 5357 942 5399 reor
966 5342 1168 5408 habuit,
1209 5340 1410 5395 nullum
1442 5340 1680 5394 medium
1708 5338 1855 5393 inter
1874 5353 1935 5393 se

361 5447 418 5495 et
449 5440 610 5493 Deum
630 5439 783 5504 vidit,
813 5438 865 5492 in
887 5436 1039 5504 cujus
1064 5432 1406 5489 aemulatione
1431 5431 1697 5502 superbia":
1718 5431 1938 5486 stimulo

360 5529 659 5589 concitatus
698 5535 1022 5598 assurgeret,
1065 5535 1118 5580 et
1145 5524 1265 5579 ideo
1296 5523 1500 5577 nullum
1543 5530 1669 5576 ante
1705 5512 1765 5576 se
1793 5526 1936 5575 stare

360 5623 414 5687 in
446 5620 634 5675 ordine
659 5619 863 5673 militia:
892 5617 1131 5674 caelestis
1164 5612 1453 5684 aspiciens,
1492 5611 1593 5683 ipsi
1627 5626 1805 5665 rerum
1832 5610 1939 5663 Βοι

362 5715 505 5777 mino
533 5728 592 5775 se
634 5726 844 5778 arquato
872 5709 1230 5785 praesumpsit.
1274 5698 1429 5785 Quod
1471 5706 1517 5769 si
1548 5706 1714 5765 ullum
1752 5706 1935 5765 excei.

2038 4616 2281 4661 sanetum
2313 4608 2579 4676 propriam
2631 4622 2736 4661 non
2770 4608 2966 4663 habere
2994 4624 3309 4678 personam,
3343 4625 3441 4666 nec
3481 4612 3613 4664 arni-

2037 4699 2172 4753 sisse
2206 4711 2257 4754 te
2286 4701 2457 4755 sentis
2479 4698 2895 4767 regenerationis
2922 4702 3169 4770 gratiam,
3200 4704 3289 4771 qui
3314 4703 3364 4757 in
3394 4714 3602 4771 regene-

2035 4793 2259 4847 rationis
2290 4791 2468 4848 tendis
2495 4793 2776 4861 oll‘ensam,
2801 4808 2958 4862 quem
2981 4796 3083 4849 Sibi
3115 4797 3165 4848 in
3191 4802 3474 4851 commune
3502 4813 3614 4849 ma-

2038 4882 2247 4951 iestatis
2273 4894 2327 4937 et
2358 4884 2573 4938 virtutis
2604 4885 2813 4939 unitum
2853 4886 3030 4941 divina
3053 4888 3250 4940 veritas
3292 4897 3635 4955 protestetur,

2043 4975 2114 5029 ita
2147 4975 2337 5031 dicens
2364 4993 2378 5030 :
2404 4973 2507 5039 Ite,
2531 4976 2722 5045 inquit,
2755 4977 3004 5046 baptizata
3038 4994 3209 5032 omnes
3246 4988 3417 5049 gentes
3448 4982 3501 5034 in
3530 4996 3616 5033 no-

2042 5066 2180 5120 mine
2209 5065 2385 5121 Patris
2414 5076 2463 5121 et
2491 5064 2617 5121 Filii
2641 5076 2689 5121 et
2720 5068 2944 5138 Spiritus
2972 5069 3153 5122 sancti.
3187 5067 3255 5122 In
3281 5070 3502 5135 nomine,
3535 5071 3618 5125 in-

2040 5158 2180 5227 quit,
2212 5158 2389 5215 Patris
2423 5169 2471 5213 et
2512 5157 2639 5213 Filii
2672 5169 2721 5215 et
2762 5160 3007 5229 Spiritus
3034 5162 3199 5215 sancti
3232 5158 3455 5230 (Matth.
3492 5159 3615 5228 ult.)

2043 5247 2286 5303 Nominis
2315 5249 2659 5317 singularitas
2698 5252 2955 5304 unitatem
2990 5248 3252 5318 inquitur,
3298 5251 3616 5321 appellatio.-

2041 5357 2164 5394 nttm
2219 5342 2501 5401 diversitas
2547 5342 2882 5397 Trinitatem.
2914 5342 2970 5398 In
2999 5344 3218 5400 nomine
3263 5359 3390 5415 ergo
3441 5360 3610 5408 unus,

2036 5433 2129 5489 sed
2173 5435 2225 5487 in
2252 5448 2599 5502 personarum
2636 5433 2997 5502 distinctione,
3032 5449 3137 5489 non
3166 5450 3322 5490 unus.
3362 5435 3498 5503 Quid
3530 5446 3615 5489 est

2040 5525 2090 5578 in
2113 5525 2285 5579 tribus
2309 5525 2465 5579 unius
2492 5526 2724 5579 nominis
2750 5527 3123 5594 praerogativa,
3156 5526 3261 5581 nisi
3290 5526 3503 5582 deitatis
3527 5528 3612 5581 in-

2037 5612 2268 5668 discreta
2297 5615 2581 5669 concordia
2609 5631 2621 5667 :
2650 5614 2729 5668 iac
2756 5615 2977 5684 gradum
3004 5616 3046 5671 si
3078 5626 3258 5688 potes,
3297 5616 3385 5670 ubi
3415 5626 3615 5682 przeter

2038 5720 2202 5764 unum
2232 5705 2341 5762 Deo
2369 5705 2471 5765 hoc
2502 5704 2675 5781 ipsum
2726 5715 3013 5769 attestante
3062 5708 3190 5769 nihil
3214 5705 3443 5769 iuvenis.
3476 5706 3611 5768 Tres
