4040 6184
287 361 351 413 29
1440 354 1523 409 DE
1561 352 1824 410 διηιιιιύ
1864 351 2130 406 SANCTO
2167 352 2299 407 LIB;
2336 354 2399 410 ll.
3482 356 3552 411 50

290 470 457 532 nudis,
479 481 548 520 ne
574 468 837 521 unitatem
860 466 903 522 S
920 467 1162 521 obelliana
1194 467 1516 535 permisceat
1543 473 1599 519 et.
1636 465 1861 518 roofun-
1893 469 1943 525 Λ
1972 466 2172 521 Esuritn‘
2196 470 2350 531 attint,
2372 479 2422 521 et
2447 469 2658 521 dedistis
2682 469 2807 521 mihi
2832 470 3158 522 manducare.
3191 470 3367 537 Sicini,
3388 482 3433 523 et
3464 474 3555 523 dc-

291 565 378 618 dat
411 561 679 629 impietas.
727 560 900 613 Unum
956 558 1132 623 audis,
1182 573 1249 611 ne
1295 558 1610 610 Trinitatem
1660 556 1866 609 diVitlat

292 656 480 710 Ariana
500 651 845 721 perversitas.
873 649 1129 718 Spiritum
1145 656 1390 701 sanctum
1421 646 1593 709 audis,
1609 654 1667 700 ut
1691 647 1872 700 ﬂace-

294 746 504 798 donium
526 742 801 797 confodiat
830 740 1063 794 distincti
1091 739 1324 793 nominis
1346 751 1600 807 expressa
1630 737 1871 804 proprie-

294 847 392 891 tas.
414 836 485 889 lta
507 850 595 902 jue
615 849 717 887 non
740 849 831 886 cre
850 843 1019 897 iturae,
1044 830 1136 885 sed
1153 831 1410 884 creatoris
1433 829 1871 884 incommutabile

297 947 426 998 opus
463 931 639 997 agitur
664 969 679 991 ,
710 927 799 980 ubi
833 937 1171 995 peccatorum
1219 924 1441 977 abolitio
1470 934 1524 978 et
1569 923 1875 977 immunitas

297 1030 562 1090 erogatur.
598 1021 655 1073 In
686 1018 787 1075 hoc
819 1028 993 1072 tamen
1024 1013 1385 1070 indissecabili
1418 1012 1714 1082 majestatis
1757 1026 1871 1065 am-

299 1112 484 1180 ple-xu,
516 1111 568 1164 in
595 1108 924 1178 pmprietate
972 1120 1211 1175 personae
1240 1105 1483 1159 alter‘est
1527 1103 1715 1168 Pater,
1741 1103 1875 1157 alter

298 1210 378 1255 est
414 1199 602 1265 Filius,
633 1200 771 1253 alter
798 1208 880 1252 est
906 1197 1135 1267 Spiritus
1173 1203 1414 1259 sanctus,
1445 1192 1539 1249 sed
1589 1196 1641 1248 in
1673 1193 1875 1248 unitate

301 1309 403 1347 non
428 1292 593 1346 aliud.
625 1291 726 1357 Qui
759 1291 939 1360 utique
969 1290 1012 1344 si
1053 1290 1194 1344 Deus
1236 1304 1342 1343 non
1371 1300 1539 1356 esset,
1580 1288 1732 1358 juxta
1772 1288 1872 1341 Pa-

302 1395 431 1439 trem
459 1393 516 1439 et
540 1384 733 1438 Filium
763 1396 1044 1451 personam
1080 1381 1350 1447 propriam
1380 1379 1581 1434 habere
1622 1395 1727 1435 non
1754 1395 1875 1447 pos-

299 1484 405 1539 set;
436 1475 669 1544 denique
691 1474 907 1543 quando
951 1473 1184 1527 Verbum
1232 1472 1421 1527 transit
1449 1472 1504 1526 in
1535 1487 1754 1526 carnem
1780 1512 1795 1538 ,
1822 1482 1875 1525 et

302 1567 529 1621 hominis
545 1568 784 1620 habitmn
803 1566 941 1620 Deus
965 1564 1151 1628 induit,
1165 1573 1218 1618 et
1239 1564 1285 1617 si
1301 1563 1353 1617 in
1381 1563 1610 1618 circuitu
1642 1563 1757 1632 ejus
1790 1572 1872 1617 ta-

301 1657 644 1712 bernaculum
658 1660 794 1725 ejus,
820 1667 872 1711 et
892 1654 1228 1725 splendorem
1248 1669 1400 1709 suum
1424 1654 1659 1710 tenebris
1677 1664 1874 1709 nostra:

302 1748 599 1817 fragilitatis
618 1748 861 1812 involvit,
886 1757 940 1803 et
960 1736 1107 1814 ponit
1124 1746 1372 1802 tenebras
1391 1746 1667 1804 latibulum
1692 1762 1872 1815 suum,

1977 560 2124 611 dlstis
2153 562 2279 612 mihi
2326 561 2511 614 bibere.
2560 560 2696 625 Qttid
2729 560 2802 614 ait
2854 575 3096 628 persona:
3142 564 3357 615 unitas?
3388 564 3557 615 llonm

1978 650 2215 717 pascitur
2243 660 2299 706 et
2330 653 2468 706 Deus
2496 653 2751 706 rellcitur.
2802 651 2902 706 Pes
2929 656 3267 721 componitur
3307 663 3360 707 et
3397 663 3557 721 caput

1979 742 2276 795 fomentum
2301 757 2360 796 se
2396 744 2594 801 sentire
2625 750 2870 796 testatur.
2902 742 3041 797 Dicit
3083 760 3208 813 ergo
3234 762 3247 797 :
3278 745 3556 813 Nunquam

1980 831 2256 885 Dominum
2287 835 2466 902 gloria:
2513 835 2905 902 cruciﬁxissent.
2955 837 3018 888 Et
3047 851 3077 889 e
3106 837 3353 892 diverso:
3390 835 3556 889 Nemo

1977 927 2201 980 ascendit
2229 927 2281 979 in
2307 928 2509 993 caelum,
2532 927 2629 980 nisi
2656 929 2744 995 qui
2770 927 3026 981 descendit
3050 929 3112 981 de
3129 927 3272 992 atrio,
3296 929 3434 995 [ilius
3463 930 3557 983 Ito-

1976 1018 2128 1071 minis
2159 1017 2248 1087 qui
2294 1028 2369 1070 est
2417 1018 2471 1070 in
2516 1018 2659 1071 cwlo.
2687 1015 2822 1071 Vide
2869 1019 3137 1086 quomodo
3168 1033 3262 1086 per
3301 1019 3553 1073 unitatem

1980 1124 2224 1175 personae
2249 1110 2477 1163 humana
2508 1109 2722 1173 divinis,
2742 1118 2795 1161 et
2821 1110 3065 1163 humanis
3086 1110 3261 1163 divina
3296 1112 3555 1165 miscean-

1980 1210 2084 1254 tur.
2117 1199 2255 1254 Dens
2284 1199 2631 1267 cruciﬁgitur,
2672 1208 2727 1252 et
2754 1199 2914 1252 homo
2944 1200 3009 1252 de
3039 1201 3179 1254 οωιο
3208 1200 3554 1262 descendere,

1978 1300 2029 1343 et
2057 1290 2107 1342 in
2139 1289 2274 1343 cmlo
2307 1304 2622 1358 permanere
2656 1291 3151 1355 memoratur.Qu:e
3172 1306 3290 1343 cum
3329 1293 3395 1344 ita
3425 1292 3553 1355 sint,

1979 1381 2375 1451 perspiciamus
2399 1382 2465 1436 de
2485 1382 2652 1435 sacris
2678 1382 3038 1436 voluminibus
3066 1384 3292 1452 gemina:
3312 1384 3555 1438 substan-

1978 1474 2067 1526 tiae
2094 1472 2517 1530 distinctionem.
2550 1473 2640 1526 Ait
2684 1473 2863 1541 itaque
2894 1472 3079 1529 beatus
3114 1475 3361 1543 Moyses:
3397 1478 3556 1543 (Iaput

1977 1580 2091 1616 cum
2140 1564 2351 1634 pedibus
2405 1564 2697 1628 comedetis,
2740 1574 2787 1621 et
2832 1565 3070 1617 intestina
3099 1568 3211 1636 ejus
3253 1564 3555 1619 deuorabitis

1978 1656 2173 1727 (Exod.
2225 1656 2343 1725 ιιι).
2377 1656 2432 1709 1η
2482 1657 2700 1725 pedibus
2727 1655 3144 1722 humanitatem,
3174 1666 3228 1712 et
3277 1659 3328 1710 in
3378 1657 3553 1725 capite

1980 1750 2262 1805 credamus
2288 1751 2641 1818 majestatem.
2670 1750 2742 1807 lta
2776 1751 2831 1804 ﬁt
2856 1760 2911 1805 ιιι
2942 1751 3066 1806 dum
3096 1752 3211 1807 haec
3240 1754 3374 1805 intra
3418 1752 3556 1806 littc-

302 1839 391 1897 Dei
415 1838 632 1908 quidem
659 1847 713 1892 et
741 1838 973 1892 hominis
995 1837 1185 1906 duplex
1207 1837 1502 1892 substantia
1534 1851 1638 1903 εει,
1672 1837 1766 1891 sed
1798 1848 1876 1891 ta-
1905 1822 1952 1882 Β
1979 1858 2092 1898 ram
2123 1843 2362 1907 latentia,
2390 1842 2490 1897 tide
2519 1851 2887 1912 perscrutante
2904 1847 3295 1913 cognoscimus,
3321 1843 3455 1909 ignis
3486 1844 3556 1895 in-

300 1943 419 1983 men
449 1944 553 1982 una
581 1943 828 1997 persona.
859 1929 1029 1995 Quam
1052 1928 1123 1981 ob
1154 1927 1304 1981 rem?
1328 1928 1460 1995 Quia
1492 1928 1617 1985 dum
1651 1930 1875 1985 fortnam

299 2022 435 2079 servi
460 2022 755 2091 accipiens,
780 2020 977 2076 famulo
1003 2020 1144 2076 Deus
1163 2022 1425 2091 jungitur,
1452 2021 1674 2076 minoris
1706 2023 1878 2077 humi-

303 2118 419 2166 litas-
446 2115 583 2168 intra
616 2117 971 2173 reverentiam
1007 2116 1222 2184 majoris
1248 2116 1614 2182 absconditur,
1645 2129 1695 2171 et
1718 2131 1879 2187 supe-

302 2206 458 2258 rioris
482 2205 682 2259 lumine
712 2208 966 2260 exinaniti
996 2208 1346 2273 Consumitur,
1375 2224 1439 2263 ac
1467 2209 1545 2262 sic
1574 2209 1875 2285 praprieta-

302 2310 405 2351 tcm
439 2288 683 2365 persona:
731 2298 1034 2353 humanitas
1081 2300 1753 2375 divinitate.obttmbrante
1794 2302 1877 2376 vel

304 2394 574 2451 eminente
620 2405 724 2443 non
755 2390 982 2444 obtinet.
1006 2389 1079 2443 lbi
1127 2406 1254 2460 ergo
1283 2378 1459 2460 potest
1483 2378 1603 2463 ἔδεε
1627 2383 1880 2461 personal

307 2498 419 2536 rum
452 2482 715 2551 parilitas,
749 2483 836 2535 ubi
864 2483 1170 2534 meritorum
1192 2498 1255 2537 ac
1283 2470 1601 2551 dignita'tinit
1633 2470 1889 2538 consulit

305 2574 597 2639 a-qualitas.
646 2574 713 2625 Et
753 2572 874 2626 ideo
913 2572 1166 2640 Spiritum
1217 2588 1459 2628 sanetum
1493 2590 1611 2629 cum
1648 2576 1801 2629 Patre
1824 2584 1879 2631 et

306 2662 463 2727 Filio,
490 2679 653 2716 unum
677 2663 969 2731 majestatis
993 2664 1205 2733 noveris
1220 2644 1879 2736 pdss‘tlede‘jft'ivilegiizat,

304 2770 457 2821 quem
493 2770 739 2824 petsome
769 2756 919 2809 vides
940 2756 1189 2817 obtinere
1210 2742 1299 2827 jus
1330 2740 1628 2827 proprium:
1654 2743 1805 2826 Quod
1832 2761 1878 2813 si

303 2849 493 2915 aliquis
538 2858 773 2915 opponat
799 2856 853 2901 et
883 2847 1025 2902 dicat
1055 2866 1069 2902 :
1100 2848 1155 2904 Si
1188 2851 1241 2903 in
1269 2848 1482 2904 Christo
1534 2851 1645 2911 Deo
1676 2855 1879 2920 pariter

305 2948 357 2992 et
382 2938 605 2993 humiue
636 2940 764 2992 duas
794 2940 1119 2994 substantias
1150 2941 1400 3006 dicimus,
1430 2959 1596 3011 quare
1618 2959 1721 2999 non
1745 2946 1878 3000 duas

306 3031 459 3089 simili
486 3035 697 3085 ratione
727 3032 1006 3103 credamus
1034 3034 1333 3102 personas?
1359 3033 1474 3088 Non
1499 3036 1568 3087 ita
1598 3045 1699 3091 est.
1742 3034 1875 3089 Nam

306 3125 388 3193 qui
412 3124 547 3177 duas
588 3137 846 3193 personas
879 3124 930 3176 in
964 3124 1176 3179 Christo
1204 3124 1358 3195 facit,
1388 3127 1713 3197 impietatem
1742 3145 1872 3197 (ιιι-ι-

310 3218 574 3271 tenuitatis
596 3217 902 3280 introducit,
931 3232 1088 3285 quam
1116 3216 1325 3288 penitus
1350 3235 1527 3274 rerum
1560 3230 1750 3275 natura
1774 3236 1878 3275 non

309 3309 517 3376 recipit.
549 3308 622 3361 De
645 3307 854 3361 duabus
895 3309 1241 3365 rationalibus
1281 3311 1612 3382 diversisque
1639 3313 1881 3368 substan-

310 3402 426 3462 tiis,
481 3399 778 3467 prazsertim
806 3400 873 3454 de
908 3400 996 3456 Dei
1028 3410 1081 3454 et
1124 3400 1388 3466 hominis,
1420 3403 1487 3456 de
1538 3405 1797 3459 creatoris
1827 3414 1882 3460 et

309 3504 563 3546 creatura:
593 3508 695 3545 una
722 3492 834 3547 ﬁeri
866 3510 971 3545 non
1006 3503 1198 3560 potest,
1223 3495 1290 3549 de
1312 3495 1516 3553 duabus
1540 3511 1667 3553 vero
1697 3512 1882 3565 perso-

310 3587 409 3647 nis,
441 3599 542 3637 una
571 3584 687 3637 ﬁeri
721 3594 923 3652 potest,
974 3587 1110 3639 sicut
1140 3586 1361 3655 legimus
1386 3598 1541 3656 caput
1573 3598 1627 3643 et
1647 3604 1877 3658 corpus,

308 3675 575 3728 Christum
607 3686 657 3729 et
684 3676 972 3730 Ecclesiam
994 3693 1149 3731 unum
1170 3688 1352 3735 tenere
1385 3695 1693 3748 personam.
1715 3683 1879 3736 Erunt

309 3765 456 3828 enim,
508 3766 700 3833 inquit,
735 3770 837 3817 duo
887 3768 939 3819 in
967 3783 1118 3820 carne
1156 3784 1276 3822 una.
1314 3770 1379 3823 Et
1408 3772 1545 3824 sicut
1597 3774 1733 3841 apud
1782 3790 1879 3828 nos

310 3856 550 3909 homines
579 3855 744 3908 Filius
773 3856 942 3910 Patris
972 3858 1199 3913 familias
1221 3859 1373 3928 juxta
1406 3860 1619 3917 Patrem
1661 3864 1744 3918 vel
1766 3881 1881 3918 ser-

308 3961 398 4003 vus
407 3946 563 4015 juxta
596 3948 904 4011 liotttinum,
928 3965 1169 4016 persona:
1195 3953 1420 4021 propria:
1447 3953 1622 4008 locum
1656 3970 1759 4008 non
1788 3958 1881 4017 ha-

310 4041 413 4100 bet,
437 4038 509 4091 ita
540 4039 594 4092 in
620 4040 729 4092 Deo
752 4048 807 4093 et
827 4040 1062 4102 homine,
1087 4043 1299 4111 gemina
1320 4044 1536 4114 quidem
1560 4046 1880 4113 substantia,

308 4128 396 4183 sed
420 4146 529 4183 non
553 4131 766 4199 gemina
797 4147 1021 4199 persona
1049 4143 1152 4199 est,
1178 4136 1300 4203 quia
1340 4152 1565 4205 persona
1596 4153 1878 4208 personam

309 4233 623 4276 consumere
651 4232 846 4290 potest,
878 4224 1173 4282 substantia
1195 4242 1322 4282 vero
1369 4230 1721 4284 substantiam
1754 4248 1882 4289 cou-

308 4326 515 4365 sumere
545 4327 654 4364 non
686 4323 883 4380 potest.
908 4315 960 4367 Si
990 4315 1201 4381 quidem
1233 4332 1462 4386 persona
1497 4335 1583 4375 res
1606 4322 1744 4389 juris
1774 4333 1877 4387 εει,

308 4406 604 4461 substantia
633 4421 721 4460 res
743 4417 967 4460 naturas.
994 4408 1102 4463 lloc
1124 4409 1243 4464 loco
1266 4414 1627 4469 necessarium
1650 4414 1879 4479 videtur,

310 4498 431 4551 utin
454 4496 675 4551 Christo
704 4495 930 4552 Domino
960 4500 1157 4567 pariter
1181 4510 1236 4555 et
1258 4502 1490 4557 hominis
1513 4520 1670 4563 unam
1698 4520 1881 4573 perso-

311 4606 448 4657 nam,
477 4599 534 4644 et
559 4590 695 4644 duas
730 4591 1054 4647 substantias
1102 4596 1423 4653 testimoniis
1451 4612 1772 4654 asseramus.
1808 4600 1880 4654 Da

311 4696 461 4735 unam
488 4682 849 4751 redemptoris
882 4684 975 4740 Dei
1018 4686 1356 4755 hominisque
1397 4703 1701 4758 personam.
1734 4691 1881 4760 Apo-

311 4775 474 4829 stolus
515 4776 650 4831 dicit
683 4792 696 4830 :
741 4776 804 4830 Si
836 4777 974 4830 enim
1002 4779 1347 4847 cognouissent
1395 4782 1697 4850 sapientiam
1746 4782 1843 4840 Dei
1867 4822 1883 4847 ,

313 4882 568 4935 nunquam
619 4866 895 4921 Dominum
919 4869 1099 4938 gloria:
1124 4870 1513 4939 cruci/ixissent.
1557 4875 1610 4930 Si
1651 4874 1885 4943 requiris

311 4958 574 5024 quomodo
598 4957 923 5014 inviolabilis
964 4963 1201 5029 potuerit
1231 4965 1360 5033 pati,
1388 4973 1443 5021 et
1469 4967 1882 5035 incomprehen-

312 5046 481 5101 sibilis
505 5050 761 5118 cruciﬁgi,
794 5066 1035 5119 persona:
1065 5054 1240 5108 unitas
1280 5055 1427 5119 facit,
1459 5066 1516 5109 ut
1547 5057 1688 5125 quod
1721 5059 1882 5112 homo

312 5140 545 5206 pertulit,
579 5142 720 5197 Deus
743 5143 1027 5211 pertulisse
1054 5144 1320 5199 credatur.
1345 5145 1473 5202 ltem
1501 5161 1620 5200 cum
1657 5162 1883 5216 evangee

309 5232 430 5287 lista
462 5243 848 5287 commemorat
873 5252 885 5286 :
922 5232 1087 5287 Nemo
1114 5235 1340 5287 ascendit
1369 5238 1466 5289 nisi
1510 5238 1597 5305 qui
1624 5237 1882 5292 descendit

310 5325 371 5379 de
396 5326 542 5387 aelo,
570 5326 710 5393 ﬁlius
746 5327 986 5391 hominis,
1011 5329 1097 5396 qui
1123 5338 1196 5381 est
1221 5329 1272 5380 in
1313 5328 1474 5389 ctelo:
1503 5332 1772 5399 quomodo
1798 5332 1883 5385 hic

311 5415 475 5469 hlium
505 5416 741 5469 bomlnis
764 5428 889 5471 ante
932 5417 1195 5485 passionis
1222 5419 1304 5471 vel
1336 5422 1743 5474 resurrectionis
1767 5421 1881 5476 sive

309 5506 639 5561 ascensionis
654 5507 795 5561 diem
815 5509 964 5575 dicit,
988 5518 1040 5563 et
1059 5509 1126 5565 de
1146 5510 1286 5564 cmlo
1302 5510 1495 5565 asserit
1512 5510 1878 5578 descendisse,

310 5603 363 5649 et
408 5597 459 5651 in
486 5597 796 5653 caelestibus
826 5614 1171 5668 permanere,
1203 5601 1304 5655 nisi
1347 5605 1449 5657 hoc
1477 5618 1573 5669 per
1619 5606 1879 5659 unitatem

311 5702 547 5754 persona:
594 5693 732 5746 ratio
765 5692 1005 5747 veritatis
1052 5693 1336 5747 absolvat?
1365 5693 1515 5750 Sicut
1562 5697 1665 5751 alio
1721 5698 1875 5765 loco,

307 5783 497 5859 capitis
522 5791 577 5845 ct
603 5787 844 5864 corporis
899 5787 1132 5847 sociatur
1180 5803 1431 5867 persona,
1477 5806 1596 5845 cum
1644 5791 1876 5869 legitur:

1909 4546 1962 4611 ι)

1980 1944 2195 2004 testina,
2229 1942 2281 1997 id
2313 1951 2394 1997 est
2416 1944 2790 2012 mysteriorum
2824 1942 3029 1994 occulta
3060 1938 3351 1997 suinamus.
3385 1941 3551 1995 Sero.

1991 2036 2135 2091 tandi
2162 2035 2304 2090 enim
2336 2036 2603 2095 studium,
2637 2034 2862 2088 aviditas
2902 2034 3211 2103 intelligitur
3241 2033 3554 2087 devorandi.

1978 2128 2131 2183 Sicut
2158 2136 2211 2183 et
2238 2127 2347 2182 alio
2374 2127 2494 2181 loco
2527 2126 2755 2196 duplicis
2786 2127 3095 2180 substantiae
3130 2126 3517 2179 absolutionem
3537 2165 3551 2187 ,

1979 2222 2119 2275 idem
2178 2227 2637 2273 sacramentorum
2696 2221 2960 2273 revelati-r
3008 2219 3278 2284 insinuat,
3332 2218 3551 2271 dicens:

1990 2311 2179 2387 lfulpeg
2211 2310 2381 2389 [uaeas
2404 2310 2615 2389 habent,
2647 2320 2691 2363 ct
2716 2308 2941 2363 volucres
2971 2309 3083 2362 είλεΙί
3109 2309 3274 2372 nidos,
3299 2308 3438 2375 [ilius
3458 2322 3553 2358 au-

1981 2395 2078 2476 tem
2104 2376 2462 2485 Ιξίῖιίιξηξδξηζιξν,
2476 2400 2625 2454 habet
2658 2401 2740 2454 ubi
2764 2412 2912 2471 caput
2934 2418 3079 2454 suum
3107 2400 3311 2454 reclinet
3341 2398 3553 2470 (Matth.

1976 2488 2092 2561 vitt,
2111 2500 2235 2549 Luc.
2260 2469 2357 2562 ixi.
2374 2469 2481 2546 ubi;
2507 2501 2590 2546 est
2610 2493 2811 2547 dolosa:
2839 2493 3070 2547 haereses
3091 2504 3141 2548 et
3158 2492 3452 2546 tenebrosa:
3476 2491 3554 2543 vel

1980 2600 2153 2666 aereae
2180 2593 2482 2666 potestates
2504 2582 2685 2665 sedem
2734 2583 2833 2637 sibi
2878 2584 2929 2638 in
2979 2584 3279 2653 pectoribus
3308 2584 3555 2636 humanis

1982 2656 2247 2760 profunda:
2272 2656 2615 2760 tiat‘on'at'hine
2640 2686 2948 2745 posuerunt,
2978 2692 3062 2729 me
3089 2690 3214 2730 vero
3238 2676 3290 2728 in
3319 2675 3552 2727 lidclium

1978 2746 2141 2826 corda
2163 2760 2251 2840 qui
2282 2746 2554 2823 hoiniiténi
2581 2772 2631 2823 in
2663 2783 2827 2822 carne
2848 2769 3202 2834 cunspiciunt,
3230 2768 3391 2821 Deum
3419 2768 3553 2819 intra

1982 2864 2248 2920 hominem
2282 2862 2452 2917 latere
2483 2879 2587 2915 non
2621 2861 2842 2915 credunt
2870 2878 2884 2924 ;
2932 2861 3111 2915 foveas
3150 2861 3289 2912 enim
3320 2870 3375 2912 et
3403 2857 3555 2912 nidos

1984 2974 2087 3012 non
2122 2955 2428 3013 transitoria
2458 2963 2506 3009 et
2539 2962 2910 3007 momentanea
2942 2952 3183 3021 designat
3217 2950 3511 3004 habitacula
3538 2994 3552 3009 ,

1982 3049 2074 3104 sed
2101 3049 2351 3103 diuturna
2378 3056 2431 3101 ct
2459 3061 2649 3100 secura
2678 3045 3015 3113 possessione
3039 3042 3272 3108 fundata,
3297 3057 3413 3112 qum
3439 3056 3555 3094 scr-

1988 3137 2202 3204 pt-utina
2232 3135 2485 3189 vitiorum
2520 3134 2873 3202 multiplicent
2899 3133 3241 3186 nutrimenta.
3274 3131 3557 3200 Apostolus

1985 3229 2126 3283 enim
2158 3228 2293 3281 duas
2331 3228 2655 3279 sitltstantias
2706 3222 2980 3279 evidenter
3009 3234 3207 3277 remota
3239 3222 3563 3275 sacramenti

1984 3320 2312 3373 obscuritate
2335 3317 2549 3385 adjecit,
2566 3316 2632 3369 ita
2650 3315 2858 3369 dicens:
2884 3312 3067 3368 Patres
3093 3313 3253 3367 nostri
3270 3330 3332 3366 ca:
3349 3313 3565 3371 nubibus

1983 3408 2217 3463 Christus
2248 3408 2523 3462 secundum
2555 3421 2753 3459 carnem
2772 3445 2786 3469 ,
2818 3406 2899 3471 qui
2939 3415 3010 3457 est
3039 3420 3193 3472 super
3223 3404 3394 3456 omnia
3425 3401 3565 3461 Deus

1984 3500 2272 3555 benedictus
2308 3500 2360 3551 in
2385 3499 2596 3551 sa’cula.
2638 3498 2741 3552 Sed
2767 3496 2940 3554 dicis:
2983 3496 3267 3565 Apostolus
3293 3495 3425 3549 duas
3449 3505 3562 3548 tan-

1984 3601 2093 3645 tum
2132 3604 2391 3661 personas
2425 3592 2474 3642 itt
2518 3604 2738 3656 operum
2786 3602 3005 3642 suorum
3037 3586 3307 3640 volumine
3342 3587 3561 3638 conluc-

1984 3692 2102 3745 tur,
2146 3681 2283 3735 sicut
2331 3679 2394 3732 ad
2444 3678 2747 3733 Corinthios
2798 3678 3032 3746 loquitur
3068 3694 3079 3727 :
3118 3676 3310 3729 Paulus
3356 3683 3567 3731 iocatus.
3648 3732 3661 3743 _

1982 3771 2254 3838 Apostolus
2281 3768 2405 3825 Iesu
2434 3769 2623 3821 Christi
2650 3784 2741 3836 per
2766 3768 3079 3820 voluntatem
3118 3765 3231 3820 Dei.
3265 3766 3327 3819 Et
3356 3765 3420 3818 ad
3453 3764 3561 3818 Ga-

1982 3863 2118 3916 latas
2145 3861 2342 3914 Paulus
2381 3858 2689 3928 apostolus,
2716 3874 2817 3911 non
2850 3858 2915 3915 ab
2947 3858 3230 3909 hominibus
3276 3872 3432 3924 neque
3470 3870 3560 3924 per

1982 3955 2235 4009 hominem
2256 3994 2269 4016 ,
2302 3952 2390 4005 sed
2423 3967 2511 4019 per
2536 3949 2717 4003 Jesum
2761 3950 3016 4005 Christum
3043 3959 3088 4001 et
3119 3950 3279 4000 Deum
3312 3946 3517 3999 Putrem
3543 3986 3559 4010 ,

1980 4047 2068 4116 qui
2114 4045 2375 4100 suscitavit
2410 4060 2524 4095 eum
2549 4060 2582 4095 a
2621 4044 2855 4097 mortuis.
2888 4042 2955 4099 Et
2992 4042 3213 4103 iterum,
3248 4054 3379 4091 unus
3421 4040 3558 4089 Deus

1990 4136 2150 4189 Pater
2180 4151 2246 4188 ea:
2274 4151 2372 4203 quo
2414 4134 2586 4191 omnia
2614 4142 2661 4185 et
2691 4148 2781 4189 nos
2828 4132 2882 4183 in
2913 4132 3043 4201 ipso,
3073 4140 3119 4187 et
3149 4145 3280 4181 unus
3312 4127 3567 4193 Dominus

1982 4224 2134 4285 Iesus
2165 4225 2417 4287 Christus,
2442 4239 2532 4292 per
2551 4237 2701 4292 quem
2740 4221 2909 4274 omnia
2934 4229 2981 4272 et
3008 4235 3099 4272 nos
3131 4234 3219 4288 per
3248 4218 3437 4287 ipsum.
3461 4217 3557 4271 See

1981 4321 2214 4375 cundum
2242 4319 2353 4373 haec
2378 4317 2510 4374 dicis
2529 4317 2722 4370 nullam
2751 4315 2818 4370 de
2834 4315 3032 4383 Spiritu
3060 4323 3243 4368 samto
3267 4314 3379 4368 ﬁeri
3411 4329 3571 4368 men-.

1987 4414 2205 4467 tionem.
2241 4410 2307 4468 Ut
2348 4409 2583 4463 breviter
2611 4408 2874 4473 dicamus,
2903 4406 3101 4460 oblitus
3138 4420 3197 4461 es
3227 4405 3367 4474 quod
3420 4408 3567 4474 Apm

1984 4506 2151 4559 stolus
2178 4503 2379 4574 Spiritu
2420 4510 2605 4557 sancto
2634 4505 2820 4571 plenos
2845 4544 2859 4568 ,
2892 4502 3006 4556 haec
3029 4500 3287 4569 apostolis
3322 4500 3440 4569 ipso
3483 4499 3561 4558 in:

1985 4596 2257 4664 spirante,
2308 4596 2376 4649 de
2423 4595 2578 4649 Patre
2626 4593 2868 4664 Filioque
2908 4593 3250 4663 prmdicabal.
3302 4593 3576 4661 Loquenti.

1983 4690 2146 4758 igitur
2166 4688 2233 4743 de
2267 4688 2439 4743 Patris
2460 4703 2524 4742 ac
2547 4687 2662 4743 Filii
2700 4689 3013 4757 operatione
3038 4695 3092 4742 et
3121 4687 3213 4749 ille
3234 4701 3337 4740 non
3359 4686 3573 4755 deerat,

1986 4781 2074 4849 qui
2107 4780 2370 4849 loquenda
2415 4780 2668 4842 dictabat,
2699 4780 2988 4833 secundum
3023 4777 3151 4834 illud
3181 4796 3191 4830 :
3238 4777 3404 4832 Nemo
3442 4779 3568 4836 dicit

1988 4871 2236 4927 Dominus
2252 4869 2425 4936 Iesus,
2455 4872 2551 4924 nisi
2572 4872 2625 4923 in
2653 4870 2851 4941 Spiritu
2877 4880 3070 4925 sancto.
3103 4870 3201 4936 Qui
3227 4884 3360 4937 ergo
3390 4868 3563 4921 credi-

1988 4972 2139 5015 turus
2164 4962 2248 5014 vel
2276 4962 2618 5015 confessurus
2642 4962 2723 5014 vel
2756 4962 3133 5028 praedicaturus
3154 4970 3237 5015 est
3264 4960 3573 5028 ChristumIL

1988 5054 2137 5108 vides
2166 5054 2306 5122 quod
2340 5064 2463 5108 ante
2506 5055 2556 5106 in
2588 5067 2646 5107 se
2698 5054 2975 5107 habiturus
3017 5061 3101 5107 est
3151 5052 3406 5121 Spiritum
3436 5065 3563 5104 san-

1987 5155 2153 5208 ctum,
2185 5146 2298 5200 Non
2329 5160 2456 5215 ergo
2486 5145 2717 5203 honores
2740 5145 2896 5199 tidem
2928 5154 3093 5210 tuam,
3123 5145 3265 5215 quod
3296 5142 3571 5197 interdum.

1985 5241 2102 5292 sine
2122 5240 2633 5293 commemoratione
2666 5236 2896 5303 Spiritus
2926 5237 3127 5301 sancti,
3158 5235 3327 5290 Patris
3359 5234 3566 5289 mentio

1988 5330 2211 5383 habetur
2235 5344 2298 5383 ac
2330 5326 2617 5382 Filii.Nam
2646 5344 2787 5397 saepe
2811 5343 3099 5397 suppresso
3126 5328 3297 5381 Patris
3325 5325 3567 5389 nomine,

1987 5422 2105 5475 Filii
2130 5431 2185 5476 et
2204 5422 2431 5489 Spiritus
2447 5420 2612 5474 sancti
2631 5422 2870 5490 operatio
2886 5420 3225 5489 prredicatur.
3241 5416 3327 5471 Ait
3343 5416 3401 5471 S.
3423 5418 3571 5470 Ana-.7

1987 5522 2101 5570 nias
2132 5515 2195 5569 ad
2227 5515 2446 5567 Paulum
2471 5529 2484 5567 :
2522 5512 2681 5565 Saule
2709 5512 2890 5581 frater,
2918 5510 3169 5563 Dominus
3199 5508 3335 5563 misit
3364 5522 3444 5558 me
3473 5504 3573 5562 Je-s

1984 5623 2092 5671 sus,
2124 5607 2208 5676 qui
2238 5605 2479 5673 apparuit
2509 5603 2598 5656 tibi
2625 5605 2677 5656 in
2726 5605 2805 5656 via
2848 5618 2951 5671 qua
2976 5599 3205 5652 veniebas
3232 5609 3287 5652 ut
3315 5600 3487 5652 videas
3516 5610 3569 5665 et

1983 5703 2227 5772 replearis
2258 5703 2455 5769 Spiritu
2495 5712 2689 5755 sancto.
2726 5702 2922 5767 Aperte
2953 5698 3038 5752 hic
3066 5699 3291 5753 duarum
3323 5708 3407 5753 est
3434 5714 3569 5752 con-_

1983 5796 2144 5861 noxio
2180 5808 2556 5869 personarum.
2610 5792 2747 5855 Ecce
2794 5788 2990 5853 Paulus
3015 5804 3043 5844 a
3068 5788 3282 5855 Christo
3333 5797 3567 5853 cacata;
