4040 6184
396 324 459 379 3|
1671 306 2011 364 PASCIIASII
2054 303 2322 361 Dl.\CONI
3580 290 3651 345 33

396 435 657 507 arguitur.
680 428 881 503 Spiritu
894 433 1079 483 sancto
1107 424 1436 481 illuminatus
1457 421 1728 491 impletur,
1748 429 1804 474 et
1824 420 1965 475 nulla
2000 423 2042 479 Α
2072 434 2134 472 ac
2163 418 2336 472 virtus
2363 414 2641 480 asseritur,
2672 412 2809 467 sicut
2840 410 3066 483 legimus
3097 409 3149 463 in
3180 407 3401 463 Actibus
3428 416 3651 475 aposto-

399 529 488 583 hic
510 526 680 582 Patris
701 518 1181 577 mentioinseritur.
1210 516 1337 570 Item
1359 531 1478 569 cum
1505 513 1696 568 Paulus
1711 512 1968 583 quosdam

396 636 466 675 cx
491 615 769 687 discipu'is
816 612 1206 678 interrogaret,
1256 607 1308 660 in
1353 622 1460 674 quo
1509 604 1759 674 baptizati
1803 604 1969 667 estis,

396 724 535 777 quos
561 715 683 777 post
708 702 1078 758 ascensionem
1103 698 1309 752 Domini
1338 697 1391 751 in
1408 696 1726 765 baptismate
1753 694 1974 749 Joannis

400 800 699 869 baptizatos
727 809 849 850 esse
864 791 1162 853 constabat,
1191 797 1310 856 post
1332 787 1675 858 praedicatum
1705 786 1972 852 Baptisms

398 891 633 945 Trinitas
654 931 669 953 ,
702 902 822 940 cum
868 884 1031 938 e.iam
1084 880 1213 934 illud
1265 878 1577 949 mysterium
1608 891 1713 945 quo
1741 875 1975 929 Joannes

318 966 325 973 ’
401 981 676 1053 baptizare
721 982 1111 1037 consueverat,
1143 972 1303 1025 idest
1334 972 1385 1023 in
1432 984 1553 1023 eum
1584 969 1673 1037 qui
1722 975 1977 1020 venturus

401 1084 504 1137 est,
534 1073 585 1125 in
610 1086 794 1125 eorum
822 1069 1088 1135 baptismo
1113 1064 1428 1134 probaretur
1453 1061 1728 1124 omissum,
1762 1059 1974 1113 dicente

402 1169 568 1223 Paulo
614 1159 1147 1233 apostolonoannes
1177 1158 1382 1225 quidem
1423 1153 1728 1223 baptizavit,
1780 1150 1871 1204 sed
1919 1150 1972 1202 in

405 1276 518 1314 eum
538 1260 623 1328 qui
646 1269 882 1309 venturus
904 1262 976 1307 est
1001 1251 1137 1319 (Act.
1165 1248 1297 1316 six),
1325 1248 1425 1301 hoc
1446 1255 1529 1300 est
1548 1245 1725 1299 dicere
1744 1259 1758 1307 ;
1776 1258 1878 1296 non
1902 1242 1973 1295 ita

408 1350 654 1419 baptizati
681 1347 831 1402 estis.
859 1345 967 1398 llos
996 1357 1117 1396 cum
1141 1341 1492 1406 interrogaret
1524 1336 1716 1390 Paulus
1740 1352 1752 1385 :
1780 1333 1839 1387 Si
1857 1332 1979 1401 Spi—

405 1446 561 1497 ritum
604 1449 837 1494 sanctum
883 1434 1148 1502 accepistis
1192 1431 1466 1494 credentes,
1501 1428 1591 1497 qui
1636 1427 1817 1493 utique
1862 1434 1983 1493 post

406 1534 730 1600 baptismum
758 1526 1056 1583 Salvatoris
1079 1539 1173 1592 per
1190 1520 1581 1590 iuipositioncm
1606 1530 1858 1570 manuum
1883 1514 1987 1569 rite

406 1624 656 1693 baptizati
688 1622 926 1686 fuerant,
959 1618 1304 1672 conﬁtentur.
1355 1616 1422 1668 At
1450 1612 1523 1667 illi
1556 1610 1944 1675 responderunt
1966 1625 1983 1658 :

409 1714 590 1781 Neque
618 1713 662 1765 si
686 1713 899 1781 spiritus
930 1717 1004 1763 est
1041 1708 1348 1761 audivimus.
1381 1704 1475 1756 His
1504 1703 1694 1756 auditis
1741 1701 1986 1769 baptizati

408 1817 528 1861 sunt
553 1807 605 1859 in
634 1804 833 1857 nomine
863 1802 1066 1855 Domini
1094 1798 1242 1854 Jesu.
1289 1797 1354 1850 Et
1383 1813 1494 1855 cum
1531 1796 1848 1859 imposuisset
1878 1793 1983 1847 illis
2013 1778 2060 1837 Β

410 1916 593 1953 manus
625 1896 839 1960 Paulus,
870 1894 1002 1948 venit
1032 1909 1187 1960 super
1215 1906 1297 1944 eos
1330 1890 1556 1958 Spiritus
1580 1897 1807 1950 sanctus,
1836 1896 1883 1939 et
1912 1887 1989 1939 lo-

410 1989 693 2056 quebantur
719 1984 929 2053 linguis,
951 1992 999 2036 et
1033 1980 1422 2048 pmplietabant.
1469 1979 1702 2033 Adverte
1739 1976 1830 2046 qui
1868 1990 1992 2029 cum

418 2075 827 2148 haptizanturiu
858 2074 1075 2128 nomine
1106 2069 1483 2134 DuminiJesu,
1513 2077 1693 2138 postea
1725 2067 1992 2136 accipiunt

414 2172 675 2241 Spiritum
706 2176 947 2222 sanctum
976 2205 991 2230 ,
1024 2174 1078 2218 et
1107 2163 1472 2234 prapheticam
1518 2176 1583 2215 ex
1612 2159 1873 2214 Paraeleti
1908 2162 1990 2212 iu-

413 2263 694 2319 vocatione
715 2261 986 2313 virtutem.
1008 2256 1143 2310 Vere
1169 2257 1305 2308 Deus
1327 2263 1407 2307 est
1428 2252 1515 2321 qui
1538 2261 1657 2321 post
1681 2251 1768 2305 Dei
1793 2251 1990 2304 donum

419 2555 526 2594 non
559 2539 775 2607 legitur,
812 2534 904 2589 sed
937 2544 1160 2596 tantum,
1192 2541 1251 2587 ut
1278 2529 1423 2584 credi
1447 2536 1679 2597 oportet,
1704 2542 1825 2582 cum
1856 2526 1995 2607 Filio

419 2813 572 2865 uisset
600 2808 830 2877 Spiritus
859 2814 1066 2859 sanctus
1093 2819 1245 2873 super
1264 2818 1370 2870 eos,
1396 2811 1513 2855 tunc
1542 2800 1881 2871 loquebantur
1900 2802 1999 2853 lin-

419 2904 532 2975 guis
555 2911 601 2956 et
630 2899 1023 2972 prophetabant.
1050 2895 1180 2948 Vide
1198 2901 1394 2964 quanta
1426 2893 1658 2962 potentia
1674 2893 1745 2947 sit
1766 2892 1999 2961 Spiritus

422 2996 615 3051 sancti.
644 2996 697 3047 In
730 2992 996 3060 baptismo
1023 2998 1361 3058 peccatorum
1392 2984 1685 3039 abremissa
1710 2984 1997 3047 donantur,

420 3088 476 3143 in
499 3087 728 3140 adventu
753 3080 982 3148 Spiritus
1003 3078 1171 3132 sancti
1191 3077 1441 3131 virtutum
1470 3089 1691 3129 munera
1716 3072 2002 3129 conferun-

425 3186 601 3245 tnr,ct
620 3192 647 3228 a
674 3171 1024 3234 conﬁrmatis,
1048 3170 1320 3236 signorum
1352 3165 1609 3219 miracula
1637 3164 1944 3237 celebrautu

423 3273 607 3328 Solent
626 3271 767 3324 enim
797 3266 1040 3322 veritatis
1071 3264 1249 3329 alieni,
1280 3263 1438 3318 ctiam
1457 3262 1523 3315 de
1548 3261 1767 3331 syllabis
1789 3261 2000 3317 calum-

428 3365 583 3419 niari.
618 3362 748 3416 Nam
781 3376 904 3414 cum
929 3359 995 3412 de
1018 3356 1281 3411 Trinitate
1298 3355 1494 3408 dictum
1525 3354 1766 3408 absolute
1788 3352 2002 3407 noveri-

426 3471 566 3521 mus,
598 3453 841 3521 quoniam
888 3466 951 3503 ea:
995 3450 1107 3517 ipso
1134 3456 1179 3500 et
1209 3462 1296 3516 per
1324 3447 1490 3515 ipsum
1513 3486 1528 3511 ,
1572 3454 1617 3497 et
1652 3444 1703 3496 in
1750 3444 1859 3510 ipso
1885 3452 2002 3495 sunt

427 3548 599 3600 omnia
630 3544 805 3613 (Rom.
836 3540 971 3608 vui),
998 3541 1114 3608 plus
1145 3552 1264 3591 esse
1290 3537 1485 3604 cxipso
1516 3550 1671 3603 quam
1700 3535 2000 3603 peripsum,

428 3648 484 3693 et
513 3637 639 3690 item
662 3628 1091 3703 praepositionem
1118 3630 1273 3690 hanc,
1294 3626 1345 3681 id
1373 3636 1456 3680 est
1487 3643 1594 3694 per,
1622 3625 1841 3694 majoris
1867 3639 2003 3693 prae-

428 3727 683 3798 rogativa:
711 3738 829 3778 esse
857 3729 1103 3775 asserunt
1130 3731 1286 3788 quam
1316 3718 1367 3771 in
1414 3718 1549 3784 ipso.
1584 3716 1689 3771 Sed
1722 3716 1766 3769 si
1796 3715 1847 3769 in
1891 3716 2005 3781 ipso

430 3821 497 3875 de
526 3816 725 3887 Spiritu
754 3823 940 3868 sancto
962 3829 1086 3867 cum
1116 3809 1469 3865 diminutione
1500 3808 1777 3877 potestatis
1805 3807 2003 3860 dictum

431 3912 781 3973 arbitrantur,
807 3906 1026 3960 audiant
1057 3903 1446 3974 praepositonis
1476 3901 1633 3968 hujus
1660 3900 2003 3968 magniﬁcen-

432 4005 586 4069 tiam,
618 4010 672 4057 et
694 3998 957 4068 accipiant
984 3997 1109 4067 quia
1136 3996 1296 4048 etiam
1326 3992 1621 4047 secundum
1653 3992 1886 4059 ipsorum
1916 4004 2001 4041 as-

432 4096 720 4152 sertionem
744 4091 810 4145 de
822 4090 1025 4158 Spiritu
1048 4084 1646 4154 sanctointelligendum
1670 4092 1769 4135 est.
1790 4080 1856 4133 In
1874 4082 2005 4150 ipso,

434 4187 649 4258 inquit,
681 4186 925 4247 vivimus,
957 4196 1243 4244 movemur,
1276 4187 1323 4231 et
1365 4191 1539 4231 sumus
1567 4174 1712 4245 (Act.
1745 4174 1908 4238 xvii).
1944 4175 2009 4226 Et

437 4279 632 4335 merito
661 4276 714 4331 in
745 4275 861 4344 ipso
890 4272 1152 4337 vivimus,
1182 4284 1461 4323 movemur
1490 4275 1545 4322 et
1582 4280 1789 4329 sumus,
1823 4265 1875 4318 in
1902 4279 2009 4333 quo

440 4369 673 4440 reparati
697 4378 753 4424 et
774 4365 1069 4435 regenerati
1098 4377 1305 4417 sumus.
1325 4359 1430 4416 Sed
1454 4368 1509 4415 et
1537 4375 1630 4428 per
1656 4358 1827 4427 ipsum
1849 4357 2006 4410 etiam

436 4463 503 4515 ad
533 4460 791 4528 Spiritum
822 4466 1065 4509 sanctum
1119 4450 1461 4506 referendum
1503 4463 1624 4502 esse
1673 4445 2008 4517 agnoscimus

438 4554 571 4607 sicut
600 4549 780 4603 habes.
812 4546 914 4600 Alii
941 4543 1144 4613 quidem
1182 4558 1269 4611 per
1295 4541 1530 4609 spiritum
1556 4540 1708 4591 datur
1738 4552 1903 4591 sermo
1924 4553 2007 4590 su-

440 4642 665 4710 pientia,
693 4638 784 4691 alii
813 4653 975 4691 scruta
999 4633 1225 4687 scientia:
1249 4629 1302 4700 (Ι
1342 4629 1462 4684 Cor.
1494 4627 1613 4696 sit).
1656 4628 1784 4682 Item
1815 4627 1882 4681 ad
1915 4628 2009 4680 lle-

442 4733 615 4787 braeos
640 4748 653 4782 :
685 4729 783 4793 Qui
808 4744 896 4797 per
925 4725 1180 4792 Spiritum
1211 4729 1441 4775 sanctum
1477 4720 1797 4786 semetipsum
1827 4718 2009 4771 obtulit

442 4822 822 4877 immaculatum
850 4818 988 4870 Dco:
1014 4816 1080 4869 Et
1103 4819 1322 4868 iterum:
1349 4811 1584 4865 Charitas
1612 4809 1703 4864 Dei
1726 4808 1915 4875 diffusa
1937 4817 2010 4863 est

443 4917 495 4969 in
537 4912 773 4966 cordibus
804 4910 989 4962 nostris
1034 4923 1123 4975 per
1154 4906 1321 4974 ipsum
1361 4914 1593 4957 sanctum
1633 4901 1718 4970 qui
1762 4902 1911 4953 datus
1940 4908 2011 4954 est

444 5005 606 5059 nobis.
638 5001 768 5057 Nam
800 5001 843 5054 si
874 5009 926 5055 et
951 4999 1019 5053 de
1048 4998 1201 5051 Patre
1222 4996 1612 5064 intelligamus.
1644 5009 1710 5049 ex
1732 4994 1846 5060 ἱρευ
1868 5002 1922 5046 et
1950 5009 2014 5047 ex

445 5099 643 5167 Spiritu
689 5102 874 5149 sancto
906 5091 1106 5145 dictum
1135 5088 1380 5142 similiter
1421 5088 1743 5140 invenimus.
1777 5086 1928 5141 Sicut
1963 5085 2016 5138 in

446 5190 666 5248 Joannis
694 5184 976 5252 Evangelio
1000 5183 1285 5237 habemus:
1311 5180 1458 5245 Quod
1478 5189 1650 5233 natum
1666 5190 1738 5233 est
1761 5196 1823 5235 ea:
1845 5195 2019 5241 carne,

399 5270 417 5277 ’
446 5299 565 5337 caro
594 5291 702 5345 est;
728 5289 775 5333 et
813 5276 946 5345 quod
988 5284 1160 5327 natum
1199 5285 1271 5326 est
1298 5288 1360 5327 ea:
1406 5272 1638 5336 Spiritu,
1668 5270 1896 5340 Spiri.‘us
1949 5280 2021 5322 est

451 5375 629 5445 (Joan.
661 5374 761 5443 in).
786 5371 852 5424 Et
881 5369 934 5423 in
965 5366 1309 5421 conclusione
1354 5363 1570 5439 capituli
1597 5381 1607 5415 :
1643 5364 1732 5417 Sic
1761 5373 1831 5416 est
1858 5363 2021 5415 omnis

448 5467 536 5536 qui
556 5474 704 5519 natus
729 5472 801 5519 est
825 5479 888 5517 ea:
913 5461 1130 5531 Spiritu.
1156 5459 1244 5514 Sic
1271 5472 1397 5526 ergo
1421 5472 1525 5510 non
1558 5454 1867 5524 prmjudicat
1905 5454 2025 5523 Spi-

450 5557 572 5610 ritui
600 5564 811 5619 sancto,
843 5569 964 5609 cum
1022 5564 1310 5621 suppresso
1342 5548 1456 5617 ejus
1487 5548 1705 5601 nomine
1752 5546 1924 5599 Patris
1964 5561 2026 5599 ac

452 5647 570 5702 Filii
598 5662 759 5716 opera
781 5655 1289 5710 commemorantur,
1319 5642 1453 5697 sicut
1476 5639 1633 5694 Pater
1651 5647 1705 5695 et
1726 5638 1891 5693 Filius
1920 5654 2025 5690 non

452 5748 733 5810 negantur,
767 5738 976 5806 quando
1020 5736 1322 5810 specialiter
1375 5731 1603 5801 Spiritus
1636 5741 1848 5789 sanctus
1894 5748 2027 5799 opus

2075 509 2277 562 lorum:
2305 505 2411 561 Vos
2437 502 2819 573 baptizabimini
2842 501 3043 572 Spiritu
3064 508 3239 553 sancto
3260 515 3363 551 non
3382 507 3495 567 post
3515 498 3653 551 naul-

2073 607 2151 651 tos
2180 597 2272 651 Iros
2290 596 2325 661 d
2347 611 2398 649 es
2419 594 2632 665 (Acta).
2659 592 2811 648 Sicut
2829 601 2881 646 et
2907 591 2962 645 in
2992 588 3281 659 Evangelia
3301 587 3368 644 de
3394 588 3654 656 singulari

2076 701 2302 754 persona
2327 685 2558 755 Spiritus
2585 682 2757 738 sancti
2782 681 3088 737 continetur
3112 698 3126 734 :
3159 679 3279 733 Nisi
3307 679 3421 749 quis
3446 688 3653 732 renatus

2077 778 2229 847 fuerit
2254 792 2317 831 ea:
2344 791 2479 844 aqua
2499 784 2546 829 et
2574 774 2774 844 Spiritu
2800 782 2978 825 sancto
2996 812 3012 835 ,
3040 787 3145 825 non
3186 779 3350 840 potest
3377 769 3575 821 intrare
3599 770 3654 820 in

2074 867 2294 938 iognum
2334 865 2428 920 Dei
2474 864 2668 933 (Joan.
2699 860 3083 932 ni).Nnn.juid
3128 860 3229 913 hoc
3256 859 3376 913 loco
3418 858 3576 913 Pater
3600 868 3657 912 et

2087 962 2272 1022 Filius.
2303 962 2425 1030 quia
2447 959 2662 1012 niinime
2688 957 3060 1020 nominantur,
3085 961 3237 1006 tanto
3256 966 3320 1005 ac
3344 960 3450 1004 tam
3472 950 3660 1005 divino

2080 1054 2284 1108 muneri
2308 1052 2544 1106 defuisse
2572 1047 2895 1104 credentur?
2921 1046 3035 1100 Non
3060 1044 3131 1098 ita
3159 1052 3263 1097 est.
3296 1042 3429 1097 Nam
3455 1042 3662 1107 alisque

2080 1144 2243 1197 duliio
2268 1142 2394 1197 dum
2421 1148 2608 1194 sancto
2640 1137 2864 1207 Spiritui
2892 1151 3011 1189 cum
3034 1149 3139 1202 quo
3169 1132 3249 1187 eis
3278 1148 3377 1187 una
3408 1131 3659 1185 substan-

2083 1235 2151 1287 tia
2175 1242 2263 1287 est
2287 1274 2302 1297 ,
2335 1230 2607 1301 mysteriis
2642 1227 3020 1291 beneﬁciisque
3049 1225 3371 1293 junguntur,
3419 1222 3519 1275 etsi
3551 1236 3658 1275 non

2080 1324 2609 1387 commemoratione,
2640 1319 2844 1373 unitate
2875 1327 3049 1371 tamen
3065 1314 3274 1385 pietatis
3297 1325 3458 1383 atque
3478 1313 3661 1383 operis

2084 1422 2501 1484 praisentantur.

2696 1498 2920 1554 CAPUT
2959 1497 3023 1552 V.

2088 1596 2316 1667 Objectio
2341 1594 2475 1667 quod
2511 1608 2674 1647 sermo
2700 1592 2786 1645 ille
2813 1606 2965 1667 quem
2991 1590 3200 1667 legimus
3235 1604 3253 1643 :
3288 1588 3406 1642 Nisi
3435 1588 3548 1657 quis
3575 1603 3663 1667 re-

2157 1658 2305 1719 natus
2336 1658 2485 1733 fuerit
2510 1679 2571 1716 ea:
2597 1679 2731 1727 aqua
2755 1671 2800 1715 et
2822 1661 3024 1728 Spiritu
3042 1658 3243 1721 'sanc'to,
3265 1676 3445 1728 aquam
3473 1658 3664 1728 pariter

2156 1748 2202 1789 et
2229 1736 2491 1803 Spiritum
2515 1744 2744 1786 sanctum
2773 1741 3055 1784 creaturam
3081 1745 3188 1783 esse
3217 1738 3449 1783 testatur.

2159 1846 2268 1902 Sed
2300 1846 2460 1898 dicis:
2490 1842 2547 1897 In
2570 1852 2774 1896 tantum
2798 1850 3041 1896 creatura
3067 1849 3152 1895 est
3170 1839 3400 1907 Spiritus
3426 1846 3670 1904 sanctus,

2090 1948 2147 1992 ut
2176 1952 2326 2006 aqua:
2352 1935 2622 1990 elemento
2644 1973 2659 2000 ,
2693 1948 2811 2002 quae
2843 1931 2928 1986 hic
2955 1931 3129 2003 primo
3157 1930 3274 1985 loco
3296 1941 3454 1999 atque
3478 1928 3669 1982 ordine

2092 2031 2327 2099 ponitur,
2354 2028 2596 2082 videatur
2618 2026 2901 2095 adjunctus
2931 2023 3223 2078 secundum
3269 2021 3667 2092 evangelicam,

2090 2137 2208 2189 que
2238 2121 2484 2188 superius
2532 2126 2949 2172 commemorata
2994 2122 3094 2179 est,
3151 2114 3514 2168 sententiam:
3549 2110 3669 2164 Nisi

2093 2213 2205 2279 qu.'s
2234 2218 2439 2263 renatus
2475 2209 2628 2279 fuerit
2654 2224 2717 2262 ex
2743 2224 2877 2271 aqua
2905 2216 2955 2260 et
2984 2205 3185 2273 Spiritu
3213 2213 3416 2269 sancto,
3451 2219 3549 2255 non
3578 2220 3673 2269 po-

416 2378 735 2423 ιηυιιιιιιυιιιι
771 2378 998 2417 ιιιιμυιιιι
1026 2378 1419 2413 αιδυιιιινιιιυιιι.
1450 2378 1614 2426 uno...‘
1629 2378 1845 2427 Ὕτετνι.
1859 2378 1981 2418 an”;

416 2448 564 2503 sonis
593 2447 646 2500 in
679 2445 945 2514 baptismo
985 2439 1327 2510 signiﬁcatis,
1374 2435 1833 2493 Pater.‘ihwdaths
1860 2431 1994 2488 ἔδεεέ

2100 2378 2789 2468 ὼξῇοῆιῄῷτὲἶιίηιῖξὶιιπ
2814 2403 2917 2443 non
2946 2389 3116 2442 solum
3139 2386 3370 2441 divinam
3398 2387 3449 2440 in
3469 2384 3669 2453 Spiritu

2100 2494 2285 2514 onnnln
2308 2490 2620 2514 ηηιιιαοσιιοηι
2676 2480 2767 2514 ροΑ
2798 2480 2964 2514 inuam
2997 2477 3242 2514 lmntiami
3275 2476 3480 2514 nncnira
3508 2474 3669 2514 mlin-

2098 2494 2286 2539 sancto
2307 2490 2645 2551 potestatem,
2676 2480 2768 2534 sed
2797 2480 2966 2545 ipsam
2997 2477 3244 2548 baptismi
3274 2476 3481 2531 nescire
3508 2474 3675 2530 ratio-

422 2566 526 2594 IIUII
561 2566 606 2593 Ic
651 2566 775 2603 nui,
812 2566 904 2589 acu
938 2566 1160 2596 turnum,
1194 2566 1251 2587 us
1278 2566 1423 2584 ιιυυι
1447 2566 1569 2597 --γυι
1584 2566 1679 2594 ου’,
1705 2566 1825 2582 με...
1856 2566 1875 2581 ι
1902 2566 1995 2580 ...ν
2784 2576 2799 2586 _
2842 2570 2853 2581 ,
2893 2569 2904 2581 ,
3050 2568 3061 2579 ,
3459 2566 3473 2579 ,

422 2566 702 2699 ει

422 2659 478 2686 ’⁷⁸
498 2659 702 2699 °*"”“‘
732 2659 917 2727 °""“,"
943 2659 1145 2678 """'"“’
1177 2659 1531 2724 ¹’“¹“,“’““””³ε“ΐ
1566 2659 1969 2721 ’τ’τῗτδῗνντ
2098 2659 2463 2733 σκῆίϐιᾰξὰὸζ
2488 2663 2770 2720 rtedttnits'
2813 2660 2897 2714 iiia
2923 2660 3081 2716 simul
3117 2661 3269 2714 etiam
3306 2659 3527 2712 vivemus
3558 2672 3676 2710 cum

420 2732 527 2785 tur,
557 2735 712 2790 quem
745 2717 977 2770 abfuisse
998 2728 1151 2768 sacra
1183 2714 1341 2766 lectio
1364 2717 1471 2765 non
1504 2719 1736 2779 negant.
1758 2704 2033 2763 Ειπῆοῡεέ·
2100 2756 2174 2790 η
2210 2755 2223 2767 .
2256 2764 2270 2790 '
2350 2754 2506 2790 mm”
2627 2752 2645 2790 χ
2700 2752 2744 2790 n
2776 2678 2808 2732 θ
2875 2752 2941 2790 Μ
3385 2751 3398 2762 .

2182 2773 2249 2790 ηρ
2275 2772 2303 2790 n
2572 2770 2621 2790 ιη
2750 2767 2870 2790 unm
2947 2766 2979 2790 η
3030 2762 3204 2790 mitam
3255 2764 3520 2790 ηηςειηηις
3550 2763 3675 2790 num

2100 2755 2303 2809 Christo
2350 2754 2528 2823 (Rom.
2572 2752 2668 2816 vi).
2700 2752 2979 2819 Quomodo
3029 2762 3204 2806 autem
3255 2751 3520 2820 possimus
3550 2763 3677 2802 cum

2101 2847 2315 2903 Christo
2346 2846 2482 2899 mori
2507 2847 2591 2899 vel
2622 2859 2923 2912 resurgere,
2952 2843 2997 2898 si
3022 2845 3264 2913 requ‘ras
3288 2842 3527 2897 adverte.
3555 2841 3678 2895 0m-

2104 2956 2199 2995 nes
2228 2938 2533 3009 quicunque
2559 2951 2715 2991 sacro
2746 2936 2895 2991 fonte
2920 2934 3335 3003 submergimur,
3364 2941 3592 2987 mortem
3623 2940 3678 2986 et

2103 3032 2427 3098 sepulturam
2443 3025 2819 3095 Redemptoris
2833 3025 3123 3089 imitamur,
3143 3025 3272 3078 sicut
3292 3024 3429 3078 idem
3449 3026 3677 3091 Aposto«

1950 3116 1976 3219 'l:
2027 3139 2071 3201 ρ
2104 3120 2187 3175 lus
2210 3121 2317 3174 ait:
2351 3122 2428 3173 An
2451 3121 2656 3188 ignoras
2679 3119 2798 3188 quia
2818 3121 3101 3189 quicunque
3132 3120 3183 3171 in
3213 3117 3413 3171 Christo
3442 3116 3683 3187 baptizati

2103 3227 2308 3275 sumus,
2341 3211 2394 3263 in
2436 3220 2597 3264 morte
2644 3210 2805 3279 ipsius
2851 3210 3095 3278 baptizati
3141 3208 3360 3262 sumus?
3389 3206 3685 3277 Consepulti

2103 3304 2235 3357 enim
2266 3318 2439 3355 sumus
2462 3318 2575 3354 cum
2604 3301 2696 3355 illo
2728 3317 2817 3368 per
2847 3301 3151 3367 baptismum
3184 3300 3237 3352 in
3264 3308 3477 3351 mortem
3502 3297 3680 3367 (Rom.

2107 3396 2203 3465 ix).
2233 3395 2384 3449 Sicut
2410 3394 2551 3448 enim
2581 3393 2670 3448 ille
2699 3393 2938 3446 triduana
2964 3403 3131 3446 morte
3158 3391 3404 3460 sepulcro
3434 3390 3681 3445 conditus

2105 3485 2221 3558 fuit,
2258 3486 2329 3538 ita
2351 3494 2403 3537 et
2432 3498 2528 3536 nos
2552 3484 2688 3536 intra
2717 3497 2895 3552 aquae,
2922 3483 2971 3534 id
2996 3493 3079 3537 est
3115 3481 3253 3535 inter
3274 3491 3511 3547 cognatae.
3533 3494 3682 3532 crea-

2108 3585 2241 3630 tura:
2284 3574 2637 3631 substantiam
2672 3575 2810 3629 trina
2846 3574 3218 3628 submersionc
3261 3572 3522 3640 depositi,
3554 3570 3682 3624 dum

2105 3666 2479 3721 descendimus
2500 3665 2812 3733 sepelimur,
2839 3665 2961 3718 dum
2994 3665 3319 3731 einergimus
3337 3663 3680 3717 suscitamur.

2108 3761 2210 3815 Per
2236 3776 2428 3829 aquam
2460 3762 2638 3827 itaque
2665 3758 2966 3812 celebratur
2993 3756 3215 3811 imitatio
3247 3756 3558 3824 sepulturae,
3590 3769 3688 3819 per

2109 3852 2364 3918 Spiritum
2389 3860 2629 3904 sanctum
2659 3848 2930 3903 coofertur
2959 3848 3160 3900 veritas
3206 3845 3325 3898 vitae
3355 3854 3410 3898 et
3451 3859 3573 3913 spes
3600 3859 3685 3895 sa-

2111 3944 2234 3995 lutis
2271 3951 2505 3996 asternzr.
2562 3941 2799 4007 Denique
2845 3948 3186 3994 removeatur
3233 3938 3461 4007 Spiritus
3514 3938 3687 3990 sancti

2111 4035 2398 4099 invocatio,
2431 4042 2484 4086 et
2508 4033 2782 4087 videamus
2811 4033 2853 4087 si
2885 4031 3172 4100 quidquam
3222 4046 3372 4099 aqut'c
3404 4030 3543 4083 illius
3568 4031 3685 4083 sola

2111 4126 2365 4195 prodesse
2398 4125 2563 4194 possit
2590 4122 2805 4179 inlusio.
2834 4125 3090 4179 Creatura
3120 4124 3302 4192 itaque
3340 4131 3423 4176 est
3449 4137 3566 4190 quae
3600 4137 3690 4176 se—

2114 4219 2342 4287 peliendi
2372 4225 2591 4287 prastat
2634 4216 2891 4281 olficium,
2948 4215 3086 4269 Dens
3126 4223 3208 4268 est
3249 4213 3336 4282 qui
3368 4212 3687 4267 beneﬁcium

2113 4310 2298 4363 tribuit
2323 4306 2657 4363 renascendi.
2688 4306 2855 4373 Quem
2885 4320 3014 4374 ergo
3046 4304 3307 4373 perspicis
3329 4300 3690 4370 reparationis

2112 4408 2406 4468 parentem,
2431 4398 2603 4468 ipsum
2622 4412 2742 4451 esse
2761 4409 2991 4465 agnosce
3009 4405 3061 4447 et
3083 4392 3488 4448 resurrectionis
3514 4400 3693 4445 aucto-

2042 4502 2089 4559 D
2115 4507 2251 4546 rem.
2282 4492 2354 4546 De
2383 4506 2489 4558 quo
2517 4488 2859 4551 vaticinatur,
2893 4497 2947 4539 et
2978 4484 3041 4538 ad
3077 4486 3283 4539 Patrem
3318 4483 3575 4552 pmpheta
3608 4482 3690 4536 sic

2117 4583 2356 4651 loquitur
2385 4597 2398 4633 :
2429 4579 2618 4633 Emitte
2652 4578 2908 4647 Spiritum
2926 4586 2973 4629 et
3005 4576 3331 4637 creabantur,
3355 4583 3399 4627 et
3427 4573 3693 4627 renovabis

2118 4672 2303 4741 {aciem
2345 4681 2493 4723 terra:
2521 4668 2695 4737 (l’sal.
2725 4667 2860 4737 cui).
2895 4667 3030 4733 Quid
3067 4666 3229 4719 distat
3260 4665 3401 4718 inter
3438 4656 3593 4724 aquai
3640 4672 3695 4715 et

2118 4763 2347 4833 Spiritus
2374 4764 2541 4816 sancti
2572 4760 2981 4827 operationem?
3018 4759 3121 4812 Per
3148 4771 3338 4825 aquam
3385 4754 3575 4809 deduci
3615 4753 3694 4806 vi-

2121 4858 2308 4912 demur
2338 4857 2388 4910 in
2416 4855 2674 4907 tumulum
2701 4870 2713 4904 :
2741 4868 2834 4921 per
2854 4851 3110 4921 Spiritum
3132 4860 3375 4904 sanctum
3404 4845 3695 4918 praeparari

2125 4949 2366 5004 videmur
2396 4947 2461 5002 ad
2492 4960 2739 5016 regnum.

2739 5083 2966 5139 CAPUT
3004 5083 3091 5137 Vl.

2228 5180 2325 5236 Ubi
2357 5178 2600 5249 quceritur
2650 5186 2815 5228 utrum
2870 5175 3093 5244 Spiritus
3134 5172 3298 5225 sancti
3338 5170 3619 5242 appellatio

2358 5254 2369 5264 '
2508 5262 2783 5317 cognomen
2811 5255 3012 5315 putetur
3039 5260 3105 5297 an
3130 5260 3329 5298 nomen.

2202 5362 2305 5417 Sed
2337 5361 2476 5414 inter
2506 5359 2621 5412 lucc
2653 5354 3034 5426 requirendum
3074 5352 3279 5415 credis.
3313 5363 3489 5408 utrum
3518 5352 3696 5420 appel-

2132 5454 2259 5507 latio
2281 5453 2509 5520 Spiritus
2535 5450 2725 5513 sancti,
2754 5463 2910 5516 quem
2948 5445 3116 5501 Deum
3147 5461 3369 5501 necesse
3397 5453 3480 5499 est
3500 5459 3704 5498 nuncu-

2136 5547 2269 5615 pari,
2302 5559 2493 5599 nomen
2516 5558 2581 5597 an
2612 5542 2836 5596 fortasse
2856 5554 3156 5607 cognomen
3185 5540 3274 5594 sit.
3307 5537 3412 5594 Sed
3441 5549 3707 5606 cognosce

2136 5642 2257 5708 qua
2297 5638 2346 5692 id
2377 5637 2516 5705 quod
2561 5634 2699 5704 apud
2735 5632 2980 5688 homines
3014 5632 3218 5687 nomini
3248 5632 3483 5685 solemus
3513 5631 3707 5693 adjun-

2140 5748 2283 5798 ευρ,
2320 5730 2409 5787 Dei
2442 5746 2546 5783 non
2604 5726 2861 5781 condecet
2913 5724 3202 5795 majestati,
3252 5723 3305 5779 in
3354 5722 3468 5791 ejus
3498 5722 3708 5777 nomine
