4044 6184
337 329 405 386 55
1508 322 1584 379 DE
1623 322 1890 379 SPIRITU
1932 322 2198 377 S.\NCTO
2242 325 2368 379 LIB.
2411 326 2472 378 II.
3523 332 3591 387 5-,

336 443 588 517 quidquid
620 451 706 498 est
737 456 1071 513 nequaquam
1109 440 1453 509 adjectivnm,
1481 440 1576 495 sed
1607 442 1722 494 sine
1752 439 1914 493 dubio
1944 442 1994 498 Α
2021 449 2166 491 ctum
2197 440 2285 508 qui
2316 441 2604 508 prophetas
2633 439 3005 509 inspiraverat,
3038 440 3318 495 Dominum
3348 452 3403 497 et
3432 443 3599 497 Deum

312 536 647 590 [naturaliter
666 533 1055 601 sempiternum
1078 541 1183 585 est.
1206 530 1381 585 Etiam
1406 530 1457 583 in
1481 530 1723 586 doctrina
1744 545 1921 597 gram-

337 624 529 676 matica
554 622 659 673 alia
682 621 903 674 nontina
932 620 1258 681 communia,
1294 619 1345 673 id
1375 630 1456 673 est
1486 617 1799 686 appellativa
1823 634 1920 672 vo-

335 726 445 779 eat,
473 715 575 765 alia
606 711 886 779 specialia,
929 711 981 765 id
1012 721 1095 765 est
1126 710 1339 779 propria
1388 719 1679 778 nuncupat.
1729 709 1919 764 Videa-

337 823 459 860 mus
487 807 531 859 si
580 805 634 859 in
663 804 860 857 nosnis
903 804 1151 859 hocloco
1197 803 1399 873 aliquid
1456 803 1633 858 simile
1679 804 1921 860 invenire

340 896 628 965 possimus.
664 895 733 947 Da
767 895 818 947 in
852 894 963 948 Deo
1003 909 1195 955 nomen
1246 896 1481 962 speciale
1508 894 1591 948 \‘el
1621 896 1919 964 proprium,

341 987 392 1037 id
412 969 503 1040 est
532 984 690 1037 Pater
715 993 770 1038 et
798 984 960 1038 Filius
1002 994 1057 1037 ct
1084 984 1315 1051 Spiritus
1359 995 1596 1037 sanctus.
1628 984 1683 1037 In
1714 993 1917 1039 tantum

342 1077 457 1129 ha-c
489 1077 701 1143 propria
732 1084 880 1138 sunt,
914 1085 968 1128 ut
1000 1090 1099 1128 nec
1130 1075 1196 1129 de
1227 1074 1365 1129 Filio
1410 1075 1567 1130 Pater
1596 1076 1699 1130 dici
1731 1078 1919 1144 possit,

344 1184 442 1220 nec
472 1168 537 1218 de
568 1166 727 1219 Patre
765 1164 924 1219 facile
955 1165 1146 1235 legitur
1172 1165 1407 1234 Spiritus
1426 1177 1663 1221 sanctus.
1697 1166 1825 1220 Item
1852 1168 1917 1219 da

343 1258 640 1326 proprium,
674 1257 964 1325 ingenitus,
998 1272 1063 1310 ex
1094 1266 1323 1326 utroque
1345 1257 1664 1325 procedens.
1688 1256 1918 1312 Rursum

345 1351 407 1403 da
439 1365 634 1403 nomen
678 1348 933 1416 generale
972 1358 1133 1417 atque
1162 1362 1471 1403 commune.
1524 1348 1791 1415 Majestas,
1823 1350 1923 1402 im-

346 1445 627 1507 mensitas,
670 1441 977 1510 plenitudo,
1027 1455 1193 1503 unus,
1226 1442 1401 1505 solus,
1436 1441 1600 1496 Deus.
1655 1441 1761 1496 Sed
1798 1458 1918 1497 cum

346 1537 496 1590 audis
538 1550 699 1598 unus,
742 1549 849 1588 non
890 1534 976 1587 hie
1003 1548 1255 1588 numerus
1284 1534 1588 1598 inchoatur,
1624 1535 1719 1589 sed
1750 1536 1922 1602 perle-

348 1628 450 1682 ctio
492 1626 698 1680 infinita
745 1626 1030 1694 colligitur.
1062 1624 1201 1692 Quid
1229 1635 1312 1678 est
1367 1638 1530 1688 unus,
1580 1626 1682 1679 nisi
1723 1641 1920 1680 nomen

348 1716 874 1781 incommunicabile,
905 1714 1048 1783 quod
1079 1729 1179 1769 nec
1208 1715 1562 1784 posteriorem
1602 1716 1793 1784 recipit
1823 1730 1922 1770 nec

2028 530 2187 584 Israel
2213 544 2354 597 esse,
2382 531 2692 600 evangelica
2717 532 3020 587 celebratur
3045 532 3279 585 oraculo.
3314 533 3377 586 Iit
3406 534 3457 586 in
3480 534 3604 586 sub—

2025 624 2374 691 sequentibus
2399 623 2613 678 Simeon
2650 625 2849 693 Spiritu
2876 634 3062 679 saneto
3093 625 3282 693 plenus
3316 642 3330 679 :
3371 624 3599 694 Respon-

2024 731 2139 767 sum
2158 753 2173 777 ,
2204 715 2403 783 inquit,
2436 718 2631 783 accepit
2660 734 2690 768 a
2718 717 2917 784 Spiritu
2946 725 3141 778 sancto,
3177 734 3278 769 non
3302 718 3526 770 visurum
3551 734 3607 769 se

2026 815 2255 872 mortem,
2279 808 2377 861 nisi
2409 809 2553 875 prius
2584 808 2771 860 videret
2803 805 3059 860 Christum
3094 806 3296 858 Domini
3337 806 3488 875 (Luc.
3521 810 3601 874 tt).

2023 898 2141 960 Quo
2174 896 2311 960 viso,
2345 908 2398 950 et
2428 898 2481 950 in
2510 898 2812 965 amplexum
2842 898 3086 951 manibus
3110 905 3405 965 assumpto,
3442 896 3603 949 Deum

2025 988 2297 1049 benedixit,
2318 988 2368 1041 id
2392 1000 2472 1043 est
2492 1004 2520 1041 a
2543 1003 2647 1056 quo
2669 1002 2982 1055 responsum
3009 988 3281 1055 accepisse
3302 987 3599 1041 videbatur.

2026 1078 2297 1132 Benedixit
2329 1079 2721 1143 Deum,etdi:cit
2751 1096 2770 1133 :
2794 1079 2946 1132 Nunc
2967 1080 3201 1143 dimittis,
3229 1078 3465 1144 Domine,
3498 1095 3604 1132 scr.

2024 1185 2140 1221 num
2159 1178 2323 1237 tuum,
2340 1171 2617 1224 secundum
2642 1170 2846 1223 verbum
2872 1178 3011 1223 tuum
3032 1172 3084 1223 in
3106 1188 3249 1241 pace.
3274 1172 3340 1225 Et
3357 1171 3603 1225 absolute

2026 1259 2309 1313 Dominum
2341 1261 2502 1315 Deum
2536 1271 2688 1315 vocat
2714 1262 2967 1330 Spiritum
2995 1262 3414 1331 sancttnn‘enjns
3442 1267 3602 1317 verI-n

2024 1351 2193 1418 atque
2214 1366 2491 1419 responso,
2520 1352 2659 1418 quod
2684 1352 2955 1406 Christum
2983 1354 3190 1407 visurus
3212 1367 3353 1408 esset
3380 1371 3602 1421 accepe-

2028 1450 2128 1494 rat.
2152 1440 2317 1495 Vides
2337 1443 2641 1509 specialiter
2667 1442 2733 1496 de
2764 1444 2963 1511 Spiritu
2990 1458 3174 1500 sancto
3203 1446 3600 1514 intelligendum

2027 1547 2167 1597 esse,
2197 1547 2317 1587 cum
2347 1532 2537 1586 dicitur
2569 1535 2620 1587 in
2653 1534 2926 1603 prophetis
2958 1552 2971 1587 :
3006 1536 3141 1589 Deus
3170 1537 3393 1591 Deorum
3427 1538 3602 1591 Domi-

2028 1640 2124 1676 nus
2147 1624 2342 1677 locutus
2363 1634 2435 1678 est
2461 1641 2478 1677 :
2506 1624 2798 1679 Exaudiam
2821 1627 2946 1695 quid
2968 1628 3205 1695 loquatur
3234 1630 3285 1681 in
3317 1647 3395 1683 me
3426 1628 3604 1682 Domi-

2028 1730 2123 1766 nus
2154 1699 2295 1768 Deus
2333 1713 2506 1783 (Psal.
2539 1714 2706 1784 χιιι).
2750 1716 2844 1770 llic
2872 1732 3064 1772 nomen
3096 1719 3252 1785 istud,
3288 1719 3338 1773 id
3366 1730 3467 1783 e~t,
3501 1718 3600 1774 Do-

347 1808 774 1877 priorem‘tQuid
795 1817 877 1861 cst
906 1807 1080 1860 unus?
1105 1806 1466 1874 nisisimples,
1491 1806 1841 1873 incomposita
1869 1816 1923 1861 et
1957 1821 2000 1881 Β
2031 1806 2181 1871 mini,
2214 1806 2363 1874 cujus
2392 1807 2551 1861 verbo
2576 1818 2735 1875 atque
2766 1824 3024 1878 responso
3047 1812 3186 1880 quod
3218 1812 3485 1866 Christum
3516 1812 3600 1865 vi-

348 1900 571 1953 indivisa
601 1898 940 1952 substantia?
970 1897 1107 1963 Quid
1142 1905 1225 1951 est
1275 1912 1413 1950 unus
1438 1936 1453 1958 ,
1483 1896 1584 1951 nisi
1617 1896 1919 1951 incommu-

353 1990 597 2044 nicabilis
620 1999 673 2043 et
699 1989 994 2056 inaequalis,
1015 2003 1078 2042 ac
1106 2002 1319 2055 semper
1342 1989 1504 2051 idem,
1534 1992 1621 2057 qui
1652 2006 1919 2058 nunquam

348 2098 377 2134 a
397 2098 455 2136 se
484 2082 650 2149 possit
672 2095 792 2134 esse
818 2080 1098 2134 diversus?
1122 2082 1195 2133 Ac
1215 2081 1293 2133 sic
1313 2082 1615 2135 communis
1636 2083 1922 2149 appellatio

348 2175 626 2228 unitatem.
652 2173 787 2227 Cum
813 2188 942 2241 ergo
963 2173 1165 2228 dixeris
1197 2173 1376 2241 Pater,
1411 2174 1598 2233 Filius.
1621 2184 1675 2229 et
1694 2176 1923 2244 Spiritus

350 2275 584 2328 sanctus,
606 2264 937 2333 singulorum
968 2279 1223 2332 personas
1242 2268 1440 2333 pariter
1464 2266 1762 2333 explicasti.
1789 2266 1920 2321 Cum

347 2355 565 2419 dixeris,
594 2371 729 2409 unus
776 2355 950 2416 Deus,
980 2370 1322 2410 communem
1353 2357 1635 2411 Trinitatis
1676 2361 1925 2411 substan-

350 2448 503 2509 tiam,
550 2462 894 2499 communem
934 2447 1158 2514 gloriam
1212 2448 1615 2503 demonstrasti.
1651 2451 1748 2505 Hic
1796 2466 1924 2519 ergo

350 2537 443 2590 sibi
466 2537 730 2605 imperitia
762 2548 971 2591 noctem
1003 2540 1203 2592 erroris
1230 2540 1456 2605 obtexit,
1482 2540 1608 2594 dum
1631 2555 1924 2610 suppresso

350 2629 606 2682 vocabulo
652 2629 950 2697 majestatis
974 2629 1231 2697 Spiritum
1273 2638 1515 2685 sanetum
1547 2636 1597 2685 in
1630 2647 1695 2685 eo
1719 2642 1921 2687 tantum

348 2720 579 2773 aestimat
601 2722 843 2784 nomine,
878 2720 1018 2788 quod
1045 2720 1118 2785 ei,
1145 2731 1201 2774 ut
1229 2722 1494 2787 diximus,
1522 2725 1794 2797 proprium
1820 2734 1922 2786 est,

343 2812 512 2880 magis
539 2826 702 2880 quam
729 2809 874 2880 quod
916 2811 967 2866 ei
1008 2824 1130 2864 eum
1162 2810 1320 2865 Patre
1359 2811 1601 2882 Filioque
1639 2827 1925 2868 commune

341 2910 442 2954 εει.

947 2967 1171 3026 CAPUT
1209 2969 1319 3026 VII.

346 3060 494 3133 Quod
519 3060 749 3129 Spiritus
778 3069 982 3116 sanctus
1004 3062 1281 3133 prophetas
1304 3063 1591 3133 specialiter
1616 3065 1845 3133 implere,
1876 3076 1923 3119 et

410 3131 769 3256 Deusozzlriter
800 3134 941 3186 credi
967 3131 1017 3187 et
1044 3131 1237 3198 uocari,
1271 3131 1585 3190 euidentibus
1621 3131 1920 3191 testimoniis

411 3218 544 3271 appr
669 3218 747 3256 ur.

412 3339 544 3396 Cum
594 3357 691 3411 per
721 3342 956 3414 Moysem
1000 3357 1062 3397 ac
1110 3340 1276 3398 David
1308 3353 1363 3399 et
1404 3344 1628 3411 Isaiam,
1658 3346 1742 3401 vel
1791 3348 1924 3403 alios

342 3436 628 3503 prophclas
678 3437 986 3503 specialiter
1021 3435 1253 3505 Spiritus
1292 3448 1509 3493 sanctus
1554 3439 1760 3495 locutus
1805 3457 1925 3496 esse

341 3527 629 3590 referatur,
666 3527 831 3581 Detnn
866 3529 1096 3582 locutum
1119 3529 1294 3583 divina
1325 3530 1639 3599 proﬁtentur
1671 3533 1880 3603 eloquia
1907 3574 1921 3598 ,

343 3618 484 3671 sicut
507 3620 557 3671 in
584 3618 982 3672 Pentateuehon
1008 3622 1278 3674 volumine
1301 3622 1696 3689 frequentatur;
1718 3624 1923 3680 locutus

337 3717 446 3768 cst,
481 3710 673 3776 inquit,
704 3708 960 3763 Dominus
1004 3710 1068 3764 ad
1099 3711 1353 3781 Moysem,
1386 3712 1608 3767 dicens:
1634 3713 1923 3770 Sollicitins

337 3802 679 3866 requiramus
708 3804 751 3854 si
777 3804 1081 3868 specialiter
1107 3803 1335 3871 Spiritus
1358 3816 1576 3859 sanctus
1605 3806 1656 3859 in
1690 3808 1922 3876 prophe-

340 3893 406 3942 tis
438 3892 718 3959 loquatur:
751 3893 1008 3947 habemus
1043 3904 1098 3947 ut
1127 3895 1329 3964 praefati
1358 3913 1564 3961 sumus,
1612 3899 1665 3952 in
1696 3899 1920 3955 Actibus

348 3984 739 4047 apostolorum,
776 3984 936 4036 l'anlo
968 3994 1224 4053 arguente
1246 3986 1461 4041 Judros
1486 4004 1500 4042 :
1525 3987 1681 4055 Bene,
1727 3991 1915 4058 inquit,

336 4072 568 4138 Spiritus
616 4084 823 4126 sanctus
868 4092 955 4140 per
982 4074 1177 4129 Isaiam
1206 4078 1402 4131 locutus
1443 4090 1513 4132 est
1541 4083 1607 4133 ad
1635 4092 1801 4149 patres
1827 4099 1921 4135 no-

333 4173 498 4216 stros.
537 4165 727 4217 Aanlitu
748 4165 989 4229 audietis,
1012 4178 1059 4220 et
1086 4185 1185 4221 non
1214 4170 1506 4242 intelligetis
1531 4171 1664 4241 (Act.
1700 4174 1819 4240 ult.)
1857 4176 1919 4227 Et

334 4250 384 4301 in
414 4250 604 4303 eadem
638 4253 861 4306 lectione
892 4271 903 4304 :
941 4254 1050 4307 Viri
1089 4256 1294 4325 fratres,
1321 4269 1515 4321 Oportet
1560 4260 1763 4330 impleri
1786 4264 1917 4315 scri-

334 4356 540 4409 p'uram
569 4361 722 4409 quam
769 4349 1006 4415 prtcdixit
1039 4348 1268 4416 Spiritus
1306 4362 1511 4405 sanctus
1550 4369 1640 4422 per
1664 4370 1721 4406 os
1753 4355 1917 4408 Dat-id

334 4434 470 4498 (Act.
506 4439 570 4503 t).
602 4438 667 4489 Et
698 4438 747 4490 in
772 4439 999 4507 epistola
1039 4440 1182 4495 Petri
1226 4443 1485 4509 legimus:
1521 4443 1643 4497 Non
1667 4449 1798 4499 enim
1832 4463 1918 4499 vo-

334 4524 530 4578 luntate
575 4526 800 4579 humana
846 4526 1012 4580 allata
1046 4541 1118 4583 est
1165 4533 1448 4601 aliquando
1495 4537 1783 4604 prophetia,
1829 4538 1917 4590 scd

336 4614 541 4681 Spiritu
568 4627 743 4669 sancto
763 4619 917 4671 locuti
926 4623 1219 4674 suntsunt-ti
1240 4622 1333 4676 Dei
1354 4624 1676 4694 hominesUl
1700 4626 1835 4681 Petr.
1856 4631 1913 4698 I).

343 4705 715 4774 Agnoscamns
748 4710 1116 4777 propheticam
1157 4714 1382 4781 gratiam
1429 4717 1705 4771 evidenter
1732 4720 1794 4770 ad
1827 4736 1918 4789 po-

339 4800 557 4850 tentiam
578 4800 751 4855 sancti
773 4801 1001 4869 Spiritus
1027 4807 1317 4872 pertinere.
1344 4806 1408 4860 Et
1430 4810 1496 4861 de
1524 4810 1730 4876 psalmo
1755 4813 1915 4866 David

337 4886 409 4940 ita
437 4890 501 4941 ad
523 4890 780 4945 [Iebneos
810 4894 1053 4955 legimus.
1074 4896 1411 4965 Quapropter
1429 4902 1567 4954 sicut
1592 4903 1722 4957 dicit
1751 4905 1918 4972 Spiri-

334 4989 422 5031 tus
462 4993 679 5036 sanctus
714 5000 728 5037 :
766 4985 933 5039 Hodie
967 4989 1009 5040 si
1046 5005 1213 5042 vocem
1256 4993 1369 5061 ejus
1412 4996 1677 5049 audieritis
1738 5002 1753 5063 (
1774 4998 1915 5051 Psal.

334 5072 504 5137 xciv).
530 5072 596 5127 Et
618 5073 704 5127 hic
738 5077 1073 5145 apertissime
1094 5094 1189 5147 per
1212 5081 1374 5136 David
1396 5083 1653 5153 Spiritum
1675 5098 1915 5143 sanctum

334 5160 569 5218 locutum
596 5180 720 5222 esse
746 5177 992 5223 testatur.
1039 5170 1329 5227 Videamus
1354 5187 1532 5231 autem
1576 5189 1750 5232 ntrnrn
1779 5180 1918 5235 Dens

333 5254 407 5306 sit
428 5254 546 5321 iste,
574 5271 671 5325 per
691 5274 851 5327 quem
872 5261 1047 5316 omnis
1071 5264 1347 5331 prophetis
1377 5267 1628 5336 inspirata
1655 5285 1918 5325 memora-

336 5354 445 5401 tur.
483 5347 653 5404 Lucas
682 5350 964 5408 Dominum
996 5355 1161 5409 Deum
1188 5358 1421 5423 asserit,
1458 5361 1547 5429 qni
1593 5362 1797 5416 loeutus
1835 5374 1919 5419 est

333 5452 433 5505 per
458 5442 772 5509 rwophetas,
800 5443 873 5499 ita
898 5445 1086 5501 dic-ins
1118 5464 1132 5499 :
1167 5446 1470 5505 Benedictus
1503 5450 1751 5507 Dominus
1782 5454 1918 5509 Deus

336 5529 504 5585 Israel
520 5572 535 5593 ,
563 5535 686 5603 quia
715 5536 927 5590 risitauit
958 5547 1003 5591 et
1031 5539 1147 5609 fecit
1175 5540 1569 5611 redemptionem
1601 5543 1759 5609 plebis
1788 5562 1914 5601 sum.

338 5617 403 5671 Et
416 5621 604 5688 adjecit
622 5642 635 5675 :
654 5622 796 5678 Sicut
821 5624 1022 5680 locutus
1050 5635 1121 5681 est
1144 5639 1628 5695 perossanctorum,
1654 5635 1743 5702 qui
1766 5652 1798 5688 a
1824 5652 1921 5689 ste-

337 5712 455 5761 suto
485 5722 603 5765 sunt
633 5717 997 5781 prophetarum
1027 5718 1158 5787 ejus.
1208 5719 1467 5778 Absoluta
1495 5722 1751 5792 Spiritum
1792 5741 1919 5782 san-

2025 1913 2180 1951 surus
2228 1910 2371 1953 esset
2412 1912 2726 1968 acceperat,
2758 1903 2907 1957 vides
2952 1902 3256 1969 Specialiter
3295 1904 3361 1958 de
3400 1904 3600 1971 Spiritu

2027 1998 2212 2041 sancto
2240 1989 2641 2058 intelligendum
2668 2007 2806 2055 esse,
2832 2008 2950 2046 cum
2983 1992 3177 2046 dicitur
3208 1995 3258 2047 in
3285 1994 3556 2062 prophetis
3582 2010 3600 2049 :

2029 2078 2165 2132 Deus
2206 2078 2427 2133 Deorum
2455 2081 2705 2134 Dominus
2735 2084 2928 2137 locutus
2963 2092 3055 2137 est.
3101 2084 3195 2148 Et,
3228 2086 3442 2137 Audiam
3477 2086 3599 2155 quid

2028 2169 2267 2237 loquatur
2304 2172 2355 2222 in
2400 2187 2480 2225 me
2522 2170 2774 2226 Dominus
2807 2173 2963 2227 Deus.
3005 2175 3100 2229 Hic
3127 2191 3321 2229 nomen
3353 2176 3513 2239 istud,
3547 2176 3598 2229 id

2027 2269 2110 2313 est
2138 2259 2384 2314 Dominus
2412 2262 2553 2316 Deus
2595 2265 2656 2315 ad
2690 2264 2918 2331 Spiritus
2954 2267 3121 2319 saneti
3150 2268 3237 2334 qui
3285 2266 3492 2320 loculus
3520 2275 3599 2321 est

2028 2352 2078 2406 in
2106 2352 2266 2405 David
2290 2354 2499 2407 noveris
2520 2354 2855 2409 referendum
2879 2370 2996 2410 esse
3021 2366 3325 2424 personam,
3343 2367 3433 2411 aut
3455 2367 3602 2411 certe

2030 2442 2080 2495 in
2109 2460 2213 2495 uno
2238 2445 2345 2498 Deo
2370 2446 2527 2499 trium
2551 2447 2897 2510 voluntatem,
2921 2448 3077 2500 trinm
3102 2449 3412 2517 potentiam,
3438 2449 3599 2502 trium

2027 2550 2257 2603 agnosce
2306 2537 2654 2591 substantiam
2681 2576 2699 2605 ,
2738 2539 2857 2608 quia
2884 2554 3005 2592 eum
3043 2540 3263 2603 dixeris,
3306 2550 3450 2607 patu-r
3494 2554 3596 2591 una

2030 2643 2252 2696 persona
2281 2631 2614 2700 intelligitur,
2646 2647 2766 2685 cum
2805 2630 3024 2697 dixeris,
3061 2633 3198 2687 Deus
3228 2642 3336 2686 tota
3364 2632 3599 2685 Trinitas

2026 2722 2365 2791 designatur;
2405 2724 2698 2793 accipimus
2738 2735 2794 2779 et
2842 2727 2895 2778 in
2944 2725 3167 2779 Actibus
3214 2726 3599 2793 apostolorum,

2027 2815 2165 2883 quod
2216 2816 2576 2870 indubitanter
2626 2818 2765 2871 Deus
2813 2817 2919 2883 sit,
2951 2818 3038 2884 qui
3089 2818 3360 2883 passiones
3405 2817 3527 2871 Chri
3563 2818 3599 2870 ti

2028 2907 2403 2974 praenuntiavit
2432 2923 2525 2974 per
2554 2908 2839 2976 prophetas
2866 2922 2987 2964 cum
3025 2907 3156 2962 dicit
3194 2925 3206 2960 :
3253 2906 3391 2961 Deus
3435 2918 3600 2961 autem

2026 2994 2112 3065 qui
2163 2997 2508 3063 pronuntiauit
2550 3014 2638 3067 per
2683 3014 2739 3051 os
2788 3000 3015 3053 omnium
3060 2999 3455 3069 prophetarum,
3495 3002 3600 3069 pati

2028 3085 2282 3140 Christum
2309 3103 2474 3152 suum,
2505 3088 2729 3156 implerit
2757 3090 2831 3142 sic
2859 3086 3116 3143 Christum
3140 3107 3289 3143 suum
3328 3091 3463 3162 (Act.
3489 3095 3599 3163 tu);

1946 3193 1991 3255 (ς
2026 3181 2078 3235 id
2108 3191 2191 3237 est
2219 3181 2541 3236 charismate
2569 3198 2678 3236 suis
2701 3183 2967 3238 unctionis
2994 3183 3243 3238 infusum.
3277 3184 3343 3238 Et
3371 3186 3558 3241 iterum
3582 3202 3600 3241 :

2032 3273 2135 3340 Qui
2157 3275 2354 3327 locutus
2374 3284 2447 3327 est
2474 3274 2612 3328 Deus
2635 3291 2725 3341 per
2744 3291 2799 3329 os
2818 3282 3105 3328 sanctorum
3125 3291 3335 3330 suorum
3363 3275 3512 3345 (Luc.
3538 3275 3601 3347 t).

2027 3362 2150 3416 Ideo
2177 3373 2486 3418 sanctorum
2511 3378 2755 3432 suorum,
2778 3367 2899 3434 quia
2926 3366 3273 3421 sanctificatio
3299 3368 3510 3437 proprie
3534 3371 3601 3426 ad

2025 3455 2285 3525 Spiritum
2334 3467 2575 3511 sanctum
2629 3458 2878 3522 pertinet.
2930 3457 3175 3528 Legimus
3226 3460 3277 3513 in
3324 3460 3599 3516 Jeremia:

2027 3546 2215 3601 Nonne
2248 3548 2429 3601 calum
2477 3558 2524 3602 et
2568 3559 2755 3602 terram
2794 3565 2885 3620 ego
2931 3550 3115 3621 impleo
3138 3591 3152 3616 ,
3194 3551 3316 3605 dicit
3351 3551 3600 3608 Dominus

2030 3639 2160 3709 (Jer.
2186 3640 2371 3710 xxvr)?
2401 3640 2530 3707 Quis
2557 3650 2639 3696 est
2669 3642 2767 3696 iSte
2796 3642 3050 3697 Dominus
3074 3643 3162 3713 qui
3192 3659 3286 3713 per
3312 3644 3600 3700 Jeremiam

2024 3732 2218 3786 ctelum
2249 3742 2303 3786 et
2331 3743 2527 3788 terram
2558 3734 2779 3803 implere
2809 3748 2867 3789 se
2892 3736 3050 3799 dicit,
3090 3737 3190 3790 nisi
3220 3737 3449 3806 Spiritus
3480 3752 3600 3792 sano

2023 3832 2140 3876 ctus
2164 3863 2179 3886 ,
2212 3824 2300 3892 qui
2335 3833 2387 3876 et
2412 3824 2583 3892 ipsum
2611 3824 2897 3880 Jeremiam
2942 3827 3139 3880 virtute
3187 3828 3495 3896 prophetica
3546 3838 3600 3884 et

2023 3914 2215 3980 Spiritu
2263 3916 2508 3969 veritatis
2547 3915 2778 3970 inludit?
2827 3917 2881 3971 Si
2928 3932 3056 3986 ergo
3104 3934 3197 3986 per
3235 3919 3600 3987 prepheticam

2022 4005 2499 4072 dispensationem,
2520 4007 2586 4061 ita
2607 4009 2766 4061 etiam
2789 4008 3035 4063 secundae
3056 4009 3276 4077 gratiam
3311 4010 3601 4067 nativitatis

2020 4098 2243 4166 Spiritui
2266 4109 2452 4153 sancto
2483 4099 2567 4154 vel
2602 4101 2831 4153 maxime
2874 4100 3119 4154 voluntas
3158 4100 3433 4156 Trinitatis
3463 4103 3601 4155 assi-

2022 4198 2170 4257 gnat,
2202 4191 2341 4243 sicut
2371 4190 2498 4244 dicit
2528 4190 2580 4244 in
2611 4190 2815 4243 Joanne
2847 4206 2859 4241 :
2896 4189 3046 4255 Quod
3071 4199 3245 4243 natum
3271 4200 3344 4243 est
3376 4208 3404 4244 e
3428 4207 3600 4252 carne.

2021 4294 2139 4331 curo
2161 4285 2255 4343 est,
2278 4289 2325 4331 et
2355 4280 2487 4346 quod
2516 4288 2692 4331 natum
2721 4288 2792 4332 est
2822 4295 2885 4331 ea:
2907 4278 3128 4347 Spiritu,
3155 4280 3380 4348 Spiritus
3408 4290 3498 4332 est.
3537 4282 3597 4335 ΕΙ

2023 4369 2073 4422 in
2104 4369 2207 4422 alio
2233 4370 2347 4423 loco
2376 4377 2613 4438 potestas
2645 4370 2937 4424 renovandi
2981 4369 3210 4425 hom-nis
3239 4385 3403 4439 penes
3433 4372 3601 4441 Spiri-

2022 4468 2130 4515 tum
2158 4469 2399 4513 sanctum
2425 4475 2542 4516 esse
2577 4461 2942 4529 perscribitur.
2993 4459 3091 4514 Vos
3122 4472 3291 4515 autem
3325 4463 3600 4532 baptizahi-

1951 4567 1996 4624 ο
2025 4551 2148 4603 mini
2172 4550 2316 4618 Spiri
2338 4567 2370 4603 u
2391 4562 2568 4605 sancto
2590 4570 2689 4606 non
2715 4561 2824 4619 post
2849 4552 3034 4605 multos
3053 4553 3142 4605 hos
3166 4554 3274 4607 dies
3296 4553 3471 4624 (Joan.
3497 4562 3598 4622 nt).

2024 4640 2090 4694 Et
2114 4642 2246 4694 sicut
2279 4644 2526 4710 superius
2555 4645 2752 4697 dictum
2784 4655 2865 4697 est
2900 4661 2911 4695 :
2948 4634 3067 4695 Nisi
3091 4648 3202 4712 quis
3224 4656 3426 4698 renatus
3448 4647 3601 4716 fuerit

2020 4748 2083 4786 ea:
2106 4748 2240 4801 aqua
2277 4743 2322 4786 et
2359 4734 2557 4801 Spiritu
2593 4745 2784 4787 sancto.
2830 4736 2892 4788 Et
2917 4736 2982 4788 ad
3009 4735 3184 4789 Titum
3218 4753 3233 4791 :
3267 4737 3482 4802 Salvos,
3518 4741 3602 4791 in-

2021 4824 2158 4892 quit,
2189 4840 2279 4876 nos
2307 4825 2421 4893 fecit
2454 4840 2545 4892 per
2570 4825 2823 4877 lavacrum
2866 4829 3262 4895 regenerationis
3304 4838 3351 4880 et
3391 4845 3603 4883 renova-

2022 4914 2173 4967 tionis
2214 4915 2445 4983 Spiritus
2474 4917 2657 4968 sancti.
2708 4915 2995 4970 Videamus
3042 4918 3162 4987 quis
3204 4928 3287 4973 est
3326 4921 3425 4974 iste
3454 4924 3604 4990 cujus

2025 5004 2117 5058 lilii
2150 5020 2245 5075 per
2266 5006 2490 5075 gratiam
2537 5007 2837 5076 adoptionis
2874 5007 3157 5064 efficimur.
3202 5009 3358 5065 Dedit
3396 5013 3490 5079 eis,
3520 5012 3604 5066 in-

2023 5095 2167 5163 quit,
2199 5105 2493 5165 potestatem
2530 5098 2665 5165 [ilios
2698 5099 2791 5151 Dei
2827 5099 2959 5166 ﬁeri.
3006 5100 3070 5153 Et
3099 5101 3289 5156 iterum
3323 5119 3339 5156 :
3371 5103 3473 5169 Qui
3502 5117 3603 5155 non

2023 5202 2085 5240 ea:
2107 5188 2465 5258 sanguinibus,
2507 5205 2667 5258 neque
2694 5206 2758 5243 ea:
2779 5190 3031 5244 voluntate
3057 5195 3256 5257 carnis,
3287 5194 3377 5248 sed
3403 5207 3468 5247 ea:
3494 5190 3603 5247 Deo

2023 5278 2131 5331 nati
2155 5287 2289 5331 sunt.
2336 5278 2500 5333 Vides
2546 5280 2885 5350 apertissime
2912 5281 3053 5351 quod
3095 5284 3197 5337 iste
3223 5283 3451 5352 Spiritus
3479 5289 3603 5337 ss'n-

2025 5376 2144 5422 ctus
2172 5368 2226 5422 in
2254 5383 2359 5437 quo
2388 5370 2743 5437 renascimur,
2777 5372 2914 5427 Deus
2953 5383 3061 5435 est.
3104 5372 3255 5441 cujus
3280 5373 3603 5442 paternitste

2025 5456 2306 5513 donamur.
2350 5459 2466 5529 Ipse
2512 5460 2614 5515 hoc
2643 5463 2750 5516 alio
2799 5462 2918 5517 loco
2958 5464 3075 5517 luce
3098 5462 3293 5517 clarius
3318 5464 3600 5536 assignat:

2027 5547 2169 5615 Ero,
2203 5549 2401 5619 inqttit,
2432 5554 2505 5607 eis
2531 5554 2583 5606 iu
2613 5566 2805 5622 patrem
2825 5592 2841 5620 ,
2873 5563 2919 5606 et
2947 5553 3047 5620 ipsi
3073 5562 3219 5607 erunt
3243 5555 3365 5610 mihi
3385 5558 3438 5611 in
3467 5560 3603 5624 ﬁlios

2026 5649 2076 5694 et
2117 5644 2287 5709 ﬁlias,
2323 5636 2444 5697 dicit
2491 5645 2738 5700 Dominus
2776 5648 3090 5714 omnipotens
3141 5646 3271 5716 (Tit.
3297 5648 3362 5719 1).
3410 5650 3600 5707 Merito

2026 5733 2388 5800 omnipotens,
2411 5735 2499 5803 qni
2524 5736 2721 5803 peccati
2749 5732 3337 5807 chirographumdelct,
3363 5741 3452 5810 qui
3473 5743 3597 5795 vin-
