4040 6184
393 286 463 340 35
1693 274 1978 339 PASCIIA!

2084 278 2354 341 DIACUNI
3593 292 3659 356 36

391 405 507 457 cula
537 400 983 456 conscientiarum
1027 398 1266 463 relaxat,
1298 407 1352 452 et
1385 397 1653 451 hominem
1686 413 1737 451 in
1766 411 1823 451 se
1856 412 1975 451 cre-
2005 405 2048 462 Α
2082 402 2408 455 honorantes
2438 402 2625 466 Deum,
2656 402 2724 457 de
2751 404 2859 458 suis
2881 404 3040 475 justis
3067 406 3337 462 laborilms
3359 412 3659 471 venitelmm

390 497 605 549 dentem
632 505 897 562 corruptae
950 505 1151 547 natura:
1183 492 1424 546 ﬁeditate
1448 489 1719 559 dispoliat.
1742 499 1792 545 et
1822 490 1976 543 indu-

390 595 572 641 mento
602 585 951 648 innocentiae,
980 585 1174 638 decore
1203 582 1456 651 iustitiae,
1487 581 1624 635 stola
1657 580 1976 635 immortali-

392 678 520 731 tatis
544 687 799 741 exornat,
836 686 889 728 et
920 674 1060 728 lilios
1088 688 1213 727 suos
1247 674 1298 726 in
1339 671 1634 742 angelicum
1662 680 1856 725 statum
1891 669 1976 738 pia

392 769 713 836 paternitate
737 766 1045 820 conscribit.
1078 764 1245 817 Nemo
1274 762 1529 832 Spiritum
1556 770 1800 815 sanctum
1826 774 1978 815 creti-

394 862 529 914 turis
568 860 841 912 existimet
869 855 1203 909 sociandum.
1248 854 1407 907 Extra
1438 850 1711 907 servitutis
1737 860 1820 904 est
1846 864 1977 904 con-

392 954 649 1004 ditionem
701 950 791 1017 qui
842 960 1099 1001 aeternam
1156 953 1332 1014 potest
1372 945 1605 999 tribucre
1649 944 1974 996 libertatem.

394 1041 515 1094 Non
540 1042 696 1105 enim,
726 1039 896 1108 inquit
944 1037 1230 1105 Apostolus
1249 1077 1264 1101 ,
1296 1035 1562 1103 accepistis
1598 1033 1838 1100 spiritum
1864 1048 1977 1084 ser-

392 1132 562 1185 vitutis
591 1132 775 1182 iterum
810 1130 862 1182 in
890 1130 1064 1181 timore
1084 1167 1100 1193 ,
1126 1127 1215 1180 sed
1250 1125 1513 1191 accepistis
1557 1124 1810 1192 Spiritum
1850 1122 1980 1175 ado«

392 1226 581 1294 ptionis
628 1223 893 1292 ﬁliorum,
938 1230 986 1274 et
1016 1221 1125 1291 ipse
1155 1218 1384 1288 Spiritus
1423 1216 1767 1269 testimonium
1807 1213 1978 1267 reddit

392 1316 594 1383 spiritui
623 1322 820 1377 nostra,
843 1315 981 1382 quod
1009 1327 1185 1366 sumus
1231 1310 1329 1378 filii
1354 1306 1454 1361 Dei
1486 1306 1663 1376 (Rom.
1686 1309 1786 1374 v1).
1818 1304 1978 1359 Indu-

392 1409 623 1463 bitanter
674 1408 811 1460 Deus
852 1414 938 1459 est
980 1404 1068 1472 qui
1102 1418 1195 1471 per
1234 1400 1602 1455 remissionem
1630 1406 1976 1468 peccatorum

392 1500 531 1553 ﬁlios
563 1498 654 1552 Dei
693 1498 835 1551 l'acit.
885 1495 1194 1549 lluiversam
1228 1499 1527 1547 creaturam
1560 1491 1722 1543 etiam
1753 1488 1978 1557 angelo-

392 1603 511 1641 rum
555 1598 714 1655 atque
763 1584 1244 1654 arcliangelorum,
1290 1587 1509 1650 peccato
1553 1588 1762 1634 constat
1806 1579 1977 1633 fuisse

392 1681 717 1747 obnoxiam,
769 1692 995 1747 quorum
1044 1685 1223 1730 tamen
1272 1674 1325 1727 in
1374 1673 1539 1726 Deum
1589 1670 1973 1737 obedientiam,

392 1769 804 1823 sollicitudinem
830 1806 846 1831 ,
903 1766 1217 1821 charitatem
1243 1805 1259 1829 ,
1307 1772 1763 1832 trausgressorum
1816 1762 1967 1816 ruina
2000 1764 2045 1825 B

395 1859 659 1924 fundavit;
692 1858 965 1912 humilitas
992 1856 1361 1925 subiectionis,
1390 1854 1701 1909 stabilitatis
1729 1853 1863 1908 facta
1889 1863 1974 1909 est

391 1953 745 2015 conﬁrmatio,
774 1951 1071 2019 fragilitatis
1092 1949 1312 2015 agnitio,
1341 1948 1573 2017 Spiritus
1597 1960 1836 2001 sanctus.
1860 1945 1973 2001 Nisi

395 2057 506 2111 prae
535 2041 782 2096 omnibus
812 2041 946 2095 liber
974 2049 1137 2105 esset,
1161 2041 1228 2093 de
1254 2041 1424 2092 servis
1448 2037 1645 2092 liberos
1668 2037 1841 2092 facere
1867 2051 1973 2092 non

396 2142 591 2201 posset.
624 2132 755 2185 Nam
782 2121 826 2184 s'i
868 2141 1109 2185 creatura
1141 2138 1316 2194 esset,
1349 2129 1641 2197 quamlibet
1671 2131 1722 2182 in
1752 2143 1818 2183 eo
1846 2143 1977 2182 con-

393 2228 598 2278 terente
622 2222 846 2291 gratiam
875 2219 1194 2285 sanctitatis,
1228 2221 1577 2274 remansisset
1625 2229 1798 2273 tamen
1844 2233 1975 2273 conc

389 2316 615 2368 scicntia
643 2312 918 2368 debitoris.
950 2312 1016 2366 Et
1038 2311 1159 2365 ideo
1182 2311 1311 2366 dicit
1338 2328 1354 2364 :
1391 2309 1554 2364 Nemo
1585 2320 1743 2378 potest
1782 2311 1975 2364 donare

393 2413 600 2471 peccata
628 2404 726 2457 nisi
746 2404 885 2457 solus
912 2402 1045 2455 Deus
1079 2399 1269 2473 (Marc.
1294 2416 1366 2467 tt;
1400 2401 1526 2454 Luc.
1550 2404 1632 2470 ν).
1664 2402 1975 2469 Quicunque

348 2504 359 2515 '
394 2498 485 2550 ille
515 2505 597 2550 est
622 2539 637 2564 ,
669 2496 830 2565 eligat
879 2504 1054 2547 utrum
1094 2493 1266 2561 velit,
1298 2502 1390 2548 aut
1430 2493 1683 2561 Spiritum
1733 2502 1973 2546 sanctum

358 2568 367 2659 ζ
395 2599 608 2659 peccata
641 2589 925 2642 donantem
950 2586 1270 2642 conﬁteatur
1310 2600 1404 2655 per
1431 2584 1606 2638 omnia
1648 2584 1814 2638 Deum
1842 2624 1856 2647 ,
1886 2593 1977 2638 aut

396 2622 608 2659 puqu
641 2622 925 2642 uua-«lucus
950 2622 1260 2642 υυιιιιιυαιυι
1312 2622 1393 2655 vva
1432 2622 1606 2638 usuusu
1648 2622 1814 2638 υυυιη
1842 2624 1856 2647 ,
1886 2622 1973 2638 ιιυη

360 2622 443 2805 isi
476 2698 571 2752 per
594 2696 714 2736 eum
744 2681 927 2734 donari
962 2695 1118 2749 posse
1144 2695 1250 2734 non
1277 2672 1449 2735 credit
1479 2678 1686 2731 veniam
1724 2686 1973 2745 peccato-

396 2792 510 2805 ...ι-.-
583 2775 852 2805 natans-nuis
905 2773 957 2805 in
1004 2787 1064 2805 ιιι
1112 2771 1530 2805 nona-annuinnic
1578 2770 1891 2805 lmen-[inium
1922 2778 1971 2805 ul

396 2792 550 2840 rum,
582 2775 858 2828 evacuavit
904 2773 959 2827 in
1003 2787 1064 2827 se
1112 2771 1531 2840 regenerationis
1576 2770 1891 2824 hem-ﬁcium
1922 2778 1976 2823 et

582 2814 858 2828 ν............
1003 2814 1064 2827 ..ν
1114 2814 1531 2840 ,νον...,..........-
1576 2814 1891 2824 νν...
1925 2814 1976 2823 --

374 2814 641 2935 \mptismi
665 2875 1054 2919 sacramentum
1082 2883 1094 2916 :
1122 2865 1212 2917 Dei
1244 2878 1372 2933 ergo
1393 2863 1563 2916 solius
1589 2872 1671 2915 est
1694 2861 1977 2915 absolvere

396 2962 610 3025 innexa,
643 2959 1008 3027 redintegrare
1035 2964 1307 3023 corrupta,
1342 2955 1558 3021 expiare
1587 2954 1869 3006 maculata.
1913 2950 1978 3005 Et

399 3052 516 3104 ideo
547 3050 611 3103 ad
651 3064 773 3103 eum
803 3046 1005 3102 conscii
1036 3058 1235 3100 nostras
1280 3043 1606 3099 inﬁrmitatis
1645 3054 1699 3096 et
1728 3057 1839 3096 suae
1865 3057 1978 3095 ma-

2079 491 2404 545 substantias
2421 507 2566 556 suas,
2583 502 2639 545 t'I.
2654 496 2922 563 ponebant
2943 507 3066 550 ante
3088 498 3253 567 pedes
3272 504 3656 569 apostolorum,

2079 582 2189 636 Deo
2230 592 2408 649 votum
2455 585 2769 652 promisisse
2818 588 3162 655 agnoscitur,
3210 590 3430 660 Spiritui
3471 609 3658 650 sancto

2079 674 2334 729 mentitus
2356 675 2619 743 arguitur,
2638 678 2777 730 sicut
2794 677 2980 733 Petrus
2999 682 3273 749 apostolus
3296 683 3365 735 ait
3389 700 3403 736 :
3433 687 3654 753 Ananiu,

2078 780 2169 818 cur
2196 767 2399 818 tentavit
2427 767 2651 822 Satanas
2680 785 2766 821 cor
2795 780 2955 836 tuum,
2981 775 3181 826 mentiri
3207 783 3254 827 te
3285 775 3504 845 Spiritui
3532 796 3657 832 sun-

2077 864 2157 907 cto
2182 857 2318 922 (Art.
2348 857 2463 925 tn)?
2489 858 2555 910 Et
2579 859 2895 913 subsecutus
2926 862 3117 929 adjecit
3152 880 3164 914 :
3198 862 3317 917 Non
3345 882 3397 919 es
3420 871 3658 924 mentitus

2079 946 2394 1009 hominibus,
2435 951 2524 1000 sed
2557 948 2684 1003 Deo.
2738 950 2873 1015 Quid
2921 962 3003 1005 cst
3049 953 3192 1007 hoc?
3243 956 3296 1008 In
3348 956 3655 1014 Creatorem

2077 1050 2289 1110 peccat,
2333 1049 2389 1094 et
2429 1041 2498 1093 ita
2529 1042 2807 1110 Scriptura
2842 1054 3114 1108 peccatum
3153 1046 3269 1115 ejus
3297 1059 3566 1115 attenuat,
3603 1065 3658 1107 ut

2079 1150 2200 1188 eum
2240 1134 2387 1200 juxta
2418 1134 2707 1203 impietatis
2737 1150 2953 1189 sensmn
2981 1177 2997 1202 ,
3042 1149 3299 1193 creaturae
3352 1158 3498 1195 reum
3539 1160 3657 1199 esse

2076 1226 2381 1287 constituat,
2414 1235 2466 1278 et
2497 1226 2689 1279 minori
2715 1227 3016 1282 debitorem
3044 1232 3110 1284 ile
3137 1236 3459 1289 contumelia
3491 1240 3657 1305 maio.-

2078 1317 2151 1369 ris
2185 1316 2435 1369 addicat?
2478 1316 2593 1370 Non
2620 1320 2687 1371 ita
2716 1328 2817 1373 est.
2856 1320 3137 1375 Manifesto
3173 1326 3430 1391 praeditus
3459 1340 3540 1383 est
3577 1331 3656 1383 di-

2077 1407 2198 1460 vina
2226 1409 2482 1475 potentia,
2513 1409 2577 1461 ad
2602 1425 2760 1478 quem
2793 1414 3052 1482 sacrilegii
3086 1414 3315 1471 refertur
3344 1419 3565 1486 oll‘eusa,
3590 1424 3658 1476 de

2076 1514 2179 1566 quo
2208 1498 2315 1550 alio
2339 1499 2454 1552 loco
2482 1499 2611 1553 dicit
2642 1517 2656 1552 :
2688 1500 2790 1567 Qui
2819 1515 2988 1556 autem
3018 1507 3436 1572 blaspltemaverit
3462 1511 3515 1564 in
3541 1514 3663 1579 δρές

2074 1591 2227 1641 ritum
2257 1603 2507 1657 sanctum,
2539 1608 2637 1643 non
2672 1593 2870 1646 habebit
2905 1596 3270 1666 remissionem,
3297 1615 3456 1669 neque
3478 1603 3532 1655 in
3563 1606 3656 1657 hoc

2074 1672 2281 1742 stimulo,
2315 1698 2472 1751 neque
2501 1683 2551 1734 in
2582 1684 2752 1752 futuro
2786 1684 2997 1755 (Matth.
3033 1687 3128 1757 χι).
3159 1687 3290 1741 Cum
3321 1706 3447 1759 ergo
3477 1702 3651 1747 trans-

2073 1770 2350 1838 gressione
2373 1774 2654 1826 tentaverit
2681 1771 2845 1827 Deum
2868 1816 2881 1838 ,
2912 1775 3161 1832 fefellisse
3183 1778 3378 1833 dicitur
3398 1781 3655 1849 Spiritum

2074 1874 2336 1916 sanctum.
2387 1866 2722 1932 Quapropter
2765 1867 2993 1935 Spiritus
3036 1880 3253 1927 sanctus
3290 1883 3342 1925 et
3378 1873 3466 1926 Dei
3495 1889 3655 1929 uuam

2074 1969 2312 2019 causam,
2339 1971 2496 2008 unam
2527 1958 2773 2025 gloriam,
2798 1974 2958 2012 unam
2986 1975 3249 2029 cognosce
3278 1966 3655 2020 reverentiam.

2078 2044 2140 2099 Et
2196 2045 2315 2100 ideo
2359 2046 2760 2103 evidentissinie
2808 2052 2876 2103 de
2931 2050 3129 2119 Spiritu
3178 2065 3367 2109 sancto
3414 2058 3655 2122 sequenti

2074 2153 2327 2193 sermone
2355 2140 2628 2194 concludit
2668 2157 2681 2194 :
2731 2140 2852 2195 Non
2881 2159 2963 2206 es,
3001 2144 3201 2212 inquit,
3231 2148 3467 2200 mentitus
3493 2148 3657 2199 Itami-

2075 2230 2246 2295 nibus,
2274 2230 2363 2284 sed
2388 2231 2515 2285 Deo.
2556 2231 2818 2301 Loquettte
2847 2232 3006 2287 Petro
3031 2236 3096 2288 ad
3127 2235 3455 2301 Cornelium,
3482 2243 3655 2292 obsta.

2077 2330 2294 2389 prterunt
2310 2338 2372 2375 ea:
2388 2324 2773 2378 circumcisione
2792 2326 2967 2394 ﬁdeles
2989 2329 3076 2395 qui
3097 2340 3335 2383 venerant
3352 2347 3465 2383 cum
3484 2330 3655 2392 Petro,

2075 2418 2194 2484 quia
2208 2431 2251 2469 et
2266 2416 2318 2468 in
2330 2418 2559 2469 nationes
2576 2418 2741 2486 gratia
2757 2417 2982 2487 Spiritus
2993 2422 3155 2473 sancti
3170 2420 3333 2485 e/fusa
3350 2432 3421 2475 est
3434 2422 3656 2492 (Act.x).

2077 2506 2239 2561 Vides
2270 2508 2525 2576 Spiritum
2557 2519 2799 2564 sanctum
2833 2526 2937 2565 non
2977 2512 3043 2566 de
3073 2515 3282 2576 alieno,
3315 2515 3405 2569 scd
3438 2516 3506 2568 de
3538 2531 3658 2583 prn-

2078 2600 2195 2669 prin
2216 2600 2447 2655 contulis
2479 2616 2528 2655 e.
2560 2601 2617 2655 Si
2649 2603 2888 2671 requiras
2937 2605 3055 2672 quis
3085 2604 3154 2657 sit
3186 2605 3287 2659 istc
3316 2606 3404 2673 qui
3434 2606 3658 2673 gratiam

2077 2691 2223 2745 dedit
2252 2691 2397 2757 illis,
2435 2693 2593 2757 Deus.
2647 2694 2799 2748 Hunc
2826 2696 3010 2763 gratiae
3061 2696 3366 2765 largitorem
3416 2696 3664 2763 superius
3746 2739 3750 2743 .

2078 2783 2333 2852 Spiritum
2374 2796 2647 2852 sanctum,
2694 2787 2778 2841 hic
2811 2790 2973 2842 Deum
3008 2790 3310 2856 specialiter
3345 2788 3659 2844 declaravit.

2078 2877 2191 2931 Illic
2228 2879 2469 2947 proprio,
2502 2878 2534 2933 h
2558 2895 2587 2933 c
2627 2882 2897 2935 cmumuni
2932 2881 3148 2936 nomine
3190 2881 3448 2951 probatur
3475 2882 3661 2937 iterata

2077 2969 2367 3024 cool‘cs~io.
2394 2968 2525 3025 Cum
2553 2981 2727 3025 autem
2754 2973 2938 3041 gratia,
2965 2972 3113 3035 dicit,
3139 2984 3187 3026 et
3210 2975 3260 3026 in
3288 2975 3517 3027 nationes
3540 2973 3660 3044 Spi-

2077 3055 2206 3111 ritus
2227 3061 2386 3112 sancti
2407 3060 2568 3127 o/fusa
2590 3072 2681 3126 est,
2710 3061 2821 3129 ipse
2845 3073 3048 3117 natura:
3077 3062 3215 3117 Deus
3234 3072 3336 3125 est,
3359 3064 3446 3132 qui
3476 3075 3661 3116 auctor

394 3143 635 3209 pistatia,
662 3155 782 3194 cum
812 3141 1009 3208 gvmitu
1043 3138 1430 3206 proclamamus
1464 3152 1478 3191 :
1515 3135 1625 3188 Tibi
1652 3135 1748 3187 soli
1776 3135 1978 3203 peccavi

2085 3166 2162 3206 cst
2194 3156 2399 3222 gratiae.
2446 3152 2555 3207 Soli
2606 3155 2713 3208 Deo
2759 3155 3016 3223 competit
3044 3156 3111 3208 de
3157 3171 3254 3207 suo
3280 3156 3659 3211 charismatum

396 3231 573 3301 (Psal.
602 3232 680 3298 L),
709 3230 949 3292 Domine,
972 3229 1063 3297 qui
1088 3227 1234 3281 solus
1258 3242 1362 3280 non
1390 3226 1588 3280 teneris
1610 3226 1726 3293 lege
1753 3224 1977 3291 peccati,

396 3323 487 3391 qui
515 3322 659 3375 solus
683 3322 749 3376 ab
766 3320 834 3374 ea
858 3336 961 3374 non
988 3320 1282 3383 ai-tualiter,
1306 3318 1399 3373 sed
1430 3318 1742 3371 naturaliter
1761 3317 1979 3371 alienus

395 3427 455 3467 es
478 3452 495 3477 ,
527 3422 579 3464 et
621 3411 740 3464 ideo
769 3414 912 3465 solus
951 3410 1231 3465 absolvere
1270 3408 1542 3463 debitores
1586 3419 1737 3477 potes
1761 3449 1776 3473 ,
1818 3409 1907 3479 qui
1947 3423 1979 3463 a

397 3505 591 3559 debitis
611 3505 758 3558 solus
781 3504 1030 3559 immunis
1049 3517 1109 3557 es
1131 3542 1147 3567 ,
1170 3502 1258 3571 qui
1285 3502 1423 3571 quod
1450 3502 1612 3557 habes
1636 3517 1739 3556 non
1763 3502 1977 3559 aliunde

399 3602 670 3649 mutuatus
708 3610 767 3648 es
790 3634 807 3660 ,
847 3595 939 3648 sed
967 3595 1035 3648 de
1065 3602 1155 3647 tuo
1186 3594 1376 3662 plenus
1401 3608 1479 3648 es.
1512 3593 1629 3647 Non
1660 3593 1802 3648 enim
1833 3594 1980 3663 prior

398 3687 677 3754 quisquam
706 3684 855 3739 dedit
885 3684 1012 3749 tibi,
1040 3698 1137 3739 nec
1166 3684 1385 3739 aliunde
1412 3683 1665 3738 derivatis
1695 3684 1978 3738 virtutibus

398 3777 655 3846 irrigaris,
678 3793 776 3831 nec
795 3792 861 3831 ex
892 3778 997 3831 alio
1017 3777 1195 3845 aliquo
1224 3778 1276 3831 in
1309 3786 1361 3832 te
1391 3777 1525 3830 facta
1554 3779 1839 3833 transfusio
1861 3786 1973 3844 est;

397 3870 490 3922 sed
524 3870 636 3937 ipse
685 3869 803 3921 fons
832 3884 891 3923 es
930 3869 1163 3922 ﬂuminis
1194 3869 1299 3933 tui,
1327 3877 1381 3922 et
1407 3868 1572 3938 gloria
1601 3879 1690 3921 tua
1715 3910 1730 3934 ,
1764 3876 1853 3921 tua
1885 3885 1975 3921 na-

396 3974 513 4015 tura
564 3971 688 4028 est,
737 3961 875 4015 sicut
919 3960 1160 4014 nuntium
1209 3961 1415 4023 nescit,
1463 3960 1541 4013 sic
1571 3958 1703 4013 nihil
1740 3975 1769 4012 a
1800 3958 1977 4028 priore

394 4054 632 4123 suscepit
669 4052 851 4122 (lauit.
882 4069 1003 4119 xiv;
1041 4051 1194 4107 Rom.
1225 4067 1347 4118 \‘lll;
1378 4051 1506 4105 Luc.
1538 4049 1687 4121 xvn).

990 4214 1217 4271 CAPUT
1258 4215 1387 4271 VIII.

397 4306 497 4361 Ubi
523 4305 765 4377 templum
797 4303 893 4357 Dei
922 4305 1161 4374 templum
1188 4321 1293 4358 esse
1320 4304 1483 4359 sancti
1514 4303 1743 4372 Spiritus
1769 4304 1977 4356 demon-

1075 4385 1286 4428 strutur.

2086 3246 2222 3297 dona
2253 3245 2451 3314 largiri,
2485 3253 2543 3298 ut
2575 3254 2629 3300 et
2654 3245 2721 3299 de
2752 3261 2816 3300 «ιο
2851 3246 3140 3312 Apostolus
3168 3246 3371 3300 dixisse
3399 3246 3659 3307 videatur.

2088 3336 2442 3389 Abundantius
2464 3336 2567 3390 illis
2592 3337 2822 3390 omnibus
2845 3337 3035 3390 laborat
3052 3338 3088 3391 i.
3117 3335 3230 3390 Non
3250 3354 3338 3405 ego
3360 3348 3549 3401 autem,
3575 3340 3660 3391 sed

2085 3431 2250 3500 gratia
2279 3428 2370 3481 Dei
2391 3445 2581 3481 mecum
2614 3428 2664 3497 (Ι
2694 3427 2809 3482 Cor.
2845 3432 2958 3498 xv).
2981 3431 3167 3484 Merito
3187 3431 3321 3482 Deus
3354 3432 3657 3497 pronuntia.

2087 3529 2158 3570 tnt
2178 3558 2192 3581 ,
2215 3522 2301 3585 qui
2326 3519 2665 3587 dispensator
2694 3529 2774 3572 est
2799 3520 2982 3588 gratim
3008 3531 3057 3573 ct
3091 3521 3275 3573 salutis
3304 3522 3566 3573 humanm.
3598 3520 3660 3573 Iit

2083 3608 2286 3662 addidit
2316 3610 2501 3664 Petrus
2535 3628 2548 3662 :
2586 3611 2711 3675 Quis
2755 3628 2844 3679 ego
2884 3628 3019 3664 erant
3050 3613 3133 3679 qui
3175 3629 3370 3683 possem
3399 3613 3660 3679 prohibere

2082 3698 2241 3751 Deum
2273 3700 2407 3770 (Act.
2443 3700 2555 3769 x1)?
2599 3698 2749 3753 Illum
2784 3700 2964 3768 utique
2996 3700 3157 3755 Deum
3189 3703 3385 3770 quiest
3413 3703 3462 3754 in
3494 3704 3659 3754 natio-

2083 3808 2178 3843 nes
2201 3832 2215 3853 ,
2253 3792 2336 3845 vel
2372 3793 2674 3847 Cornelium
2713 3794 2968 3862 impetum
3006 3795 3192 3862 gratia:
3237 3795 3545 3849 iuundantis
3575 3794 3656 3847 cl-

2081 3882 2234 3935 l’udit.

2696 3952 2922 4010 CAPUT
2962 3955 3052 4009 IX.

2084 4043 2386 4118 Ubicoutra
2417 4042 2744 4118 _l_Vovatianos
2773 4045 2905 4118 Deus
2946 4048 3174 4115 gentibus
3212 4049 3551 4118 ptenitentium
3589 4052 3659 4102 ad

2150 4117 2303 4167 vitam
2328 4115 2487 4178 dedit,
2508 4117 2596 4184 qui
2618 4117 2786 4179 utique
2809 4116 2944 4170 Deus
2968 4117 3193 4185 Spiritus
3212 4115 3417 4172 sanctus
3437 4136 3547 4172 esse
3569 4136 3659 4187 per

2150 4187 2380 4239 ordinent
2414 4189 2579 4250 ipsum
2612 4188 2843 4241 lectionis
2875 4190 3174 4243 cstenditur.

2152 4299 2386 4354 Adverte
2414 4299 2681 4369 quomodo
2710 4300 2760 4353 in
2793 4315 3020 4369 persona
3064 4302 3233 4355 sancti
3276 4301 3505 4370 Spir‘itus
3523 4342 3538 4366 ,
3565 4303 3654 4371 qui

2083 4391 2260 4445 subito
2284 4390 2592 4446 Cornelium
2621 4401 2676 4444 et
2704 4394 2881 4445 socios
2904 4393 3020 4458 ejus
3049 4392 3307 4461 implevit,
3342 4391 3432 4447 Dei
3462 4407 3654 4446 nomen

475 4487 838 4540 llabitatoretn
869 4485 1049 4539 cordis
1089 4486 1304 4539 humani
1350 4499 1498 4540 sacra
1529 4486 1735 4556 eloquia
1767 4485 1979 4555 proprie
2008 4511 2055 4569 Β
2084 4483 2723 4551 multipliciattestationo
2745 4484 3175 4539 concelebratur.
3196 4484 3296 4538 His
3328 4486 3543 4549 auditis,
3576 4486 3659 4539 in-

398 4579 655 4647 Spirittun
698 4592 818 4631 esse
873 4576 1135 4632 deﬁniunt
1165 4595 1175 4628 :
1209 4576 1394 4642 Dabit,
1431 4577 1629 4647 inquit,
1665 4577 1803 4631 vobis
1833 4586 1979 4645 pater

398 4670 557 4721 alium
597 4666 955 4735 I’aracletum,
996 4678 1051 4720 ut
1086 4678 1288 4721 maneat
1329 4668 1584 4721 vobiscum
1633 4669 1687 4720 in
1731 4676 1978 4721 ceternum

398 4761 450 4830 tl
483 4759 599 4813 Cor.
630 4775 714 4824 tu;
748 4757 775 4812 I
804 4760 924 4813 Cor.
959 4758 1053 4829 vt).
1088 4761 1151 4814 Et
1178 4760 1243 4814 ad
1273 4761 1577 4815 Romanos:
1615 4758 1900 4828 Viviﬁcabit
1931 4768 1977 4813 ct

400 4851 637 4904 mortalia
666 4866 880 4919 corpora
908 4862 1071 4904 vestra
1099 4863 1301 4923 propter
1330 4852 1693 4905 inliabitantem
1723 4851 1977 4921 Spiritunt

398 4947 507 5014 «jus
545 4946 597 4995 in
628 4945 781 4996 vobis.
830 4945 895 4997 Et
925 4945 1044 4998 ideo
1072 4945 1139 4999 de
1166 4944 1365 5012 Spiritu
1396 4951 1583 4998 sancto
1613 4944 1976 5010 conscriptum

398 5045 543 5101 recte
568 5034 912 5103 intelligimus
939 5050 955 5087 :
986 5034 1215 5104 Regnum
1239 5033 1333 5087 Dei
1360 5035 1493 5088 intra
1522 5050 1608 5087 vos
1632 5043 1724 5088 est.
1758 5032 1851 5087 Dei
1880 5032 1981 5086 uti-

400 5144 506 5195 que
529 5143 746 5198 regnum
769 5137 914 5196 sunt,
936 5128 1026 5197 qui
1053 5127 1103 5182 ei
1134 5142 1322 5195 parere
1349 5138 1622 5181 merentur
1648 5128 1701 5181 in
1722 5126 1979 5194 templum

401 5214 496 5277 Dei
521 5224 724 5291 utique,
754 5237 861 5276 non
880 5230 1161 5275 creaturae.
1192 5221 1329 5275 Audi
1364 5237 1456 5289 per
1478 5220 1793 5288 Apostolum
1824 5219 1979 5273 babi-

399 5314 587 5367 tatoris
612 5315 778 5368 nostri
796 5328 1013 5367 vocent:
1043 5311 1140 5366 Vos
1155 5311 1500 5380 estis,inquit,
1524 5313 1764 5378 templum
1795 5309 1907 5376 Dei,
1934 5320 1981 5366 et

400 5403 625 5470 Spiritus
648 5405 742 5459 Dei
755 5406 947 5461 habitat
977 5406 1028 5458 in
1052 5405 1204 5458 vobis.
1233 5405 1295 5457 Et
1323 5405 1374 5458 in
1399 5403 1504 5457 alio
1528 5404 1667 5468 loco,
1698 5405 1835 5458 sicut
1853 5402 1981 5457 dicit

404 5496 543 5553 licus
569 5512 583 5548 :
613 5497 915 5552 Inhabitabo
939 5497 991 5550 in
1010 5497 1132 5562 illis,
1157 5505 1202 5551 el
1222 5495 1567 5563 inambulabo,
1590 5504 1635 5547 et
1660 5511 1745 5548 ero
1773 5496 1982 5548 illorum

406 5586 563 5640 Deus.
598 5588 732 5641 Ecce
762 5590 876 5658 ipse
905 5592 993 5659 qui
1036 5589 1288 5659 templum
1321 5588 1535 5642 humani
1568 5586 1745 5640 cordis
1773 5585 1980 5641 inhabi—

402 5682 495 5745 tat,
526 5678 689 5735 Deum
719 5695 775 5736 se
802 5697 922 5735 esse
959 5682 1290 5747 pronuntiat.
1333 5680 1565 5735 Ananias
1596 5678 1734 5734 inter
1759 5692 1854 5733 eos
1883 5678 1977 5745 qui

2083 4576 2219 4642 quit,
2236 4582 2525 4639 tacuerunt,
2551 4584 2597 4627 et
2618 4575 3027 4644 gloriﬁcaverunt
3058 4576 3220 4629 Deum
3237 4578 3488 4630 dicentes:
3519 4577 3658 4647 Ergo

2083 4676 2128 4719 et
2146 4667 2375 4738 gentibus
2404 4666 2538 4718 Deus
2560 4666 2903 4735 paenitentiam
2923 4666 2991 4719 ad
3016 4667 3172 4719 vitam
3210 4667 3349 4721 dedit
3379 4668 3515 4737 (Act.
3542 4668 3659 4736 st)?

2084 4759 2200 4826 Quo
2246 4750 2364 4811 loco
2410 4769 2594 4812 contra
2623 4757 2951 4814 Novatianos
2992 4759 3375 4814 advertendum
3404 4761 3657 4829 estquod

2086 4851 2453 4921 paenitentiam
2476 4851 2605 4904 dare
2624 4851 2839 4917 dicitur,
2864 4866 3023 4919 quam
3044 4853 3224 4921 utique
3251 4866 3355 4906 non
3377 4853 3532 4907 aliter
3558 4853 3658 4907 ui~i

2086 4959 2360 4999 servorum
2385 4959 2602 4998 suorum
2625 4944 3085 4998 administratione
3106 4943 3323 5009 largitur
3346 4962 3358 4994 :
3382 4945 3508 4996 dum
3531 4959 3662 5007 ergo

2084 5036 2209 5088 dicit
2244 5054 2256 5087 :
2294 5034 2423 5101 Quis
2442 5051 2534 5103 ego
2554 5051 2692 5088 eram
2735 5035 2821 5103 qui
2851 5049 3047 5104 possem
3086 5034 3350 5103 prohibere
3375 5034 3575 5098 Deum;
3609 5045 3662 5088 et

2086 5130 2277 5181 iterum
2327 5144 2338 5179 :
2392 5126 2530 5195 Ergo
2572 5126 2708 5179 Deus
2747 5127 2979 5196 gentibus
3014 5126 3359 5196 penitentiam
3398 5126 3467 5177 ad
3510 5127 3661 5179 vitam

2084 5221 2222 5273 dedit
2246 5259 2262 5284 ,
2306 5237 2425 5288 qua:
2457 5221 2508 5272 in
2539 5220 2835 5273 inanilestis
2864 5220 3028 5273 rebus
3055 5218 3441 5274 mauilestanda
3470 5228 3551 5272 est
3581 5220 3662 5271 iti-

2084 5314 2415 5379 ti-rpretatio,
2446 5310 2529 5365 cui
2558 5313 2641 5364 vel
2673 5311 2857 5379 ignaro
2888 5325 2992 5365 non
3024 5308 3334 5377 satisfaciat,
3367 5312 3447 5363 vel
3492 5311 3664 5363 incre-

2087 5403 2213 5457 dqu
2241 5404 2294 5456 in
2321 5402 2492 5456 sancti
2525 5401 2757 5469 Spiritus
2780 5401 2843 5457 ad
2856 5411 3047 5472 ventu,
3077 5402 3272 5458 totiens
3301 5402 3467 5458 divini
3490 5401 3659 5457 nomi~

2088 5497 2171 5548 uis
2198 5493 2422 5563 repetita
2446 5494 2732 5549 confessio.
