4040 6184
324 266 377 326 37
1478 261 1565 320 DE
1604 261 1872 321 SPIRITU
1911 264 2178 321 SANCTO
2216 263 2343 320 LIB.
2384 261 2450 320 ll.
3501 263 3574 321 38

933 374 1160 434 CAPUT
1199 375 1267 431 Χ.

329 478 409 534 Ubi
425 476 492 531 ad
510 470 807 530 Corinthios
830 472 1017 540 prima,
1041 471 1269 539 Spiritus
1294 477 1501 524 sanctus
1522 486 1629 525 esse
1644 471 1889 525 virtutum

623 544 1066 596 distributionibus
1097 541 1233 595 Deus
1259 541 1572 599 declaratur.

385 655 574 725 Accipe
595 655 661 709 ad
686 652 1000 709 Corinthios
1025 670 1039 706 :
1062 652 1205 722 quod
1233 651 1407 707 solum
1432 652 1602 722 possit
1625 666 1722 721 pro
1747 666 1892 708 asse-

330 750 472 805 renda
504 745 737 816 Spiritus
774 744 947 798 sancti
987 742 1267 798 divinitate
1314 741 1586 798 sul’licere.
1636 742 1769 798 Dicit
1798 756 1892 811 per

331 838 605 908 Epistolam
629 835 693 888 ad
725 835 979 889 Hebraeos
1010 852 1023 885 :
1056 832 1377 887 Contestante
1399 831 1506 885 Deo
1524 832 1680 902 signis
1701 840 1748 886 et
1776 848 1895 903 por-

330 930 455 1001 tentis
483 938 531 981 et
558 926 713 980 variis
734 926 997 979 virtutibus
1017 963 1031 987 ,
1069 933 1116 976 et
1138 923 1367 991 Spiritus
1388 923 1551 976 sancti
1581 922 1892 977 distributio.

332 1023 458 1075 nibus
490 1019 765 1073 secundum
791 1033 938 1070 suam
966 1016 1277 1069 voluntatem
1315 1013 1499 1084 (llebr.
1534 1016 1615 1083 tt).
1664 1014 1895 1069 Interro-

334 1125 499 1181 getnus
521 1109 692 1178 ipsum
724 1106 1061 1176 apostolum,
1079 1116 1253 1159 utrum
1279 1120 1415 1159 unus
1447 1119 1513 1158 ex
1534 1103 1799 1158 creaturis
1826 1104 1896 1157 sit

338 1204 421 1256 istc
445 1200 823 1253 charismatum
848 1196 1179 1251 distributor.
1209 1196 1475 1251 Habemus
1496 1195 1562 1248 ad
1585 1194 1897 1249 Corinthios

336 1291 481 1359 prima
514 1305 528 1341 :
564 1288 760 1341 Notum
790 1286 929 1341 vobis
960 1287 1113 1356 facio,
1138 1287 1273 1355 quod
1307 1300 1453 1340 nemo
1485 1286 1539 1338 in
1569 1283 1768 1353 Spiritu
1802 1284 1896 1339 Dei

334 1368 540 1449 toguens,
582 1380 706 1432 dicit
746 1379 1017 1431 anathema
1054 1375 1200 1431 Iesu.
1245 1376 1313 1429 Et
1353 1392 1498 1431 nemo
1535 1386 1695 1444 potest
1729 1377 1897 1430 dicere

337 1472 561 1524 Dominus
582 1469 756 1533 Jesus,
778 1469 877 1523 nisi
901 1470 951 1521 in
985 1466 1187 1537 Spiritu
1213 1478 1388 1520 sancto
1420 1464 1469 1534 (ι
1493 1466 1613 1520 Cor.
1643 1468 1764 1536 xtl).
1781 1467 1892 1520 Ad-

336 1574 463 1619 verte
493 1560 764 1629 quomodo
810 1558 900 1614 hic
935 1559 1191 1628 Spiritum
1237 1556 1332 1611 Dei
1363 1557 1617 1625 Spiritum
1646 1566 1892 1612 sanctum

334 1668 453 1719 esse,
485 1652 887 1706 absolutissitne
915 1650 1239 1719 designavit,
1270 1648 1476 1718 Spiritu
1503 1660 1710 1717 sancto,
1738 1665 1893 1719 quem

1918 383 1972 440 Α
1998 380 2175 447 operis
2203 380 2494 447 potentiam
2537 377 2781 447 loquatur
2809 378 3070 442 auctoris,
3100 386 3275 432 tamen
3305 377 3372 435 de
3405 393 3470 433 eo
3497 382 3575 435 ita

1993 470 2257 525 conclusit
2289 489 2300 522 :
2329 470 2381 523 Η
2384 486 2457 524 ωε
2477 480 2643 525 autem
2664 472 2833 525 omnia
2853 472 3242 539 operatur’unus
3263 481 3414 539 atque
3437 472 3570 524 idem

1994 561 2222 629 Spiritus
2242 562 2471 615 dividens
2495 562 2708 632 singulis
2730 571 2877 630 prout
2898 562 3023 615 vult.
3045 561 3197 617 Sicut
3217 570 3271 615 et
3288 562 3394 616 alio
3414 562 3566 618 loco:

1994 651 2218 724 Spiritus
2242 654 2324 706 ubi
2346 655 2452 707 vult
2473 656 2656 724 spirat.
2702 653 2770 708 Et
2799 654 2991 708 iterum
3021 670 3034 707 :
3069 652 3134 705 Et
3163 652 3385 724 Spiritus
3407 664 3579 709 sancte

1993 744 2432 798 distributionibus
2454 746 2731 800 secundum
2755 762 2899 799 suam
2918 746 3223 799 voluntatem
3245 744 3297 815 (1
3315 743 3569 815 Cor.xu).

1992 833 2106 887 Non
2136 832 2223 888 hic
2253 849 2382 904 ergo
2417 845 2498 889 est
2538 836 2792 904 subjectte
2822 834 3239 890 ministeriorum
3269 836 3563 902 servitutis,

1993 924 2088 978 sed
2118 925 2299 980 liberae
2326 925 2610 981 arbitrium
2639 926 2915 995 potestatis
2941 965 2957 993 ,
2994 937 3157 995 atque
3188 926 3240 980 itt
3269 925 3567 981 caelestium

1993 1018 2254 1072 bonorum
2294 1018 2757 1072 distributionibus
2795 1033 3016 1072 summae
3050 1018 3309 1088 largitatis
3352 1029 3432 1071 est
3472 1034 3569 1072 ex-

1996 1106 2181 1159 hausta
2208 1108 2396 1175 pietas.
2420 1107 2694 1173 Quomodo
2715 1107 2840 1161 dicit
2868 1117 2921 1162 et
2943 1107 3174 1176 Spiritus
3193 1110 3359 1162 sancti
3387 1108 3566 1162 distri-
3590 1163 3606 1173 ,

1997 1199 2230 1252 butionis
2271 1208 2354 1253 est
2382 1198 2482 1253 iste
2529 1200 2844 1253 distributor
2866 1236 2883 1265 ,
2919 1198 2969 1252 id
2996 1207 3078 1253 est
3103 1199 3309 1254 divisor
3329 1239 3347 1266 ,
3391 1210 3564 1253 utrum

2004 1290 2147 1343 Deus
2176 1291 2242 1343 sit
2271 1290 2337 1344 ad
2367 1288 2671 1344 Corinthios
2720 1288 2899 1345 docuit
2938 1290 3120 1346 dicens
3149 1307 3161 1342 :
3195 1289 3261 1344 Et
3299 1290 3569 1344 divisiones

1997 1379 2348 1444 operationum
2370 1388 2508 1447 sunt,
2530 1379 2663 1433 idem
2689 1390 2858 1432 autem
2883 1377 3039 1433 Deus.
3069 1379 3314 1449 Legimus
3344 1380 3397 1433 in
3424 1380 3567 1434 Acti-

1999 1469 2095 1523 bus
2125 1470 2521 1537 apos'olorum:
2552 1469 2838 1537 Attendite,
2869 1469 3060 1539 inquit,
3091 1471 3230 1524 vobis
3255 1482 3301 1525 et
3332 1473 3562 1526 universo

1996 1560 2167 1627 gregi,
2199 1561 2250 1612 in
2277 1575 2377 1627 quo
2407 1576 2491 1611 vos
2519 1559 2742 1627 Spiritus
2776 1570 2982 1614 sanctus
3010 1562 3176 1627 posuit
3205 1562 3466 1631 episcOpos
3488 1577 3569 1617 red

1998 1663 2111 1715 girc
2134 1645 2415 1701 Ecclesium
2442 1646 2539 1701 Dei
2571 1648 2705 1718 (Act.
2729 1647 2847 1718 xx).
2877 1650 3025 1705 llttnc
3047 1651 3135 1720 qui
3161 1651 3338 1719 posuit
3361 1656 3567 1720 episco-

336 1746 390 1799 de
411 1743 667 1812 superiori
695 1744 983 1806 sententia,
1010 1741 1263 1811 Spiritum
1294 1740 1384 1795 Dei
1414 1741 1555 1809 loqui
1584 1742 1859 1809 proposuit
1912 1735 1959 1794 B
1986 1750 2083 1803 pos
2116 1734 2167 1789 in
2194 1736 2488 1790 Ecclesiam
2520 1737 2588 1791 ad
2617 1736 2923 1793 Corinthios
2956 1739 3057 1794 Vas
3089 1740 3373 1795 electionis
3400 1742 3565 1796 Deum

335 1835 598 1902 Perspicue
629 1842 945 1903 sequuntur,
978 1847 1132 1901 quam
1162 1830 1440 1886 manifeste
1471 1832 1619 1885 illum
1649 1832 1812 1887 Deum
1837 1840 1891 1886 et

339 1925 593 1977 Dominum
619 1938 737 1978 esse
764 1932 1044 1976 testantur.
1071 1919 1375 1985 Divisiones,
1400 1921 1587 1989 inquit,
1611 1920 1891 1989 gratiarum

240 2006 241 2013 “
335 2024 452 2079 situt,
471 2016 603 2069 idem
624 2025 791 2067 autem
816 2012 1043 2081 Spiritus
1065 2027 1084 2066 :
1104 2023 1150 2065 et
1170 2013 1438 2067 divisiones
1462 2013 1890 2067 ministrationum

338 2118 461 2170 sunt,
481 2108 614 2161 idem
645 2117 820 2159 autem
849 2105 1097 2157 Dominus
1121 2120 1141 2159 .'
1163 2113 1209 2158 et
1240 2106 1509 2159 divisiones
1538 2106 1892 2173 Operationum

336 2207 452 2259 sunt,
478 2198 607 2250 idem
637 2206 810 2248 autent
837 2194 993 2247 Deus.
1023 2195 1298 2261 Tanquam
1326 2196 1372 2249 si
1400 2197 1589 2249 beatus
1617 2196 1891 2261 apostolus

336 2288 394 2338 de
420 2286 638 2354 Spiritus
678 2284 852 2339 sancti
887 2283 1165 2339 divinitate
1194 2284 1381 2361 luisset
1424 2285 1697 2340 consultus
1720 2326 1735 2351 ,
1775 2285 1890 2340 evi-

336 2375 502 2431 denter
527 2377 593 2430 de
622 2391 729 2445 quo
752 2375 995 2440 dixerat,
1026 2376 1181 2428 idem'
1202 2376 1433 2445 Spiritus
1460 2415 1476 2442 ,
1515 2376 1581 2430 de
1608 2391 1673 2432 eo
1701 2376 1849 2431 addit
1874 2394 1889 2432 :

339 2464 465 2521 Idem
504 2467 664 2532 Deus,
701 2468 790 2537 qui
823 2476 1061 2535 operatur
1088 2467 1257 2520 omnia
1292 2467 1344 2520 in
1374 2466 1627 2519 omnibus.
1668 2466 1891 2536 Operari

340 2560 497 2613 omnia
526 2575 625 2613 non
658 2568 873 2627 posset,
920 2558 966 2613 si
1013 2570 1153 2613 esset
1198 2574 1332 2613 unus
1362 2573 1427 2613 ex
1466 2558 1756 2629 omnibus,
1804 2560 1893 2614 hic

344 2650 570 2717 Spiritum
596 2662 834 2704 sanctum
867 2661 972 2703 tam
1002 2651 1054 2703 in
1093 2664 1190 2705 suo
1224 2652 1439 2705 nomine
1479 2665 1635 2720 quam
1664 2649 1891 2706 Domino

340 2753 388 2795 et
419 2743 520 2797 Deo
544 2782 560 2809 ,
595 2754 681 2797 aut
719 2752 868 2797 certe
904 2743 1177 2797 evidenter
1224 2756 1535 2811 expressum
1562 2781 1577 2807 ,
1616 2752 1708 2797 aut
1743 2754 1891 2797 certe

335 2831 566 2886 Trinitati
588 2846 815 2903 agnosce
838 2831 1116 2903 sociatum.
1141 2831 1247 2886 Sed
1277 2832 1361 2885 hic
1388 2832 1439 2885 in
1465 2832 1727 2885 donorum
1757 2831 1892 2886 divi:-

328 2924 608 2991 sionibus,
656 2923 817 2992 magis
862 2938 1043 2978 sermo
1089 2924 1300 2979 divinus
1350 2923 1603 2993 Spiritum
1648 2932 1889 2979 sanctum

329 3014 642 3085 intelligitur
659 3014 982 3083 designasse,
1002 3017 1122 3084 quia
1138 3017 1381 3085 superius
1400 3017 1691 3085 accipimus
1712 3016 1891 3071 distri-

1995 1843 2115 1882 esse
2152 1828 2418 1893 declarat,
2458 1829 2529 1885 ita
2571 1828 2753 1885 dicens
2804 1848 2817 1885 :
2863 1832 3121 1898 Quosdam
3161 1833 3363 1901 quidem
3400 1836 3567 1903 posuit

1997 1919 2136 1975 Deus
2176 1922 2227 1973 in
2256 1918 2559 1977 Ecclesium.
2606 1922 2742 1987 Quid
2783 1933 2905 1977 sunt
2931 1923 3034 1976 nisi
3067 1923 3295 1991 Spiritus
3323 1934 3564 1991 sanctus,

1993 2010 2146 2077 cujus
2169 2024 2408 2079 perspnte
2425 2011 2656 2066 ostendit
2678 2012 2910 2066 cilicium
2933 2012 3234 2067 distributio
3255 2014 3572 2084 gratiarum,

1992 2101 2129 2155 sicut
2150 2102 2443 2156 continenti
2474 2116 2724 2157 sermone
2744 2103 3116 2171 subsequitur?
3144 2090 3345 2167 Posuit,
3373 2105 3569 2174 inquit,

1998 2190 2139 2245 Deus
2166 2192 2218 2245 in
2250 2190 2535 2247 Ecclesium
2561 2194 2782 2259 primunt
2808 2193 3085 2257 apostolos,
3107 2195 3329 2247 secundo
3349 2195 3567 2262 prop/te-

1993 2283 2270 2345 tas,'tertt'o
2299 2283 2554 2346 doctores,
2588 2283 2773 2336 deinde
2795 2284 3023 2346 virtutes,
3052 2284 3231 2338 exinde
3256 2286 3448 2354 gratias
3481 2302 3569 2337 cu-

1992 2374 2280 2436 rationum,
2310 2373 2697 2443 opitulationes.
2727 2372 3132 2445 qubernationes.
3161 2390 3344 2442 genera
3369 2375 3568 2443 lingua-

1995 2481 2132 2519 rum.
2158 2466 2436 2529 Quosdam,
2460 2464 2649 2531 inquit,
2672 2462 2808 2517 Deus
2831 2464 2995 2533 posuit
3019 2464 3069 2517 in
3093 2462 3393 2517 Ecclesiam.
3417 2466 3573 2530 Quod

1996 2556 2082 2609 hic
2129 2553 2296 2608 Deum
2337 2553 2402 2608 de
2446 2553 2645 2624 Spiritu
2676 2564 2862 2608 sancto
2890 2553 3121 2619 dixerit,
3173 2554 3288 2623 ipsa
3337 2569 3455 2619 quae
3502 2554 3575 2608 ad

1998 2644 2256 2716 Spiritum
2290 2654 2531 2700 sanctum
2573 2644 2800 2713 pertinet
2832 2644 3157 2713 dispensatio
3196 2645 3569 2699 Sanctiﬁcatio-

1996 2756 2121 2793 num
2146 2738 2508 2806 virtutumque
2528 2736 2851 2792 manifestat.
2882 2737 2999 2803 lpse
3028 2736 3168 2791 enim
3193 2734 3569 2804 prophetarum

1993 2844 2085 2881 ora
2105 2829 2409 2895 Iocup‘etat,
2437 2829 2771 2880 curationum
2792 2825 3026 2879 remedia
3047 2825 3335 2891 dispensat,
3363 2825 3569 2879 charis-

1994 2930 2192 2974 rnatum
2231 2926 2540 2972 ornamenta
2568 2916 2885 2985 multiplicat
2907 2956 2921 2978 ,
2971 2930 3078 2985 quo
3119 2916 3171 2970 in
3201 2917 3456 2985 apostolis
3489 2920 3565 2972 in-

1996 3011 2216 3077 lluente,
2245 3011 2406 3063 Deum
2435 3008 2582 3063 illum
2612 3006 2972 3062 universitatis
2997 3021 3138 3074 esse,
3168 3006 3439 3077 signorum
3473 3026 3565 3061 tut-

330 3104 591 3159 butionum
621 3107 844 3174 gratiam
886 3105 1101 3174 Spiritui
1144 3117 1331 3161 sancto
1358 3107 1578 3176 speciali
1608 3108 1892 3178 dispensa-
1919 3096 1965 3158 C
1999 3103 2180 3156 racula
2206 3108 2259 3154 et
2291 3101 2587 3169 linguarum
2615 3099 2823 3154 diversa
2852 3112 3049 3167 genera
3079 3098 3408 3152 cecinerunt.

328 3198 463 3252 tione
497 3208 829 3265 competere.
866 3198 1015 3264 Quod
1053 3213 1184 3252 vero
1226 3198 1397 3252 dixit:
1430 3197 1578 3252 Idem
1616 3199 1890 3263 Dominus,

330 3287 457 3339 idem
490 3297 657 3339 autem
694 3287 832 3339 Deus
855 3326 869 3351 ,
909 3286 963 3340 in
1002 3288 1244 3356 sequenti
1275 3288 1510 3356 capitulo
1540 3289 1605 3342 ad
1635 3289 1891 3356 Spiritum

327 3389 552 3433 sanctum
593 3379 835 3433 ομιειιόίι
863 3396 985 3434 esse
1022 3380 1359 3435 referendum
1391 3380 1576 3434 dicens
1608 3397 1622 3434 :
1650 3381 1752 3433 Alii
1783 3381 1894 3449 qui-

328 3470 429 3522 dem
462 3489 551 3540 per
582 3472 843 3541 Spiritum
885 3474 1034 3524 datur
1068 3489 1232 3527 sermo
1271 3474 1559 3541 sapientior,
1601 3474 1693 3525 alii
1730 3489 1894 3527 sermo

324 3565 530 3617 scientia
579 3566 637 3617 in
683 3566 914 3618 eumdent
959 3566 1234 3636 Spiritum,
1274 3567 1423 3619 alteri
1466 3566 1595 3634 ﬁdes
1635 3566 1689 3619 in
1720 3566 1896 3620 eodem

324 3655 537 3723 Spiritu,
558 3658 713 3710 alteri
734 3659 901 3726 gratia
922 3660 1196 3710 sanitatum
1217 3658 1390 3710 inuno
1411 3656 1612 3727 Spiritu
1627 3697 1640 3721 ,
1665 3657 1755 3709 alii
1778 3673 1899 3724 opes

321 3752 441 3801 ratio
454 3751 721 3816 virtutum,
738 3751 828 3803 alii
840 3750 1119 3819 praphetia,
1134 3750 1223 3802 alii
1238 3751 1473 3803 discretio
1489 3748 1793 3817 Spirituum,
1808 3750 1897 3802 alii

318 3858 491 3909 genera
504 3844 829 3912 linguarum,
842 3842 931 3894 alii
943 3843 1283 3912 interpretatio
1296 3840 1722 3911 sermonum/uec
1732 3850 1818 3893 aut
1849 3857 1896 3893 m

315 3934 476 3985 omnia
495 3944 749 4004 operatur
772 3950 899 3987 unus
927 3944 1077 4002 atque
1110 3936 1242 3987 idem
1278 3934 1506 4002 Spiritus
1531 3934 1758 3987 dividens
1785 3933 1895 3987 sin-

313 4026 438 4090 gulis
463 4034 633 4095 ρτουι
660 4026 785 4077 rult.
823 4025 959 4079 Nulli
989 4025 1261 4089 subditur,
1293 4025 1387 4081 sed
1421 4024 1659 4080 caelestis
1687 4033 1770 4079 est
1794 4024 1899 4078 Do-

313 4117 522 4183 minus,
556 4116 662 4187 qui
691 4116 826 4171 dona
869 4116 1104 4174 cmlestia
1146 4117 1364 4188 propria
1403 4116 1677 4172 voluntate
1700 4155 1717 4184 ,
1748 4115 1898 4172 etde

313 4206 559 4272 patentia:
588 4222 711 4262 suae
732 4207 849 4275 jure
876 4208 1116 4276 largitur.

930 4346 1155 4403 CAPUT
1197 4345 1284 4402 XI.

2597 3259 2824 3315 CAPUT
2864 3257 2978 3313 XII.

1999 3354 2095 3408 Ubi
2130 3370 2215 3407 eos
2253 3354 2342 3422 qui
2379 3353 2603 3424 Spiritus
2644 3353 2809 3406 sancti
2848 3353 3091 3420 templum
3120 3351 3287 3419 effecti
3311 3362 3462 3418 sunt;
3502 3356 3581 3408 ita

2066 3424 2188 3478 dicit
2219 3426 2464 3491 pro/icere
2501 3425 2679 3478 debere
2701 3464 2716 3488 ,
2756 3432 2812 3476 ut
2844 3424 3006 3476 Deum
3042 3435 3243 3492 portare
3277 3426 3328 3477 in
3365 3440 3583 3495 corpore

2067 3506 2374 3547 mereantur.
2882 3564 2885 3573 Ι

2069 3607 2158 3665 Ait
2188 3609 2366 3676 itaque
2392 3605 2685 3676 Apostolus
2720 3606 2784 3661 ad
2816 3605 3124 3661 Corinthios
3154 3623 3167 3659 :
3203 3605 3425 3660 Nescitis
3454 3608 3583 3675 quia

1997 3718 2210 3770 corpora
2232 3711 2397 3755 vestra
2430 3701 2669 3771 templum
2697 3709 2814 3753 sunt
2844 3699 3109 3767 Spiritus?
3149 3698 3429 3767 Templum
3455 3700 3575 3769 Spi-

1998 3796 2135 3849 ritus
2164 3795 2354 3858 sancti,
2391 3793 2647 3861 tcmplum
2678 3807 2796 3847 esse
2827 3791 2917 3847 Dei
2951 3791 3304 3860 praecedentia
3335 3790 3582 3860 ejusdem

2000 3888 2253 3958 Epistula:
2276 3887 2554 3941 evidenter
2581 3885 2870 3950 insinuant,
2898 3899 3017 3938 cum
3044 3884 3242 3939 dicitur
3272 3905 3287 3941 :
3315 3887 3393 3937 An
3415 3886 3585 3938 nesci-r

1997 3982 2085 4044 tis,
2109 3981 2232 4051 quia
2260 3980 2503 4043 templum
2533 3977 2624 4032 Dei
2646 3979 2764 4031 estis
2780 3979 2805 4031 Ρ
2828 3989 2875 4031 et
2898 3978 3126 4048 Spiritus
3148 3986 3349 4030 sanctus
3378 3977 3587 4030 habitat’

1998 4072 2053 4127 in
2081 4073 2243 4138 vobis,
2269 4082 2313 4125 et
2342 4072 2590 4139 Spiritus.
2629 4070 2815 4138 inquit,
2846 4069 2940 4122 Dei
2966 4069 3157 4122 habitat
3186 4070 3238 4121 in
3259 4069 3415 4121 vobis.
3445 4069 3587 4135 Quis

2002 4162 2121 4217 illos
2147 4161 2357 4215 dubitet
2388 4160 2504 4228 ejus
2536 4157 2629 4212 Dei
2659 4172 2780 4212 esse
2814 4157 3092 4224 templum,
3119 4156 3272 4224 cujus
3297 4170 3417 4210 esse
3451 4171 3583 4222 pro:

2000 4253 2193 4307 bantur
2221 4250 2617 4305 habitaculum?
2659 4249 2725 4303 Et
2751 4262 2871 4302 cum
2899 4248 3119 4302 dixisset
3160 4263 3175 4301 :
3210 4246 3434 4302 Nescitis
3457 4250 3587 4317 quia

2001 4358 2218 4413 corpora
2252 4350 2415 4395 vestra
2449 4340 2692 4412 templum
2718 4349 2837 4392 sunt
2864 4338 3090 4407 Spiritus
3114 4338 3299 4402 sancti,
3330 4338 3399 4392 ita
3430 4339 3587 4408 capit

310 4439 701 4522 Adi-emendum
742 4441 877 4505 quod
914 4440 1043 4492 sicut
1067 4456 1238 4522 Ianum
1267 4439 1451 4522 Deum,
1489 4441 1559 4491 ita
1586 4454 1743 4522 unum
1778 4438 1900 4522 dicit
1929 4462 1978 4522 ι)
2004 4436 2169 4490 tolum
2192 4432 2461 4487 luculenta
2485 4434 2707 4488 veritate
2731 4428 3355 4499 conclusittﬂloriﬁcate,
3380 4431 3585 4499 inquit,

371 4512 641 4579 Spiritum
662 4520 925 4571 sanctum,
942 4511 1077 4578 quod
1096 4512 1159 4562 de
1177 4510 1369 4579 plebeia
1392 4518 1642 4574 creatura,
1667 4508 1743 4562 vel
1762 4510 1898 4579 quod

369 4582 443 4632 dit
454 4583 571 4633 idat
606 4581 832 4649 singulis
854 4591 1001 4649 prout
1031 4580 1160 4645 vult,
1179 4580 1276 4632 dici
1299 4582 1436 4631 nullo
1451 4582 1598 4632 modo
1614 4581 1791 4648 possit.

373 4696 539 4751 \‘ides
567 4696 726 4767 quod
755 4696 892 4751 sicut
917 4710 1055 4751 unus
1085 4696 1260 4762 Pater,
1290 4703 1343 4749 et
1373 4710 1506 4749 unus
1537 4693 1718 4759 Filius,
1750 4692 1821 4747 ita
1847 4702 1901 4748 et

309 4802 435 4842 unus
457 4790 717 4857 Spiritus
745 4798 997 4852 sanctus,
1030 4787 1168 4842 sicut
1202 4793 1592 4854 consequenter
1617 4785 1855 4854 assignat
1885 4801 1897 4836 :

308 4876 506 4935 Etenim
536 4880 602 4933 in
651 4895 760 4932 uno
800 4876 1001 4945 Spiritu
1040 4877 1197 4945 potati
1227 4892 1421 4929 sumus.
1455 4875 1549 4929 llic
1575 4873 1620 4928 si
1650 4874 1719 4929 de
1745 4873 1902 4943 plebe

306 4971 383 5024 vel
412 4971 483 5026 de
513 4970 873 5026 multitudine
897 4979 1157 5024 creaturae
1184 4978 1347 5034 esset,
1389 4983 1526 5022 unus
1553 4968 1771 5023 omnino
1799 4969 1903 5023 dici

305 5078 407 5117 non
440 5073 662 5131 posset.
707 5062 776 5116 Et
807 5076 927 5116 cum
954 5060 1040 5116 hic
1073 5061 1269 5116 habeas
1296 5061 1443 5116 alteri
1466 5101 1482 5127 ,
1514 5060 1722 5128 inquit,
1753 5061 1903 5112 datur

302 5155 433 5223 ﬁdes
473 5159 527 5211 in
572 5158 765 5212 eodem
808 5156 1009 5227 Spiritu
1050 5155 1229 5225 (Rom.
1252 5156 1347 5225 xu)
1372 5195 1390 5221 ,
1432 5155 1551 5226 quis
1582 5154 1720 5207 hanc
1744 5152 1900 5208 ﬁdem

299 5251 545 5317 tribuat;
598 5252 755 5306 idem
802 5250 869 5304 ad
909 5249 1213 5305 Corinthios
1255 5247 1543 5317 Apostolus
1581 5245 1900 5309 deciaravit,

299 5341 488 5396 diceris
524 5359 540 5395 :
574 5341 657 5395 Et
681 5341 954 5410 unicuique
970 5341 1097 5393 sicut
1118 5337 1255 5394 Deus
1277 5339 1444 5392 divisit
1470 5351 1759 5391 mensuram
1782 5336 1903 5403 ﬁdei

296 5435 543 5504 (κείνη).
576 5433 749 5487 Vides
770 5434 910 5502 quod
934 5433 1292 5490 indubitanter
1315 5433 1453 5486 hunc
1477 5432 1595 5486 ﬁdei
1618 5430 1906 5485 divisorem

297 5528 463 5591 Deum
501 5541 648 5584 esse
690 5527 1009 5593 pronuntiat.
1051 5526 1199 5582 Licet
1231 5528 1282 5580 in
1313 5535 1421 5582 tam
1459 5524 1737 5593 multiplici
1785 5533 1903 5578 tan.

292 5630 472 5674 torum
510 5634 822 5674 munerum
854 5618 1110 5688 largitate,
1145 5618 1258 5688 ipsa
1287 5632 1379 5687 per
1416 5632 1474 5673 se
1514 5616 1907 5685 magniﬁcentia

2005 4534 2051 4580 et
2081 4532 2275 4592 portate
2304 4520 2463 4575 Deum
2504 4525 2558 4576 in
2594 4538 2807 4591 corpore
2841 4532 3025 4575 vestro.
3074 4520 3212 4589 Ergo
3240 4520 3328 4590 qui
3357 4521 3587 4589 Spiritui

2004 4626 2195 4668 sancto
2217 4614 2460 4667 studiose
2483 4614 2725 4682 puritatis
2747 4613 2996 4680 templum
3026 4621 3289 4680 praeparat
3309 4613 3360 4665 in
3390 4613 3584 4676 corde,

2007 4718 2102 4772 per
2125 4703 2421 4757 castitatem
2448 4712 2503 4757 et
2532 4702 2994 4757 mortiﬁcationem
3016 4701 3193 4756 carnis
3215 4701 3379 4755 Deum
3403 4712 3591 4772 portat.

2009 4798 2065 4850 in
2093 4810 2338 4865 corpore.
2372 4795 2505 4849 Eum
2544 4809 2763 4850 necesse
2799 4805 2881 4848 est
2913 4794 3267 4862 corporaliter
3296 4807 3510 4863 portare
3548 4810 3587 4847 ω

2009 4902 2115 4956 quo
2144 4886 2491 4955 spiritualiter
2521 4886 2873 4953 possidentur.
2905 4884 3239 4953 Quapropter
3264 4900 3421 4953 quem
3448 4897 3587 4939 tenta

2008 4978 2096 5046 pio
2124 4976 2386 5046 perspicis
2413 4977 2652 5045 dignum,
2678 4977 2872 5030 divinis
2899 4975 3190 5030 honoribus
3217 4978 3433 5031 noveris
3452 4979 3586 5031 ado-r

2006 5067 2264 5131 randum,
2291 5067 2666 5121 celebrandum
2696 5068 2852 5130 votis,
2886 5067 3164 5122 sacriﬁciis
3204 5066 3586 5121 excolendum.

2006 5160 2085 5213 Ad
2117 5159 2471 5214 universalem
2512 5174 2641 5228 ergo
2669 5160 2903 5228 loquitur
2931 5162 3185 5229 magister
3213 5160 3444 5228 gentium
3484 5159 3593 5212 Ec-r

2005 5253 2222 5307 ciesiam
2249 5268 2263 5304 :
2298 5251 2522 5305 Nescitis
2547 5254 2666 5321 quia
2696 5253 2935 5319 templum
2967 5251 3229 5313 Deiestis,
3272 5262 3317 5304 et
3354 5249 3595 5318 Spiritus

2008 5353 2212 5398 sanctus
2247 5344 2443 5396 habitat
2479 5345 2533 5396 in
2558 5344 2712 5397 vobis.
2750 5344 2885 5398 Nulli
2917 5344 3018 5399 hoc
3048 5343 3297 5414 possibile
3323 5350 3593 5397 creatum

2013 5445 2113 5500 est,
2149 5435 2242 5490 sed
2267 5435 2462 5489 divinat
2495 5435 2786 5503 majestatis
2819 5436 3025 5504 insigne
3062 5443 3164 5499 est,
3197 5444 3252 5485 ut
3277 5432 3590 5501 singulatim

2012 5543 2109 5597 per
2135 5542 2566 5597 unumquemque
2591 5527 2813 5596 populos
2839 5526 3075 5593 itnpleat,
3106 5534 3159 5579 et
3186 5532 3360 5578 tamen
3385 5525 3439 5577 in
3464 5525 3581 5593 pl’e-

2011 5618 2267 5674 nitudiuis
2289 5633 2397 5674 sua:
2420 5618 2781 5675 immensitate
2802 5626 3126 5688 permaneat,
3150 5614 3368 5681 divina,
3392 5617 3590 5686 inquit,
