4040 6184
376 260 446 315 39
1666 257 1847 313 SYMM
1859 257 1941 310 ΔΟ

2045 254 2080 312 S
2119 256 2291 311 ΡᾹΡᾹ
3547 262 3612 315 ιη

375 375 643 443 singulare
682 372 1060 442 propriumque
1110 378 1315 425 natum
1359 378 1442 426 est
1467 411 1483 435 ,
1522 370 1652 424 locis
1694 371 1944 423 omnibus
1974 375 2017 429 Λ
2048 370 2243 422 debilis
2274 380 2470 420 exurere
2497 405 2510 427 ,
2560 364 2795 432 purgatis
2837 365 3181 420 conscientiis
3227 367 3480 421 innovare
3530 371 3619 422 hei

377 473 570 529 praesto
604 479 754 523 esse;
799 464 850 515 itt
883 464 1058 515 omnia
1092 463 1315 523 intrare,
1349 471 1403 515 et
1440 461 1615 514 omnia
1647 461 1945 514 continere.

375 553 500 619 Dei,
537 556 735 623 inquit,
770 554 1045 623 peculiare
1083 562 1202 620 est,
1237 553 1372 606 filios
1404 551 1719 620 perditionis
1749 561 1951 605 natura:

2059 462 2193 515 filios
2219 460 2411 521 facere,
2437 466 2491 510 et
2518 459 2566 510 in
2589 456 2825 510 cmlestis
2854 456 2997 526 regni
3025 459 3193 527 gloria
3218 459 3524 515 sublimare.

1056 783 1567 864 PASCHASII
1641 781 2132 859 EPISTOLA
2202 781 2335 855 AD
2409 778 2937 859 EUGIPIUM.

452 942 681 996 Domino
704 948 891 994 sancto
915 954 1233 1010 semperque
1252 941 1527 994 carissimo
1553 938 1774 1009 Eugipio
1792 951 1944 1006 pres-

379 1040 565 1099 bytero
592 1033 913 1088 Paschasius
945 1032 1200 1087 diaconus
1230 1034 1392 1087 irater
1431 1033 1483 1085 in
1539 1030 1754 1086 Christo
1783 1032 1946 1084 caris-

381 1130 427 1177 .Li
450 1142 561 1179 ous.

448 1216 578 1269 Dum
617 1223 830 1269 sanctos
871 1215 1071 1283 peritia:
1122 1225 1225 1268 tute
1270 1212 1511 1269 facundia
1564 1223 1615 1266 et
1656 1212 1749 1266 otii
1782 1211 1947 1264 felici-

375 1317 502 1370 tate,
528 1309 863 1377 perpendens
888 1307 1290 1370 amatitudines,
1313 1305 1790 1372 occupationesque
1814 1302 1945 1353 mul-

377 1399 589 1468 tiplices
616 1406 977 1463 peccatorum,
1029 1404 1078 1449 te
1109 1405 1336 1448 tractare
1363 1392 1660 1445 contemnis
1689 1407 1701 1441 ι
1728 1387 1944 1456 pudoris

373 1488 632 1555 jacturatn
686 1484 986 1540 dilectonis
1033 1483 1483 1551 contemplatione
1530 1478 1787 1532 sustineo.
1853 1476 1943 1528 Di-

375 1578 557 1632 rexisti
588 1575 1169 1637 commemoratorium,
1217 1574 1300 1625 cui
1348 1571 1475 1625 nihil
1519 1570 1684 1638 possit
1711 1567 1945 1636 adjicere

373 1670 612 1723 facundia
660 1669 861 1737 peritor
901 1682 985 1730 tn;
1036 1672 1090 1719 et
1130 1678 1263 1732 opus
1306 1661 1445 1732 quod
1480 1660 1730 1714 Ecclesia:
1779 1657 1945 1727 possit

372 1758 694 1812 universitas
736 1769 1055 1818 recensere,
1117 1753 1260 1807 brevi
1312 1751 1557 1805 reserasti
1601 1748 1938 1817 compendio,

2049 944 2302 1002 quantum
2338 933 2564 989 fervoris
2604 918 2917 998 attribuant,
2970 946 3221 1005 quantum
3272 941 3513 1003 puritatis
3544 941 3619 993 in-

2050 1027 2269 1080 fundant
2294 1044 2307 1079 :
2340 1028 2408 1081 de
2439 1028 2537 1081 hac
2559 1043 2615 1082 re
2643 1028 2945 1095 apostolicae
2970 1031 3114 1081 vocis
3144 1033 3433 1083 auctoritas
3463 1032 3621 1085 latius

2050 1117 2393 1171 innotescens
2424 1116 2476 1187 (Ι
2510 1115 2650 1171 Petr.
2683 1120 2739 1186 v)
2765 1135 2779 1171 :
2807 1117 3020 1179 Forma,
3068 1119 3257 1187 inquit,
3288 1120 3408 1173 facti
3453 1122 3622 1190 gregi,

2048 1218 2101 1260 ct
2144 1208 2327 1261 beatus
2367 1207 2557 1260 Paulus
2604 1207 2886 1261 Timotheo
2937 1209 3176 1276 praecipit
3213 1208 3316 1278 (II
3360 1209 3493 1263 Tim.
3534 1212 3618 1279 tt),

2048 1296 2273 1350 formam
2305 1312 2426 1351 esse
2455 1296 2722 1352 fidelibus.
2768 1297 2919 1351 Unde
2966 1298 3101 1350 idem
3135 1299 3408 1362 apostolus
3433 1300 3621 1369 (Hebr.

2050 1388 2164 1453 χιιι)
2180 1388 2446 1455 juStorum
2469 1387 2768 1454 catalogum
2793 1402 2997 1441 summa
3023 1389 3281 1445 bzevitate
3302 1398 3619 1461 cootexens,

2049 1478 2118 1531 ab
2146 1478 2283 1533 Abel
2314 1478 2594 1547 incip9ens,
2624 1478 2903 1548 insignium
2934 1483 3167 1535 virorum
3208 1485 3375 1553 pergit
3404 1500 3620 1542 narrare

2049 1571 2290 1623 virtutes.
2338 1570 2428 1624 Sic
2476 1577 2532 1624 et
2578 1570 2668 1625 ille
2716 1571 3057 1626 fidelissimus
3102 1572 3416 1629 Mathathias
3464 1577 3619 1632 morti

2047 1660 2440 1729 gloriosissima:
2462 1658 2571 1728 jam
2596 1662 2977 1729 propinquans,
3004 1663 3123 1715 (iliis
3147 1664 3255 1716 suis
3281 1664 3620 1721 hmreditario

2044 1751 2163 1817 jure
2184 1758 2488 1803 sanctorum
2514 1752 2759 1819 exempla
2784 1751 3051 1805 diStribuit
3077 1771 3088 1805 :
3114 1769 3338 1821 quorum
3379 1760 3619 1810 certami~

372 1849 497 1901 dum
532 1847 669 1901 beati
711 1845 948 1901 Severini
994 1843 1245 1897 finitimas
1285 1840 1674 1895 Pannoniorum
1722 1836 1939 1906 provin-
1974 1842 2020 1900 B
2050 1842 2202 1893 nibus
2225 1840 2555 1894 admirandis
2584 1840 2849 1895 celebrius
2878 1843 3113 1908 excitati,
3146 1845 3350 1897 animas
3378 1860 3499 1899 suas
3523 1860 3618 1912 pro

373 1945 483 1995 cias
513 1940 792 1994 incolentis
826 1940 983 1991 vitam
1018 1949 1301 2003 moresque
1344 1935 1519 1987 verius
1560 1930 1859 1999 explicasti,
1888 1939 1941 1983 et

371 2046 491 2101 qua:
522 2046 613 2099 per
641 2030 786 2082 illutn
807 2028 984 2082 divina
1008 2028 1172 2079 virtus
1197 2034 1278 2079 est
1306 2032 1521 2092 operata
1551 2021 1804 2076 miracula
1827 2021 1943 2073 diu-

371 2122 541 2175 turnis
564 2134 809 2173 mansura
836 2117 1159 2186 temporibus
1183 2115 1443 2169 tradidisti
1468 2114 1740 2167 memoria:
1762 2120 1940 2181 pOste-

372 2230 575 2267 rornm.
606 2212 860 2265 Nesciunt
886 2212 1019 2263 facta
1049 2209 1255 2276 piorum
1284 2208 1455 2275 perire
1476 2219 1595 2257 cum
1625 2202 1822 2257 saeculo
1847 2219 1858 2253 :
1886 2209 1942 2255 ut

371 2318 558 2358 omnes
589 2309 901 2371 praesentem
937 2299 1186 2366 habeant,
1236 2310 1289 2351 et
1343 2311 1521 2350 secum
1552 2292 1940 2363 quodammodo

370 2396 603 2450 sentiant
633 2392 974 2454 commorari,
1020 2391 1210 2459 quibus
1240 2404 1360 2442 cum
1402 2386 1592 2441 relatio
1634 2383 1942 2453 pervexerit

370 2486 632 2540 lectionis.
684 2485 747 2537 Et
786 2483 905 2536 ideo
940 2480 1061 2551 quia
1094 2490 1146 2533 tu
1188 2480 1299 2532 haec
1335 2492 1452 2547 qua:
1480 2490 1511 2529 a
1550 2489 1636 2529 me
1676 2473 1938 2528 narranda

370 2579 646 2649 pOchbaS,
676 2577 918 2632 elocutus
949 2589 1006 2628 es
1033 2571 1347 2641 simplicius,
1385 2566 1661 2637 explicasti
1699 2568 1935 2620 facilius:

370 2669 500 2723 nihil
528 2667 882 2737 adjiciendum
914 2664 1081 2719 labori
1094 2672 1308 2743 \vcstro,
1350 2661 1529 2715 Studio
1555 2664 1739 2714 nostro
1766 2657 1940 2713 credi-

366 2759 566 2813 dimus.
602 2756 875 2827 Siquidem
919 2756 1072 2809 aliter
1108 2752 1283 2807 audita
1316 2766 1613 2815 narramus,
1664 2750 1818 2805 aliter
1845 2764 1939 2804 ex-

364 2862 517 2922 perta
546 2848 925 2920 depromimus.
951 2845 1182 2901 Facilius
1236 2846 1456 2899 virtutes
1503 2844 1876 2913 magistrorum
1906 2857 1936 2896 a

370 2941 641 3011 discipulis
702 2948 1040 3009 exponuntur
1086 2937 1226 3008 (qua:
1286 2944 1638 3005 suggeruntur
1696 2934 1936 2989 crebrius

369 3031 768 3088 conversatione
784 3029 1108 3099 docentium)
1131 3027 1320 3081 divinis
1339 3024 1748 3081 charismatibus
1773 3024 1937 3094 inspi-

372 3125 498 3177 ratis
524 3121 721 3176 sanctis
749 3120 1007 3174 honorum
1037 3117 1303 3172 mentibus
1330 3113 1661 3169 excolendis.

436 3213 702 3279 Quantum
746 3221 891 3279 gesta
940 3217 1246 3264 sanctorum
1315 3206 1558 3261 utilitatis
1610 3204 1933 3274 impertiant,
1962 3194 2007 3255 C

372 3336 1357 3374 =—_:=:==—___-=_——————=

2048 1933 2249 2000 legibus
2276 1932 2617 2000 sempiternis
2641 1933 2937 1986 sanctitatis
2961 1932 3169 1989 fervore
3194 1943 3617 1990 contemnerent.

2045 2022 2152 2077 Nec
2181 2032 2399 2091 paterna
2430 2023 2624 2077 liberos
2657 2022 2842 2076 fefellit
2886 2023 3184 2079 instructio.
3216 2026 3442 2080 Tantum
3474 2012 3618 2082 enim

2044 2113 2355 2181 profuerunt
2399 2114 2709 2167 memoratis
2740 2112 2874 2169 facta
2906 2116 3186 2181 majorum,
3218 2126 3275 2171 ut
3303 2128 3483 2187 aperta
3514 2118 3618 2172 fide

2041 2214 2281 2258 armatos
2306 2204 2573 2273 principes
2590 2204 2950 2270 deterrerent,
2979 2216 3150 2260 castra
3180 2208 3435 2277 sacrilega
3463 2224 3619 2278 supc-

2046 2305 2248 2358 rarent,
2279 2295 2453 2348 cultus
2483 2310 2708 2365 arasque
2734 2297 3089 2352 dzemoniacas
3121 2299 3275 2369 longe
3302 2301 3511 2371 lateque
3540 2302 3619 2355 di-

2042 2396 2281 2451 ruerent,
2311 2386 2638 2457 civicamque
2664 2401 2936 2453 coronam,
2971 2389 3134 2457 gestis
3163 2389 3397 2444 decorati
3428 2406 3618 2460 pereu-

2042 2477 2218 2543 nibus,
2266 2476 2565 2547 splendenti
2626 2478 2809 2546 patrim
2854 2479 3211 2546 providerent.
3258 2480 3409 2536 Unde
3438 2492 3491 2536 et
3516 2498 3617 2535 nos

2040 2570 2377 2623 ornamentis
2424 2582 2631 2636 sponsze
2661 2567 2857 2622 Christi
2899 2569 3149 2638 quiddam
3190 2570 3424 2625 fraterno
3455 2572 3617 2626 mini-

2040 2665 2205 2719 sterio
2238 2663 2503 2733 provideri
2532 2664 2859 2733 gaudemus:
2895 2678 2999 2717 non
3027 2678 3133 2733 quo
3178 2664 3321 2730 ullis,
3352 2674 3410 2719 ut
3434 2667 3616 2730 credo,

2040 2755 2369 2823 temporibus
2397 2753 2629 2808 defuerit
2656 2754 2849 2807 clarior
2876 2753 2981 2807 vita
3014 2754 3301 2822 majorum,
3351 2755 3445 2809 sed
3475 2757 3617 2824 quod

2037 2846 2253 2899 domum
2290 2843 2463 2912 magni
2488 2842 2644 2911 Regis
2682 2842 3026 2908 plurimorum
3068 2842 3257 2897 vexilla
3295 2854 3617 2913 tropaeorum

2041 2934 2238 2989 habere
2267 2935 2569 2988 cenveniat.
2621 2931 2735 2985 Non
2767 2935 2909 2986 enim
2939 2947 3065 2987 vera
3112 2934 3279 2987 virtus
3316 2934 3618 2989 excluditur

2041 3022 2432 3075 numerositate
2458 3022 2738 3087 victorum,
2774 3022 2869 3076 sed
2892 3021 3086 3092 optatis
3111 3023 3446 3078 successibus
3472 3034 3616 3078 eate-

2048 3127 2148 3167 nus
2186 3111 2491 3181 ampliatur.

1890 3328 3604 3365 Ἠ

1448 3440 1611 3484 ANNO
1655 3439 1882 3482 DOMINI
1926 3439 2499 3483 CCCCXCVlIl-DXIV.

864 3563 2330 3805 SYMMAQEUS
2465 3561 3150 3721 PAPA.

1718 3892 1786 3972 Ν
1803 3887 2186 3977 ΟΤΙΤΙΑ
2205 3942 2229 3968 .

1704 4020 1799 4085 (Ex
1824 4023 1949 4071 libro
1972 4021 2277 4083 Pontiﬁcali.)

438 4143 477 4197 1.
521 4141 601 4212 (α)
631 4140 1007 4213 Symmachus,
1055 4137 1308 4192 natione“
1345 4136 1646 4196 Romanus,
1687 4146 1750 4185 ex
1790 4140 1944 4200 patre

369 4234 689 4299 Fortunato,
721 4234 856 4287 sedit
886 4246 1053 4286 annos
1089 4232 1169 4295 15,
1204 4240 1228 4265 ιι
1277 4242 1488 4282 menses
1522 4234 1663 4290 octo,
1707 4222 1822 4276 dies
1848 4222 1939 4276 26.

369 4326 463 4381 llic
493 4326 591 4378 fuit
638 4321 966 4390 temporibus
1003 4318 1317 4372 Theoderici
1356 4318 1529 4385 regis,
1580 4325 1635 4368 et
1674 4311 1941 4368 Anastasii

368 4416 585 4483 Augusti
625 4430 653 4467 a
692 4413 779 4467 die
826 4427 856 4465 χ
887 4409 1229 4465 calendarum
1272 4405 1730 4466 Decembriarum,
1768 4415 1935 4468 usque

369 4510 420 4559 in
451 4508 590 4558 diem
622 4520 709 4557 tttv
740 4501 1073 4556 calendarum
1115 4498 1491 4567 Augustarum.
1542 4495 1638 4548 Hic
1676 4494 1774 4546 sub
1814 4506 1941 4545 con-

370 4598 605 4652 tcntione
644 4596 918 4649 ordinatus
942 4602 1024 4646 est
1052 4608 1157 4645 uno
1186 4592 1273 4645 die
1296 4605 1416 4644 cum
1448 4587 1754 4641 Laurentio.
1788 4584 1943 4654 Sym-

370 4692 588 4743 machus
605 4690 655 4742 itt
680 4687 895 4742 basilica
918 4685 1372 4745 Constantiniana,
1400 4678 1715 4734 Laurentius
1736 4691 1864 4730 vero
1888 4676 1940 4727 in

370 4782 585 4835 basilica
626 4779 795 4832 beata:
839 4777 1035 4831 Mariae.
1087 4775 1165 4828 Ex
1206 4789 1306 4843 qua
1340 4786 1497 4824 causa
1542 4774 1818 4835 separatus
1860 4774 1943 4817 est

367 4877 542 4926 clerus
571 4874 611 4935 ',
641 4879 697 4923 et
722 4867 923 4921 divisus
948 4874 1028 4919 cst
1054 4873 1108 4917 et
1139 4873 1374 4917 senatus.
1407 4859 1507 4913 Alii
1544 4872 1666 4910 cum
1698 4854 1943 4924 Symma-

366 4966 499 5026 cho,
545 4961 634 5014 alii
667 4972 795 5013 vero
823 4972 942 5011 cum
975 4954 1279 5010 Laurentio.
1325 4952 1391 5007 Et
1428 4951 1563 5004 facta
1606 4945 1947 5003 contentione

367 5055 470 5108 hoc
494 5058 514 5077 '
538 5050 929 5131 constituerunt
949 5088 965 5112 ,
986 5051 1005 5070 θ
1036 5054 1243 5116 partes,
1270 5052 1328 5097 ut
1355 5042 1513 5095 ambo
1541 5040 1605 5092 ad
1638 5039 1938 5091 Ravennam
1969 5051 2020 5112 ι)

370 5151 670 5213 pergerent,
686 5140 750 5194 ad
765 5123 1021 5209 judicium
1036 5137 1175 5206 regis
1190 5132 1530 5199 Theodorici,
1546 5130 1633 5199 qui
1645 5128 1770 5181 dum
1786 5123 1943 5179 ambo

370 5212 677 5289 introissent
709 5232 760 5284 in
789 5230 1127 5290 Ravennam,
1161 5225 1261 5279 hoc
1289 5222 1543 5292 judicium
1571 5215 1832 5287 aequitatis
1864 5212 1945 5267 in-

369 5336 672 5381 venerunt:
708 5322 778 5379 Ut
813 5321 903 5393 qui
950 5319 1119 5391 primo
1159 5317 1436 5371 ordinatus
1478 5311 1694 5375 fuisset,
1726 5308 1809 5363 vel
1852 5303 1943 5359 ubi

371 5431 495 5487 pars
536 5419 764 5473 maxima
812 5421 1239 5485 cognosceretur,
1287 5408 1401 5477 ipse
1457 5405 1666 5461 sederet
1714 5401 1766 5456 in
1815 5399 1944 5454 sede

444 5574 520 5646 (α)
551 5576 605 5646 in
637 5576 774 5646 notis
807 5570 1203 5646 marginalibns
1230 5562 1519 5646 Fahrotti':
1547 5558 1746 5646 indicat
1789 5555 1940 5610 codi-

369 5630 712 5705 cct‘u'Velseri
739 5630 986 5696 collatum
1013 5656 1131 5695 cuin
1165 5637 1445 5697 Vaticano;
1481 5631 1541 5699 Β,
1571 5630 1828 5683 lectiones
1865 5642 1933 5680 ex

2044 4128 2355 4197 apostolica.
2385 4129 2536 4195 Quod
2580 4130 2789 4186 tandem
2820 4133 3042 4201 aequitas
3086 4135 3139 4188 in
3183 4135 3504 4205 Symmacho
3534 4140 3613 4194 in-

2042 4220 2216 4287 venit,
2250 4226 2269 4243 '
2308 4221 2665 4289 cognitionem
2693 4223 2953 4282 veritatis.
2999 4224 3063 4279 Et
3100 4224 3267 4280 factus
3306 4239 3388 4283 est
3419 4231 3612 4299 praesul

2042 4312 2413 4384 Symmachus.

2558 4407 2714 4447 NOTE
2754 4410 3098 4451 MARGINALES.

2114 4488 2133 4508 '
2161 4482 2220 4542 C.
2253 4483 2312 4548 Β,
2348 4481 2569 4537 Sardus.
2592 4510 2663 4521 —
2687 4491 2711 4519 ο
2738 4483 2798 4544 Β,
2829 4500 2901 4538 m.
2938 4485 2991 4539 8.
3024 4486 3189 4539 minus
3214 4488 3266 4539 d.
3300 4486 3355 4549 4,
3403 4504 3436 4539 a
3472 4487 3612 4540 Cass.

2048 4554 2252 4607 Paulini
2282 4562 2326 4605 et
2361 4552 2592 4620 Scythia,
2623 4551 2691 4602 ad
2724 4553 2797 4604 M.
2830 4553 2956 4606 Aur.
2994 4554 3349 4609 Cassiodorum
3372 4556 3514 4611 Cosa.
3541 4586 3609 4596 -

2046 4628 2063 4647 ‘
2099 4625 2221 4675 Vide
2251 4621 2441 4675 Barou.
2479 4621 2545 4672 ad
2575 4638 2661 4673 an.
2699 4620 2900 4674 Domini
2922 4624 3044 4679 498.
3080 4654 3149 4664 —-
3176 4631 3191 4647 '
3214 4626 3278 4688 (Σ,
3309 4637 3614 4682 construxe-

2043 4704 2185 4748 runt.
2221 4694 2239 4713 '
2270 4702 2324 4745 ut
2349 4692 2518 4744 ambae
2551 4702 2749 4757 partes.
2776 4720 2846 4729 —
2878 4700 2894 4714 ‘
2918 4693 2978 4754 C.
3008 4704 3062 4748 et
3090 4695 3346 4765 cegnitio.

2264 4797 2313 4836 L.
2350 4796 2404 4837 ν.
2432 4796 2686 4835 γΑΒιιοττι
2713 4797 2779 4836 ΒΧ
2809 4797 2926 4836 ςοιι.
2959 4800 3187 4839 FREIIERI
3210 4803 3239 4839 Α
3269 4802 3335 4839 ΕΤ
3361 4803 3413 4841 Β.

2120 4861 2279 4916 Num.
2310 4862 2359 4927 1,
2391 4861 2485 4914 lin.
2517 4862 2568 4927 1,
2612 4861 2650 4912 Β
2677 4860 2895 4916 Sardus.
2926 4861 3045 4916 Lin.
3074 4864 3109 4917 2
3141 4866 3180 4916 A
3215 4878 3385 4917 mens.
3414 4865 3467 4917 7.
3498 4864 3538 4918 Β
3567 4866 3619 4920 d.

2174 4932 2293 5013 hin.
2457 4930 3061 5013 consiliumhmquitatis.
3097 4932 3484 5013 invenitnLin.
3534 4934 3620 5013 ψ,

2059 5002 2360 5128 ίέἠὲἓὲιοιι
2379 5001 2591 5056 tandem
2620 5001 2885 5069 aequitatis
2900 5002 3153 5071 judicium
3177 5002 3376 5057 invenit
3392 5007 3622 5074 cognitio

2048 5091 2066 5125 \
2238 5091 2249 5126 Ι
2284 5109 2300 5125 ο

2428 5176 2493 5215 EI
2531 5175 2653 5216 COD.
2694 5177 2814 5217 RBG.
2856 5178 2977 5215 BAL
3015 5177 3083 5215 ΕΤ
3119 5176 3245 5215 τηις.

2118 5248 2237 5304 Litt.
2264 5252 2316 5313 1,
2339 5248 2399 5304 S.
2424 5257 2533 5302 nat.
2561 5247 2784 5303 Sardus.
2809 5248 2926 5302 Lin.
2948 5249 3004 5311 2,
3026 5263 3199 5303 mens.
3230 5246 3282 5311 6,
3306 5247 3362 5301 d.
3384 5248 3473 5302 27.
3500 5247 3617 5303 Lin.

2047 5324 2101 5387 3,
2125 5319 2441 5375 Theoderici
2463 5318 2557 5389 (Μ.
2583 5318 2880 5387 Theudor.)
2904 5319 2996 5372 lin.
3020 5322 3074 5382 4,
3103 5322 3158 5385 6,
3179 5320 3283 5374 cal.
3317 5319 3621 5389 Decembris

2050 5392 2152 5462 (Μ.
2175 5388 2569 5460 Decembrium)
2590 5402 2755 5458 usque
2775 5389 2825 5443 in
2855 5389 2907 5443 ιι.
2933 5390 3071 5443 κει.
3088 5389 3334 5458 Augusti.
3357 5388 3541 5455 Lin.8,
3563 5388 3617 5439 9.

2048 5553 2169 5608 cod.
2191 5552 2338 5607 card.
2366 5551 2575 5604 Barouii
2603 5566 2615 5602 :
2641 5548 2705 5600 Β.
2728 5564 2791 5601 ex
2814 5548 3053 5613 ejusdem
3070 5550 3215 5607 catd.
3243 5548 3502 5605 sententia
3525 5565 3538 5615 ;
3560 5547 3620 5614 (Σ,

2049 5641 2115 5680 ex
2144 5624 2386 5679 conciliis
2414 5622 2569 5676 editis
2596 5634 2689 5686 per
2716 5618 2956 5673 Snrium.

3017 5765 3048 5793 θ
