4040 6184
570 342 638 395 4⁷
1599 342 2014 398 εγΜΜΑαΗυε
2049 339 2173 392 PAF

2288 339 2817 397 PROLEGOMENA.
3145 387 3148 391 .
3771 349 3842 401 43

1008 475 1075 512 EX
1103 471 1220 514 COD.
1251 473 1449 513 'I'HUAN.
1486 473 1718 512 ALTERO.

645 545 760 600 liin.
791 546 847 612 8,
888 549 1152 614 pecuniis.
1186 547 1301 601 Lin.
1338 549 1424 613 13,
1457 548 1579 602 H7.
1611 548 1728 600 hin.
1767 546 1852 610 M,
1891 546 1975 611 15,
2010 547 2152 612 Apo-

576 620 692 669 stoli
716 631 822 670 XI“.
847 618 946 670 eal.
977 619 1111 684 Aug.
1136 629 1188 671 et
1209 633 1346 670 cess.
1374 617 1540 684 episc.
1566 617 1622 669 (ι.
1648 617 1701 670 7.
1720 634 1773 685 ιι.
1806 631 1855 670 e.
1887 617 1924 668 i.
1951 633 2002 683 p.
2027 632 2076 668 e.
2095 630 2151 684 q.

573 687 846 755 depositus
869 686 970 740 sub
997 688 1086 740 die
1115 688 1181 741 19
1212 687 1413 740 mensis
1441 685 1594 740 .lulii.

924 811 977 850 V.
1011 812 1062 850 Ι..
1092 811 1351 851 HOLSTBN.
1382 811 1452 850 ΕΤ
1482 809 1806 865 εοῆειεεετιι.

649 888 748 942 ilic
775 887 1069 950 constituit,
1102 896 1159 940 ut
1186 889 1331 941 omni
1365 887 1452 942 die
1477 887 1770 950 dominico,
1795 887 1878 940 vel
1905 885 2158 940 natalitiis

579 970 870 1028 martyrum
902 959 1131 1028 hymnus
1160 958 1432 1028 diceretur
1459 957 1754 1028 angelicus,
1797 957 1848 1028 id
1877 965 1959 1009 est
1981 955 2159 1009 Gloria

577 1030 631 1080 in
651 1023 862 1080 excelsis
894 1026 1021 1080 Deo.
1056 1026 1150 1079 ilic
1176 1023 1299 1080 fecit
1333 1023 1687 1079 ommiterium
1713 1023 2064 1078 Jordanorum
2100 1029 2150 1077 in

577 1097 768 1149 melius
823 1107 1042 1163 propter
1065 1110 1260 1162 corpus
1301 1096 1470 1148 sancti
1512 1093 1826 1163 Alexandri.
1872 1095 1968 1149 llic
2013 1097 2158 1149 omni

578 1181 720 1218 anno
751 1162 843 1232 per
871 1166 1125 1226 Africam,
1158 1165 1245 1218 vel
1271 1165 1570 1218 Sardiniam
1614 1162 1682 1216 ad
1707 1164 1988 1232 episcopos
2011 1205 2026 1230 ,
2070 1166 2158 1231 qui

580 1237 632 1287 in
664 1236 853 1288 exsilio
892 1242 1044 1286 erant
1087 1235 1314 1294 rctrusi,
1348 1234 1650 1300 pecuniam,
1681 1243 1735 1288 et
1779 1243 1958 1285 vestes
2003 1235 2158 1286 mini-

578 1307 798 1357 strabat.
840 1305 936 1356 ilic
964 1305 1202 1370 captivos
1229 1319 1322 1371 per
1356 1303 1620 1369 Liguriam
1639 1341 1652 1363 ,
1699 1312 1753 1356 et
1781 1317 1874 1370 per
1904 1304 2156 1356 Mediola-

580 1387 730 1438 num,
763 1381 815 1426 et
840 1388 930 1438 per
958 1372 1195 1426 diversas
1231 1375 1527 1440 provincias
1568 1374 1789 1439 pecunia
1817 1373 2072 1433 redemit,
2107 1381 2160 1427 ct

579 1446 712 1494 dona
739 1442 1135 1508 tiltlilipitc:tvil,
1167 1450 1223 1494 et
1247 1441 1464 1493 dimisit.
1508 1441 1606 1494 llic
1645 1441 1764 1508 fecit
1811 1442 2155 1494 ordinationes

579 1523 795 1575 quatuor
823 1513 873 1563 in
901 1510 1019 1563 urbe
1052 1509 1212 1562 Roma
1243 1525 1327 1567 per
1355 1525 1574 1561 mensem
1620 1510 1943 1562 Decembrem
1975 1521 2026 1562 et
2059 1510 2159 1562 Fe-

581 1582 872 1644 bruarium,
905 1580 1212 1647 presbyteros
1241 1580 1256 1598 ‘
1283 1579 1371 1642 9'2,
1397 1580 1639 1631 diaconos
1671 1579 1757 1639 16,
1780 1581 2044 1648 ερῗδεοροε
2067 1597 2159 1648 per

580 1651 788 1702 diversa
814 1652 925 1700 loco
963 1653 976 1671 ‘
1011 1650 1131 1708 107,
1173 1649 1261 1716 qui
1292 1649 1452 1702 etimt
1492 1649 1719 1714 sepultus
1745 1658 1815 1700 est
1850 1649 1903 1700 itt
1936 1649 2154 1703 basilica

543 1722 545 1724 ’
581 1719 717 1770 beati
742 1717 886 1770 Petri
913 1718 1164 1785 apostoli,
1182 1725 1195 1739 '
1219 1728 1271 1771 et
1298 1719 1504 1770 cessarit
1523 1719 1839 1786 episcopatus
1857 1717 1969 1772 dies
1989 1721 2040 1782 7,
2067 1721 2154 1787 qui

583 1788 740 1840 etiam
769 1789 822 1840 itt
854 1803 981 1854 pace
1017 1789 1293 1840 confessor
1322 1787 1543 1856 quievit.

1133 1909 1273 1945 N013
1306 1909 1612 1947 MARGINALES.

647 1977 662 1994 '
695 1974 779 2037 bis.
807 1975 974 2034 Codri,
1001 1977 1170 2025 22.—‘
1189 1977 1337 2036 Flor.,
1363 1976 1616 2037 Episcopus
1640 1977 1846 2026 i27.—-'
1874 1979 2015 2028 Addit
2032 1980 2158 2028 Flor.

597 2049 693 2084 xw.
722 2036 818 2084 Ital.
852 2039 1073 2100 Augusti.

940 2158 991 2195 ν.
1028 2158 1076 2196 ιη
1111 2157 1281 2196 ΡΕΝΙιΕ
1313 2159 1378 2197 EX
1409 2158 1532 2198 COD.
1565 2158 1807 2197 CAV’IZNSI.

661 2236 780 2288 Lin.
814 2235 882 2288 l9.
915 2243 969 2288 et
1001 2233 1087 2302 l5,
1116 2235 1399 2303 episcopos
1428 2249 1522 2301 per
1549 2233 1758 2288 diversa
1787 2236 1897 2288 ioca
1925 2250 2091 2289 οχνιι.

791 2423 1264 2479 FRAGMENTUM
1296 2424 1372 2494 (rt)
1402 2424 1744 2482 ALTERIUS
1784 2426 1963 2482 νιτῶ

733 2531 961 2570 ωυεῡειι
1017 2527 1310 2569 Ροεητιιηοιε
1352 2533 1381 2569 Δ
1422 2530 1769 2571 εοιιιςιιλιιεο
1813 2530 2024 2580 ρυοωιιι

1110 2599 1294 2639 (Ιοᾶνο
1333 2599 1656 2640 ΒΕΒΟΒΙΡΤΛ..

663 2694 1011 2766 Symmachus
1060 2694 1199 2749 sedit
1245 2707 1413 2748 annos
1441 2694 1762 2765 quindecim.
1808 2708 2020 2750 menses
2049 2710 2169 2762 sep-

597 2795 724 2851 tem,
752 2783 867 2840 dies
893 2784 1070 2852 viginti
1123 2793 1177 2838 et
1221 2795 1424 2852 septem
1453 2801 1465 2838 :
1498 2798 1619 2838 cum
1653 2785 1753 2839 hoc
1794 2792 1970 2839 autem
2004 2784 2172 2838 fuerat

599 2877 916 2933 Laurentius
959 2877 1212 2930 Romana:
1269 2877 1520 2930 Ecclesia:
1574 2879 1853 2946 presbyter
1899 2877 2174 2931 ordinatus

600 2970 905 3038 cpiscopus;
937 2976 1189 3035 tantaque
1236 2967 1440 3021 clerum
1474 2982 1537 3021 ae
1572 2968 1823 3035 populum
1877 2968 2171 3021 Romanum

601 3059 863 3114 discordia
899 3057 1080 3111 feralis
1119 3055 1411 3119 invaserat,
1447 3066 1502 3108 ιιι
1532 3071 1630 3110 nec
1658 3056 1834 3109 divina
1863 3054 2172 3110 considera-

2184 456 2232 511 Α
2264 454 2483 521 przedia,
2507 465 2562 508 et
2589 471 2680 522 per
2705 457 2804 508 hoc
2831 455 3181 512 anathematis
3204 471 3262 511 sc
3291 455 3514 511 vin-culis
3537 459 3835 515 irretisset:

2266 559 2364 612 pro
2391 546 2579 599 diebus
2621 556 2801 598 autem
2831 546 3168 612 paschalibus
3198 548 3267 602 ab
3298 549 3546 603 omnibus
3576 564 3714 617 pene
3755 554 3840 607 vir

2261 634 2577 689 venerabilis
2620 633 2811 690 Petrus
2839 636 3089 690 Altinatis
3119 638 3402 705 episcopis
3437 653 3467 689 a
3494 653 3621 707 rege
3650 642 3838 694 visita-

2260 733 2345 778 tor
2385 725 2638 778 Ecclesiae
2684 725 2941 780 Romanae
2968 726 3306 794 depascitur,
3353 737 3410 781 et
3446 740 3565 796 post
3594 742 3839 785 sanctam

2260 813 2619 879 festivitatem,
2645 815 2882 883 synodus
2907 817 2959 870 in
2981 818 3166 871 urbem
3198 818 3418 871 Hornam
3445 833 3540 887 pro
3561 821 3841 877 voluntate

2260 917 2478 956 senatus
2506 912 2560 957 et
2589 904 2754 970 cieri,
2803 905 3024 974 jubeute
3079 921 3224 977 rege,
3255 907 3324 961 de
3365 909 3484 976 ejus
3531 913 3842 966 excessibus

2257 992 2559 1062 judicaturo
2587 995 2855 1048 convenit.
2880 997 3054 1064 Attice
3093 997 3144 1051 id
3168 998 3341 1064 agitur
3365 1013 3393 1050 a
3425 1000 3696 1054 nonnullis
3725 1003 3844 1071 cpio

2268 1081 2448 1149 scopis
2465 1083 2880 1137 et'senatoribus
2909 1098 3089 1137 θρα...
3282 1101 3336 1138 ιιι
3362 1088 3838 1156 Symmachus.....

2262 1172 2546 1226 audientiae
2576 1175 2911 1228 subderetur.
2973 1176 3083 1229 lluc
3132 1177 3303 1244 palam
3349 1192 3447 1246 pro
3491 1180 3610 1248 ejus
3651 1181 3840 1235 defen-

2263 1266 2413 1320 sione
2462 1265 2845 1332 clamantibus,
2893 1269 3034 1335 quod
3074 1284 3104 1319 a
3153 1270 3300 1322 nullo
3347 1271 3518 1338 possit
3568 1271 3842 1324 Romanus

2264 1359 2524 1426 pontifex,
2568 1359 2728 1411 etiam
2769 1359 2813 1410 si
2844 1359 2966 1412 talis
2990 1361 3082 1423 sit,
3111 1360 3284 1428 qualis
3307 1369 3608 1424 accusatur,
3633 1363 3838 1427 audiri;

2264 1449 2358 1502 sed
2383 1449 2665 1502 electiores
2695 1448 2961 1502 antistites
2983 1487 2998 1511 ,
3025 1457 3129 1501 tam
3161 1465 3254 1516 pro
3293 1450 3566 1519 religionis
3607 1451 3802 1505 intuitu
3825 1493 3840 1515 ,

2264 1553 2420 1606 quam
2467 1552 2561 1605 pro
2592 1537 2736 1606 regia
2761 1539 3001 1604 jnssione
3043 1539 3331 1593 ecn~ebant
3361 1551 3523 1596 tantae
3560 1542 3636 1595 rei
3679 1557 3841 1611 nego-

2266 1631 2394 1682 tiutn
2420 1642 2555 1696 pene
2587 1629 2784 1696 ubique
2812 1628 3080 1696 vulgatum
3112 1632 3228 1683 sine
3255 1631 3503 1683 examine
3536 1631 3846 1685 nullatenus

2272 1719 2649 1774 deserendum.
2710 1718 2947 1788 Cumque
2992 1721 3227 1790 synodus
3256 1721 3354 1774 sub
3387 1721 3483 1774 hac
3511 1721 3844 1775 dissonantia

2206 1795 2253 1852 Β
2286 1814 2400 1882 plus
2451 1813 2588 1866 inter
2642 1821 2819 1880 partes
2868 1812 3196 1867 ministraret
3245 1813 3476 1866 fomenta
3525 1815 3844 1876 discordia;
3895 1881 3902 1886 .

2265 1902 2475 1956 tandem
2523 1902 2800 1956 constituit
2832 1910 2889 1954 ιιι
2918 1901 3151 1966 libellus,
3175 1919 3330 1969 quem
3361 1903 3658 1958 oil'erebant
3682 1920 3846 1958 accn-

2265 2002 2471 2046 satores
2499 1991 2828 2061 Symmachi,
2859 2002 3142 2060 susceptus
3174 1993 3311 2046 inter
3356 2001 3503 2061 gesta
3533 1995 3851 2050 solemniter

2268 2081 2602 2146 panderetur.
2638 2081 2754 2146 Quo
2784 2081 2924 2134 facto
2949 2095 3068 2133 mox
3107 2096 3196 2149 per
3221 2082 3502 2153 episcopos
3525 2085 3664 2139 idem
3690 2085 3841 2156 Sym-

2268 2169 2518 2236 machus,
2553 2178 2610 2222 ut
2651 2179 2896 2223 occurrat
2925 2169 2990 2222 ad
3029 2170 3310 2237 judicium,
3340 2175 3684 2228 cuuvenitur.
3739 2176 3853 2230 Sed

2267 2275 2390 2314 cum
2436 2274 2530 2329 per
2578 2260 2822 2320 clericos,
2870 2262 2964 2328 qui
3014 2263 3061 2313 ei
3093 2261 3473 2328 observabant,
3505 2263 3692 2318 fuisset
3721 2265 3849 2334 ejus

2270 2359 2456 2421 negata
2500 2352 2779 2420 praesentia
2808 2367 2821 2414 ;
2856 2351 3047 2405 iterum
3077 2363 3130 2406 et
3161 2353 3318 2406 tertio
3360 2355 3650 2408 secundum
3681 2371 3848 2425 regu-

2271 2444 2377 2507 las,
2407 2449 2464 2496 ut
2490 2441 2555 2495 ad
2599 2442 2908 2512 synodaicm
2940 2444 3224 2496 conveniat
3254 2446 3577 2499 audientiam
3619 2462 3715 2514 per
3743 2463 3849 2501 an-

2273 2533 2466 2586 tistites
2521 2534 2874 2594 admouetur;
2925 2533 3238 2601 nullumque
3283 2534 3531 2602 dignatus
3584 2545 3667 2589 est
3719 2536 3854 2591 dare

2272 2634 2600 2690 responsum.
2629 2621 2778 2676 Tunc
2816 2623 3068 2690 aliquanti
3096 2623 3333 2691 episcotii
3361 2623 3602 2679 videntes
3632 2625 3766 2679 nihil
3789 2641 3855 2682 se

2276 2715 2328 2766 in
2371 2725 2527 2766 causa
2559 2712 2841 2780 proiicere,
2873 2715 3072 2767 clerum
3105 2714 3195 2782 qui
3227 2713 3551 2770 discesserat
3576 2731 3607 2770 a
3631 2732 3857 2772 consor-

2277 2807 2351 2859 tio
2384 2805 2713 2874 Symmachi,
2759 2807 2922 2860 semel
2971 2816 3023 2860 et
3072 2807 3262 2860 iterum
3303 2819 3670 2875 commonent,
3702 2823 3757 2866 ut
3786 2816 3856 2866 ad

2276 2912 2395 2949 eum
2440 2897 2797 2964 praetermisso
2827 2905 3123 2950 revertatur
3151 2896 3417 2953 examine.
3439 2899 3538 2965 Qui
3567 2916 3627 2956 se
3653 2917 3861 2970 nequa-

2277 3002 2435 3052 quam
2471 2985 2572 3039 boc
2614 2987 2785 3039 facere
2815 3001 2971 3053 posse
2999 2987 3298 3054 respondit,
3343 2989 3491 3055 prius
3514 3004 3670 3057 quam
3696 2995 3863 3046 tantis

2279 3075 2593 3128 criminibus
2637 3076 2907 3144 impetitus
2936 3076 3272 3132 discussione
3301 3078 3526 3146 regulari
3558 3081 3642 3134 vel
3677 3080 3863 3136 absol-

603 3152 698 3211 tio,
751 3161 849 3201 nec
879 3156 1053 3198 metus
1085 3143 1262 3212 regius
1289 3155 1463 3212 partes
1490 3159 1518 3196 a
1553 3148 1760 3213 propria
1791 3145 2063 3200 collisione
2083 3160 2173 3200 co-

2288 3175 2471 3226 vatur,
2503 3166 2547 3217 si
2604 3166 2860 3220 innocens
2907 3165 3082 3232 fuerit,
3111 3169 3216 3233 vel,
3241 3168 3287 3221 si
3332 3184 3456 3223 reus
3495 3172 3781 3238 exstiterit,
3832 3190 3863 3226 a

605 3240 832 3292 biberet.
870 3237 1018 3289 Tunc
1047 3244 1312 3303 coguntur
1341 3237 1571 3304 utrique,
1596 3236 1947 3306 Symmachus
1971 3238 2175 3292 scilicet

606 3339 656 3382 et
689 3309 1033 3390 Lii’urentius,
1067 3325 1268 3395 regium
1300 3327 1522 3381 subituri
1551 3328 1838 3395 judicium,
1873 3339 2051 3398 petere
2079 3345 2174 3382 co-

607 3421 866 3474 mitatum.
916 3419 988 3471 lbi
1023 3417 1375 3487 Symmachus
1424 3419 1602 3471 multis
1639 3419 1875 3486 pecuniis
1931 3419 2171 3474 obtinet:

609 3511 919 3564 Laurentius
962 3507 1025 3560 ad
1073 3506 1468 3576 gubernandum
1503 3507 1794 3561 Ecclesiam
1839 3507 2173 3572 Nucerinum,

609 3600 916 3670 Campaniae
942 3600 1237 3662 civitatem,
1264 3597 1500 3666 plurimis
1526 3609 1740 3651 coactus
1771 3599 1925 3652 minis
1949 3602 2176 3667 promis-

611 3692 955 3759 sionibusque
981 3690 1250 3759 dirigitur.
1285 3689 1412 3742 Post
1447 3691 1647 3758 aliquot
1675 3699 1850 3744 autem
1882 3706 2052 3745 annos
2081 3707 2177 3759 pro

611 3783 792 3836 multis
810 3780 1121 3834 criminibus
1141 3781 1276 3847 apud
1307 3794 1484 3847 regem
1509 3779 1860 3850 Symmachus
1878 3794 2174 3847 accusatur,

613 3887 769 3943 quem
822 3887 916 3925 rex
945 3872 1045 3925 sub
1085 3871 1368 3926 occasione
1415 3871 1686 3940 paschali,
1735 3873 1872 3939 quod
1905 3888 2009 3926 non
2057 3888 2177 3926 cum

614 3966 962 4021 universitate
1004 3965 1398 4027 celebraverat,
1449 3969 1512 4018 ad
1562 3966 1866 4020 comitatum
1918 3981 2178 4021 convo....

615 4049 990 4114 rationem..."
1051 4054 1352 4110 festivitatis
1413 4057 1744 4110 dissonantia
1809 4056 2178 4122 redditurum;

615 4152 844 4220 fecitque
890 4149 1030 4217 apud
1063 4148 1360 4202 Ariminum
1409 4149 1687 4214 resedere;
1729 4165 1956 4218 cumque
1987 4149 2178 4203 ibidem

616 4255 732 4299 cum
771 4244 882 4296 suis
908 4241 1118 4296 clericis
1147 4239 1431 4310 aliquantis
1472 4251 1836 4309 permoratur,
1880 4252 1997 4309 post
2027 4243 2185 4297 meri-

617 4333 788 4386 dianis
825 4332 970 4384 boris
999 4343 1160 4396 super
1197 4331 1343 4385 littus
1373 4333 1533 4384 maris
1579 4331 1875 4393 ambulans,
1910 4333 2041 4386 vidit
2069 4348 2185 4386 mtt-

621 4421 776 4474 iieres
817 4419 939 4472 inde
971 4419 1213 4484 transire,
1246 4434 1364 4472 cum
1390 4421 1582 4485 quibus
1621 4422 1968 4476 accusabatur
1995 4422 2046 4476 in
2073 4435 2186 4477 sce-

2282 3258 2586 3311 sacerdotio
2633 3259 2959 3326 deponatur.
3014 3259 3121 3314 Sed
3181 3275 3358 3314 moras
3411 3263 3649 3329 episcopi

2296 3347 2469 3399 ...ntis
2497 3362 2614 3400 cum
2641 3347 2883 3401 viderent
2911 3351 3073 3416 magis
3103 3364 3165 3401 ac
3193 3351 3356 3417 magis
3386 3353 3555 3404 Studia
3582 3351 3868 3407 divisionis

2279 3436 2480 3505 augeri,
2515 3451 2634 3503 qum
2661 3437 2762 3490 sibi
2795 3437 2949 3491 utilia
2980 3439 3088 3491 visa
3119 3448 3242 3491 sunt
3272 3454 3368 3508 pro
3391 3437 3696 3510 Symmachi
3737 3459 3868 3511 per-

2279 3543 2408 3582 soua
2457 3529 2823 3593 constituunt;
2864 3537 2919 3582 et
2963 3530 3041 3583 sic
3090 3529 3275 3584 urbem
3321 3531 3373 3584 in
3406 3545 3612 3585 summa
3662 3532 3865 3586 confu-

2281 3619 2431 3673 sione
2461 3618 2859 3687 derelinquunt.
2889 3619 3075 3672 Clerus
3105 3634 3233 3689 ergo
3254 3660 3267 3683 ,
3298 3627 3350 3672 et
3373 3631 3587 3675 senatus
3611 3621 3864 3685 eiectior,

2281 3713 2366 3781 qui
2397 3710 2725 3764 consortium
2762 3711 3019 3763 vitaverat
3049 3709 3376 3781 Symmachi,
3409 3711 3719 3780 petitionem
3749 3718 3868 3781 regi

2281 3816 2376 3869 pro
2407 3815 2631 3870 persona
2683 3797 2954 3855 Laurentii
3001 3799 3213 3868 dirigit,
3245 3799 3333 3869 qui
3380 3815 3444 3854 eo
3479 3810 3720 3869 tempore
3750 3802 3868 3856 Ra-

2283 3906 2472 3945 venna:
2521 3891 2847 3954 morabatur,
2899 3890 3203 3960 Symmachi
3238 3892 3579 3956 violentiam,
3608 3907 3871 3962 perseeu-

2283 3979 2587 4049 tionemque
2625 3981 2923 4044 declinans,
2970 3995 3025 4035 ut
3080 3983 3193 4050 ipse
3233 3982 3485 4038 Romana:
3539 3985 3872 4054 pracsederet

2287 4069 2576 4137 Ecclesim,
2603 4071 2689 4124 ubi
2739 4069 2936 4124 dudum
2970 4071 3142 4127 fuerat
3186 4087 3425 4128 summus
3456 4073 3687 4142 pontifex
3716 4077 3871 4130 0rd.-

2287 4171 2460 4215 natus.
2521 4161 2655 4228 Quia
2713 4161 2816 4215 hoc
2861 4169 2916 4216 et
2962 4165 3256 4219 canonibus
3313 4176 3455 4220 esset
3511 4167 3762 4235 aifixum,
3809 4183 3872 4224 ut

2288 4252 2654 4320 unusquisque
2712 4252 2824 4307 illic
2874 4263 3200 4322 permaneat,
3235 4257 3323 4310 ubi
3354 4258 3594 4325 primitus
3623 4268 3703 4314 est
3733 4276 3873 4315 con-

2289 4355 2526 4398 secratus
2557 4345 2812 4408 antistes;
2833 4345 2915 4399 vei
2937 4346 3308 4414 siquibusdam
3331 4351 3649 4406 commentis
3665 4352 3872 4408 exinde

2292 4447 2527 4490 remotus
2561 4434 2752 4502 fuerit,
2786 4453 2907 4492 eum
2955 4439 3127 4494 modis
3156 4441 3404 4496 omnibus
3433 4457 3554 4498 esse
3604 4459 3874 4502 revocan-

622 4510 752 4572 lere,
780 4521 896 4576 qum
925 4508 1232 4560 comitatum
1266 4509 1532 4575 petebant,
1563 4510 1704 4578 regia
1726 4511 1986 4579 iussione.
2022 4512 2186 4567 Dissi-
2212 4504 2264 4563 D
2291 4525 2438 4580 dum,
2480 4525 2571 4580 Sic
2609 4527 2928 4582 Laurentius
2965 4528 3028 4582 ad
3077 4531 3262 4585 urbem
3308 4533 3528 4587 veniens
3570 4549 3665 4602 ρει.
3692 4550 3872 4591 ann"...

624 4598 837 4654 muians
871 4613 998 4666 ergo
1027 4614 1086 4653 se
1120 4601 1280 4667 scite,
1312 4600 1451 4668 quod
1500 4602 1741 4665 viderat,
1772 4614 1929 4658 nocte
1977 4605 2147 4658 media
2173 4647 2187 4670 ,

620 4691 1014 4746 dormientibus
1040 4692 1270 4754 cunctis,
1302 4705 1426 4744 cum
1477 4707 1583 4746 uno
1628 4701 1827 4747 tantum
1856 4698 2074 4751 conscio
2107 4697 2188 4750 fn-

621 4780 800 4848 giens,
831 4780 1129 4848 regreditur
1179 4781 1424 4850 Romam,
1465 4795 1629 4850 seque
1661 4784 1796 4836 intra
1855 4787 1993 4839 beati
2048 4788 2184 4841 Petri

622 4871 848 4939 apostoli
877 4880 1026 4939 septa
1061 4873 1348 4926 concludit.
1383 4873 1532 4927 Tunc
1564 4873 1857 4944 presbyteri
1889 4885 1941 4929 et
1959 4877 2186 4947 diaconi,

625 4975 723 5014 nec
749 4975 852 5014 non
885 4960 1074 5030 reliqui
1101 4961 1440 5028 clericorum,
1483 4977 1618 5030 quos
1647 4978 1826 5020 secum
1857 4965 2188 5031 deduxerat.

623 5051 822 5106 adeunt
861 5065 1062 5120 regem,
1092 5061 1145 5104 et
1176 5054 1291 5107 sine
1333 5068 1428 5108 sua
1457 5055 1784 5110 conscientia
1814 5057 2192 5127 Symmachum

626 5141 824 5210 fugisse
868 5149 1145 5205 testantur,
1181 5158 1276 5210 per
1315 5157 1450 5211 quos
1499 5159 1592 5197 rex
1647 5156 1753 5198 tam
1783 5146 1848 5200 ad
1903 5159 2148 5203 senatum
2175 5189 2191 5216 ,

626 5245 781 5298 quam
813 5231 876 5285 ad
916 5232 1116 5284 clerum
1169 5240 1430 5301 praecepta
1459 5248 1617 5301 super
1641 5236 1758 5304 eius
1796 5239 2192 5305 quodammodo

628 5323 968 5377 damnatione
1023 5325 1352 5378 trattsmitiit.
1409 5327 1706 5382 Accusatur
1754 5331 1914 5383 etiam
1960 5331 2028 5385 ah
2075 5333 2192 5387 uni~

628 5425 786 5467 verso
829 5412 973 5467 clero
1007 5413 1264 5479 Romano,
1295 5415 1434 5483 quod
1478 5426 1664 5470 contra
1709 5419 1978 5475 decretum
2011 5438 2039 5476 a
2081 5428 2192 5479 suis

626 5499 995 5560 decessoribus
1038 5505 1376 5560 observatum
1425 5505 1786 5565 ecclesiastica
1841 5512 2190 5583 dilapidassct

2292 4615 2504 4669 circiter
2529 4625 2757 4685 quatuor
2789 4618 3078 4672 Romanam
3103 4623 3272 4676 tenuit
3294 4623 3610 4692 Ecclesium,
3630 4641 3724 4694 per
3744 4642 3870 4695 qua:

2295 4717 2556 4774 tempora,
2613 4720 2733 4777 qua:
2783 4709 2924 4762 bella
2974 4711 3147 4765 civilia
3183 4726 3332 4780 gesm
3379 4716 3618 4781 sint,vel
3665 4731 3871 4788 quanta

2303 4798 2593 4852 homicidia
2650 4809 2970 4868 perpetrata,
3022 4818 3127 4855 non
3177 4812 3261 4858 est
3310 4807 3554 4873 prmsettti
3605 4807 3876 4864 relatione

2299 4887 2653 4956 pandendum.
2686 4887 2926 4959 Dumque
2978 4903 3153 4959 partes
3184 4884 3374 4950 mutua
3425 4910 3484 4950 se
3532 4897 3876 4955 dissensione

2298 4980 2576 5048 collidunt,
2603 4993 2663 5033 ac
2704 4995 2799 5049 pro
2835 4982 2945 5037 suis
2974 4985 3163 5038 studiis
3191 4987 3367 5054 regale
3399 4988 3699 5054 praesidium
3723 5004 3876 5055 smpe

2297 5070 2611 5139 deposcunt,
2639 5073 2703 5126 ad
2734 5072 2977 5127 ultimum
3023 5075 3331 5142 petitionem
3371 5075 3724 5147 Symmachus
3758 5081 3876 5148 regi

2302 5160 2396 5228 pe’r
2427 5161 2739 5216 Diosco’rum
2777 5163 3192 5220 Alexandrinum
3225 5167 3504 5222 diaconum
3536 5169 3830 5225 destinavit
3859 5212 3876 5232 ,

2297 5265 2544 5306 asserens
2575 5251 2676 5306 sibi
2711 5241 2955 5323 magnum
2985 5256 3352 5326 pranjudilzium
3385 5258 3518 5324 ﬁeri,
3557 5268 3612 5313 et
3639 5262 3880 5315 maxime

2299 5340 2366 5397 de
2412 5343 2576 5398 titulis
2604 5345 2948 5399 ecclesiarum
2979 5361 3111 5415 quas
3159 5348 3294 5402 intra
3329 5351 3514 5404 urbem
3553 5349 3880 5406 Laurentius

2300 5433 2594 5488 obtinebat.
2628 5434 2708 5488 Ad
2750 5435 2886 5489 banc
2916 5436 3326 5492 insinuationem
3360 5440 3503 5508 regis
3539 5442 3751 5495 animus
3780 5440 3882 5494 de-

2297 5519 2478 5575 linitus
2507 5522 2735 5579 Patircio
2775 5523 2929 5583 F.....
2961 5539 3222 5598 praecepta
3248 5529 3462 5598 dirigit,
3495 5531 3790 5586 admonens
3818 5541 3882 5588 ut

699 5658 779 5726 (α)
813 5661 886 5715 Ex
913 5663 1030 5718 cod.
1064 5662 1255 5721 Veron.
1287 5663 1516 5735 vulgavit
1539 5663 1619 5721 Cl.
1643 5668 1857 5737 Joseph.
1897 5667 2172 5728 Bianchin.
2201 5673 2253 5723 in
2286 5672 2379 5726 lib.
2410 5675 2632 5738 inscrip.
2660 5676 2906 5734 Enarral.
2939 5680 3434 5736 Pseudo-Athanas.
