4040 6184
246 367 298 421 ιε)
1074 353 1419 410 SYMMACIII
1458 352 1658 407 etme
1699 352 2048 407 nemone
2088 351 2176 405 ET
2210 351 2544 406 necarem.
2645 367 2648 370 ο
3363 356 3432 408 δέ)

245 488 393 534 omnes
441 468 686 526 Ecclesiae
741 466 880 522 tituli
928 465 1248 535 Symmacho
1295 464 1650 519 reformentur
1705 471 1759 516 et
1783 467 1834 523 Α
1861 462 1928 516 de
1953 461 2231 515 ordinibus
2255 458 2656 522 ecclesiasticis,
2687 473 2822 528 quos
2862 458 3096 526 acceptis
3123 459 3298 527 palam
3339 475 3428 526 pe-

247 580 374 622 ttautn
414 563 584 616 Bome
605 567 890 627 pateretur
939 570 1060 610 esse
1101 556 1403 625 pontiﬁcem
1430 572 1444 609 :
1475 553 1619 622 quod
1664 553 1753 607 ubi

241 654 506 712 laureutius
543 650 850 718 comperit,
905 646 1088 700 urbem
1130 647 1301 700 noluit
1345 646 1595 700 diuturna
1647 644 1758 697 col-

242 747 480 804 luctatione
502 742 790 807 vexari,“
821 753 914 792 sua
943 746 1133 805 sponte
1156 739 1214 790 in
1235 737 1450 806 praediis
1476 735 1758 790 memorati

241 837 412 895 Patricii
452 834 593 888 Festi
637 833 757 887 sine
792 831 1047 884 dilatione
1091 830 1384 892 concessit,
1435 828 1616 897 ibique
1661 826 1761 880 sub

247 926 404 997 ingenti
424 922 734 978 abstinentia
764 921 1046 974 terminum
1073 918 1194 972 vita:
1229 918 1446 973 sortitus
1472 925 1572 971 est.
1604 916 1762 985 Sym-

249 1019 446 1074 machum
467 1028 590 1069 vero
611 1012 953 1082 postmodum
977 1010 1218 1078 quamvis
1233 1011 1510 1071 victorem,
1533 1008 1603 1061 de
1623 1007 1762 1060 mul-

251 1109 302 1158 tis
323 1105 455 1160 rebus
471 1102 608 1156 fama
642 1099 1006 1162 decoloravit;
1034 1099 1323 1152 obscenior
1353 1106 1409 1151 et
1437 1096 1670 1150 maxime
1693 1094 1760 1149 de

249 1197 335 1256 illa,
365 1207 498 1260 quam
521 1190 684 1258 vulgo
708 1187 1058 1244 conditariam
1089 1185 1408 1241 vocitabant.
1441 1184 1550 1239 Nec:
1578 1199 1684 1238 non
1709 1191 1765 1237 ot

1860 550 2032 604 cuniis
2063 549 2420 604 distrahebat:
2458 564 2552 617 pro
2573 548 2765 617 quibus
2795 549 2956 602 rebus
2983 563 3150 617 usque
3172 549 3237 601 ad
3274 550 3428 602 liuent

1863 643 1984 694 vitae
2010 639 2128 706 ejus
2169 639 2398 693 Ecclesia
2432 640 2668 693 Romana
2698 639 2749 692 iu
2780 639 3069 694 schismate
3093 642 3424 707 perduravit.

1866 729 1962 782 ilic
1989 728 2126 781 beati
2155 728 2358 781 Martini
2378 728 2657 782 ecclesiam
2675 729 2824 797 juxta
2847 739 3090 782 sanctum
3117 729 3427 782 Silvestrem

1868 819 2082 888 palatini
2115 818 2342 872 illustris
2367 819 2463 872 viri
2497 819 2734 886 pecuniis
2760 819 3020 873 fabricans
3046 830 3099 873 ct
3133 835 3424 884 exornans,

1869 927 1934 967 eo
1969 911 2084 978 ipso
2121 911 2351 964 instante
2377 911 2672 974 dedicavit;
2707 911 2960 964 nonnulla
2987 913 3148 965 etiam
3175 919 3429 966 cocmete-

1865 1002 1940 1055 ria
1961 1041 1976 1064 ,
2001 1010 2054 1054 et
2083 1002 2313 1054 maxime
2338 1001 2504 1053 sancti
2534 1001 2796 1054 Pancratii
2826 1016 3108 1064 renovatis,
3142 1003 3291 1069 plura
3321 1001 3430 1056 illic

1865 1107 2074 1160 qunque
2101 1105 2239 1144 nova
2266 1091 2590 1144 construxit.

262 1318 3388 1342 me

1033 1411 1992 1528 SW03!
2057 1416 2596 1526 PAPE

869 1598 1639 1701 EPISTOLAE
1754 1599 1794 1698 Ι

1868 1600 1932 1698 Τ
2040 1598 2767 1702 DECRETA.

520 1783 847 1840 EPISTULA
889 1781 1094 1836 PRIMA
1133 1781 1313 1849 (ΘΗΜ
1356 1781 1439 1844 ll).

447 1897 506 1933 AD
540 1893 752 1932 {EONIUM
793 1889 1167 1929 ARELATENSEH
1210 1888 1506 1926 EPISCUPUM.

251 1974 301 2028 Ut
322 1975 408 2040 ipse
427 1983 465 2024 et
491 1972 756 2040 episcopus
788 1966 1086 2018 Viennensis
1111 1965 1322 2040 [tantum
1353 1973 1512 2040 certos
1535 1963 1761 2040 homines

301 2033 620 2108 mittant,'qui
657 2033 964 2108 deipsorum
991 2037 1336 2087 controversiis
1359 2035 1620 2095 instructi,
1655 2033 1761 2085 redi

298 2106 554 2178 apostolicis
579 2106 854 2175 allegando
901 2113 1195 2174 suggerant.

299 2220 621 2274 Dilectissimo
676 2215 824 2270 fratri
874 2213 1070 2267 Eonio
1104 2211 1476 2282 Symmachus.

300 2331 433 2385 Movit
453 2330 691 2397 equidem
727 2341 854 2392 nos,
901 2324 1039 2394 quod
1077 2323 1383 2378 dilectionis
1430 2334 1532 2376 tua:
1577 2322 1766 2376 relatio

245 2423 513 2475 declaravit:
545 2434 778 2486 namque
805 2418 935 2488 (aL,
968 2415 1190 2485 nempe)
1228 2423 1413 2469 contra
1447 2414 1657 2483 regulas
1679 2428 1768 2468 ec-

243 2512 478 2565 clesiastici
497 2510 794 2570 constituti,
826 2519 878 2560 et
899 2508 1154 2561 adversus
1174 2505 1586 2560 reverendorum
1608 2519 1767 2558 cano-

244 2618 350 2654 num
377 2609 658 2664 tractatum,
689 2614 787 2667 per
813 2599 1212 2666 subreptionem
1235 2597 1555 2651 Viennensis
1575 2597 1766 2650 Eccle-

243 2690 324 2743 sia:
345 2691 624 2758 pontiﬁcem
663 2689 732 2742 de
755 2688 1066 2755 apostolica,
1118 2686 1436 2754 praesidente
1473 2685 1769 2753 predeces-

238 2794 337 2833 sore
360 2791 542 2845 nostro,
571 2779 707 2834 sede
733 2779 1066 2846 culpabiliter
1095 2778 1270 2843 aliqua
1297 2777 1591 2840 meruisse;
1621 2793 1768 2842 cum,

239 2872 273 2920 si
296 2871 354 2922 sit
377 2887 486 2925 vera
513 2871 850 2939 conquestio,
872 2867 1116 2923 effectum
1135 2882 1238 2932 non
1264 2869 1465 2936 possint
1485 2868 1770 2935 impetrata

242 2964 394 3016 frivole
444 2963 751 3032 possidere:
787 2975 885 3014 nec
914 2976 942 3014 a
969 2959 1121 3012 nobis
1168 2960 1364 3028 aliquid
1415 2959 1537 3013 novi
1576 2959 1771 3026 poterit

241 3051 457 3115 ordinari,
511 3052 610 3104 nisi
662 3064 783 3119 quae
823 3065 853 3101 a
898 3048 1136 3116 patribus
1184 3049 1770 3117 prmdecessoribusque

241 3142 404 3193 nostris
432 3142 523 3193 hac
551 3155 717 3193 causa
741 3146 932 3192 statuta
952 3138 1257 3191 clartterint.
1291 3137 1490 3192 Tamen
1518 3152 1587 3192 ne
1615 3135 1769 3190 facile

240 3227 425 3282 alterius
456 3230 617 3295 partis
653 3226 895 3280 absentia
946 3227 1418 3294 prtejudicabiliter
1469 3227 1772 3281 videremur

237 3316 384 3385 aliqua
411 3316 730 3379 decrevisse,
756 3315 808 3368 id
837 3315 1005 3383 magis
1033 3314 1279 3368 duximus
1311 3314 1687 3378 ordinandum,
1715 3323 1773 3368 ut

240 3406 501 3462 fraternitas
531 3419 619 3462 tua
661 3407 985 3473 competenti
1032 3415 1270 3474 tempore
1300 3407 1366 3461 de
1405 3407 1772 3462 ecclesiastico

235 3495 392 3548 ordine
418 3497 737 3550 instructum
767 3510 873 3547 non
901 3504 1136 3547 moretur
1160 3496 1225 3548 de
1257 3495 1401 3548 omni
1455 3509 1613 3549 causa
1645 3494 1774 3548 diri-

237 3600 354 3651 gere,
383 3589 463 3654 qui
501 3587 642 3653 apud
705 3600 802 3638 nos
853 3588 1130 3638 veritatem
1179 3597 1354 3638 causa:
1407 3593 1774 3652 competenter

234 3677 423 3745 alleget;
446 3691 713 3747 quatenus
738 3675 1072 3743 pertractatis
1095 3675 1362 3739 omnibus,
1382 3674 1520 3740 quod
1539 3684 1774 3727 statuen-

233 3771 335 3820 dum
361 3779 454 3833 est,
479 3772 575 3823 sub
603 3768 1013 3822 deliberationis
1056 3766 1247 3818 robore
1295 3765 1585 3818 sanciatur.
1639 3763 1773 3817 ll'lud

231 3858 360 3911 etiam
387 3859 731 3914 dlectionetit
759 3868 908 3910 tuam
963 3859 1136 3910 facere
1165 3857 1362 3909 debere
1416 3856 1774 3924 praecipimus,

234 3959 277 4000 ut
300 3950 496 4004 fratrem
518 3959 575 4004 et
600 3950 983 4017 coepiscopum
1016 3956 1254 3999 nostrum
1287 3944 1604 3998 Viennensis
1633 3945 1777 3997 urbis

230 4039 477 4095 antistitem
513 4043 689 4094 misso
720 4039 904 4091 nuntio
931 4047 986 4090 et
1020 4037 1282 4104 scriptura
1331 4043 1687 4097 commoneat,
1722 4043 1780 4086 ut

229 4131 488 4183 constitutis
516 4129 781 4182 diebnsis
803 4141 1012 4196 quoque
1049 4128 1315 4182 hominem
1351 4125 1622 4195 proprium
1650 4125 1777 4178 diri-

226 4227 314 4281 gat,
334 4221 413 4288 qui
438 4219 606 4287 itii-tis
629 4218 752 4285 eius
773 4217 1114 4284 allegationes
1137 4226 1502 4283 competenter
1521 4216 1774 4279 insinuet,

230 4318 272 4359 ttt
292 4309 611 4377 depromptis
658 4307 728 4359 ab
781 4317 1000 4374 utraque
1047 4307 1496 4375 suggestionibus,
1541 4307 1779 4361 securius

226 4413 319 4464 qum
344 4400 389 4452 in
419 4410 748 4468 perpetuum
782 4397 1037 4450 servanda
1071 4400 1177 4450 sint
1221 4398 1595 4466 tliSponantur.
1646 4397 1776 4461 Quia

226 4500 402 4555 semper
428 4485 962 4555 suq‘tectusjudicat,
986 4487 1071 4554 qui
1101 4488 1198 4538 sttb
1221 4487 1373 4538 unius
1401 4486 1538 4553 quod
1566 4485 1772 4537 videtur

1866 1783 2126 1836 electione
2157 1784 2440 1850 pontificis,
2472 1794 2524 1837 et
2545 1783 2736 1839 divinis
2763 1786 2964 1838 initiata
2999 1786 3173 1854 lingua
3207 1787 3436 1840 cultibus

1789 1853 1837 1910 Β
1869 1875 2059 1928 militat
2085 1877 2466 1938 consecranda,
2509 1877 2560 1928 itt
2610 1878 2770 1944 ignoti
2804 1893 2898 1929 nos
2923 1877 3196 1946 diligentia
3235 1894 3437 1932 sermo-

1866 1982 1990 2018 num
2027 1964 2235 2017 vincula
2289 1974 2603 2018 tenuerunt:
2637 1967 2756 2032 quia
2788 1966 2916 2018 nihil
2946 1977 3162 2033 superat
3200 1966 3435 2032 indiciis,

1865 2061 2073 2127 quoties
2101 2058 2294 2126 aliqttid
2330 2059 2578 2125 probatus
2600 2058 2870 2112 extulerit.
2904 2059 3037 2124 Quid
3059 2062 3198 2113 enim
3226 2071 3439 2114 senten-

1971 2125 2286 2214 .sequacium
2319 2147 2676 2216 derelinquat,
2709 2148 3158 2217 quandojustitim
3189 2149 3437 2216 obsequi-

1865 2245 1973 2299 tur,
2003 2238 2156 2304 cujus
2211 2237 2260 2288 in
2301 2252 2524 2290 examen
2572 2237 2810 2290 definitio
2841 2251 2944 2290 non
2973 2239 3233 2291 vocatur?
3274 2239 3440 2305 Agitis

1866 2327 2008 2380 bono
2032 2328 2390 2388 conscientiae,
2415 2327 2554 2394 quod
2574 2338 2753 2381 vestro
2779 2328 2861 2380 vit
2887 2330 3168 2397 negaretur
3195 2329 3437 2396 imperio.

1868 2417 2121 2470 Exhibuit
2146 2420 2285 2471 inter
2316 2418 2546 2470 arbitros
2571 2417 2860 2471 Marcellini
2896 2417 3226 2470 "venerabilis
3275 2418 3440 2471 colle-

1867 2521 1988 2576 gam
2016 2505 2272 2558 Maximus
2303 2505 2576 2558 hominum
2611 2505 2906 2558 humilitate
2955 2507 3254 2571 sublimior,
3291 2515 3344 2559 et
3376 2523 3441 2558 ne

1871 2595 2114 2663 potestati
2149 2595 2294 2648 favor
2321 2609 2417 2662 per
2462 2594 2706 2662 obliquos
2747 2594 3151 2648 adscriberetur
3177 2595 3440 2662 interpre-

1871 2696 1970 2753 tes,
1996 2686 2135 2756 quod
2163 2687 2229 2740 de
2254 2687 2466 2753 proprio
2495 2687 2775 2753 descripsit
2803 2687 3035 2753 ingenio,
3053 2685 3251 2738 laudati
3269 2687 3442 2748 juuxit

1870 2777 1933 2828 ad
1968 2776 2216 2844 pretium.
2249 2776 2443 2842 Egistis
2473 2774 2832 2838 mediocrem,
2868 2789 2932 2827 uc
2965 2772 3271 2840 prmexcelsi
3303 2785 3443 2826 esset

1870 2876 2116 2934 suspecta
2163 2865 2500 2931 praedicatio;
2556 2864 2974 2917 clarissimorum
3029 2864 3354 2929 testimonia,
3385 2873 3444 2917 ut

1870 2956 2013 3010 vires
2038 2955 2295 3022 accipiant
2326 2953 2580 3016 culmina,
2606 2953 2950 3021 castigantur.
2995 2952 3145 3007 Felix
3190 2954 3443 3007 sacerdo-

1873 3047 2022 3109 tium,
2052 3047 2138 3100 cui
2167 3047 2332 3099 facem
2373 3044 2604 3110 prtetulit
2636 3043 2786 3112 plena
2821 3058 2971 3097 mens
3002 3043 3234 3096 luminis.
3281 3044 3444 3097 Beata

1873 3138 2231 3202 conversatio,
2254 3151 2371 3204 qua:
2393 3135 2589 3187 idcirco
2615 3135 2666 3187 in
2690 3135 3074 3189 discussionem
3097 3135 3320 3189 deducta
3341 3145 3444 3198 est,

1793 3205 1843 3265 (ἶ
1877 3240 1932 3283 ut
1963 3236 2110 3281 tanto
2147 3229 2260 3280 viro
2291 3226 2649 3294 adstipulantc
2692 3233 2991 3293 superaret,
3027 3241 3144 3292 quae
3183 3241 3286 3279 non
3313 3225 3446 3279 didi-

1873 3321 2035 3372 cisset
2090 3331 2334 3385 saporem
2389 3316 2625 3369 victoriae
2673 3316 2770 3369 nisi
2814 3316 3166 3383 subiacuisset
3210 3316 3445 3370 incertis.

1875 3411 2098 3476 Semper
2119 3408 2496 3463 innocentibus
2540 3408 2764 3475 gloriam
2821 3407 3042 3462 adversa
3084 3416 3445 3478 pepererunt:

1874 3501 2114 3572 providet
2145 3499 2452 3554 defensores
2487 3499 2807 3554 fortissimos
2853 3502 3135 3555 mediocris
3173 3501 3448 3567 impugna-

1876 3593 1971 3646 tio.
1996 3591 2101 3646 Sed
2131 3590 2254 3658 quid
2292 3590 2531 3657 epistola:
2559 3591 2815 3644 terminos
2851 3590 3170 3657 l0quacitate
3195 3589 3446 3657 produxi,

1875 3692 2087 3738 coactas
2113 3683 2229 3749 lege
2253 3683 2468 3750 paginas
2499 3682 2548 3733 in
2577 3688 2805 3741 humana
2829 3681 3239 3735 concinnatione
3261 3669 3443 3735 trans-

1876 3775 2130 3843 gressus?
2176 3774 2349 3842 Jungo
2393 3783 2448 3827 et
2489 3788 2594 3843 ego
2641 3773 2984 3841 amplissimis
3039 3774 3275 3842 patribus
3335 3774 3444 3842 (al.

1877 3866 2206 3934 amplissime
2235 3864 2509 3932 partibus)
2541 3867 2753 3924 vestris,
2785 3880 2881 3934 pro
2910 3865 3126 3919 modulo
3147 3865 3452 3932 exiguitatis

1881 3955 2132 4024 proprize,
2156 3955 2306 4008 vobis
2329 3955 2471 4009 ctelo
2494 3955 2822 4022 obsequente
2849 3970 3166 4009 consensum
3195 3972 3210 4007 :
3233 3964 3288 4008 et
3309 3955 3451 4022 quod

1879 4045 2122 4099 mirabile
2153 4046 2289 4098 inter
2323 4045 2565 4098 homines
2608 4044 2856 4106 habetur,
2903 4045 3330 4099 consideratione
3359 4059 3452 4098 ve-

1879 4137 1975 4190 stri
1999 4135 2236 4188 attrahor
2266 4133 2330 4186 ad
2362 4148 2618 4186 amorem.
2645 4134 2900 4197 lnSpirata
2949 4134 3076 4185 mihi
3102 4147 3197 4200 per
3223 4134 3452 4186 alterum

1882 4231 2048 4296 placet
2075 4225 2304 4284 affectio,
2332 4224 2455 4277 dum
2491 4231 2670 4276 manet
2693 4225 2887 4276 caritas
2909 4222 3030 4276 imis
3059 4223 3256 4276 inserta
3283 4224 3454 4278 visce-

1883 4319 2048 4373 ribus.
2080 4309 2458 4383 Peregrinaute
2491 4328 2736 4383 persona,
2763 4313 3012 4366 comitem
3043 4328 3100 4366 se
3137 4321 3312 4365 tamen
3346 4326 3454 4366 c03-

1879 4411 2024 4464 lestis
2039 4410 2204 4477 gratia
2221 4406 2498 4461 desideriis
2515 4405 2696 4473 jungat
2710 4448 2723 4469 ,
2740 4415 2792 4457 et
2807 4403 2932 4458 dum
2950 4405 3137 4470 cupitis
3159 4405 3314 4456 datur
3327 4404 3454 4458 effe:-

1881 4513 2016 4569 cttts,
2052 4510 2143 4554 aut
2170 4501 2343 4554 veniat
2376 4499 2568 4551 bonum
2597 4499 2954 4565 pontificttus,
2986 4506 3077 4548 ant
3111 4495 3288 4549 faciat.
3325 4496 3452 4548 Data

225 4575 344 4644 eligit
368 4580 746 4646 deploratione
772 4578 996 4632 sancire.
1037 4577 1287 4630 Dominus
1347 4587 1397 4629 te
1449 4578 1766 4632 incolumem
1798 4553 1846 4610 θ
1875 4553 2366 4647 χνηίεθιθηαπυητ
2404 4553 2779 4642 Novembrium
2821 4587 2928 4651 die,
2983 4587 3277 4641 indictione
3304 4596 3454 4640 ορικ-

223 4671 468 4731 rustodiat,
498 4671 678 4721 frater
707 4667 1004 4722 carissime.
1039 4668 1167 4719 Dita
1200 4668 1299 4720 sub
1324 4667 1410 4720 die
1437 4683 1492 4719 Ill
1524 4667 1771 4721 calendas

220 4754 526 4820 Novembris,
561 4767 697 4827 post
725 4765 1061 4810 consulatum
1109 4757 1311 4810 l‘aulini
1345 4759 1444 4811 viri
1494 4758 1772 4812 clarissimi

218 4850 378 4913 (Auno
401 4853 527 4905 Chr.
562 4848 678 4902 499

540 4986 882 5042 EPISTOL\
938 4987 980 5040 ll
1037 4986 1244 5054 (OLlM
1292 4986 1412 5055 Ill).

643 5093 715 5131 AD
744 5093 990 5131 ιιῐιειιυκ
1021 5093 1120 5132 ΡΜ·
1129 5093 1305 5132 κιαιοη
1315 5116 1328 5130 ο

211 5177 268 5232 De
297 5181 445 5234 electo
487 5181 740 5251 episcopo
764 5178 1094 5246 Aquileiensi,
1135 5181 1283 5248 cujus
1327 5176 1506 5246 praebet
1543 5176 1777 5230 electiont'

839 5263 1119 5302 assensum.

261 5359 619 5428 Symacbtts
677 5358 960 5428 episc0pus
1007 5358 1256 5414 Ecclesia:
1301 5357 1583 5412 catholica:
1627 5359 1774 5411 urbis

207 5449 382 5516 tioium,
414 5449 650 5507 Liberio
679 5451 900 5518 patricio
920 5451 1163 5504 salutem.

254 5563 378 5616 Cum
411 5581 512 5633 pro
537 5560 854 5615 veneranda
901 5563 1021 5631 (est
1068 5562 1294 5616 Eunodii
1354 5563 1522 5632 prima
1579 5562 1668 5615 lib.
1705 5562 1774 5628 v)

200 5655 435 5720 [Piigione
455 5653 826 5712 conscientiae
859 5656 1017 5708 verba
1045 5655 1275 5724 dirigitis
1326 5657 1378 5710 in
1427 5655 1784 5722 Aquileiensis

1877 4699 1937 4735 va
1967 4683 2154 4752 (Anno
2179 4681 2304 4734 Chr.
2329 4679 2432 4734 499
2449 4679 2489 4748 ).

2287 4817 2612 4872 EPISTOLA
2654 4816 2714 4870 u-t
2755 4815 2934 4884 (01AM
2976 4814 3038 4883 l).

2055 4941 2311 4983 εἳκιιλοιιι
2351 4941 2496 4980 PAF/ﬁ
2541 4941 2604 4978 Αῐ)
2647 4940 2857 4979 Εοκιωι
2898 4941 3281 4982 ARELLTESSEH

2519 5011 2763 5050 EPISCOPU
2771 5012 2803 5049 II
2814 5035 2827 5048 .

1886 5089 2127 5144 nesciui:
2173 5089 2237 5140 iis
2281 5103 2396 5152 qua:
2442 5087 2743 5140 Anastasius
2793 5089 3028 5142 decessor
3075 5090 3128 5141 in
3182 5089 3456 5142 Viennensi

1950 5158 2289 5212 controversia
2316 5159 2584 5209 innovare:
2609 5201 2624 5224 ,
2656 5157 2868 5226 antiqua
2890 5159 3022 5212 sedis
3043 5161 3333 5226 apostolica:
3363 5161 3452 5212 de-

1951 5239 2087 5281 creta
2125 5227 2374 5280 observari
2395 5228 2564 5296 jubet.

1955 5338 2307 5392 Dilectissimo
2333 5336 2484 5391 fratri
2518 5335 2713 5390 Αεοιιίο
2746 5336 3118 5408 Symmachus.

1960 5470 2269 5523 Dilectionis
2315 5480 2419 5522 tua:
2477 5471 2701 5533 litteras,
2753 5471 3101 5536 mandataque
3134 5469 3242 5520 filio
3273 5477 3458 5520 nostro

1884 5560 2191 5614 (liescctttio
2247 5561 2561 5630 presbytero
2611 5561 2942 5614 internuntio
2973 5555 3247 5612 deferente
3276 5574 3456 5612 susce-

1893 5653 2090 5720 pimus,
2142 5651 2334 5718 quibus
2371 5659 2587 5706 constat
2616 5651 2754 5705 intcr
2785 5649 3146 5703 Arelatensem
3197 5659 3253 5703 et
3299 5647 3454 5708 Vien-
