4040 6184
574 316 637 370 81
1906 316 2260 373 SYMMACIII
2298 316 2501 373 PAPE
2730 382 2739 388 θ
3755 331 3814 385 52

576 440 796 483 nensem
837 426 1134 483 Ecclesiam
1164 426 1377 496 aliquod
1420 426 1487 481 de
1524 425 1838 481 ordinandis
1883 428 2151 495 episcopis
2176 433 2227 489 Α
2252 428 2407 490 dam;
2440 437 2670 483 attamen
2713 431 2756 484 si
2783 446 2844 485 ea
2885 446 3003 499 quae
3036 431 3182 496 fecit,
3213 433 3601 492 rationabiliter
3641 438 3814 498 fecisse

572 518 629 572 in
657 515 849 573 vicinis
869 516 1176 573 civitatibus
1200 516 1328 572 Oriri
1360 517 1659 571 luctamen:
1695 516 1783 569 illa
1813 530 1872 571 re
1897 516 2147 571 videlicet

573 605 826 671 faciente,
853 606 993 677 quod
1024 607 1276 662 decessor
1310 613 1497 660 noster
1534 612 1732 660 sancta:
1762 606 2149 660 recordationis

575 696 914 763 Anastasius,
954 705 1192 753 tractans
1217 696 1587 751 confusionem
1616 695 1905 763 provinciae
1923 736 1940 761 ,
1968 697 2146 760 aliqua

577 794 766 840 contra
814 795 1053 841 veterem
1102 786 1542 840 consuetudinem
1588 785 1812 854 jusserit
1852 784 2156 855 observari,

573 877 920 931 decessorum
971 890 1191 931 suorum
1245 876 1494 931 videlicet
1537 875 1930 931 ordinationem
1982 876 2147 946 (quod

574 982 679 1021 non
728 967 1035 1037 oportebat)
1084 968 1186 1023 sub
1225 968 1464 1036 qualibet
1512 969 1836 1022 necessitate
1881 975 2150 1034 transgre-

577 1057 754 1113 diens.
803 1057 935 1111 Nam
982 1058 1109 1112 dum
1137 1057 1200 1110 ad
1234 1057 1487 1111 trinitatis
1519 1056 1720 1123 instar,
1752 1057 1906 1126 cujus
1934 1072 2033 1111 una
2064 1066 2150 1113 est

578 1159 739 1220 atque
768 1149 1038 1205 individua
1069 1157 1323 1218 p0testas,
1359 1164 1520 1203 unum
1560 1150 1631 1203 sit
1657 1164 1755 1218 per
1782 1150 2026 1204 diversos
2051 1162 2149 1202 an-

578 1240 777 1294 tistites
820 1240 1209 1305 sacerdotium;
1237 1239 1689 1308 quemadmodum
1748 1239 1984 1308 priorum
2033 1249 2148 1293 sta-

576 1339 691 1385 tuta
738 1346 768 1385 a
807 1332 1150 1400 sequentibus
1181 1331 1432 1386 convenit
1470 1329 1695 1384 violari?
1743 1330 1857 1384 Huc
1899 1330 2148 1393 accedit,

575 1420 715 1490 quod
748 1435 816 1474 ne
853 1420 917 1475 sit
967 1420 1356 1474 sententiarum
1403 1420 1635 1474 varietas
1664 1418 1731 1472 ad
1762 1419 1930 1487 ipsam
1961 1432 2149 1473 sacro-

572 1515 812 1562 sanctam
846 1507 1161 1562 catholicam
1192 1508 1505 1576 religionem
1535 1506 1809 1561 credimus
1840 1508 2147 1574 pertinere:

573 1597 729 1668 cujus
746 1598 925 1653 omnis
952 1607 1188 1667 potestas
1219 1597 1542 1667 infringitur,
1575 1597 1675 1651 nisi
1700 1598 1944 1652 universa
1968 1612 2089 1666 qua:
2117 1612 2149 1652 a

576 1688 790 1743 Domini
833 1689 1207 1744 sacerdotibus
1254 1690 1426 1744 semel
1482 1698 1663 1744 statuu
1705 1699 1832 1755 tur,
1888 1700 2145 1758 perpetua

2255 519 2561 574 fraternitas
2586 531 2670 574 tua
2703 522 2963 585 docuerit,
2994 524 3344 589 gaudebimus
3374 527 3505 582 nihil
3538 544 3654 584 esse
3673 533 3735 587 ab
3757 548 3814 587 eo

2249 621 2435 663 contra
2470 625 2702 667 canones
2731 622 3067 680 attentatum,
3095 620 3218 682 quia
3257 618 3397 685 quod
3436 619 3493 671 fit
3529 630 3716 687 pra-ter
3740 640 3816 679 re-

2250 702 2448 767 gulam,
2467 701 2624 754 modo
2646 703 2715 755 sit
2740 718 2802 755 ex
2821 702 2965 771 justa
2982 718 3163 769 causa,
3184 720 3290 760 non
3315 707 3553 777 infringit
3572 712 3813 779 regulam,

2249 805 2407 856 quam
2425 791 2535 843 sola
2553 792 2859 857 pervicacia
2886 802 2940 847 et
2961 794 3297 861 antiquitatis
3311 808 3647 868 contemptus
3667 802 3813 856 ladit.

2250 881 2381 935 Nam
2422 884 2665 950 quamvis
2705 900 2733 937 a
2783 885 3021 948 patribus
3066 895 3264 941 statuta
3308 889 3547 957 diligenti
3585 894 3816 947 observa-

2252 970 2396 1023 tione
2423 982 2476 1023 et
2498 971 2800 1025 observanti
2823 972 3092 1041 diligentia
3115 974 3223 1027 sint
3245 979 3614 1048 custodienda,
3638 981 3816 1035 nihilo-

2252 1060 2427 1113 minus
2457 1069 2675 1128 propter
2708 1061 2917 1131 aliquod
2946 1064 3141 1118 bonum
3175 1065 3241 1119 de
3267 1066 3443 1135 rigore
3475 1068 3607 1137 legis
3632 1071 3816 1139 aliquid

2251 1148 2548 1216 relaxatur,
2577 1152 2717 1219 quod
2761 1162 2815 1208 et
2857 1154 2969 1220 ipsa
3012 1154 3097 1209 lex
3126 1156 3354 1213 cavisset
3384 1160 3430 1215 si
3466 1163 3807 1229 prmvidisset.

2253 1240 2316 1294 Et
2346 1257 2489 1309 saepe
2521 1243 2738 1297 crudele
2768 1253 2912 1298 e~set
2939 1244 3188 1301 insistere
3214 1247 3316 1316 legi
3345 1264 3466 1303 eum
3493 1251 3816 1305 observantia

2252 1331 2369 1399 ejus
2407 1347 2526 1387 esse
2556 1334 2983 1414 pra'judiciabilis
3026 1338 3276 1392 Ecclesim
3307 1340 3545 1407 videtur;
3576 1345 3813 1411 quoniam

2253 1421 2397 1490 leges
2424 1437 2486 1477 ea
2531 1423 2825 1478 intentione
2871 1425 2988 1478 latnt
3026 1438 3169 1489 sunt,
3200 1437 3257 1480 ut
3302 1430 3601 1496 proficiant,
3634 1447 3731 1485 non
3761 1442 3813 1485 ut

2253 1521 2500 1568 noceant.
2544 1515 2903 1581 Quamobrem
2948 1529 3129 1588 pergat
3170 1519 3388 1575 dilectio
3443 1530 3568 1590 tua,
3596 1525 3819 1578 rationes

2252 1619 2373 1673 qua:
2425 1606 2870 1673 prmdecessorem
2922 1618 3160 1663 nostrum
3204 1611 3268 1665 ad
3320 1617 3648 1668 traCIandam
3698 1631 3821 1683 prae-

2253 1694 2448 1747 dictam
2492 1696 2860 1751 confusionem
2905 1698 3228 1764 impulerunt
3256 1701 3320 1754 ad
3364 1718 3462 1756 nos
3493 1705 3741 1774 dirigere,
3769 1714 3822 1760 ut

575 1782 705 1834 sint.
735 1779 886 1846 Quod
916 1780 1048 1835 alias
1074 1782 1386 1849 contingere
1416 1782 1637 1847 poterit,
1669 1780 1714 1834 si
1745 1794 2026 1834 successor
2057 1781 2149 1834 de-
2181 1785 2228 1844 Β
2252 1792 2306 1836 et
2336 1784 2569 1837 sciamus
2620 1785 2746 1853 quid
2797 1786 2956 1841 fuerit
3008 1791 3373 1855 statuendum,
3401 1801 3456 1847 et
3502 1792 3553 1846 in
3608 1795 3822 1849 Domino

574 1870 805 1924 cesseris
847 1870 1053 1924 actibus
1107 1884 1210 1923 non
1260 1869 1508 1923 tribuerit
1553 1870 1879 1937 firmitatem,
1911 1878 1962 1922 et
1994 1870 2153 1923 robo-

575 1958 746 2012 rando
773 1973 893 2027 qua:
920 1966 1068 2028 gesta
1095 1968 1243 2025 sunt,
1273 1959 1432 2014 faciat
1461 1968 1574 2013 rata
1602 1973 1723 2013 esse
1764 1974 1883 2028 quae
1903 1961 2149 2028 gesserit.

577 2048 785 2114 Quanta
805 2050 949 2103 enim
973 2048 1186 2103 vicariis
1206 2048 1496 2104 beatissimi
1525 2048 1668 2104 Petri
1690 2049 1916 2118 apostoli
1942 2049 2152 2118 judica-

577 2138 723 2192 bitur
772 2153 895 2194 esse
944 2139 1278 2205 reverentia,
1308 2139 1353 2192 si
1390 2153 1510 2209 qua:
1540 2138 1592 2192 in
1620 2138 1921 2192 sacerdotio
1961 2140 2153 2208 praeci-

580 2227 765 2294 piunt,
821 2227 1025 2284 eisdem
1084 2227 1487 2284 transeuntibus
1542 2227 1940 2283 dissolvantur?
1994 2228 2154 2283 Rele-

577 2330 767 2385 gentes
793 2334 923 2390 ergo
950 2328 1192 2375 veterum
1221 2320 1524 2375 antistitum
1557 2332 1719 2388 super
1744 2318 1844 2372 hac
1883 2333 2041 2374 causa
2063 2335 2151 2373 or-

576 2409 901 2476 dinationes,
918 2411 1116 2480 quibus
1135 2409 1571 2487 ecclesiasticum,
1583 2419 1833 2479 gravatur
1858 2410 2113 2464 scrinium
2130 2427 2146 2472 ς

578 2499 925 2555 dilectionem
981 2509 1125 2555 tuam
1175 2500 1487 2556 enixissime
1534 2514 1960 2563 commonemus,
2010 2508 2068 2554 ut
2099 2504 2151 2554 in

578 2591 893 2647 ortlinandis
925 2606 1019 2661 per
1062 2592 1301 2662 singulas
1332 2592 1491 2646 urbes
1521 2591 1890 2646 sacerdotibus
1917 2605 2049 2645 cana
2088 2605 2153 2645 ac

578 2681 873 2737 reverenda
921 2692 1166 2739 servetur
1209 2680 1537 2751 antiquitas,
1581 2696 1680 2735 nec
1709 2680 1918 2735 novella
1950 2681 2151 2736 consti-

581 2780 718 2833 tutio
747 2786 969 2833 vetustte
995 2774 1294 2831 sanctionis
1333 2773 1498 2828 robur
1544 2773 1861 2835 imminuat,
1889 2772 2013 2842 quia
2046 2788 2151 2828 non

577 2867 735 2924 aliter
764 2877 902 2923 inter
930 2881 1025 2922 vos
1054 2867 1253 2936 poterit
1280 2865 1485 2920 servari
1515 2864 1824 2932 concordia,
1858 2864 1961 2918 nisi
1994 2866 2153 2920 novis

584 2958 971 3027 cupiditatibus
999 2957 1330 3025 antiquitatis
1356 2956 1654 3010 reverentia
1701 2954 1891 3007 modus
1922 2956 2153 3024 pruden-

579 3046 704 3101 tiori
753 3046 1069 3099 adhibeatur
1115 3044 1366 3099 consilio.
1422 3043 1681 3096 Dominus
1731 3052 1782 3096 te
1829 3044 2151 3100 incolumem

2257 1872 2502 1928 laetemur
2530 1875 2700 1929 beata:
2755 1878 3026 1931 memoriae
3070 1880 3407 1935 Anastasiutn
3459 1883 3588 1936 nihil
3641 1884 3823 1940 fecisse

2254 1970 2670 2021 retractandum.
2707 1969 2844 2023 Deus
2888 1982 2939 2024 te
2969 1971 3285 2027 incolumem
3317 1984 3528 2038 servet,
3559 1976 3725 2029 frater
3751 1976 3824 2028 di-

2254 2054 2561 2110 lectissime.
2594 2058 2722 2111 Data
2754 2073 2808 2110 ttt
2833 2058 2948 2111 idus
2970 2059 3250 2127 Octobres,
3277 2062 3479 2117 Avieno
3502 2074 3555 2117 et
3578 2064 3825 2135 Pompeio

2254 2146 2564 2202 consulibus
2593 2146 2772 2218 (Anno
2810 2148 3005 2205 Christi
3038 2150 3191 2220 50f).

2656 2295 2985 2352 EPISTULA
3018 2297 3058 2349 ν
3090 2299 3109 2366 (
3128 2298 3286 2353 οιηι
3314 2300 3378 2354 IV
3398 2300 3438 2371 ).

2629 2422 2695 2460 AD
2721 2422 3015 2461 MAXIIIINUI
3047 2418 3070 2447 ε
3112 2425 3430 2466 ΡΑτΑνιΝυι.

2586 2530 2706 2596 Qua
2733 2534 2843 2601 ejus
2871 2532 3079 2586 virtutes
3107 2532 3477 2590 describuntur.

2323 2648 2678 2703 Dilectissimo
2700 2659 2861 2720 atque
2881 2652 3157 2707 carissimo
3186 2652 3331 2709 fratri
3363 2655 3652 2713 Maximino
3674 2660 3824 2715 Pata-

2253 2739 2391 2794 vina:
2418 2738 2675 2795 Ecclesite
2729 2741 3003 2812 episcopo,
3050 2744 3401 2814 Symmachus
3438 2748 3726 2821 episcopus
3775 2752 3825 2807 iu

2257 2830 2482 2884 Domino
2510 2831 2760 2887 salutem.

2324 2950 2507 3006 Prodit
2527 2952 2792 3020 religiosa:
2814 2960 2993 3008 votum
3016 2955 3381 3024 conscientiae,
3410 2972 3561 3013 mens
3584 2959 3829 3014 laudibus

2253 3039 2444 3097 devota
2485 3042 2829 3110 pontiﬁcum:
2863 3044 3087 3098 assertio
3132 3045 3326 3115 ingenii
3374 3056 3478 3111 est,
3524 3048 3637 3104 Deo
3672 3049 3830 3104 obse-

577 3136 878 3201 custodiat,
909 3134 1072 3189 frater
1102 3134 1397 3190 carissime.
1426 3132 1555 3187 Data
1601 3147 1659 3186 ut
1698 3132 1947 3188 calendas
1990 3134 2150 3190 Octo-
2176 3131 2224 3198 C
2253 3136 2535 3206 quentibus
2558 3138 2861 3206 mancipare
2884 3137 3023 3206 quod
3048 3138 3333 3208 loquimur,
3362 3138 3414 3193 in
3437 3155 3664 3209 quorum
3696 3157 3831 3211 prae-

579 3228 714 3295 bris,
758 3227 949 3283 iterum
988 3235 1105 3296 post
1131 3224 1467 3281 consulatum
1505 3222 1715 3279 Paulini
1746 3225 1761 3254 ¹
1789 3223 2021 3293 junioris
2050 3226 2148 3281 viri

576 3319 856 3373 clarissimi
888 3321 1069 3389 (Anno
1094 3317 1222 3373 Chr.
1249 3316 1399 3387 500).

651 3408 974 3463 Dominicum
999 3409 1189 3479 pascha
1218 3423 1310 3463 Vlll
1337 3408 1578 3462 calendas
1598 3406 1787 3478 Aprilis
1814 3406 1869 3479 (κ
1896 3407 1997 3461 cal.
2029 3406 2147 3462 Maii

574 3514 717 3555 anno
760 3498 907 3568 50f).

943 3638 1270 3694 EPISTOLA
1309 3637 1374 3691 tv
1418 3635 1601 3708 (ouu
1642 3637 1778 3707 xu).

815 3743 882 3781 AD
919 3742 1115 3781 Ανιτωι
1157 3741 1440 3781 EPISCOPUI
1480 3739 1806 3780 VIENNENSEI
1847 3735 1896 3778 ⁸.

571 3833 676 3891 Cur
702 3836 984 3891 inauditam
1004 3852 1210 3911 causam
1225 3836 1465 3911 judicare
1485 3836 1703 3911 noluerit
1722 3852 1743 3890 :
1761 3839 1995 3906 quodque
2013 3837 2145 3911 leges

1003 3906 1104 3960 sint
1131 3906 1408 3976 aliquando
1430 3905 1704 3959 solvenda.

623 4015 981 4073 Dilectissimo
1009 4015 1159 4071 fratri
1186 4017 1343 4071 Avito
1367 4014 1718 4087 Symmachus
1752 4026 1800 4069 ο.

637 4129 752 4184 Non
803 4128 988 4185 debuit
1055 4128 1330 4183 caritatem
1378 4135 1525 4182 tuam
1570 4126 1843 4182 oﬂ'endere
1892 4128 2031 4197 quod
2075 4128 2142 4184 ad

565 4223 784 4279 fratrem
833 4234 889 4277 et
931 4222 1304 4289 coepiscopum
1373 4229 1614 4276 nostrum
1674 4218 1926 4274 {Eonium
1973 4236 2143 4288 nuper

565 4312 959 4380 rescripsimus.
1035 4309 1148 4362 Non
1221 4310 1364 4364 enim
1428 4309 1535 4378 juri
1609 4316 1739 4372 tuo,
1793 4307 2142 4364 dilectissime

564 4403 757 4467 frater,
788 4401 1189 4471 prmjudicatum
1229 4399 1346 4466 fttit,
1380 4416 1501 4454 cum
1551 4414 1669 4466 nos,
1707 4400 1941 4454 inaudita
1988 4410 2138 4469 parte

2254 3224 2427 3279 coniis
2453 3224 2590 3279 forte
2610 3233 2865 3295 angustus
2893 3241 3071 3281 sermo
3092 3228 3266 3296 vulget
3288 3228 3628 3296 imperitiam,
3655 3230 3831 3285 mani-

2252 3312 2411 3369 festat
2440 3322 2639 3382 tamen,
2669 3314 2715 3386 si
2733 3315 3083 3382 abstineatur,
3109 3315 3408 3373 infantiam.
3450 3318 3578 3385 Quis
3616 3321 3833 3374 mendi-

2250 3418 2366 3459 cam
2390 3406 2749 3461 narrationem
2798 3406 3043 3472 aestimet,
3090 3423 3246 3478 quam
3294 3418 3413 3464 vota
3446 3411 3833 3479 locupletarit?

2249 3493 2406 3565 Saepe
2452 3496 2503 3550 in
2558 3495 2821 3551 facundiae
2859 3497 3073 3552 dotibus
3122 3514 3322 3568 pauper
3375 3500 3643 3555 invenitur
3688 3517 3830 3555 vena

2249 3585 2610 3654 praedicantis,
2658 3595 2713 3641 et
2753 3601 2784 3642 e
2823 3586 3036 3641 diverso
3063 3586 3342 3643 thesaurus
3371 3590 3548 3645 cordis
3596 3591 3834 3647 irradiat

2248 3675 2302 3728 in
2332 3685 2567 3744 egestate
2598 3678 2901 3732 verborum.
2932 3678 3029 3743 Qui
3062 3678 3175 3732 vice
3204 3678 3294 3733 Dei
3334 3679 3557 3748 judicat,
3592 3697 3704 3735 non
3735 3683 3836 3736 de-

2246 3764 2447 3820 siderat
2467 3768 2600 3832 picta
2630 3768 2858 3836 alloquia
2886 3767 3018 3837 (aL,
3050 3768 3377 3839 colloquia),
3409 3771 3505 3825 sed
3530 3787 3652 3839 quae
3684 3773 3834 3827 infu-

2244 3864 2397 3910 catus
2439 3858 2777 3911 commendat
2828 3858 2971 3911 nitor
3021 3858 3254 3927 ingenii:
3301 3859 3424 3927 quia
3455 3860 3508 3913 in
3548 3859 3630 3913 his
3658 3863 3832 3916 etiam

2245 3948 2364 4001 sine
2393 3961 2577 4001 amore
2604 3947 2875 4002 blanditur
2899 3947 3224 4018 eloquentia,
3256 3948 3310 4002 in
3341 3949 3444 4003 illis
3471 3948 3830 4018 splendorem

2243 4050 2397 4092 suum
2447 4038 2644 4091 veritas
2700 4038 2837 4092 nuda
2889 4036 3244 4093 commendat.
3293 4035 3423 4092 Sine
3469 4037 3713 4107 phaleris
3745 4050 3835 4096 est

2242 4143 2402 4184 omne
2430 4128 2570 4198 quod
2621 4128 2786 4183 dictat
2812 4127 3057 4183 affectio:
3105 4128 3172 4182 ad
3215 4142 3443 4196 unguem
3488 4128 3834 4185 fabricantur

2242 4220 2348 4286 illa,
2406 4234 2525 4289 qua:
2553 4220 2799 4274 volumus
2840 4234 2944 4273 non
2998 4229 3102 4273 tam
3146 4219 3379 4287 speciem
3433 4219 3564 4274 recti
3617 4219 3835 4276 habere

2240 4325 2397 4379 quam
2426 4310 2846 4363 similitudinem.
2874 4311 2955 4366 Ad
2983 4318 3055 4375 te,
3086 4308 3407 4364 venerabilis
3434 4310 3561 4362 mihi
3586 4312 3833 4365 antistes

2240 4400 2491 4467 maxime,
2537 4414 2714 4454 sermo
2741 4408 2843 4463 est,
2871 4399 2955 4452 cui
2997 4412 3119 4450 cum
3168 4398 3475 4452 meritorum
3508 4398 3835 4454 testimonio

562 4499 618 4544 et
669 4490 872 4560 absque
921 4490 1242 4559 competenti
1296 4490 1645 4544 instructions
1688 4506 1793 4544 non
1850 4504 2006 4559 posse
2053 4490 2136 4560 ju-
2164 4490 2212 4548 D
2240 4490 2406 4543 virtus
2434 4488 2598 4555 erepit
2624 4502 2654 4541 a
2706 4486 2984 4551 vocabulo,
3009 4487 3058 4539 iu
3088 4500 3195 4554 quo
3235 4493 3386 4540 actus
3413 4486 3690 4554 eloquitur
3724 4491 3829 4557 qui

561 4578 743 4632 dicare
810 4578 1204 4645 respondimus.
1282 4579 1432 4634 Unde
1490 4579 1805 4633 fraternitati
1859 4588 1960 4632 tuo
2026 4580 2134 4633 sal-

561 4684 685 4721 vum
736 4678 819 4722 est
867 4668 1130 4739 allegare,
1176 4669 1316 4735 quod
1376 4669 1643 4737 putaverit
1692 4668 2023 4737 allegandum
2079 4677 2133 4723 ct

560 4772 860 4828 proponere
900 4760 1044 4826 quod
1101 4758 1294 4815 viderit
1347 4760 1772 4829 proponendum.
1824 4760 1955 4814 Nam
2006 4760 2131 4816 licet

559 4848 924 4903 confusionem
944 4851 1229 4917 provincia:
1250 4866 1279 4904 a
1307 4852 1704 4920 praedecessore
1729 4861 1914 4906 nostro
1929 4862 2129 4908 saneta:

559 4938 834 4993 memoriae
869 4941 1151 4994 Anastasio
1194 4943 1449 5011 episcopo
1481 4954 1673 5011 praeter
1717 4945 1971 5000 Ecclesia:
2000 4959 2128 4998 con-

557 5030 890 5085 suetudinem
948 5041 1002 5086 et
1058 5032 1273 5101 antiqua
1325 5035 1775 5102 prtedccessorum
1824 5046 2125 5091 nostrorum

556 5128 752 5175 statuta
784 5120 976 5175 factam
1017 5136 1135 5176 esse
1162 5123 1455 5179 dixerimus
1502 5134 1557 5178 et
1588 5141 1692 5178 non
1737 5139 1855 5181 esse
1886 5126 2125 5180 toleran-

625 5319 639 5348 ¹
685 5314 1045 5385 Expungenda
1078 5329 1186 5385 vox
1215 5316 1332 5369 haec
1360 5315 1616 5385 junioris,
1647 5315 1713 5369 ab
1741 5317 1919 5383 aliquo
1945 5315 2113 5369 sciolo

556 5382 781 5451 intrusa,
809 5382 928 5440 cuin
961 5382 1215 5438 Paulinus
1242 5399 1331 5439 an.
1358 5382 1461 5440 7198
1478 5387 1660 5438 consul
1688 5382 1989 5439 ordinarius
2018 5384 2123 5439 dici

553 5473 657 5509 non
685 5455 1064 5526 possitjunior,
1080 5454 1200 5525 quia
1232 5456 1407 5526 nullus
1423 5455 1659 5526 ejusdem
1677 5455 1909 5526 nominis
1930 5470 2052 5508 eum
2071 5455 2122 5508 in

549 5527 829 5579 consulatu
854 5524 1220 5595 praeces-crat.
1242 5524 1430 5595 Pagina
1446 5525 1509 5577 ad
1529 5541 1616 5580 au.
1632 5524 1822 5595 (iltristi
1839 5525 2118 5588 49‘l,n.l5.

621 5604 647 5631 ι
678 5596 818 5665 Aviti
845 5594 911 5648 ad
934 5594 1561 5665 Symtnacltumepistola
1594 5594 1787 5648 videsis
1810 5595 2124 5663 Patrologiu:

552 5681 679 5722 tum.
705 5662 839 5733 LIX,
857 5662 1109 5723 colli2i5
1129 5679 1180 5723 et
1195 5667 1321 5723 248.
1344 5664 1564 5722 Ennodii
1581 5666 1645 5721 ad
1669 5666 1912 5720 eutttdem
1937 5662 2124 5735 papam

2237 4593 2432 4633 nomen
2462 4577 2711 4646 appellat.
2751 4575 2977 4630 Provida
3002 4582 3280 4642 parentum
3303 4573 3571 4642 diligentia
3598 4584 3833 4631 tuorum

2235 4668 2379 4737 prius
2408 4676 2460 4722 te
2490 4667 2610 4736 eligi
2643 4665 2764 4736 (aL,
2795 4663 3019 4733 eligere)
3050 4664 3235 4732 voluit,
3277 4679 3435 4734 quam
3469 4664 3712 4732 probari.
3750 4666 3839 4720 Te

2234 4758 2362 4812 olim
2389 4756 2731 4812 saecularibus
2752 4754 3099 4809 inhzerentem
3130 4753 3315 4818 titulis,
3338 4752 3628 4809 castrensis
3648 4754 3836 4809 sudor

2233 4848 2488 4911 excoluit,
2529 4856 2584 4901 et
2612 4845 2679 4900 ad
2713 4844 2966 4900 Ecclesia:
2992 4843 3354 4913 gubernacula
3409 4857 3532 4911 pars
3582 4842 3833 4897 adversa

2234 4939 2498 5000 solidavit,
2529 4937 2667 4991 sicut
2698 4936 2951 4990 Dominus
2984 4934 3219 5003 loquitur
3248 4935 3299 4987 in
3342 4933 3627 5002 Evangelia
3653 4949 3671 4985 :
3712 4935 3837 5000 Qui

2226 5031 2279 5085 in
2301 5031 2509 5083 minimo
2540 5029 2727 5098 ﬁdelis,
2777 5038 2825 5081 et
2870 5028 2923 5079 in
2955 5042 3138 5095 magno
3163 5026 3331 5094 ﬁdelis
3359 5036 3431 5079 est
3462 5024 3616 5093 (Luc.
3664 5028 3828 5095 xw).

2227 5122 2305 5177 Te
2329 5134 2539 5176 sacrum
2554 5118 2720 5188 judex
2751 5130 2803 5174 et
2826 5115 3034 5172 consilii
3058 5116 3309 5168 comitem
3335 5116 3548 5179 meruit,
3576 5114 3836 5170 etlabo-

2220 5315 2463 5381 epistolcc
2494 5312 2636 5368 inter
2665 5313 2808 5368 illius
2834 5327 2994 5381 opera
3019 5311 3169 5365 initio
3194 5312 3319 5365 tomi
3350 5314 3619 5381 sequentis
3643 5327 3833 5368 recu-

2232 5388 2444 5439 dentttr.
2482 5384 2639 5439 Eutr.

2301 5453 2328 5492 δ
2372 5456 2443 5509 Ex
2475 5454 2688 5508 schedis
2723 5454 2784 5506 lt.
2816 5452 2874 5505 P.
2911 5450 3054 5505 llier.
3085 5450 3318 5521 Vignerii
3365 5467 3480 5520 pag.
3512 5450 3633 5514 585,
3665 5459 3831 5513 tom.

2230 5522 2295 5577 V.
2325 5524 2613 5592 Spicilegii.

2304 5604 2326 5632 ο
2360 5589 2412 5646 Ιή
2439 5589 2669 5648 editione
2698 5591 2864 5645 Mansi
2900 5592 3191 5659 legebatur,
3221 5592 3298 5645 Ad
3327 5589 3655 5646 Laurentium
3696 5590 3837 5650 Μι-

2233 5664 2601 5731 diolanensem,
2634 5664 2906 5718 mendose.
2944 5663 3098 5717 lion.
