4044 6184
315 308 400 362 53
1530 292 1885 351 ΕΡΙΞΤΟΙᾹ]
1927 290 2015 346 ΕΤ
2055 286 2374 345 DECRETA
2387 326 2400 339 .
3543 276 3614 330 5‘s

317 423 423 475 ris.
454 420 621 485 Bene,
648 409 1283 473 venerandisinitiandus
1308 408 1591 471 altaribus,
1618 416 1669 460 et
1697 406 1749 459 in
1782 405 1919 458 laica
1948 406 1996 463 Α
2027 400 2140 455 lloc
2168 396 2504 467 postulamus
2544 401 2602 448 ut
2645 391 2761 449 fieri
2808 388 3090 485 prohibeztt
3116 386 3424 485 apostolica:
3470 388 3615 440 sedis

313 510 733 565 conversatione
759 506 903 577 quod
926 519 1138 561 sacrum
1164 511 1328 567 esset,
1360 499 1591 570 elegisti.
1623 498 1707 552 Tu
1756 496 1914 566 pudi-

314 603 466 655 citiae
487 600 541 654 iu
578 600 669 655 illa
700 609 859 655 :etate
885 607 1070 654 custos
1120 597 1371 650 inventus
1396 607 1477 659 es,
1510 594 1563 646 in
1590 606 1693 661 qua
1742 598 1797 646 et
1826 590 1911 643 lex

315 692 643 763 obsequitur
670 690 968 745 desideriis.
996 688 1139 744 Satis
1166 688 1308 742 enim
1340 694 1445 750 est,
1478 684 1721 752 pueritia:
1750 683 1918 737 ambi-

319 794 463 847 tum,
512 797 675 853 quam
726 782 935 838 licentia
993 781 1165 847 fulcit,
1214 779 1419 833 horreri
1472 778 1605 849 (aL,
1635 774 1914 843 horrere).

316 874 574 930 Christus
603 872 801 928 milites
830 887 978 938 suos,
1006 886 1144 941 quos
1168 868 1220 923 in
1265 883 1548 937 personam
1577 866 1731 922 ducis
1759 865 1917 919 atto'-

320 968 402 1021 lat
448 967 588 1020 inter
616 964 761 1019 acies
814 963 1009 1034 qumrit
1057 962 1300 1015 hostiles.
1354 958 1604 1013 Adscitns
1644 956 1911 1019 Ecclesite,

318 1061 635 1130 pontiﬁcem
663 1057 870 1113 actibus
901 1054 1133 1124 implesti
1175 1063 1299 1108 ante
1330 1062 1571 1120 tempora
1621 1050 1915 1119 dignitatis.

318 1152 448 1207 Non
478 1152 573 1206 fuit
602 1150 805 1205 advena
835 1147 1159 1217 benignitas,
1183 1159 1301 1215 qua
1328 1153 1533 1197 natura:
1564 1141 1745 1195 innixa
1776 1138 1920 1194 radi-

317 1244 501 1307 cibus,
554 1241 622 1295 de
658 1253 796 1294 cano
844 1239 977 1291 flore
1029 1249 1253 1306 germen
1302 1232 1559 1287 ostendit.
1600 1229 1923 1297 Temporale

318 1334 471 1387 enim
497 1342 580 1387 est
606 1346 767 1385 Omne
795 1327 935 1398 quod
970 1328 1187 1393 ﬁngitur
1210 1344 1221 1378 :
1282 1334 1596 1394 perpetuum
1624 1320 1768 1389 quod
1795 1336 1915 1374 cum

320 1434 487 1479 etate
521 1423 853 1478 maturescit.
880 1421 995 1475 Non
1023 1420 1113 1474 tibi
1144 1417 1503 1473 sacerdotium
1529 1430 1640 1469 rem
1662 1413 1919 1467 douicre-

318 1517 507 1570 dimus
537 1516 802 1577 evenisse,
846 1512 939 1568 sed
972 1511 1196 1582 praemii.
1256 1510 1357 1565 Alii
1388 1509 1589 1579 vulgari
1635 1506 1801 1579 gratia
1845 1505 1921 1560 le-

320 1609 612 1662 nocinante
641 1607 1088 1661 commendantur
1144 1604 1238 1673 (of.
1259 1645 1275 1670 ,
1308 1602 1460 1656 Alius
1487 1602 1627 1671 vulgi
1666 1614 1759 1654 ora
1790 1615 1843 1669 g.
1882 1598 1918 1654 Ι.

308 1700 750 1768 commendat):
783 1700 874 1754 tibi
906 1698 1073 1770 rigida
1121 1698 1262 1752 circa
1316 1696 1611 1765 culpabiles
1655 1692 1921 1749 districtio

325 1794 474 1848 dedit
523 1792 794 1847 affectum.
847 1791 1024 1846 Manet
1054 1799 1107 1843 te
1147 1788 1438 1857 singularis
1483 1787 1766 1853 sapientia,
1799 1801 1916 1852 quae
1952 1774 1997 1831 Β

327 1885 457 1939 licet
486 1882 814 1951 generaliter
854 1879 1084 1950 optanda
1113 1888 1225 1942 est,
1259 1890 1436 1931 tamen
1464 1876 1644 1931 exiStit
1671 1876 1721 1928 iu
1754 1875 1920 1942 magi-

324 1985 443 2027 stro
462 1974 788 2028 necessaria.
815 1971 1029 2026 Frustra
1051 1968 1337 2023 monitoris
1362 1981 1647 2036 personam
1669 1966 1916 2032 suscipit,

324 2065 420 2136 qni
468 2064 684 2132 impacti
729 2078 834 2117 non
866 2061 1127 2132 praevalet
1172 2060 1441 2113 testimare
1491 2057 1699 2128 pondus
1734 2057 1917 2110 officii.

328 2154 615 2207 Vilissimis
640 2150 1033 2221 comparandus
1078 2159 1183 2217 est,
1228 2149 1328 2203 nisi
1379 2148 1651 2218 pra-cellat
1696 2146 1919 2200 scientia

330 2257 382 2301 et
411 2247 717 2307 sanctitate.
746 2243 835 2313 qui
862 2254 941 2299 est
980 2243 1183 2297 honore
1215 2241 1574 2309 praastantior.
1622 2237 1777 2293 Dedit
1822 2238 1917 2292 tibi

322 2338 538 2407 apicem
561 2336 863 2405 resjudicii,
890 2351 992 2389 non
1023 2334 1245 2389 favoris.
1276 2334 1477 2402 Dignus
1501 2332 1754 2401 pontifice
1771 2347 1921 2385 amnr

324 2439 436 2491 cst.
464 2445 625 2498 quem
657 2443 883 2483 censura
913 2427 1184 2483 conciliat.
1228 2427 1553 2481 Devenustat
1600 2426 1923 2480 institutoris

324 2520 544 2587 genium
577 2520 597 2586 (
613 2520 712 2585 aL,
739 2518 1008 2589 ingenium
1035 2518 1088 2587 ),
1116 2518 1205 2587 qui
1238 2532 1332 2586 per
1357 2517 1525 2572 solam
1557 2517 1783 2587 gratium
1811 2520 1922 2572 vult

325 2611 564 2676 placere.
593 2610 673 2665 'l‘n
704 2610 788 2665 his
821 2609 1065 2665 eruditus
1096 2621 1149 2664 et
1181 2609 1443 2663 formatus
1467 2610 1588 2666 caeli
1623 2609 1919 2671 beneficiis,

330 2705 455 2765 rius
500 2703 709 2773 agendo
738 2703 994 2771 populum
1035 2703 1283 2757 institucs
1330 2718 1487 2771 quam
1517 2703 1783 2757 docendo.
1830 2703 1920 2756 ΙΙΙ-ι

327 2794 536 2847 monita
583 2794 966 2862 discipulorum
1022 2795 1404 2848 conscientiam
1457 2794 1747 2858 erudiunt,
1806 2808 1922 2863 quae

326 2884 628 2953 probantur
647 2885 922 2953 exemplo.
959 2885 1089 2940 Sine
1115 2885 1321 2955 pudore
1348 2886 1543 2939 invitat
1568 2887 1635 2939 ad
1665 2887 1922 2940 innocen-

329 2976 485 3041 tiam,
518 2975 611 3044 qui
647 2976 793 3029 illam
823 2974 980 3030 fuerit
1010 2976 1125 3044 ipse
1163 2983 1419 3032 sectatus.
1449 2977 1526 3030 Te
1549 2976 1687 3031 inter
1714 2985 1921 3030 secreta

336 3068 693 3135 penetralium
714 3069 863 3138 quasi
889 3077 1079 3123 testem
1100 3077 1365 3133 metuunt,
1383 3069 1471 3137 qui
1497 3082 1725 3139 peccare
1747 3068 1921 3137 dispo-

337 3167 491 3213 nunt.
507 3158 861 3213 Nascentibus
885 3157 1053 3226 culpis
1071 3168 1309 3213 metuset
1328 3158 1626 3213 reverentia
1656 3165 1744 3212 tua
1767 3166 1926 3226 negat
1953 3140 1998 3201 C

332 3248 582 3303 cfl’ectum
619 3248 1043 3320 (al.,affectum).
1072 3248 1170 3316 Qui
1191 3249 1331 3304 inter
1344 3248 1565 3303 exordia
1593 3247 1828 3303 occurrit
1851 3247 1927 3301 vi-

338 3341 449 3401 tiis,
472 3350 523 3394 et
548 3340 885 3394 occasionem
910 3339 1154 3404 lapsuum
1182 3340 1391 3407 adimit,
1413 3349 1466 3394 et
1482 3340 1928 3409 concupiscentiae

341 3441 527 3500 purgat
564 3442 859 3484 auctorem.
890 3431 1011 3483 llzec
1038 3430 1353 3485 beatitudini
1385 3439 1489 3484 tua:
1512 3430 1665 3495 quasi
1696 3428 1925 3482 strictim

341 3539 439 3592 pro
460 3522 652 3591 lingua:
687 3539 819 3576 metu
848 3523 1318 3577 commendatione
1359 3522 1636 3576 dedicavi:
1668 3522 1712 3577 si
1757 3521 1928 3588 preci-

341 3616 441 3668 bus
479 3616 585 3669 tuis
611 3615 733 3669 vita:
782 3629 1062 3669 successus
1091 3614 1353 3677 arriserit,
1385 3623 1660 3683 gestorum
1715 3624 1927 3667 tuorum

340 3706 498 3771 plena
545 3721 631 3760 me
679 3705 939 3760 relatione
983 3704 1346 3770 consecrabo;
1379 3716 1438 3761 ut
1494 3722 1612 3776 qua:
1664 3704 1928 3761 universis

340 3804 469 3848 nota
498 3804 641 3859 sunt,
670 3800 935 3851 mansuris
988 3798 1039 3852 in
1088 3805 1366 3868 posterum
1420 3797 1634 3867 litteris,
1667 3808 1931 3868 quatenus

342 3884 570 3954 gaudeat
597 3894 729 3941 tetas
766 3894 1037 3957 secutura,
1079 3897 1381 3943 serventur.

810 4048 898 4104 EX
908 4048 1132 4107 EMPLU
1142 4050 1188 4105 Μ
1220 4047 1483 4107 LIBELLI

486 4220 517 4258 Α
544 4217 788 4260 (ζωιιιο
816 4218 1060 4260 ινιεοορο
1083 4220 1364 4261 εγιιιιιιειιο
1394 4221 1537 4260 ιηιιιιε
1579 4220 1788 4263 οΒιΑτι.

416 4365 623 4421 Sicuta
652 4380 879 4435 persona
931 4368 1069 4422 beati
1132 4368 1272 4423 Petri
1317 4367 1543 4437 apostoli
1595 4368 1935 4437 episcopatus

347 4458 516 4509 sumit
538 4458 770 4522 initium,
802 4458 872 4511 ita
896 4473 1120 4513 necesse
1143 4468 1246 4521 est,
1294 4466 1353 4512 ut
1382 4456 1678 4526 disciplinis
1718 4471 1935 4525 compe-

352 4547 589 4601 tentibus
614 4548 873 4603 sanctitas
896 4558 1069 4603 vestra
1122 4549 1341 4618 singulis
1388 4547 1631 4602 ecclesiis
1659 4548 1785 4613 quid
1836 4548 1933 4601 ob-

356 4654 574 4693 servare
601 4639 833 4694 debeant
879 4640 1156 4695 evidenter
1175 4641 1440 4695 ostendat.
1482 4641 1538 4694 ln
1569 4640 1735 4695 Gallia
1771 4640 1938 4711 siqui-

356 4734 476 4785 dem
532 4733 809 4801 provincia
860 4734 930 4787 ab
970 4734 1236 4803 aliquibus
1277 4734 1520 4802 personis
1573 4735 1933 4789 ecclesiastica

356 4822 550 4891 [inedia
582 4822 819 4877 diversis
851 4822 1017 4877 titulis
1047 4824 1370 4878 alienantur.
1416 4822 1489 4877 Ita
1522 4826 1599 4891 fit,
1633 4835 1692 4878 ut
1722 4840 1818 4893 pro
1838 4840 1937 4879 suo

351 4916 476 4982 quis
507 4915 732 4970 arbitrio
759 4915 952 4971 devota
983 4925 1164 4972 mente
1213 4916 1629 4985 relinquentium
1670 4926 1726 4970 et
1772 4932 1935 4987 egen-

359 5005 487 5061 tium
517 5009 931 5066 necessitatibus
981 5009 1262 5080 deputatas
1304 5010 1587 5066 imminuat
1633 5011 1932 5067 facultates.

426 5147 445 5178 ¹
476 5145 531 5219 lu
552 5146 776 5219 collect.
793 5146 942 5207 Isid..
968 5146 1229 5219 Incipiunt
1248 5149 1448 5203 decreta
1470 5147 1770 5219 Symmachi
1792 5166 1935 5218 ριιῃιε

354 5216 421 5268 ιιι
446 5217 721 5269 (Stesarium
740 5235 825 5285 ep.
858 5218 997 5273 Arei.
1030 5216 1093 5273 lu
1114 5220 1280 5273 titulis
1303 5216 1594 5284 canonum,
1619 5236 1753 5287 quos
1777 5216 1936 5274 habet

356 5287 611 5342 (Ioﬂoctio
633 5288 957 5358 Dionysiana
981 5305 1082 5343 ms.
1108 5290 1161 5344 in
1184 5290 1423 5359 Collegio
1450 5289 1621 5344 Paris.
1644 5305 1760 5346 soc.
1784 5289 1935 5354 Jesu,

426 5432 451 5458 ι
480 5421 627 5503 .llinc
672 5439 793 5503 qua:
831 5424 1212 5503 beneficiorum
1256 5425 1743 5503 ecclesiasticorum
1775 5426 1941 5503 origo

356 5493 537 5557 fuerit,
568 5497 907 5550 manifestum
941 5498 1017 5550 fit.
1066 5499 1198 5550 Cum
1230 5497 1370 5550 enim
1399 5498 1637 5550 solerent
1661 5498 1838 5550 clerici
1871 5498 1938 5551 ab

354 5580 416 5643 ea
439 5566 789 5643 ccclesiapcr
808 5568 1117 5636 episcopum
1140 5568 1361 5643 singulis
1392 5568 1663 5643 metuibns
1691 5567 1932 5643 meritam

354 5637 544 5698 stipem
576 5639 842 5704 accipere,
876 5648 933 5691 ιιι
963 5653 1120 5701 supra
1158 5637 1394 5692 diximus
1426 5638 1476 5690 itt
1512 5639 1648 5690 notis
1676 5638 1933 5691 conciliu-

354 5719 472 5759 runt
499 5716 735 5777 tempore
761 5709 1012 5780 Cypriani
1042 5709 1372 5775 habitorum;
1403 5709 1615 5780 cantigit
1644 5719 1845 5779 postea,
1876 5719 1929 5762 ut

1962 4502 2014 4560 D

2019 493 2332 553 auctoritas,
2371 487 2473 542 nisi
2505 485 2730 539 forsitan
2778 482 2981 551 aliquid
3012 480 3226 550 pietatis
3269 478 3464 532 intuitu
3499 492 3615 531 mo.

2019 580 2266 637 nasteriis
2293 579 2454 633 fuerit
2481 574 2835 645 largiendum.
2883 572 3016 627 lllud
3062 570 3227 625 etiam
3262 568 3377 637 pari
3403 568 3605 635 suppli-

2018 675 2230 729 catione
2250 671 2611 741 deposcimus,
2641 676 2699 721 ut
2720 667 2787 721 de
2815 664 2947 720 laica
2976 661 3409 725 conversatione,
3445 658 3532 728 qui
3557 658 3609 711 in

2017 764 2247 833 singulis
2272 762 2509 831 iudicum
2535 759 2732 814 officiis
2754 755 3071 820 meruerint,
3090 747 3349 807 aut'certc
3371 751 3610 805 rexerint

2018 857 2119 912 sub
2149 857 2325 925 aliqua
2356 860 2620 923 potestate
2650 847 2975 919 provincias.
3001 847 3101 901 nisi
3129 845 3299 899 multo
3325 853 3450 899 ante
3474 851 3611 897 tem-

2022 962 2149 1016 pore
2177 946 2454 1015 przcmissa
2479 941 2891 996 conversatione
2921 937 3181 1007 legitima,
3205 944 3259 990 et
3279 936 3385 989 vita
3407 934 3612 989 exami-

2022 1049 2167 1103 nata,
2200 1037 2377 1092 nullus
2406 1035 2636 1092 clericus
2652 1041 2743 1087 aut
2768 1032 3056 1101 episcopus
3076 1029 3379 1083 ordinetur.
3414 1027 3613 1081 Viduas

2022 1129 2183 1183 etiam
2220 1127 2332 1196 jam
2360 1126 2453 1180 diu
2492 1125 2748 1195 religioso
2779 1122 2964 1176 habitu
3006 1128 3306 1187 assumpto.
3335 1128 3391 1173 et
3413 1118 3611 1173 sancti-

2021 1219 2283 1274 moniales
2338 1219 2501 1288 longo
2539 1217 2650 1287 jam
2712 1225 2951 1285 tempore
2981 1214 3033 1268 in
3064 1212 3405 1268 monasteriis
3430 1212 3609 1265 consi-

2021 1320 2247 1373 stentes,
2279 1309 2550 1378 poscimus
2592 1318 2649 1362 ut
2687 1306 2973 1374 unicuique
3001 1304 3235 1373 coniugii
3281 1317 3464 1371 causa,
3516 1317 3613 1356 ncc

2021 1400 2264 1454 volentes
2300 1399 2404 1453 sibi
2439 1398 2687 1468 jungere,
2715 1411 2814 1452 nec
2857 1397 3052 1450 invitas
3081 1392 3323 1463 rapiendi
3352 1393 3513 1447 libera
3545 1393 3615 1445 sit

2025 1488 2271 1543 facultas.
2322 1487 2459 1543 lllud
2503 1486 2666 1543 etiam
2699 1485 2887 1540 humili
2936 1499 3098 1553 prece
3147 1482 3504 1552 suggerimus,
3556 1492 3615 1535 ιιι

2026 1580 2154 1634 nulli
2186 1595 2281 1649 per
2322 1578 2582 1634 ambitum
2605 1577 2670 1631 ad
2696 1577 3064 1647 episcOpatunt
3109 1573 3436 1629 concedatur
3462 1586 3614 1626 acce-

2024 1674 2173 1736 dere,
2202 1685 2301 1727 nec
2328 1670 2450 1725 data
2482 1669 2706 1739 pecunia
2744 1668 2843 1723 sibi
2869 1676 3114 1736 potentes
3151 1665 3397 1721 homines
3418 1662 3615 1718 suffra-

2023 1775 2238 1833 gatores
2281 1760 2594 1816 adhibeant.
2630 1760 2695 1813 Et
2722 1769 2778 1813 ut
2810 1758 2923 1812 haec
2957 1756 3166 1811 facilius
3196 1760 3405 1825 posslnt
3432 1764 3613 1808 custo-

2023 1856 2147 1918 diri,
2182 1854 2362 1908 clerici
2398 1852 2482 1906 vel
2510 1852 2661 1905 cives
2688 1850 2965 1904 decretum
2997 1848 3197 1908 facere.
3248 1846 3330 1899 vel
3378 1844 3615 1899 subseri-

2024 1946 2175 2013 bere,
2209 1945 2327 1998 sine
2356 1941 2757 2010 metropolitani
2784 1939 2972 1992 notitia
3002 1940 3082 1993 vel
3114 1951 3379 1990 con~ensu
3401 1935 3616 2002 penitus

2023 2053 2131 2091 non
2165 2042 2511 2105 praasuutant.
2555 2031 2679 2087 llzcc
2710 2032 2889 2085 omnia
2921 2030 3123 2084 ultione
3142 2026 3499 2083 districtionis
3526 2041 3617 2079 ve-

2022 2136 2147 2179 strae
2172 2126 2283 2179 fleri
2321 2124 2605 2192 prohibete
2630 2140 2644 2187 ;
2674 2131 2939 2191 quatenus
2983 2132 3037 2175 et
3067 2121 3117 2173 in
3148 2118 3382 2173 Ecclesia
3415 2125 3616 2180 vestra,

2023 2218 2159 2272 etin
2190 2216 2497 2283 supradicta
2551 2214 2848 2283 provincia,
2902 2211 3182 2281 disciplina
3228 2211 3381 2264 bonis
3410 2208 3617 2263 actibus

2024 2312 2194 2367 anni-2a
2240 2319 2504 2365 servetur.

2424 2480 2753 2537 EPISTOIA
2787 2479 2851 2533 VI
2896 2478 3099 2547 (OLIM
3132 2476 3233 2543 Υ).

2230 2613 2295 2651 an
2316 2610 2595 2651 οεεΑιιιυιι
2638 2608 2920 2648 srtscoruu
2954 2598 3335 2646 Alit-Iun:qu
3372 2588 3411 2638 '.

2276 2707 2494 2762 Cmsarii
2522 2704 3008 2760 consultationibus
3056 2698 3366 2768 respondet.

2028 2844 2077 2898 1.
2111 2845 2177 2901 Ut
2204 2861 2283 2898 res
2313 2842 2559 2896 Ecclesitv
2590 2858 2690 2893 non
2719 2839 3026 2892 alienantur.

2028 2934 2055 2988 1
2068 2934 2111 2988 Ι.
2151 2934 2218 2989 Ut
2243 2934 2415 2987 nullus
2438 2932 2675 2985 honorem
2701 2928 2925 2998 prtcmiis
2952 2925 3188 2994 accipiat.

2029 3026 2147 3082 HI.
2172 3026 2382 3082 Utlaici
2405 3042 2494 3095 per
2517 3024 2708 3095 gratius
2731 3022 3162 3075 adsacerdotium
3187 3018 3549 3086 provehantur.

2032 3119 2135 3175 IV.
2174 3120 2245 3175 Ut
2270 3128 2500 3187 raptores
2525 3118 2819 3183 viduarum,
2848 3114 2927 3170 vel
2970 3113 3254 3183 virginum,
3286 3115 3349 3166 ab
3378 3111 3627 3166 Eccleaitc

2102 3217 2457 3268 communione
2486 3213 2763 3281 pelluntur.

2040 3305 2101 3361 V.
2136 3305 2200 3361 Ut
2229 3306 2397 3359 vidua
2435 3305 2513 3358 vel
2556 3303 2776 3376 virgines
2816 3302 3180 3356 continentiam
3232 3304 3478 3372 professte
3520 3316 3621 3352 non

2102 3398 2317 3451 nubant.

2038 3487 2109 3541 VI
2125 3526 2136 3541 .
2168 3486 2235 3542 Ut
2260 3487 2431 3540 nullus
2457 3501 2548 3556 per
2570 3485 2817 3538 ambitum
2846 3485 2913 3538 ad
2943 3486 3294 3554 episcopatum
3320 3485 3546 3540 accedat.

2105 3597 2464 3652 Dilectissimo
2493 3595 2646 3650 fratri
2671 3594 2910 3650 Caesarie
2937 3594 3317 3666 Symmachus.

2105 3709 2359 3763 llortatur
2391 3722 2488 3760 nos
2510 3706 2735 3776 a-quitas
2762 3705 3162 3775 postulationis,
3196 3702 3466 3759 desiderio
3516 3701 3624 3755 fra-

2035 3800 2300 3855 ternitatis
2332 3807 2434 3853 tua:
2475 3806 2750 3867 gratanter
2787 3810 3027 3850 annuere
3051 3796 3120 3849 de
3144 3795 3368 3864 singulis
3411 3810 3528 3864 qua:
3557 3796 3626 3846 ab

2032 3890 2325 3959 apostolica
2380 3889 2510 3945 sede
2548 3888 2774 3943 concedi
2828 3885 3099 3955 supplicas
3156 3886 3253 3955 (al.
3307 3883 3612 3953 postulas),

2033 3982 2174 4051 quod
2199 3997 2228 4035 a
2263 3982 2481 4036 Patrum
2516 3980 2726 4035 cautela
2756 3989 2811 4033 et
2858 3978 3167 4048 provisione
3200 3991 3303 4029 non
3335 3975 3619 4043 discrepat.

2038 4074 2101 4128 Et
2129 4072 2374 4141 quamvis
2412 4070 2793 4125 ecclesiastica:
2838 4068 3035 4135 regulae
3079 4082 3217 4136 pene
3255 4067 3435 4119 omnia
3481 4082 3622 4119 com-

2039 4164 2392 4234 prehendant,
2428 4174 2607 4217 tamen
2628 4160 2959 4231 superfluum
3005 4174 3125 4213 esse
3175 4174 3280 4212 non
3330 4159 3627 4228 credimus,

2037 4261 2215 4313 denuo
2246 4257 2369 4326 (aL,
2402 4256 2565 4323 nunc)
2603 4269 2722 4325 qua:
2747 4260 2873 4307 sunt
2899 4251 3097 4322 sacpius
3146 4250 3427 4305 interdicta
3476 4265 3628 4321 repe-

2040 4360 2175 4405 tere.

2110 4564 2136 4593 ι
2170 4552 2541 4608 Possessiones
2565 4550 2750 4621 igitur,
2785 4565 2919 4622 quas
2963 4551 3329 4621 unusquisque
3376 4549 3636 4605 Ecclesia:

2040 4648 2258 4718 proprio
2283 4646 2427 4702 dedit
2455 4654 2546 4699 aut
2568 4645 2782 4713 reliquit
2812 4644 3061 4709 arbitrio,
3100 4645 3321 4699 alienari
3373 4643 3637 4711 quibusli-

2042 4740 2130 4793 bet
2171 4738 2335 4793 titulis
2384 4747 2544 4805 atque
2574 4735 2939 4790 contractibus
2965 4736 3098 4805 (aL,
3127 4734 3567 4790 distractiouibus
3591 4736 3631 4801 l,

2039 4830 2124 4886 vel
2173 4829 2275 4884 sub
2323 4843 2645 4896 quocunque
2695 4836 3013 4895 argumento
3064 4844 3169 4881 non
3220 4828 3495 4897 patimur:
3530 4829 3631 4881 nist

2042 4922 2264 4977 forsitan
2294 4930 2383 4973 aut
2410 4919 2622 4973 clericis
2662 4918 2926 4972 ltonorum
2974 4920 3202 4985 meritis,
3222 4930 3338 4973 'aut
3363 4929 3631 4973 monaste-

2043 5015 2138 5068 riis
2168 5011 2442 5080 religionis
2468 5010 2684 5074 iutttittt,
2712 5018 2801 5064 aut
2833 5021 2981 5065 certe
3021 5012 3320 5081 peregrinis
3342 5012 3635 5067 necessitas

2047 5150 2149 5203 huc
2178 5148 2529 5203 constitutum
2585 5147 2781 5200 dicitur
2830 5164 2951 5201 esse
2995 5150 3208 5204 concilii
3260 5152 3477 5204 secundi
3532 5154 3635 5203 sub

2046 5222 2373 5290 Symmacho
2400 5237 2415 5275 :
2449 5218 2523 5271 De
2546 5219 2694 5271 rebus
2726 5217 2970 5273 Ecclesiw
2991 5239 3154 5275 cense.
3173 5224 3370 5277 vamlis.
3408 5222 3578 5275 ΙΙΑιιυ.

2046 5425 2312 5491 aliquibus
2344 5442 2406 5479 ex
2452 5426 2532 5479 his
2566 5426 2817 5480 Ecclesia:
2850 5429 3218 5495 possessiones
3239 5468 3252 5488 ,
3284 5428 3457 5493 quoad
3492 5430 3640 5483 vive—

2047 5508 2187 5560 rent,
2220 5497 2287 5549 ab
2318 5496 2433 5563 ipso
2459 5499 2713 5564 episcopo
2746 5499 3193 5559 concederentur,
3221 5513 3340 5566 qua:
3376 5501 3637 5553 beneliria

2039 5569 2142 5620 dici
2174 5577 2478 5636 eruperunt,
2512 5584 2579 5623 eo
2620 5569 2757 5634 quod
2789 5578 2863 5630 (ut
2900 5567 3058 5620 habet
3085 5568 3465 5638 Symmachus)
3499 5573 3638 5625 bene

2042 5639 2248 5694 meritis
2281 5639 2648 5693 tantummodo
2677 5655 2769 5693 eas
2795 5640 3013 5693 concedi
3043 5639 3250 5695 liceret.
3275 5641 3409 5697 διν.
3434 5643 3636 5699 Btrttus.
