4040 6184
483 267 554 322 55
1821 254 2174 312 SYMMACHI
2217 254 2422 310 ΡΑΡΑΞ
3657 248 3728 309 56

483 376 662 448 largiri
689 373 917 434 suaserit
943 391 956 426 :
985 372 1064 428 sic
1086 381 1262 428 tamen
1284 379 1346 426 ut
1370 371 1486 424 haec
1512 371 1625 437 ipsa
1650 382 1756 422 non
1775 378 2058 436 perpetuo,
2087 367 2138 424 A
2163 379 2252 420 vut
2289 365 2410 441 idus
2449 365 2787 432 Novembris,
2820 364 2995 423 Probo
3021 367 3138 420 viro
3165 365 3470 421 clarissimo
3508 369 3734 423 consule

482 467 580 525 sed
607 465 967 536 temporaliter
989 464 1164 518 donec
1193 461 1428 516 vixerint
1448 459 1803 529 perfruantur.

552 669 686 722 illud
727 680 1050 736 magnopere
1098 670 1522 723 commoneutes,
1556 666 1614 712 ut
1635 658 1689 713 hi
1713 658 1801 726 qni
1827 671 1930 710 non
1963 655 2056 708 Dei

481 758 673 826 gratia,
705 756 798 811 sed
830 755 1185 823 promissione
1210 765 1388 804 rerum
1419 747 1906 803 ecclesiasticarum
1925 759 2059 814 prte-

482 849 605 902 miis
653 848 771 917 (aL,
804 845 1092 914 promissa)
1129 842 1195 895 ad
1225 839 1584 896 sacerdotium
1623 846 1884 891 conantur
1909 849 2060 889 acce-

481 939 630 1003 dere,
657 935 1044 991 desideriorum
1072 933 1256 987 talium
1300 930 1577 999 priventur
1612 928 1732 990 (aL,
1756 925 2058 994 repriman-

483 1028 610 1098 tur)
659 1026 874 1081 eliectu.
925 1025 1024 1091 Qui
1066 1033 1157 1077 aut
1200 1021 1267 1075 ab
1312 1018 1614 1088 hujusmodi
1653 1033 1712 1071 se
1766 1017 2059 1070 intentione

481 1119 786 1180 cohibeaut,
816 1125 906 1169 aut
949 1113 1198 1168 vindictis
1229 1112 1363 1182 (aL,
1393 1110 1493 1175 Qui
1519 1117 1700 1161 autem
1732 1121 1792 1160 se
1819 1122 1870 1159 a.
1901 1106 1955 1158 h.
1980 1106 2055 1158 in.

483 1225 589 1264 non
619 1209 896 1270 cohibent,
923 1205 1192 1270 vindictis,
1213 1211 1317 1257 etc.
1339 1203 1356 1270 )
1378 1214 1642 1254 canonum
1663 1198 1837 1251 sciant
1857 1210 1915 1249 se
1939 1195 2058 1248 sine

481 1301 812 1354 dubitatione
840 1297 1166 1352 subdendos.

556 1509 628 1560 De
657 1505 808 1559 laicis
836 1497 1080 1570 personis
1112 1495 1472 1555 decernimus,
1506 1507 1573 1544 ne
1599 1489 1753 1542 facile
1779 1487 1844 1540 ad
1880 1499 2055 1540 sacer-

483 1599 686 1653 dotium
709 1597 1085 1665 permittuntur
1107 1587 1382 1650 accedere,
1409 1583 1601 1654 quibus
1625 1593 1680 1635 et
1714 1590 1973 1647 tempora,
2002 1586 2056 1630 ct

483 1693 676 1759 gradus
706 1686 983 1744 constituti
1016 1691 1156 1747 sunt,
1191 1695 1284 1748 per
1314 1691 1447 1746 quos
1475 1677 1538 1727 ad
1573 1674 1707 1727 hanc
1743 1671 2049 1739 dignitatem

483 1780 714 1836 debeant
755 1779 1072 1845 adspirare:
1120 1773 1240 1840 quia
1291 1771 1596 1838 quicunque
1647 1765 1762 1817 sine
1813 1762 2054 1816 instituto

483 1879 843 1938 promovetur,
875 1879 980 1918 non
1015 1862 1164 1914 facile
1191 1866 1337 1912 caret
1376 1854 1600 1916 offensa,
1627 1861 1679 1906 et
1705 1853 1820 1906 siue
1846 1848 2052 1918 experi-

485 1966 665 2014 mento
693 1972 796 2010 non
824 1963 992 2024 potest
1018 1952 1135 2020 quis
1153 1944 1430 2003 electionis
1451 1944 1693 1998 obtinere
1715 1941 2050 1994 sententiam.

1222 2059 1309 2113 IV.

555 2162 814 2228 Raptores
845 2157 1002 2224 igitur
1029 2153 1305 2207 viduarum
1335 2150 1413 2203 vel
1442 2147 1719 2216 virginum,
1746 2159 1841 2212 pro
1869 2145 2054 2196 imma-

483 2254 648 2306 nitate
679 2250 808 2303 tanti
851 2245 1100 2301 facinoris
1142 2244 1490 2304 detestamur,
1537 2237 1660 2291 illos
1687 2235 2055 2289 vehementius

485 2339 872 2412 persequendo,
904 2339 991 2406 qui
1019 2339 1127 2390 Deo
1152 2341 1387 2390 sacratas
1414 2331 1665 2398 virgines,
1693 2329 1771 2382 vel
1791 2327 2049 2392 volentes,

485 2433 569 2486 vel
597 2431 809 2491 invitas,
835 2426 1171 2481 matrimonio
1192 2438 1290 2476 suo
1313 2421 1520 2476 sociare
1544 2417 1865 2474 tentaverint
1887 2433 1900 2469 :
1921 2430 2054 2484 quos

488 2540 583 2592 pro
612 2533 716 2576 tam
747 2520 959 2575 nefandi
991 2517 1229 2571 criminis
1273 2514 1548 2568 atrocitate
1596 2526 1625 2562 a
1681 2509 2054 2564 communione

483 2613 732 2682 suSpendi
775 2609 1134 2681 przecipituus.

1243 2717 1304 2769 V.

552 2814 733 2884 Neque
765 2812 949 2866 viduas
977 2810 1044 2862 ad
1067 2809 1276 2876 nuptias
1318 2805 1545 2859 transire
1575 2803 1824 2871 patimur,
1855 2816 1970 2868 qum
1999 2801 2051 2854 in

483 2903 732 2973 religioso
764 2901 1034 2972 proposito
1062 2900 1310 2957 diuturna
1343 2895 1716 2950 observatione
1745 2904 2051 2960 permanse-

481 3005 624 3050 runt.
670 2994 929 3048 Similiter
978 2990 1210 3059 virgines
1258 2986 1461 3041 nubere
1505 2983 1870 3053 prohibemus,
1921 2995 2051 3049 quas

2159 457 2180 526 (
2208 457 2363 512 Anno
2388 455 2518 512 Chr.
2547 456 2651 511 50!.
2676 458 2698 527 )
2725 467 2774 512 ³.

2785 574 3112 633 EPISTULA

2337 716 2693 754 ORIENTALIUM
2733 714 3089 754 El'lSCOPOBUII
3117 717 3184 754 AD
3213 714 3550 754 SYIIIIACHUII.

2162 831 2350 883 Petunt
2381 842 2434 883 ιιι
2460 831 2803 885 Orientalibus
2825 829 3066 885 Ecclesiis
3091 832 3360 885 schismate
3387 833 3728 887 laborantibus

2229 917 2372 966 apem
2403 902 2553 967 ferat,
2593 918 2740 966 seque
2765 902 2818 953 in
2856 902 3209 954 communione
3235 903 3447 967 recipiat
3473 904 3728 958 :cotholi-

2231 986 2341 1022 cam
2366 969 2518 1038 ﬁdem
2549 971 2870 1038 proﬁtentur,
2901 980 2946 1024 et
2980 970 3190 1024 [termes
3219 975 3480 1025 damnant.

2235 1099 2472 1154 Ecclesia
2525 1098 2813 1154 Orientalis
2865 1099 2932 1154 ad
2985 1100 3363 1169 Symmachum
3418 1101 3728 1172 episcopum

2160 1188 2484 1242 Romanum.

2231 1281 2406 1333 Bonus
2427 1281 2592 1334 il‘e'et
2614 1289 2818 1333 amator
2851 1280 3123 1334 hominum
3157 1280 3413 1334 Dominus
3437 1291 3620 1335 noster
3639 1282 3728 1336 Je-

2156 1383 2247 1424 sus
2284 1368 2558 1435 Christus,
2581 1371 2670 1438 qui
2701 1377 2920 1438 propter
2948 1370 3242 1424 bonitatem
3268 1386 3418 1424 suam
3445 1371 3496 1424 in
3525 1387 3627 1426 nos
3654 1374 3732 1426 in-

2156 1459 2360 1513 clinans
2389 1460 2554 1512 eteius
2579 1499 2594 1520 ,
2625 1468 2679 1513 et
2703 1459 3034 1514 descendens
3064 1462 3130 1513 ad
3159 1470 3350 1525 terras,
3381 1462 3731 1516 immaculatis

2158 1548 2460 1618 Evangeliis
2494 1549 2730 1618 quotidie
2773 1549 2906 1603 illud
2943 1551 3138 1603 clamat
3171 1568 3184 1602 :
3219 1550 3339 1603 Non
3368 1560 3442 1604 est
3487 1567 3620 1618 opus
3647 1567 3733 1604 aa-

2159 1643 2374 1697 lentibus
2394 1643 2606 1706 medico,
2639 1642 2730 1696 sed
2751 1641 2885 1695 male
2905 1643 3201 1696 habentibus
3224 1641 3438 1712 (Matth.
3471 1644 3578 1710 Ix);
3612 1642 3733 1698 Non

2156 1736 2266 1787 veni
2312 1750 2490 1787 vocare
2539 1737 2700 1801 iustos
2725 1773 2740 1795 ,
2790 1734 2878 1787 sed
2930 1743 3216 1798 peccatores
3267 1734 3334 1785 ad
3386 1735 3733 1801 paenitentiam

2158 1822 2349 1891 (Mare.
2382 1825 2462 1894 ιι).
2494 1824 2620 1878 Plus
2641 1831 2815 1878 autem
2844 1823 3029 1877 volens
3063 1824 3278 1891 aperire
3305 1837 3464 1890 opera
3490 1837 3601 1876 sum
3628 1823 3734 1878 cle-

2157 1913 2368 1967 mentia:
2389 1953 2404 1977 ,
2438 1912 2635 1980 adjecit
2679 1912 2732 1966 in
2779 1911 3124 1978 sequentibus
3150 1910 3373 1965 dicens:
3409 1912 3536 1975 Quis
3565 1921 3734 1966 autem

2154 2014 2368 2059 vestrum
2399 2003 2585 2057 habens
2619 2011 2820 2057 centum
2858 2019 2992 2066 oves,
3034 2003 3078 2055 si
3107 2002 3382 2068 perdiderit
3411 2018 3548 2056 ovem
3576 2013 3732 2056 unum

2155 2111 2218 2148 ea:
2242 2096 2324 2156 iis,
2355 2111 2524 2148 nonne
2551 2094 2796 2163 relinquit
2829 2095 3110 2162 nonaginta
3132 2109 3309 2146 novem
3331 2095 3384 2146 in
3411 2093 3613 2146 deserto
3637 2136 3652 2158 ,
3687 2104 3734 2147 et

2155 2189 2291 2240 vaa‘it
2313 2187 2379 2240 ad
2407 2189 2682 2255 perditam,
2710 2186 2937 2255 quandiu
2965 2187 3185 2238 inveniat
3208 2185 3390 2238 illam?
3406 2195 3454 2238 et
3478 2186 3735 2241 inveniens

2156 2280 2367 2348 imponit
2397 2279 2541 2331 illam
2565 2280 2790 2345 gaudens
2830 2279 2884 2330 in
2915 2276 3136 2329 humeris
3163 2277 3290 2340 suis,
3325 2286 3371 2328 et
3403 2278 3602 2329 t'eniens
3633 2278 3729 2330 do-

2156 2387 2296 2424 mum
2333 2387 2496 2432 suam,
2527 2379 2767 2423 conuocat
2810 2370 3002 2422 amicos
3031 2383 3152 2421 suos
3181 2376 3231 2420 et
3260 2368 3472 2431 vicinos,
3504 2369 3680 2420 dicens
3712 2383 3731 2420 :

2156 2459 2476 2529 Congaudete
2525 2460 2676 2524 mihi,
2727 2460 2847 2528 quia
2885 2459 3049 2512 inveni
3093 2473 3234 2510 ovem
3275 2472 3438 2510 meam
3475 2457 3730 2524 perditam

2157 2551 2306 2619 (Luc.
2340 2552 2451 2618 xv).
2486 2551 2550 2604 Et
2579 2559 2635 2603 ut
2654 2550 2850 2604 clarius
2877 2549 3030 2602 ﬁeret
3057 2546 3198 2614 quod
3225 2546 3419 2600 dicitur
3439 2587 3453 2611 ,
3486 2562 3607 2600 mox
3637 2549 3731 2598 ad-

2150 2642 2280 2710 jecit
2323 2642 2625 2710 parabolam
2681 2640 2917 2694 mulieris
2976 2653 3095 2707 quae
3144 2639 3401 2705 perditam
3450 2639 3739 2693 invenerat

2155 2732 2486 2795 drachmam,
2518 2732 2758 2798 utrisque
2779 2729 3074 2796 adiungens
3095 2735 3148 2782 et
3174 2726 3360 2781 dicens
3389 2743 3404 2779 :
3436 2727 3596 2780 Amen
3617 2725 3736 2778 dico

2153 2822 2314 2882 vobis.
2343 2822 2466 2890 quia
2489 2822 2562 2874 sic
2591 2821 2677 2889 ﬁet
2704 2818 2954 2890 gaudium
2992 2819 3045 2870 in
3075 2817 3212 2870 εωιὶι
3245 2817 3307 2870 de
3335 2832 3440 2870 uno
3472 2827 3738 2885 peccatore

2155 2913 2493 2981 penitentiam
2519 2921 2722 2978 agente.

2228 3003 2350 3056 lltcc
2395 3002 2649 3065 diximus,
2703 2999 3057 3065 sanctissime,
3103 2999 3219 3054 ausi
3268 2999 3566 3066 supplicare
3611 3013 3729 3051 non

481 3089 638 3143 attnis
661 3085 904 3154 plurimis
926 3084 977 3136 in
1007 3079 1346 3136 monasteriis
1377 3085 1586 3130 aetatem
1626 3073 1898 3143 peregisse
1924 3086 2051 3128 con-
2078 3069 2127 3132 C
2157 3107 2252 3161 pro
2286 3091 2581 3159 perditione
2610 3092 2765 3145 uagus
2781 3091 2924 3154 ovis,
2944 3105 3117 3158 neque
3139 3104 3235 3159 pro
3254 3089 3554 3157 perditione
3575 3087 3734 3142 “nius

482 3177 681 3245 tigerit.

1227 3245 1307 3298 Vl.

552 3342 736 3398 Nullus
768 3344 943 3410 itaque
976 3355 1068 3409 per
1095 3339 1351 3391 ambitum
1396 3337 1458 3388 ad
1501 3338 1838 3405 episcopatus
1886 3337 2054 3389 hono-

482 3451 592 3491 rem
621 3435 956 3504 permittatur
983 3431 1258 3486 accedere.
1291 3428 1418 3481 Nam
1452 3443 1570 3481 cum
1609 3430 1693 3482 hic
1719 3441 1971 3481 excessus
1999 3430 2050 3480 in

490 3529 616 3584 ltica
646 3525 1053 3580 conversatione
1083 3523 1351 3589 culpetur,
1384 3521 1501 3589 quis
1529 3520 1736 3574 dubitat
1760 3522 1900 3589 quod
1931 3522 2055 3574 reli-

483 3621 641 3691 giosis
668 3628 721 3674 et
746 3619 856 3672 Deo
887 3616 1240 3670 servientibus
1261 3615 1434 3667 inurat
1461 3614 1583 3680 (aL,
1601 3614 1839 3681 ἰιιὼιι-ειι)
1863 3629 2056 3682 oppro-

483 3709 697 3765 brium?
725 3709 780 3764 Si
809 3709 928 3777 quis
956 3707 1317 3774 episeopatum
1346 3705 1641 3768 desiderat,
1675 3706 1796 3757 data
1832 3704 2053 3770 pecunia

483 3811 725 3872 potentes
767 3812 1023 3868 personas
1052 3795 1269 3850 minime
1315 3795 1710 3864 stitl’ragatrices
1761 3795 2051 3848 adhibeat:

481 3912 578 3951 nec
603 3895 666 3951 ad
683 3893 953 3950 decretum
977 3892 1074 3944 sibi
1094 3890 1392 3942 faciendum
1419 3889 1644 3941 clericos
1669 3889 1748 3942 vel
1769 3888 1914 3942 cives
1937 3888 2057 3940 sub-

482 3996 736 4058 scribere,
771 3989 1014 4046 adhibito
1065 3986 1348 4056 cujuslibet
1395 3985 1605 4049 generis
1657 3983 1867 4047 timore,
1911 3997 2056 4034 eom-

483 4087 665 4155 pellat,
691 4083 772 4138 vel
795 4080 1030 4151 praemiis
1051 4079 1316 4147 aliquibus
1340 4077 1600 4129 hortetur.
1640 4074 1916 4127 Decretum
1941 4074 2057 4124 sine

483 4179 775 4233 visitatoris
805 4177 1088 4248 praesentia
1113 4190 1269 4228 nemo
1290 4172 1560 4232 conliriat,
1579 4169 1728 4237 cujus
1753 4166 2056 4222 testimonio

484 4270 801 4324 clericorum
855 4285 916 4322 ac
963 4270 1158 4322 civium
1208 4265 1376 4332 possit
1422 4261 1744 4316 unanimitas
1776 4258 2052 4312 declarari.

487 4362 770 4414 Hortamur
801 4362 976 4426 itaque
1025 4367 1082 4411 nt
1108 4371 1202 4424 pro
1224 4355 1500 4408 catholica:
1537 4352 1807 4419 religionis
1838 4349 2054 4410 intuitu,

2155 3181 2446 3245 drachmzc,
2481 3183 2574 3235 sed
2607 3198 2702 3248 pro
2732 3181 2899 3234 amica
2931 3180 3082 3234 nobis
3113 3180 3286 3234 Salute
3310 3223 3325 3247 ,
3359 3193 3464 3233 non
3489 3177 3736 3233 Orienta-

2156 3273 2281 3327 lium
2315 3273 2542 3341 partium
2584 3281 2810 3334 tantum,
2843 3270 2935 3325 sed
2963 3271 3117 3324 trium
3144 3284 3308 3338 prope
3339 3270 3607 3338 plagarum
3638 3268 3734 3322 ba-

2157 3363 2390 3418 bitabilis
2438 3362 2660 3425 mundi,
2694 3376 2797 3414 non
2838 3359 3175 3428 corruptibili
3207 3366 3426 3428 argento
3467 3366 3558 3409 aut
3597 3371 3735 3411 auro

2156 3453 2549 3520 redemptarum
2604 3452 2672 3506 de
2723 3465 2854 3503 vana
2906 3447 3374 3503 conversationea
3422 3447 3735 3514 parentibus

2156 3542 2370 3606 tradita,
2400 3541 2492 3595 sed
2515 3541 2746 3608 pretioso
2769 3538 3030 3606 sanguine
3062 3539 3195 3606 Λευὶ
3225 3537 3318 3590 Dei
3351 3553 3362 3590 ε
3393 3536 3530 3590 sicut
3551 3535 3737 3588 docuit

2156 3634 2345 3688 beatus
2373 3633 2727 3701 gloriosorum
2755 3631 3119 3697 apostolorum
3147 3628 3396 3696 princeps
3425 3625 3465 3695 (Ι
3491 3625 3634 3679 Petr.
3671 3625 3737 3694 ι),

2157 3726 2309 3790 cujus
2357 3722 2666 3776 cathedram
2709 3719 3023 3774 beatitudini
3072 3727 3176 3773 tua:
3223 3715 3448 3771 credidit
3489 3713 3737 3768 Christus

2157 3814 2391 3881 optimus
2442 3822 2638 3878 pastor,
2691 3810 2778 3879 qui
2808 3812 2951 3864 venit
2984 3823 3230 3875 quaerens
3253 3816 3305 3862 et
3337 3806 3566 3860 liberans
3590 3802 3735 3871 quod

2161 3904 2412 3969 perierat,
2459 3911 2513 3954 et
2553 3915 2760 3969 ponens
2787 3899 3020 3953 animam
3050 3913 3199 3952 suam
3231 3899 3285 3949 in
3314 3894 3733 3962 redemptionem

2162 4009 2256 4061 pro
2288 3992 2486 4045 multis.
2517 3993 2684 4058 Quem
2720 3991 2977 4055 imitatus,
3025 3989 3361 4043 sanctissime
3393 3984 3732 4039 beatissime-

2159 4099 2282 4154 quc,
2309 4082 2496 4138 festina
2520 4083 2584 4135 ad
2614 4081 2969 4151 adjuvandum
3000 4095 3119 4138 nos.
3151 4081 3290 4132 sicut
3322 4077 3508 4130 beatus
3537 4073 3736 4126 Paulus

2159 4173 2346 4226 doctor
2391 4181 2566 4227 vester
2613 4171 2678 4224 ad
2730 4171 2984 4223 auxilium
3025 4167 3346 4236 quandoque
3387 4163 3732 4217 Macedonum

2162 4265 2432 4319 festinavit
2468 4263 2606 4335 (Act.
2642 4264 2752 4331 xw)
2781 4279 2796 4316 :
2828 4271 2881 4316 et
2910 4261 3121 4330 quidem
3167 4260 3253 4312 ille
3282 4259 3334 4310 in
3381 4254 3584 4308 visione
3612 4268 3739 4320 cog-

2164 4369 2391 4410 noscens
2419 4354 2708 4423 periclitari
2759 4353 3076 4408 Macedones
3097 4392 3111 4414 ,
3148 4350 3199 4403 in
3231 4346 3455 4402 veritate
3484 4346 3740 4413 adjuvare

487 4459 536 4503 et
581 4451 934 4503 Ecclesiarum
968 4461 1116 4514 pace,
1150 4446 1264 4498 lucc
1311 4443 1544 4496 universi
1574 4441 1714 4494 lideli
1772 4455 1832 4490 ac
1871 4439 2056 4491 devota

2166 4462 2257 4501 cus
2290 4459 2511 4512 prope-ra
2522 4447 2614 4497 vit.

485 4549 667 4594 mente
691 4539 1034 4594 custodiant:
1077 4540 1199 4605 quia
1247 4550 1350 4588 non
1381 4541 1463 4584 est
1493 4533 1710 4583 dubium
1746 4531 2059 4597 prmvariea-

488 4645 633 4687 tores
661 4630 1062 4686 interdicturum
1087 4627 1272 4680 talium
1295 4627 1443 4693 juxta
1470 4621 1799 4675 venerandos
1826 4635 2063 4674 canones

489 4724 716 4791 propriae
753 4720 1146 4775 communionis
1202 4715 1384 4770 subire
1419 4715 1700 4780 jarturant.
1736 4711 1858 4762 llaec
1886 4720 2061 4763 tamen

489 4817 552 4870 ad
577 4814 815 4868 omnium
845 4814 1214 4880 episcoporum
1250 4811 1492 4862 volumus
1531 4807 1752 4874 perlerri
1799 4805 2060 4858 notitiam.

495 4910 634 4962 Deus
665 4917 717 4959 te
747 4905 1068 4958 incolumem
1095 4902 1380 4962 custodiat,
1411 4899 1574 4952 l‘rater
1609 4897 1903 4951 Carissimo.
1935 4894 2065 4949 Data

562 5076 586 5100 λ
632 5062 863 5129 Epistula
894 5059 1199 5130 Symmachi
1237 5073 1384 5130 papa:
1420 5058 1484 5112 ad
1525 5057 1812 5130 (_3_:esariutn
1855 5056 2062 5130 cpisco-

493 5151 613 5202 pnm
643 5125 1217 5202 Arelatensem,_cujn_s
1234 5128 1445 5202 initium
1478 5146 1490 5178 :
1527 5127 1774 5202 Hortatur
1798 5141 1891 5178 nos
1905 5125 2060 5202 (equi-

492 5194 588 5267 ἰαί,
623 5217 743 5258 cum
768 5215 908 5254 anno
932 5194 1139 5252 Christi
1160 5197 1262 5252 502
1295 5199 1539 5265 conjungi
1573 5211 1680 5267 non
1714 5194 2058 5267 potesttqnia

494 5261 605 5328 lucc
633 5275 746 5341 ejus
771 5270 1086 5334 subscriptio
1113 5286 1125 5320 :
1153 5267 1287 5341 Data
1313 5283 1401 5319 vttt
1433 5261 1548 5341 54.23
1577 5263 1622 5317 Ν
1633 5264 1869 5341 ιιινρηιὺνξε
1896 5261 2064 5341 l’rolzo

502 5345 561 5400 l’.
593 5334 919 5405 Cfconsule;
949 5341 1180 5406 alioquin
1211 5337 1563 5403 Symmachus
1593 5335 1674 5388 vel
1700 5334 1936 5406 nominis
1973 5347 2060 5406 so:

494 5416 600 5466 lius
643 5412 826 5467 Avieni
873 5403 1103 5466 consulis
1146 5407 1502 5462 Occidentalis
1554 5405 1879 5455 lttr‘tllllllssel
1909 5443 1923 5466 ,
1979 5403 2062 5454 vel

495 5493 778 5546 utrumque
819 5482 1089 5536 consulem
1136 5486 1504 5531 memorasset.
1550 5475 1788 5539 Cumque
1841 5471 2062 5546 l’robnm

493 5543 744 5621 iuniorem
768 5569 872 5604 non
895 5552 1143 5620 appellet,
1173 5548 1507 5621 ntanilestttm
1538 5555 1619 5596 est
1639 5559 1754 5621 eam
1782 5543 2064 5621 epistolam

493 5611 635 5678 anno
659 5622 760 5676 515
781 5623 845 5675 ad
869 5611 1154 5677 Caesarium
1179 5621 1377 5676 datam.
1394 5617 1473 5670 Ad
1499 5631 1616 5670 eum
1643 5613 1838 5676 pariter
1864 5611 2063 5666 Citriin

2237 4537 2316 4590 Tu
2344 4545 2517 4589 autem
2546 4535 2862 4587 affectuosus
2893 4533 2946 4584 in
2989 4530 3107 4586 ﬁliis
3137 4543 3305 4598 pater,
3339 4543 3442 4580 non
3471 4526 3702 4580 visiones
3721 4564 3737 4588 ,

2167 4625 2260 4680 sed
2289 4625 2343 4676 in
2371 4624 2595 4677 veritate
2621 4621 2982 4689 spiritualihus
3005 4634 3232 4675 cernens
3264 4619 3434 4674 oculis
3459 4625 3742 4684 pereuntes

2173 4717 2224 4770 in
2250 4716 2681 4782 praevaricatione
2709 4713 2870 4780 patris
2890 4713 3054 4766 nostri
3090 4711 3288 4775 Acacii,
3310 4710 3418 4763 noli
3446 4705 3744 4763 remorari:

2171 4809 2337 4872 magis
2376 4815 2547 4858 autem
2579 4805 2662 4870 (ut
2685 4803 2754 4858 ita
2795 4803 2967 4856 dicam
2997 4801 3152 4855 sicuti
3184 4800 3460 4869 propheta)
3495 4814 3592 4850 non
3621 4797 3745 4849 dor-

2171 4898 2337 4961 mites,
2362 4895 2450 4949 θεά
2481 4894 2661 4963 festina
2686 4893 2752 4944 ad
2777 4892 3090 4945 liberandum
3115 4907 3206 4944 nos
3229 4888 3399 4959 (Psal.
3433 4888 3557 4957 cxx)
3585 4903 3596 4938 :
3621 4887 3744 4954 quia

2170 5067 2366 5105 annum
2398 5049 2774 5110 revocandum,
2801 5044 3109 5114 Exemplum
3149 5043 3305 5097 libelli
3327 5040 3612 5114 _aijsar_io
3640 5042 3747 5111 epi-

2168 5137 2322 5192 scopo
2354 5118 2662 5190 Symmacho
2689 5131 2834 5192 papre
2868 5111 3047 5192 oblati,
3075 5115 3246 5192 cujus
3267 5112 3472 5192 initium
3503 5130 3516 5164 :
3544 5111 3688 5166 Sicut
3716 5128 3750 5163 a

2171 5182 2425 5259 per'sona',
2456 5197 2560 5244 etc.
2580 5230 2594 5251 ,
2628 5182 3088 5259 qula'Symmachi
3118 5182 3348 5259 epistola.
3370 5195 3624 5259 responsa
3655 5193 3748 5259 se:

2173 5250 2545 5326 complectitur
2588 5250 2653 5310 ad
2697 5250 2976 5325 petitiones
3006 5269 3103 5326 sex_
3133 5250 3458 5326 Cmsarii__in
3479 5266 3543 5303 co
3572 5250 3750 5326 libello

2171 5319 2474 5396 expressas.
2510 5319 2752 5382 Lahbeus
2781 5327 2866 5380 hic
2895 5324 3198 5390 exemplum
3232 5319 3396 5396 libelli
3427 5319 3750 5396 Symmacho

2172 5390 2320 5468 papae
2369 5417 2396 5450 a
2447 5399 2681 5453 Caesarie
2728 5396 2890 5450 oblati
2937 5409 3056 5468 eum
3108 5405 3250 5445 anno
3273 5391 3396 5468 699,
3443 5390 3749 5468 Symmachi

2172 5458 2298 5523 vero
2327 5485 2579 5538 responsa
2611 5483 2730 5522 cum
2761 5480 2902 5538 anno
2945 5461 3048 5519 502
3077 5463 3363 5538 connectit,
3397 5458 3492 5529 qui
3511 5473 3668 5538 error
3699 5458 3750 5510 in

2171 5540 2334 5664 idtum
2383 5527 2727 5594 conciliorum
2774 5536 3012 5590 editione
3057 5527 3569 5603 corrigendus'erit.
3611 5527 3748 5607 Axr.

2215 5625 2384 5664 AGIUS.
2611 5655 2617 5662 .

2195 5614 2384 5664 ’AGIUS.
2611 5655 2617 5662 .
3640 5604 3642 5607 ’
