4040 6184
257 317 329 374 57
1462 315 1818 374 EPISTOLAZ
1855 317 1942 371 ET
1983 317 2318 374 DECRETA.
3446 323 3520 381 58

259 446 372 486 non
402 431 456 484 in
501 428 722 499 ligando
755 434 957 482 tantum
1001 433 1240 496 potestas
1259 435 1344 482 est
1373 425 1469 482 tibi
1491 427 1637 490 data,
1665 427 1761 481 sed
1791 427 1842 479 in
1871 429 1919 486 Δ
1952 431 2088 483 sicut
2117 430 2440 485 Gabaonitas
2485 428 2914 496 incircutncisos,
2960 431 3054 488 sed
3103 434 3382 489 vobiscum
3411 436 3520 492 cir-

257 520 524 576 solvcudo
543 531 756 588 quoque
778 517 868 571 diu
889 518 1096 572 vinctos
1110 518 1176 571 ad
1196 517 1544 572 imitationem
1567 517 1838 585 magistri:

259 624 439 678 neque
464 610 521 664 in
545 607 892 671 eradicando,
922 609 1004 662 vel
1033 607 1318 673 diruendo,
1353 610 1447 662 sed
1474 607 1525 660 in
1556 606 1842 674 plantaudo

257 708 314 754 et
342 698 698 763 mdiﬁcando,
743 697 1040 752 secundum
1083 698 1298 751 beatum
1328 697 1638 761 Jeremiam,
1675 697 1842 766 magis

258 790 559 845 secundum
583 789 911 844 salvatorem
953 789 1136 842 mundi
1163 787 1464 853 Christum,
1498 788 1550 840 in
1580 787 1732 855 cujus
1754 788 1842 842 ille

259 882 472 936 exstitit
511 889 640 950 typo
673 897 685 933 :
717 894 888 949 neque
931 879 983 933 in
1017 878 1276 934 ttadendo
1309 887 1512 932 tantum
1544 879 1755 933 Satanas
1789 878 1842 930 in

261 974 542 1028 interitum
569 971 770 1034 carnis,
802 971 896 1025 sed
918 977 972 1024 et
1007 971 1060 1022 in
1089 971 1313 1023 caritate
1349 967 1660 1033 formando,
1685 968 1842 1035 longa

261 1065 554 1118 aversione
582 1064 823 1130 deiectos
851 1078 865 1113 :
896 1075 964 1115 ne
1007 1060 1169 1132 (quod
1219 1058 1381 1130 absit)
1414 1058 1600 1126 majori
1633 1057 1842 1112 tristitia

263 1153 536 1222 absorptis
556 1153 713 1206 nobis
733 1166 765 1204 a
787 1152 978 1206 Satana
1004 1149 1288 1204 videamini
1321 1148 1603 1217 pertulisse
1633 1149 1846 1216 dispen-

263 1243 438 1296 dium.
462 1241 580 1295 Non
612 1241 754 1296 enim
798 1241 1010 1310 ignoras
1033 1239 1148 1307 ejus
1176 1238 1462 1307 ingenium.
1495 1238 1584 1305 qui
1611 1237 1845 1306 quotidie

266 1350 294 1386 a
324 1349 486 1387 sacro
513 1334 738 1388 doctore
765 1341 856 1387 tuo
882 1331 1037 1386 Petro
1058 1331 1264 1384 doceris
1283 1345 1409 1384 oves
1429 1331 1624 1384 Christi
1653 1345 1745 1398 per
1767 1339 1847 1382 to-

267 1437 384 1479 tum
423 1425 766 1479 habitabilem
805 1423 1062 1477 mundum
1092 1421 1324 1476 Creditas
1355 1421 1444 1474 tibi
1475 1436 1711 1489 pascere,
1740 1435 1845 1474 non

267 1517 346 1580 vi,
384 1516 481 1571 sed
519 1524 714 1584 sponte
757 1521 969 1568 coactas
1003 1529 1017 1565 :
1047 1512 1133 1579 qui
1178 1527 1297 1564 cum
1343 1511 1651 1564 doctissimo
1682 1511 1847 1563 Paulo

267 1607 475 1661 clamas
504 1607 661 1659 nobis
690 1604 949 1672 subjectis
979 1612 1028 1656 cl
1058 1603 1190 1655 dicis
1225 1620 1239 1656 :
1271 1600 1391 1654 Non
1438 1602 1571 1653 enim
1619 1601 1848 1652 domina-

269 1716 386 1751 mur
413 1697 551 1750 vobis
573 1697 627 1748 in
657 1695 779 1762 ﬁde,
811 1693 901 1745 sed
928 1708 1256 1759 cooperantur
1272 1692 1323 1743 in
1341 1692 1526 1760 gaudio
1545 1691 1610 1760 (ll
1638 1689 1756 1743 Cor.
1781 1693 1842 1757 ι).

338 1786 519 1853 Quare
543 1785 896 1853 deprecamur
924 1781 1183 1848 disrumpi
1210 1795 1405 1834 novum
1435 1769 1923 1848 chirographum-13

269 1888 543 1940 nostrum,
589 1876 725 1928 sicut
753 1872 998 1927 Salvator
1027 1879 1080 1925 et
1105 1871 1210 1924 dux
1233 1880 1416 1924 noster
1436 1870 1672 1924 Christus
1700 1881 1850 1926 vetus

269 1970 400 2022 illud
431 1968 487 2021 in
519 1981 676 2020 cruce
719 1963 978 2032 disrupit;
1026 1977 1091 2016 ne
1123 1963 1256 2016 ultra
1302 1973 1420 2031 post
1453 1963 1720 2016 lavacrum
1765 1979 1850 2016 re-

270 2057 651 2126 generationis,
685 2052 944 2107 malorum
1001 2061 1302 2106 nostrorum
1348 2052 1718 2119 subjaceamus
1759 2053 1852 2106 de-

270 2148 423 2209 licto,
475 2145 566 2198 sed
610 2155 669 2197 ut
698 2142 811 2212 ejus
855 2141 944 2209 qui
975 2140 1222 2204 comedit,
1253 2156 1353 2193 uva
1384 2142 1576 2194 acerba
1609 2141 1852 2210 ligaverit

273 2242 487 2302 dentes,
503 2237 790 2292 secundum
810 2237 868 2290 ii.
888 2237 1176 2291 Ezechielis
1189 2237 1518 2306 prephetiam
1534 2235 1849 2304 (δίψῃ-ιιι).

275 2332 408 2383 Cum
440 2345 570 2398 ergo
600 2329 650 2382 in
695 2329 916 2382 veritate
961 2327 1265 2396 parabolam
1309 2329 1463 2381 istam
1505 2327 1724 2380 salutari
1754 2327 1850 2381 ad-

276 2429 437 2472 ventu
469 2433 567 2472 suo
591 2419 827 2471 salvator
875 2417 1208 2485 impleverit,
1239 2432 1359 2482 cur,
1415 2417 1753 2470 sanctissime
1792 2431 1854 2470 ac

277 2510 590 2565 beatissime
615 2549 628 2574 ,
671 2509 850 2562 Acacii
875 2507 1225 2562 inobedientia
1248 2548 1262 2571 ,
1292 2522 1446 2560 uvam
1490 2506 1735 2560 acerbam
1764 2522 1854 2561 co-

282 2601 570 2662 medentis,
602 2599 796 2660 nostri,
834 2597 884 2651 id
927 2607 1006 2652 est
1037 2597 1264 2651 ﬁliorum
1294 2600 1460 2665 ipsius
1485 2601 1534 2652 in
1567 2610 1672 2652 tam
1696 2600 1854 2666 longo

278 2707 541 2745 annorum
571 2706 728 2744 cursu
759 2690 902 2759 ligati
925 2699 1044 2743 sunt
1067 2689 1286 2743 dentes?
1312 2689 1365 2744 Si
1389 2705 1522 2742 unus
1544 2692 1702 2743 homo
1731 2705 1853 2758 pec-

277 2785 448 2845 cavit,
477 2795 642 2852 quare
672 2783 761 2835 toti
793 2796 1104 2852 synagogre,
1126 2791 1217 2834 aut
1247 2782 1414 2849 magis
1443 2781 1538 2834 toti
1581 2781 1852 2835 habitahili

277 2875 484 2929 mundo
509 2891 601 2943 per
616 2874 898 2928 anathema
913 2874 1119 2926 divinus
1137 2873 1586 2926 furorincumbit?
1610 2872 1705 2927 Ubi
1728 2887 1854 2941 ergo

277 2969 371 3022 Dei
394 2969 700 3038 promissio,
719 2982 837 3036 qua:
852 2966 981 3019 dicit
1004 2983 1016 3018 :
1039 2965 1157 3018 Non
1173 2966 1447 3035 percipient
1471 2966 1565 3030 ﬁlii
1587 2974 1855 3035 parentum

279 3067 504 3127 peccata,
522 3074 678 3125 neque
688 3066 920 3126 parentes
933 3056 1149 3122 ﬁliorum
1165 3072 1389 3122 suorum,
1409 3056 1496 3109 sed
1514 3056 1855 3124 unusquisque

281 3150 524 3201 morietur
563 3148 614 3200 in
643 3163 735 3199 suo
760 3155 963 3216 peccato
990 3144 1161 3215 (Deut.
1190 3160 1339 3207 xxiv;
1369 3144 1555 3199 Ezeclt.
1585 3145 1759 3207 xvttt).

356 3242 412 3297 Si
451 3249 666 3307 protiter
705 3236 1184 3291 Alexandrinorum
1226 3244 1315 3288 aut
1362 3237 1531 3304 magis
1581 3233 1860 3304 Eutychia-

291 3346 490 3384 norum
518 3328 802 3381 amicitiam
829 3368 842 3390 ,
875 3327 962 3394 qui
992 3334 1304 3380 aversantur
1330 3334 1384 3379 et
1413 3324 1861 3377 anathematizaut

283 3419 683 3474 sanctissimum
716 3426 769 3472 et
795 3417 1160 3470 beatissimum
1194 3431 1378 3485 papam
1408 3416 1660 3480 Leonem,
1693 3417 1771 3470 vel
1807 3418 1856 3470 in

287 3510 624 3564 Chalcedone
665 3509 925 3579 synodum
958 3509 1187 3561 habitam
1210 3548 1224 3573 ,
1257 3508 1737 3561 anathematizatus
1778 3518 1860 3561 est

280 3602 544 3663 Aeacius;
578 3615 741 3669 quare
769 3614 868 3651 nos
907 3613 934 3651 a
975 3599 1124 3651 vobis
1151 3600 1476 3651 aestimantur
1518 3599 1776 3663 haeretici,
1807 3603 1862 3652 ct

281 3692 335 3742 in
367 3690 712 3745 anathemate
743 3705 926 3744 sumus
971 3705 1096 3753 nos,
1131 3691 1218 3758 qui
1266 3690 1637 3760 amplectimur
1690 3693 1858 3744 solam

280 3781 426 3832 illam
455 3781 758 3847 epistolam,
791 3790 843 3834 et
866 3796 982 3848 qum
1011 3780 1144 3835 dicta
1171 3790 1293 3834 sunt
1318 3781 1370 3834 in
1403 3791 1584 3835 sancta
1616 3783 1860 3850 synodo?

283 3874 385 3935 Qui
410 3880 631 3940 propter
655 3872 1087 3940 prmdicationem
1117 3875 1243 3926 recti
1262 3874 1523 3942 dogmatis
1549 3876 1705 3928 ve5tri
1734 3891 1863 3946 quo-

287 3965 414 4018 tidie
449 3981 856 4033 oppugnamur,
910 3975 963 4018 et
1003 3975 1058 4018 ut
1091 3965 1327 4018 haeretici
1358 3966 1864 4020 anathematizanntr

281 4056 348 4108 ab
397 4055 464 4108 iis
513 4055 600 4124 qui
645 4055 924 4124 Eutycheti
975 4057 1332 4108 consentiunt.
1380 4055 1490 4108 Noli
1525 4056 1862 4124 facercjttt‘li-

283 4144 422 4198 cium
473 4161 571 4212 per
598 4145 744 4199 illum
771 4146 856 4213 qui
888 4158 1130 4198 cunctam
1154 4147 1356 4214 judicat
1381 4157 1575 4199 ti-rram
1610 4164 1622 4198 :
1659 4163 1723 4200 ne
1745 4164 1865 4216 per—

283 4235 380 4288 das
416 4236 617 4302 jusxum
667 4251 785 4288 cum
835 4235 994 4303 impio
1031 4254 1042 4288 :
1075 4252 1172 4290 nec
1213 4236 1304 4288 ﬁat
1342 4236 1477 4306 apud
1513 4247 1563 4290 te
1602 4236 1777 4304 justus
1808 4248 1862 4291 ut

286 4326 482 4392 impius
514 4345 527 4380 :
557 4343 657 4381 nec
693 4327 969 4395 atqualiter
991 4330 1299 4397 judicentur
1329 4347 1354 4382 a
1397 4341 1447 4384 te
1488 4331 1768 4385 orthodoxi
1808 4341 1862 4386 et

286 4418 541 4481 littretici,
575 4418 655 4471 vel
689 4418 775 4486 qui
804 4419 1252 4474 anathetnatizanl
1281 4421 1584 4486 ptwdictant
1617 4436 1850 4474 sanetam

289 4509 587 4571 epistolam,
614 4518 960 4575 sanctamque
987 4508 1245 4578 synodum
1291 4520 1520 4563 vestram
1551 4520 1769 4575 rectam,
1801 4523 1854 4565 et

288 4595 326 4648 ii
354 4598 438 4664 qui
465 4599 742 4651 vobiscom
767 4597 833 4649 ab
857 4599 933 4652 eis
955 4600 1483 4665 anathematizantnr,
1512 4608 1566 4654 et
1595 4601 1681 4668 qui
1701 4611 1856 4654 orant

295 4685 422 4738 mori
453 4687 687 4751 quotidie
708 4701 804 4754 pro
840 4697 984 4741 recta
1012 4687 1114 4740 ﬁde
1143 4705 1258 4756 quas
1287 4705 1312 4740 a
1338 4689 1486 4743 vobis
1519 4690 1854 4756 prtedicatur.

366 4778 426 4829 Et
453 4777 605 4831 Jesus
640 4778 857 4844 quidem
899 4777 1041 4832 Nave
1086 4779 1488 4834 incircumcisos
1517 4778 1652 4851 (Jos.
1684 4783 1770 4848 ι),
1804 4789 1858 4834 et

293 4865 544 4920 idolorum
567 4869 854 4922 servitores
871 4868 1194 4922 Gabaonitas
1215 4883 1332 4922 cum
1360 4870 1636 4924 mendacio
1663 4871 1858 4938 fugit-n-

297 4966 371 5010 tcs
396 4958 458 5008 ad
485 4973 562 5022 se,
595 4957 720 5012 dum
754 4968 1185 5027 oppugnarentur
1212 4959 1280 5011 ab
1308 4959 1614 5014 Abimelcch
1643 4959 1726 5013 vel
1751 4975 1852 5012 ete-

293 5046 420 5100 trris
459 5059 681 5116 quatuor
706 5065 826 5103 cum
867 5065 932 5103 eo
975 5050 1321 5118 principibus,
1370 5067 1466 5120 pro
1511 5067 1576 5104 eo
1621 5051 1759 5120 quod
1787 5051 1852 5104 ad

289 5149 408 5188 cum
462 5139 826 5208 confugerant,
879 5139 987 5193 Deo
1026 5151 1371 5210 cooperante,
1423 5152 1638 5196 strenue
1683 5141 1855 5196 vindi-

289 5230 457 5295 cavit,
506 5247 572 5285 ne
619 5232 1083 5294 blasphemaretur
1111 5248 1304 5287 nomen
1338 5232 1428 5288 Dei
1457 5234 1572 5303 ejus
1605 5242 1852 5304 tanquam

291 5335 500 5375 noneos
518 5324 774 5392 adjuvare
797 5323 1156 5391 prmvaleutis.
1183 5323 1288 5377 Vos
1306 5335 1504 5388 autem,
1538 5325 1852 5378 sanctissimi

287 5411 396 5473 viri,
425 5411 553 5467 Jesu
579 5414 757 5482 magni
789 5413 884 5468 Dei
918 5423 969 5467 ct
1000 5413 1290 5470 Salvatoris
1319 5414 1432 5483 spei
1472 5424 1666 5468 nostra:
1693 5414 1855 5469 disci-

285 5503 406 5569 puli,
430 5504 836 5573 imi-tatoresque
865 5501 980 5572 ejus
1012 5503 1100 5573 qui
1133 5504 1353 5573 ﬁguram
1383 5504 1521 5558 servi
1543 5505 1852 5572 assumpsit,

282 5600 336 5644 ut
363 5607 458 5648 nos
501 5594 704 5649 liberos
732 5592 990 5649 redderet
1017 5608 1045 5647 a
1087 5604 1309 5661 peccato
1340 5593 1480 5662 quod
1509 5595 1762 5664 regnabat
1803 5594 1854 5648 in

280 5684 452 5750 nobis;
501 5685 756 5739 videntes
797 5686 1095 5754 oppugnari
1152 5700 1249 5740 nos
1297 5695 1348 5739 ct
1379 5685 1714 5749 mortiﬁcari,
1752 5702 1854 5740 non

1942 520 2290 575 circumcisae
2334 521 2390 575 in
2436 520 2634 577 Christi
2665 523 3109 589 circumcisione,
3135 539 3310 594 neque
3347 525 3522 581 idoki-

1943 627 2062 666 rum
2111 613 2407 667 servitores
2462 624 2518 666 et
2545 615 2790 680 aemulos,
2843 615 2946 670 etsi
2983 624 3314 685 peccatores,
3342 625 3523 672 tamen

1943 703 2299 766 Christianos,
2337 713 2388 758 et
2414 704 2690 758 Vobiscum
2711 705 2891 760 omnia
2913 705 2966 760 in
2991 705 3204 761 Christo
3226 707 3524 775 sapientes,

1944 805 2052 845 non
2074 791 2410 859 despiciatis,
2435 806 2608 860 neque
2636 794 2992 848 contemnatis
3020 796 3178 860 ultra,
3203 795 3273 864 pii
3297 795 3480 851 Patres
3501 815 3522 849 :

1944 881 2036 936 sed
2054 883 2190 936 sicut
2208 883 2546 937 beatissimus
2565 885 2846 951 praedictus
2872 886 3028 940 Jesus
3051 886 3197 942 Nave
3223 887 3359 957 (Jos.
3387 889 3522 951 ut).

1946 987 2049 1026 non
2080 973 2201 1027 illos
2227 981 2452 1038 tantum,
2486 974 2586 1028 sed
2609 983 2663 1027 et
2693 976 2840 1030 ltaab
2869 976 3204 1031 meretricem
3242 977 3346 1031 illis
3371 986 3524 1032 ante-

1948 1064 2124 1131 posuit
2152 1073 2368 1132 pr0pter
2396 1065 2622 1119 duorum
2659 1065 3059 1132 exploratorum
3089 1068 3525 1135 susceptionem;

1947 1155 2017 1207 ita
2042 1161 2097 1208 ct
2120 1169 2222 1207 vus
2261 1168 2360 1209 nos
2385 1154 2669 1224 vigilanter
2697 1157 2954 1210 assumite
2981 1171 3106 1212 cum
3132 1157 3226 1211 Dei
3250 1157 3526 1225 juvamine

1947 1253 2165 1312 propter
2185 1245 2408 1298 duarum
2444 1255 2752 1299 naturaer
2781 1246 3152 1312 traditionem,
3179 1262 3301 1316 quas
3323 1261 3352 1301 a
3374 1249 3528 1302 vobis

1948 1349 2042 1403 per
2071 1335 2349 1401 epistolam
2381 1335 2522 1389 inter
2550 1345 2766 1389 sanctos
2801 1337 3082 1390 constituti
3130 1352 3282 1406 papas
3328 1336 3526 1391 Leonis

1947 1433 2128 1478 contra
2180 1425 2486 1495 Eutychetis
2532 1427 2884 1481 deliramenta
2930 1429 3134 1482 directa
3176 1437 3279 1482 est.
3333 1427 3399 1481 Et
3425 1427 3515 1481 illa

1947 1514 2162 1581 quidem
2208 1515 2506 1583 suscipiens
2543 1517 2919 1585 explorantes,
2951 1519 3002 1571 in
3036 1527 3247 1586 stupam
3279 1517 3374 1572 lini
3413 1532 3530 1572 sum

1948 1605 2140 1658 domus
2165 1605 2442 1660 abscondit
2471 1624 2484 1658 :
2529 1622 2627 1660 nos
2663 1617 2842 1661 autem
2872 1617 3032 1662 rectae
3060 1609 3182 1662 ﬁdei
3215 1617 3407 1664 vestrae
3437 1623 3528 1662 su-

1949 1697 2235 1764 scipientes
2272 1696 2688 1762 confessionem,
2721 1699 2774 1751 in
2823 1699 2986 1752 corde
3013 1707 3202 1752 nostro
3254 1712 3360 1752 non
3404 1697 3526 1751 abs-

1951 1788 2264 1852 condimus,
2313 1787 2406 1840 sed
2455 1787 2508 1842 in
2541 1788 2900 1842 Ecclesiarum
2935 1788 3272 1858 dogmatibus
3304 1788 3396 1841 Dei
3429 1788 3526 1842 mi-

1953 1878 2242 1932 sericordia
2271 1893 2390 1931 eam
2419 1893 2538 1932 cum
2582 1879 2900 1932 auctoritate
2943 1878 3310 1947 praedicamus.
3344 1875 3411 1931 Et
3437 1876 3527 1930 illa

1952 1970 2168 2038 quidem
2191 1978 2373 2038 rogata
2420 1983 2516 2036 per
2565 1978 2764 2022 metum
2794 1984 2888 2023 eos
2934 1983 2998 2022 se
3039 1969 3240 2022 habere
3265 1966 3480 2036 negavit
3510 1983 3525 2017 :

1954 2076 2053 2114 nos
2081 2073 2258 2113 autem
2289 2075 2540 2125 oramus,
2574 2075 2639 2113 ne
2668 2076 2900 2127 unquam
2925 2062 3158 2113 humano
3187 2068 3329 2112 metu
3363 2073 3524 2128 nege-

1955 2165 2070 2204 mus
2115 2157 2278 2204 recta‘.
2313 2149 2570 2203 doctrinae
2602 2161 2800 2204 nostra:
2843 2151 3155 2213 veritatem;
3182 2158 3237 2203 et
3267 2163 3435 2218 usque
3455 2150 3528 2204 ad

1953 2242 2262 2305 sanguinem
2290 2254 2385 2309 pro
2414 2255 2476 2294 ea
2507 2240 2790 2305 stabimus,
2812 2241 2857 2295 si
2885 2241 2957 2294 sit
2984 2253 3204 2295 necesse
3229 2239 3356 2310 (aL,
3380 2239 3427 2294 si
3455 2239 3530 2294 ita

1953 2332 2266 2407 contingat).

2030 2420 2177 2474 Unde
2202 2435 2308 2473 non
2334 2418 2522 2474 taedeat
2542 2433 2639 2473 nos
2661 2419 2934 2488 adjuvare,
2961 2434 3130 2489 neque
3150 2419 3274 2474 odio
3290 2419 3531 2474 habeatis

1958 2522 2176 2582 propter
2203 2512 2602 2566 adversantium
2633 2513 3064 2566 communionem
3093 2527 3108 2565 :
3138 2511 3350 2581 quando
3378 2525 3437 2566 se
3463 2511 3530 2563 ab

1955 2608 2056 2661 hac
2097 2604 2309 2674 plurimi
2353 2603 2694 2658 facultatibus
2735 2603 3012 2673 impediti,
3047 2612 3102 2658 et
3130 2618 3232 2656 non
3274 2602 3531 2656 habentes

1955 2697 2372 2752 sollicitudinem
2432 2695 2714 2748 multarum
2767 2695 3066 2747 animarum
3115 2691 3530 2761 suspenderint:

1957 2789 2154 2859 quibus
2182 2801 2312 2841 vero
2343 2787 2625 2840 multarum
2656 2785 2952 2838 animarum
2978 2798 3105 2838 cura
3127 2783 3410 2836 commissa
3449 2789 3532 2836 est

1957 2879 2008 2933 in
2039 2878 2262 2932 creditis
2289 2877 2388 2930 sibi
2421 2877 2818 2929 communicent
2844 2874 3129 2936 Ecclesiis,
3161 2871 3364 2925 nullum
3403 2886 3533 2924 con-

1959 2968 2177 3022 trarium
2201 2967 2456 3022 habentes
2480 2967 2961 3019 communicantem
2989 2963 3111 3030 sibi,
3145 2972 3200 3017 et
3230 2971 3533 3016 metuentes

1961 3062 2268 3129 relinquere
2298 3060 2439 3126 lupis
2465 3073 2592 3112 oves
2635 3066 2855 3127 propter
2885 3072 3068 3111 vocem
3103 3055 3311 3110 Domini
3350 3054 3534 3128 dicen-

1886 3119 1930 3180 Ο
1965 3162 2068 3206 tem
2098 3169 2115 3206 ε
2148 3149 2494 3204 Mercenarius
2522 3158 2711 3214 autent,
2734 3159 2780 3203 et
2804 3150 2892 3217 qui
2928 3165 3028 3202 non
3060 3158 3133 3202 est
3170 3156 3360 3218 pastor,
3387 3125 3534 3215 cujus

1962 3260 2063 3296 non
2095 3251 2210 3297 sunt
2233 3258 2344 3294 oves
2365 3241 2604 3312 praprinz,
2632 3241 2764 3294 videt
2796 3239 2974 3308 lupum
2993 3241 3288 3302 uenientem,
3311 3249 3356 3292 et
3379 3238 3536 3291 relin-

1961 3335 2068 3405 quit
2092 3349 2204 3386 ovcs
2243 3343 2290 3385 et
2327 3333 2492 3401 fugit,
2531 3339 2578 3384 et
2610 3332 2758 3401 lupus
2797 3333 2933 3399 rapit
2968 3348 3054 3384 eas
3080 3341 3230 3400 atque
3259 3330 3534 3399 dispergit;

1965 3424 2084 3491 quia
2105 3422 2383 3475 merccnari
2389 3438 2444 3474 us
2457 3430 2548 3484 est,
2564 3431 2609 3475 et
2624 3437 2722 3474 non
2739 3421 2882 3474 habet
2895 3422 3060 3474 ouium
3073 3437 3250 3474 curam
3262 3420 3316 3492 (Ι
3324 3437 3440 3475 oan.
3453 3420 3534 3490 ι).

1965 3513 2112 3581 Quod
2136 3528 2263 3580 ergo
2295 3527 2397 3566 non
2425 3525 2608 3566 amore
2636 3511 2758 3564 vita:
2785 3513 2943 3579 capti,
2973 3512 3066 3565 sed
3095 3511 3270 3567 ovium
3306 3511 3534 3565 salutem

1964 3613 2209 3660 curantes
2243 3605 2452 3672 plurimi
2492 3602 2827 3658 sacerdoutm
2868 3603 2970 3657 hoc
3000 3602 3223 3667 faciunt,
3257 3602 3531 3670 deinceps,

1965 3697 2253 3750 miserante
2282 3696 2386 3748 Deo
2405 3735 2417 3757 ,
2445 3709 2770 3764 cognoscere
2802 3695 2995 3762 poterit
3027 3704 3112 3748 tua
3145 3695 3457 3761 paternitas.

2034 3785 2256 3851 Quidam
2302 3786 2444 3838 enim
2477 3786 2544 3836 de
2591 3783 2672 3838 his
2709 3783 2798 3852 qui
2838 3785 2888 3835 in
2931 3782 3230 3836 sacerdotio
3258 3779 3532 3835 constituti

1963 3887 2106 3940 sunt,
2141 3887 2444 3946 spectantes
2466 3876 2590 3944 (aL,
2611 3875 2907 3942 sperantes)
2943 3873 2992 3927 in
3017 3874 3202 3928 exsilio
3227 3873 3358 3926 mitti
3387 3887 3534 3941 pres-

1963 3970 2176 4038 byteros
2229 3967 2555 4020 orthodoxos
2605 3976 2657 4019 et
2708 3973 2918 4019 sanctos
2965 3965 3134 4026 viros,
3168 3965 3411 4017 vo‘entes
3469 3977 3531 4015 se

1967 4069 2157 4127 pitrter
2181 4059 2551 4112 necessitatem
2583 4057 2650 4110 ab
2673 4055 2925 4108 Ecclesiis
2955 4069 3053 4108 suo
3081 4054 3299 4106 arbitrio
3332 4050 3533 4105 subdu-

1963 4166 2106 4210 C(fl‘e.
2154 4150 2402 4217 ipsosque
2430 4148 2603 4215 sequi,
2649 4161 2752 4198 non
2781 4153 3058 4198 cesserunt
3098 4145 3175 4196 eis
3208 4142 3306 4194 hoc
3335 4139 3529 4204 facere,

1963 4241 2269 4308 adjurantes
2300 4253 2390 4291 eos
2429 4247 2486 4291 ut
2531 4245 2809 4289 manerent
2847 4234 2898 4287 in
2939 4231 3156 4286 creditis
3188 4231 3287 4284 sibi
3329 4231 3532 4284 sanctis

1967 4328 2220 4382 Ecclesiis
2251 4328 2317 4380 ad
2350 4327 2528 4397 populi
2554 4325 2823 4380 munimen
2850 4323 3156 4388 orthodoxi,
3190 4323 3241 4376 in
3271 4337 3329 4377 se
3360 4322 3502 4376 su=ci
3531 4355 3548 4368 ς

1965 4417 2157 4481 piendo
2185 4432 2303 4485 qua:
2336 4425 2586 4484 putantur
2615 4414 2953 4468 discretionis
2983 4414 3213 4467 illorum.
3246 4412 3395 4467 Sicut
3426 4412 3532 4466 lic-

1961 4509 2118 4560 hecca
2151 4507 2414 4574 quondam
2441 4507 2623 4559 dicens
2651 4503 2816 4559 Jacob
2846 4523 2860 4558 :
2888 4503 2951 4557 In
2984 4521 3060 4557 me
3096 4515 3355 4574 peccatum
3392 4513 3532 4554 tmnn

1960 4595 2163 4664 (Cenes.
2190 4594 2389 4660 xxvn),
2430 4593 2504 4660 ﬁli
2535 4609 2553 4646 :
2586 4594 2653 4645 ita
2683 4593 2754 4644 illi
2787 4594 2852 4646 ab
2890 4591 3144 4647 Ecclesiis
3182 4590 3281 4645 sibi
3313 4589 3530 4644 creditis

1958 4685 2233 4739 discedere
2263 4693 2452 4752 sponte
2482 4684 2782 4738 volentibus
2817 4683 3070 4736 dixerunt
3097 4699 3108 4736 :
3139 4680 3193 4733 ln
3225 4695 3320 4734 nos
3351 4682 3531 4734 veniat

1962 4785 2238 4843 peccatum
2300 4775 2637 4828 discretionis
2691 4782 2882 4826 vestra:
2924 4789 2936 4823 :
2984 4770 3353 4824 tantummodo
3401 4785 3531 4824 oves

1961 4865 2151 4918 Christi
2186 4875 2376 4932 pr.cter
2421 4864 2790 4917 necessitatem
2842 4861 2976 4928 lupis
3024 4876 3126 4913 non
3174 4859 3524 4928 relinquatis;

1959 4973 2023 5010 ne
2053 4958 2103 5010 in
2144 4957 2256 5010 loca
2290 4963 2466 5008 vestra
2500 4952 2735 5007 haeretici
2767 4951 3160 5021 ingredientes,
3193 4951 3298 5020 lupi
3330 4951 3530 5004 discer-

1958 5047 2084 5115 pant
2113 5063 2269 5110 oves;
2299 5055 2391 5098 aut
2419 5057 2561 5099 certe
2593 5044 2660 5098 ab
2691 5044 2818 5112 ipsis
2839 5044 3028 5096 ovibus
3062 5043 3172 5120 suis
3197 5051 3416 5112 propter
3442 5055 3538 5093 re-

1958 5150 2094 5194 ctam
2117 5139 2268 5192 ﬁdem
2294 5137 2474 5204 fugati,
2496 5148 2548 5191 et
2571 5137 2649 5190 his
2671 5138 2758 5206 qui
2786 5153 2888 5190 non
2916 5137 3186 5205 fugantur,
3211 5136 3302 5190 sed
3336 5144 3527 5202 sponte

1960 5231 2238 5286 discedere
2278 5230 2516 5299 cupiunt,
2567 5245 2634 5284 ne
2677 5230 2759 5284 cui
2797 5229 3195 5283 adversantium
3234 5222 3529 5280 communi.

1959 5332 2102 5386 cent,
2133 5321 2222 5374 tali
2252 5320 2354 5375 ﬁde
2382 5320 2620 5375 dicentes
2653 5336 2667 5374 :
2702 5319 2860 5374 Putas
2904 5320 2990 5374 isti
3039 5333 3218 5371 amore
3262 5315 3384 5368 vitae
3426 5312 3529 5367 hoc

1967 5415 2192 5477 faciunt,
2215 5429 2280 5467 an
2301 5429 2481 5467 amore
2498 5412 2818 5476 animarum,
2845 5410 2908 5464 ad
2942 5409 3286 5462 imitationem
3317 5404 3531 5460 Domini

1964 5506 2043 5558 sui
2074 5506 2225 5574 primi
2261 5504 2489 5572 pastoris
2524 5503 2690 5558 nostri
2733 5502 2859 5557 Jesu
2901 5497 3098 5554 Christi
3138 5493 3313 5564 magni
3348 5493 3439 5558 Dei
3474 5504 3531 5549 et

1965 5595 2264 5651 Salvatoris
2284 5596 2397 5664 spei
2428 5605 2653 5660 nostrzn,
2688 5593 2776 5662 qui
2801 5590 3029 5646 animam
3053 5599 3201 5640 suam
3230 5587 3407 5656 posuit
3436 5601 3534 5656 pro

1964 5686 2151 5741 ovibus
2175 5685 2306 5738 suis.
