4040 6184
493 324 559 381 S9
1836 310 2071 366 SYMMA

2179 310 2186 362 l
2227 309 2425 363 PAPzE
3701 317 3771 370 60

562 438 882 498 Omnimodo
926 447 1101 494 autem
1139 447 1194 492 et
1237 435 1324 505 qui
1400 434 1646 489 videntur
1672 431 2069 486 communicare
2100 431 2144 486 A
2177 443 2399 483 currere
2428 443 2533 484 non
2566 429 2717 485 duxit
2748 429 3046 501 indignum,
3079 444 3139 488 ut
3185 434 3551 503 captivitatem
3595 435 3768 487 corri-

490 531 797 594 orthodoxi.
822 538 877 584 et
906 529 995 599 qui
1018 545 1077 583 se
1105 543 1133 581 a
1161 525 1538 583 communione
1567 524 1853 585 abstinent,
1884 536 2071 574 omnes

492 632 615 692 post
644 625 806 678 Deum
852 632 955 676 tute
1006 621 1184 675 lumen
1235 617 1553 672 visitationis
1589 625 1644 670 et
1692 613 2073 681 assumptionis

491 713 785 781 Operimur.
815 712 994 779 Quare
1041 711 1229 764 festina
1255 709 1445 778 juvare
1489 705 1764 760 Orientem
1796 745 1808 765 ,
1856 719 1922 756 ex
1965 719 2072 771 quo

490 805 646 857 Vobis
670 804 776 856 duo
803 801 1022 871 grandia
1049 799 1155 853 diei
1184 799 1383 852 lumina
1415 797 1635 850 Petrum
1667 805 1720 848 et
1751 795 1971 847 Paulum
2004 794 2071 846 ad

492 895 941 948 illuminationem
994 891 1154 944 totius
1182 890 1364 943 mundi
1395 888 1644 942 Salvator
1671 885 1895 939 direxit.
1929 883 2070 936 Red-

493 987 608 1039 dite
636 999 764 1053 ergo
793 984 841 1038 ei
870 983 1063 1037 bonam
1093 981 1518 1044 retributionem,
1569 992 1726 1047 quam
1773 977 1887 1044 ipse
1919 975 2072 1029 vobis

492 1075 680 1129 dedit:
711 1074 1010 1128 illuminate
1039 1086 1162 1125 eum
1203 1081 1364 1126 rectae
1405 1069 1524 1123 fidei
1556 1069 1778 1130 lumine,
1812 1068 1952 1120 sicut
1979 1081 2072 1134 per

491 1167 664 1234 ipsum
695 1178 790 1218 vos
818 1163 1088 1233 quondam
1117 1161 1313 1215 divina:
1341 1159 1660 1228 cognitionis
1695 1158 1896 1211 lumine
1930 1157 2070 1209 idem

491 1256 828 1313 illuminavit.
861 1256 1010 1311 Sicut
1041 1254 1183 1308 enim
1224 1251 1440 1322 quando
1485 1260 1595 1305 toto
1637 1248 1834 1303 mundo
1867 1249 1915 1301 in
1950 1263 2073 1316 pec-

492 1352 625 1406 catis
655 1357 989 1418 :rgrotante,
1039 1347 1196 1399 unius
1237 1343 1467 1398 hominis
1514 1342 1708 1396 delicto
1759 1340 1980 1404 lassati,
2016 1341 2069 1395 in

493 1441 826 1512 mgritudinis
850 1439 1126 1493 curatione
1157 1436 1280 1490 boui
1313 1435 1456 1488 illius
1487 1432 1676 1486 medici
1703 1431 1950 1500 discipuli
1993 1432 2073 1499 ip-

490 1547 608 1588 sum
633 1532 904 1587 cteleStem
935 1527 1196 1582 medicum
1227 1535 1281 1580 et
1308 1525 1601 1594 principem
1631 1533 1930 1592 pastorem,
1959 1539 2072 1577 ma-

490 1623 713 1694 gistrum
743 1637 896 1676 suum
923 1619 987 1673 ad
1020 1633 1202 1674 curam
1235 1626 1490 1672 vocantes
1521 1615 1855 1684 aegritudinis
1880 1615 2067 1682 ipsius,

490 1714 778 1783 aliquando
806 1712 1055 1767 dicebant
1092 1729 1104 1764 :
1132 1708 1384 1775 Domine,
1435 1709 1630 1761 inclina
1661 1708 1809 1760 caelos
1831 1717 1977 1772 tuos,
2023 1716 2070 1761 et

2175 530 2326 590 geret
2347 521 2704 590 corporalem,
2738 538 2837 576 nec
2869 532 3073 578 tantum
3101 524 3551 588 Christianorum,
3583 525 3678 578 sed
3710 534 3766 578 et

2175 611 2481 665 Judmorum
2503 614 2586 678 (ut
2603 612 2862 667 credibile
2876 615 2982 684 est)
3004 624 3165 683 atque
3180 631 3505 684 paganorum
3529 628 3766 686 :quanto

2176 704 2343 771 magis
2373 702 2626 757 festinare
2657 704 2720 757 ad
2752 713 2894 758 tuam
2937 705 3128 760 attinet
3157 707 3520 771 sanctitatem,
3554 724 3661 762 non
3695 709 3762 762 ad

2175 809 2470 862 corporeae,
2497 811 2615 865 quae
2647 797 2787 851 bello
2808 798 2883 864 lit,
2911 799 3236 866 captivitatis
3265 800 3655 854 correctionem
3679 811 3760 854 at-

2175 899 2280 953 que
2320 888 2769 954 conversionem,
2801 888 2895 943 sed
2941 890 3262 955 animarum,
3313 907 3433 960 qua:
3479 892 3761 961 captivatae

2175 990 2320 1047 sunt,
2369 981 2452 1035 vel
2481 983 2723 1052 quotidie
2763 987 3135 1053 captivantur?
3160 996 3214 1041 et
3246 988 3383 1040 inter
3413 987 3546 1041 duas
3573 987 3760 1043 diabo-

2176 1072 2265 1126 lici
2292 1076 2404 1127 vias
2432 1075 2666 1139 erroris,
2721 1076 3032 1147 Eutychetis
3062 1088 3220 1147 atque
3257 1079 3482 1133 Nestorii
3503 1120 3518 1144 ,
3545 1082 3757 1134 tertiam

2176 1164 2283 1217 imo
2315 1165 2545 1219 mediam
2576 1167 2731 1222 nobis
2753 1169 3009 1222 ostendas
3039 1169 3346 1238 expressius
3377 1171 3487 1224 veri
3514 1171 3758 1241 rectique

2175 1256 2441 1326 dogmatis
2470 1258 2629 1313 viam.

2247 1347 2470 1402 Dubiam
2493 1364 2610 1403 eam
2629 1349 2870 1403 fecerunt
2891 1360 3072 1405 nostra
3105 1361 3342 1420 peccata,
3367 1353 3758 1406 aestimantibus

2173 1439 2490 1506 quibusdam
2533 1455 2638 1494 non
2688 1428 2845 1507 posse
2891 1442 3030 1497 inter
3070 1444 3300 1498 Nestorii
3348 1456 3403 1499 et
3449 1445 3760 1515 Eutychetis

2173 1526 2362 1582 salutis
2383 1528 2522 1582 viam
2557 1531 2787 1584 mediam
2831 1532 3054 1600 reperiri
3080 1548 3094 1597 ;
3124 1531 3215 1587 sed
3245 1535 3383 1602 quod
3410 1535 3630 1588 omnino
3660 1553 3756 1588 ne-

2172 1633 2324 1674 cesse
2353 1623 2443 1688 sit,
2473 1631 2563 1676 aut
2595 1623 2733 1676 illius
2773 1639 2892 1678 esse
2913 1641 3255 1695 quemquam,
3297 1637 3388 1682 aut
3417 1629 3580 1685 illius.
3629 1630 3762 1685 Pro-

2173 1719 2296 1780 pter
2325 1710 2427 1765 hoc
2473 1711 2662 1766 festina
2695 1724 2815 1782 post
2863 1715 3030 1770 Deum
3064 1731 3160 1772 nos
3189 1718 3451 1786 adjuvare
3484 1739 3495 1772 :
3537 1730 3595 1774 et
3621 1722 3760 1774 sicut

491 1805 739 1860 descende
767 1803 939 1873 (Psal.
973 1800 1156 1869 chttt)
1179 1817 1192 1852 :
1216 1799 1503 1869 aliquando
1525 1813 1734 1850 rursum
1765 1815 1776 1850 :
1811 1797 1911 1862 Qui
1939 1798 2071 1867 regis
2104 1793 2150 1852 Β
2178 1800 2317 1854 inter
2347 1802 2458 1856 Arii
2488 1802 2773 1858 dividentis
2812 1816 2971 1873 atque
3001 1811 3301 1877 separantis
3347 1827 3505 1864 unam
3541 1811 3760 1866 deitatis

492 1896 692 1964 Israel,
747 1895 993 1950 intende:
1023 1894 1113 1962 qui
1152 1898 1293 1947 sedes
1325 1907 1478 1961 super
1517 1889 1795 1952 cherubim,
1841 1906 2031 1958 appare
2052 1904 2071 1942 :

492 1990 652 2043 excita
681 1987 958 2056 potentiam
999 1994 1160 2048 tuam,
1193 1994 1238 2037 et
1279 1983 1422 2047 veni,
1466 1991 1520 2034 ut
1561 1981 1740 2034 liberes
1772 1997 1864 2033 nos
1899 1979 2068 2048 (Psal.

493 2081 675 2147 Lxxtx)
715 2095 728 2107 υ
760 2078 838 2131 sic
879 2091 976 2130 nos
1011 2075 1202 2140 modo,
1233 2073 1321 2143 qui
1353 2073 1644 2127 infirmitati
1685 2088 1836 2125 nova:
1869 2087 2073 2140 praeva-

493 2167 769 2224 ricationis
796 2167 962 2235 patris
990 2165 1157 2218 nostri
1186 2162 1488 2231 dejicimur,
1516 2163 1582 2216 ad
1613 2171 1756 2216 tuam
1778 2163 2072 2218 clamamus

494 2258 880 2315 beatitudinem
911 2271 926 2310 :
951 2265 1008 2309 ut
1030 2265 1083 2308 et
1109 2262 1162 2308 tu
1196 2253 1432 2307 imitator
1453 2254 1689 2308 existens
1717 2253 1836 2308 Filii
1863 2253 1976 2317 Dei,
2005 2254 2070 2308 ad

491 2351 832 2409 dilectionem
858 2349 981 2418 (aL,
1013 2345 1392 2416 deiectionem)
1430 2345 1806 2415 deprecatione
1851 2346 2032 2400 venias
2055 2387 2070 2412 ,

494 2445 791 2499 imitatione
820 2443 985 2507 ipsius
1014 2439 1249 2494 caelestis
1293 2438 1464 2491 Patris
1512 2437 1609 2502 tui,
1651 2438 1738 2506 qui
1765 2434 1889 2505 facit
1915 2438 2074 2491 solem

493 2552 641 2591 suum
673 2532 799 2588 oriri
826 2549 978 2602 super
1008 2533 1164 2585 bonos
1195 2540 1243 2583 et
1277 2531 1472 2594 malos,
1503 2540 1551 2583 et
1581 2528 1712 2596 pluit
1737 2546 1892 2596 super
1902 2531 2074 2598 justos

492 2641 542 2681 et
570 2629 785 2698 injustas
816 2625 1028 2695 (Matth.
1060 2626 1133 2694 v).
1169 2624 1383 2678 Festina
1430 2624 1482 2677 in
1516 2623 1775 2677 auxilium
1809 2633 2070 2689 nostrum,

492 2719 671 2774 sciens
694 2762 708 2785 ,
754 2716 1090 2771 sanctissime
1138 2714 1300 2785 (sicut
1330 2713 1382 2767 in
1413 2713 1689 2781 principiis
1723 2712 1924 2766 dictum
1969 2715 2074 2781 est)

493 2810 617 2877 quia
639 2824 742 2862 non
769 2824 898 2876 opus
924 2808 1107 2860 habent
1134 2805 1249 2860 sani
1290 2804 1513 2870 medico,
1543 2803 1633 2856 sed
1665 2803 1796 2856 male
1825 2802 2069 2856 habentes

495 2901 709 2972 (Matth.
743 2900 843 2968 ix).

572 2992 724 3057 Quod
752 2991 794 3044 si
821 3005 980 3059 parva
1020 2989 1278 3044 existeret
1306 2986 1588 3056 aagritudo,
1624 3000 1722 3040 nos
1751 2984 1979 3040 forsitan
2007 2983 2072 3037 ad

493 3085 826 3153 spiritualem
860 3091 1101 3135 nostrum
1131 3081 1396 3134 medicum
1419 3093 1784 3141 curreremus,
1809 3088 2074 3146 quatenus

2175 1901 2419 1947 naturam
2450 1903 2608 1963 atque
2637 1895 3012 1963 substantiam,
3043 1907 3098 1952 et
3135 1899 3354 1954 Sabellii
3378 1916 3590 1970 quoque
3630 1918 3761 1957 cou-

2175 1981 2448 2038 fundo-mis
2475 1999 2734 2053 personas
2765 1996 2819 2040 et
2844 1987 3136 2042 minuentis
3166 2005 3447 2044 numerum
3482 1992 3757 2060 trinitatis,

2174 2074 2521 2129 ostenderunt
2543 2077 2865 2131 sanctissimi
2889 2077 3070 2133 Patres
3089 2080 3227 2134 viam
3253 2082 3478 2136 mediam
3496 2085 3760 2148 veritatis.

2176 2167 2230 2222 in
2248 2168 2585 2223 confessione
2602 2168 2896 2224 divinitatis
2916 2185 3073 2224 unam
3096 2172 3471 2238 substantiam,
3491 2186 3758 2239 naturam,

2176 2261 2537 2330 virtutemque
2583 2259 3047 2327 demonstrantes,
3076 2271 3293 2331 propter
3323 2264 3614 2318 Sabellium
3651 2274 3760 2320 tres

2179 2364 2436 2418 personas
2454 2361 2507 2404 et
2521 2366 2688 2419 sequar
2707 2354 2959 2420 potentia:
2983 2368 3140 2407 unam
3160 2355 3437 2410 veritatem
3464 2372 3478 2407 ε
3497 2356 3574 2409 sic
3593 2367 3644 2410 et
3665 2372 3761 2410 vos

2179 2455 2350 2505 nunc,
2385 2441 2706 2496 sanctissimi
2746 2454 2908 2512 atque
2953 2443 3267 2508 beatissimi,
3322 2447 3617 2502 illuminate
3661 2463 3760 2503 nos

2177 2531 2470 2600 spiritualis
2500 2533 2737 2586 scientia:
2759 2543 2950 2586 vestra:
2973 2534 3197 2602 lumine,
3223 2551 3342 2604 quae
3363 2545 3446 2590 est
3475 2537 3612 2592 inter
3637 2554 3762 2592 sen-

2180 2625 2397 2676 tentiam
2431 2623 2743 2694 Eutychetis
2788 2624 2855 2678 ad
2905 2624 3253 2680 imitationem
3283 2627 3499 2682 Sabellii
3543 2639 3760 2683 naturas

2179 2723 2338 2781 atque
2373 2714 2701 2769 substantias
2742 2714 3143 2782 confundentis,
3176 2727 3226 2772 et
3259 2718 3397 2772 inter
3423 2718 3653 2773 Nestor-ii
3691 2719 3759 2773 ad

2180 2806 2527 2860 imitationem
2560 2806 2672 2860 Arii
2706 2821 2960 2873 personas
2982 2817 3139 2877 atque
3165 2809 3492 2864 substantias
3518 2810 3764 2865 dividen-

2181 2899 2267 2960 tis,
2298 2912 2421 2951 vera
2462 2906 2622 2951 rectae
2655 2897 2776 2952 ﬁdei
2807 2897 3123 2963 confessio,
3159 2900 3348 2955 tradita
3380 2901 3534 2955 nobis
3567 2916 3595 2955 a
3627 2915 3760 2970 papa

2182 2987 2361 3041 Leone
2390 2988 2529 3041 inter
2560 2996 2779 3042 sanctos
2825 2989 3118 3044 constituto
3141 3032 3154 3055 ,
3192 2997 3248 3043 et
3292 2989 3675 3059 discipulorum
3708 2991 3760 3043 in

2179 3078 2517 3132 Chalcedone
2538 3087 2842 3131 sanctorum
2867 3078 3078 3132 Patrum
3101 3079 3324 3132 duarum
3345 3079 3763 3134 substantiarum

494 3187 548 3231 et
573 3176 846 3246 passiones
867 3173 1129 3227 bonorum
1160 3170 1510 3232 medicorum,
1537 3169 1588 3222 id
1612 3179 1695 3223 est
1719 3169 2072 3238 gloriosorum
2104 3155 2150 3219 C
2181 3181 2273 3223 aut
2315 3178 2627 3222 naturarum
2683 3169 2859 3222 unitas
2899 3168 2953 3222 in
2986 3185 3086 3223 una
3130 3168 3424 3238 eademque
3453 3185 3678 3238 persona
3710 3182 3767 3224 et

495 3266 696 3320 Christi
744 3263 1155 3332 discipulorum,
1198 3270 1616 3329 vestrorumque
1661 3259 1965 3323 doctorum,
2023 3268 2078 3313 et

495 3366 680 3412 saneta
703 3355 1050 3408 adoraremus
1075 3360 1163 3405 tua
1189 3350 1436 3419 veSiigia,
1465 3357 1521 3403 ut
1541 3358 1595 3405 et
1624 3349 2077 3418 praevaricationis

497 3449 849 3511 medicinam,
881 3455 933 3501 et
959 3445 1280 3499 solutionem
1317 3444 1670 3508 vinculorum,
1707 3450 1759 3497 et
1790 3443 1969 3498 delicti
1991 3459 2078 3498 re-

498 3541 808 3596 missionem
833 3539 900 3592 de
926 3545 1018 3590 tuo
1040 3543 1227 3590 saneto
1252 3549 1346 3588 ore
1373 3533 1791 3601 suscipercmus.

569 3632 674 3687 Sed
704 3630 828 3700 quia
859 3644 961 3681 non
1003 3637 1074 3680 est
1098 3627 1277 3687 ulcus,
1321 3633 1408 3676 aut
1457 3624 1689 3690 macula,
1721 3638 1882 3692 neque
1923 3624 2078 3692 plaga

501 3734 721 3786 tumens,
753 3721 844 3774 sed
879 3729 1041 3773 totum
1066 3719 1214 3770 ulcus
1239 3727 1312 3770 est
1333 3733 1365 3768 a
1392 3715 1602 3785 pedibus
1643 3731 1804 3784 usque
1829 3716 1896 3768 ad
1925 3724 2077 3782 caput

503 3815 655 3886 (Isai.
686 3814 724 3882 ι)
745 3855 759 3878 ,
791 3813 932 3867 sicut
957 3811 1146 3865 beatus
1178 3809 1340 3862 Isaias
1368 3808 1643 3876 antiquam
1683 3807 2079 3876 praevaricatio-

499 3923 621 3965 nem
651 3906 855 3961 dcllens
893 3903 1065 3957 dixit:
1096 3915 1192 3955 vos
1233 3899 1344 3969 jam
1391 3899 1516 3952 boni
1569 3898 1784 3963 medici,
1835 3907 1887 3952 et
1933 3897 2078 3952 illius

498 4001 610 4057 veri
640 3998 854 4061 medici,
888 3997 970 4051 vel
1002 3996 1261 4050 bonorum
1292 3991 1672 4060 discipulorum
1701 3991 1865 4060 ipsius
1889 3992 2080 4045 certis-

499 4092 623 4147 simi
655 4091 981 4160 plautatores
1009 4086 1258 4141 festinate
1294 4083 1360 4138 ad
1387 4097 1569 4136 curam
1594 4083 1952 4137 resolutorum
1985 4097 2078 4137 ec-

498 4184 783 4241 clesiastici
815 4181 1056 4251 corporis
1079 4178 1465 4242 membrorum,
1497 4186 1553 4229 ut
1580 4176 1870 4231 dissolutas
1889 4191 2078 4231 manus

499 4289 744 4344 nostras,
798 4276 1166 4343 dissolutaque
1195 4286 1365 4342 genua
1398 4270 1639 4339 erigatis,
1682 4278 1737 4324 et
1782 4285 1971 4324 cursus
1995 4285 2081 4324 re-

498 4380 615 4424 ctos
637 4366 842 4422 faciatis
874 4366 1095 4433 pedibus
1122 4362 1357 4426 nostris;
1387 4377 1454 4415 ne
1495 4361 1637 4428 quod
1678 4361 1924 4414 claudum
1957 4371 2041 4414 est
2063 4403 2077 4426 ,

499 4457 732 4527 amplius
760 4456 1186 4522 distorqueatur,
1210 4452 1305 4506 sed
1348 4460 1570 4505 curetur
1601 4451 1768 4520 magis
1807 4466 1902 4520 per
1933 4462 2076 4506 stre-

500 4549 758 4604 nuitatem
789 4555 843 4600 et
863 4545 1115 4611 Optimam
1143 4541 1473 4610 diligentiam
1506 4550 1761 4596 vestram.

568 4638 720 4692 Sicut
741 4636 883 4691 enim
918 4635 1170 4703 magistro
1195 4641 1382 4686 nostro
1415 4631 1634 4684 domino
1663 4631 1825 4685 Paulo
1847 4631 2079 4700 glorioso

499 4727 743 4797 apostolo
773 4736 988 4795 propter
1026 4723 1270 4778 infideles
1293 4722 1528 4789 aliquos,
1555 4722 1682 4775 dum
1712 4737 1832 4776 eum
1875 4723 2079 4792 pigeret

500 4835 804 4878 sermonem
829 4817 1036 4871 Domini
1071 4816 1121 4870 in
1143 4814 1402 4870 Corintho
1425 4815 1592 4881 loqui,
1618 4824 1798 4868 astans
1825 4813 2079 4869 Dominus

500 4915 632 4970 dixit
661 4931 676 4967 :
712 4912 938 4980 Loquere
965 4919 1011 4963 et
1041 4926 1141 4963 non
1168 4923 1352 4974 taceas,
1381 4909 1498 4978 quia
1533 4910 1721 4961 multus
1745 4917 1817 4961 est
1841 4909 1963 4963 mihi
1986 4928 2079 4978 po-

500 5006 651 5078 pulus
687 5004 740 5056 in
781 5002 877 5053 hac
915 5001 1117 5052 civitate
1166 5001 1301 5067 (Act.
1335 4998 1518 5066 xvnt),
1548 5007 1604 5052 et
1640 5013 1779 5052 nunc
1817 5009 1920 5052 tute
1949 5000 2077 5055 dicit

501 5093 813 5152 beatitudini
843 5091 959 5160 ejus
989 5090 1290 5159 benignitas
1315 5106 1331 5144 ;
1363 5089 1602 5156 Festina,
1631 5100 1681 5144 et
1715 5091 1824 5144 noli
1862 5090 2077 5146 tardare

501 5189 566 5241 ad
594 5185 828 5240 Orientis
855 5181 1131 5248 auxilium,
1159 5182 1326 5250 magis
1356 5192 1531 5235 autem
1560 5183 1623 5236 ad
1648 5183 1876 5251 majores
1900 5195 2079 5250 partes

503 5277 805 5332 habitabilis
833 5272 1050 5337 mundi,
1085 5273 1206 5340 quia
1238 5286 1344 5325 non
1374 5280 1575 5326 tantum
1623 5288 1716 5340 pro
1747 5284 1961 5327 centum
1994 5277 2074 5330 vi-

501 5368 634 5437 ginti
657 5366 892 5423 millibus
913 5363 963 5416 in
987 5377 1176 5432 magna
1202 5363 1519 5431 quandoque
1541 5363 1841 5419 constitutis
1863 5365 2077 5422 civitate

502 5461 692 5514 Ninive
713 5499 728 5523 ,
766 5457 858 5512 sed
883 5472 913 5510 a
945 5455 1114 5508 multo
1144 5454 1386 5523 pluribus
1416 5469 1570 5522 spera
1600 5458 1899 5523 exspectari
1933 5467 2075 5512 tuam

503 5563 622 5623 post
652 5553 816 5606 Deutn
849 5550 1187 5605 medicinam.
1221 5545 1278 5600 Si
1310 5546 1450 5601 enim
1483 5549 1571 5615 qui
1615 5549 1888 5616 praecessit
1909 5550 2080 5604 beati-

503 5643 740 5699 tudinem
773 5651 916 5696 tuam
959 5642 1098 5695 inter
1120 5647 1334 5693 sanctos
1372 5635 1694 5691 constitutus
1723 5637 1832 5692 Leo
1873 5641 2080 5696 archie-

500 5738 750 5806 piscopus
788 5732 854 5788 ad
892 5731 1111 5788 Attilam
1144 5739 1271 5786 tunc
1303 5743 1553 5785 erronem
1587 5727 1869 5785 barbarum
1897 5747 1990 5801 per
2021 5747 2079 5788 se

2107 4512 2158 4572 D

2179 3277 2205 3316 s
2228 3262 2475 3315 ibstantia
2498 3258 2673 3329 magni
2697 3260 2786 3313 Dei
2809 3268 2864 3314 et
2884 3260 3175 3316 Salvatoris
3204 3261 3370 3314 nostri
3392 3261 3516 3315 Jesu
3539 3261 3764 3316 Christi.

2250 3354 2355 3421 Ipsi
2399 3354 2543 3407 enim
2580 3353 2881 3407 docuerunt
2917 3367 3012 3406 nos
3050 3352 3248 3407 divinis
3289 3353 3580 3421 Scripturis
3620 3352 3759 3407 alte-

2177 3461 2290 3499 ram
2347 3459 2470 3500 esse
2521 3444 2822 3508 visibilem,
2865 3455 2918 3498 et
2969 3444 3289 3513 palpabilem
3346 3454 3400 3500 et
3457 3443 3764 3514 passibilem

2176 3537 2354 3591 carnis
2400 3545 2676 3600 naturam,
2707 3547 2762 3591 et
2814 3536 3034 3590 alteram
3081 3537 3422 3602 invisibilem,
3454 3537 3763 3606 impossibi-

2180 3628 2284 3682 lem
2317 3637 2371 3683 ct
2400 3627 2996 3696 incomprehensiliilem
3047 3639 3287 3682 naturam
3319 3628 3371 3680 in
3401 3643 3502 3682 una
3535 3642 3763 3696 persona

2178 3731 2230 3774 et
2269 3719 2562 3774 substantia
2606 3720 2780 3788 magni
2836 3719 2928 3774 Dei
2975 3729 3029 3774 et
3077 3719 3374 3774 Salvatoris
3421 3722 3588 3775 nostri
3633 3721 3764 3777 Jesu

2177 3808 2405 3873 Christi;
2434 3810 2656 3862 alteram
2687 3808 2754 3862 de
2785 3809 2968 3862 matris
2999 3809 3293 3864 substantia
3344 3818 3398 3864 et
3449 3819 3633 3864 natura
3670 3825 3766 3864 ve-

2180 3901 2413 3954 nientem
2435 3899 2510 3962 de
2526 3899 2732 3954 semine
2758 3899 2947 3963 David,
2975 3897 3204 3953 Abrahae
3229 3909 3282 3953 et
3299 3899 3763 3966 Adae,secundum

2178 4005 2394 4045 carnem
2439 3999 2638 4056 natam,
2669 3990 2890 4044 alteram
2924 4005 3053 4045 vero
3095 4007 3160 4045 ex
3209 4002 3362 4046 utero
3404 4000 3526 4045 ante
3556 3991 3768 4046 Lucife-

2181 4097 2299 4136 rum
2338 4082 2569 4150 genitam
2600 4081 2668 4136 de
2697 4082 2994 4136 substantia
3023 4089 3078 4138 et
3107 4093 3292 4136 natura
3327 4082 3520 4136 Patris.
3560 4083 3665 4137 Sed
3696 4099 3768 4138 ne

2181 4189 2367 4228 rursus
2412 4183 2632 4243 propter
2675 4174 2998 4228 immaculati
3050 4184 3229 4242 partus
3274 4175 3406 4229 duas
3455 4185 3670 4230 naturas
3711 4186 3768 4230 et

2181 4265 2504 4320 substantias
2517 4267 2855 4320 occasionem
2873 4266 3336 4334 apprehendentes
3359 4268 3447 4336 qui
3469 4267 3765 4322 secundum

2181 4357 2481 4413 Nestorium
2505 4359 2737 4427 sapiunt,
2759 4358 2888 4412 duas
2921 4373 3198 4428 personas,
3224 4369 3314 4412 aut
3335 4359 3470 4414 duos
3498 4360 3657 4427 filios,
3679 4360 3766 4413 vel

2182 4447 2317 4502 duos
2372 4446 2614 4503 Christos
2642 4449 2781 4504 male
2821 4449 3189 4515 introducam;
3243 4449 3539 4506 docuerunt
3593 4450 3767 4504 sancti

2185 4541 2258 4594 illi
2287 4549 2340 4594 et
2380 4541 2518 4595 beati
2547 4540 2732 4594 Patres
2767 4557 2924 4594 unant
2955 4542 3093 4596 scire
3123 4557 3406 4611 personam
3437 4552 3491 4598 et
3519 4543 3768 4598 substan-

2184 4633 2375 4686 tiarum
2407 4632 2813 4698 inseparabilem
2841 4633 3098 4688 unitatem
3125 4649 3191 4688 ex
3219 4634 3428 4690 duabus
3455 4638 3769 4692 substantiis

2183 4734 2230 4776 et
2265 4722 2488 4787 naturis,
2519 4732 2572 4778 et
2603 4723 2653 4776 in
2685 4723 2892 4777 duabus
2922 4725 3232 4780 substantiis
3265 4737 3321 4781 et
3350 4729 3554 4782 naturis
3586 4729 3768 4798 magni

2183 4814 2275 4870 Dei
2305 4823 2359 4870 et
2385 4815 2674 4870 Salvatoris
2702 4816 2867 4871 nostri
2891 4816 3015 4872 Jesu
3043 4819 3263 4872 Christi.

2257 4905 2364 4960 Nos
2386 4907 2551 4969 enim,
2578 4921 2610 4961 o
2639 4906 2974 4962 sanctissime
3003 4918 3058 4963 et
3089 4910 3393 4966 beatissime
3420 4911 3765 4982 Symmache,

2185 4997 2431 5054 eumdem
2472 5012 2592 5053 esse
2633 4996 3003 5053 existimamus
3032 5016 3095 5055 ex
3128 5000 3338 5056 duabus
3388 5007 3595 5059 naturis
3626 5018 3679 5061 et
3713 5010 3768 5061 in

2183 5089 2390 5144 duabus
2425 5089 2648 5154 naturis,
2681 5100 2734 5143 et
2759 5105 2865 5144 non
2896 5090 3066 5159 (sicut
3105 5091 3178 5145 illi
3213 5092 3429 5163 dicunt)
3462 5110 3525 5148 ex
3557 5095 3768 5151 duabus

2185 5182 2393 5235 naturis
2423 5196 2579 5233 unam
2623 5189 2866 5234 naturam
2911 5191 3031 5252 post
3059 5183 3456 5252 adunationem,
3485 5185 3536 5239 in
3561 5187 3768 5242 duabus

2185 5281 2362 5326 autem
2407 5273 2818 5328 subsistentibus
2867 5274 3070 5330 naturis
3108 5291 3228 5331 cum
3279 5280 3480 5333 unitate
3517 5297 3622 5334 non
3657 5283 3765 5349 pati

2183 5364 2457 5429 confiteri;
2493 5374 2548 5418 ut
2590 5380 2648 5420 se
2683 5365 2910 5419 doceant
2939 5366 3258 5422 Arianorum
3289 5384 3409 5424 esse
3448 5371 3765 5436 imitatores,

2184 5456 2474 5510 dicentium
2518 5471 2612 5525 per
2643 5457 2834 5511 Filium
2864 5458 3151 5526 glorificari
3200 5460 3432 5529 Patrem,
3460 5479 3580 5518 cum
3628 5464 3767 5518 Filio

2186 5559 2360 5604 autem
2395 5566 2499 5604 non
2531 5551 2638 5618 pati
2673 5565 2731 5606 se
2765 5567 2887 5606 eum
2917 5551 3226 5623 glorificari.
3278 5555 3382 5611 Sed
3415 5558 3552 5610 sicut
3579 5569 3763 5610 contra

2187 5641 2307 5695 illos
2349 5642 2643 5698 docuerunt
2692 5642 2880 5699 fratres
2925 5645 2999 5699 tui
3049 5650 3372 5702 sanctissimi
3422 5648 3627 5713 Patres,
3664 5649 3766 5702 Pt-r

2185 5748 2343 5803 quem
2371 5743 2574 5789 etcum
2611 5749 2718 5803 quo
2759 5737 3038 5806 aequaliter
3088 5740 3194 5808 pati
3227 5740 3408 5795 dicere
3451 5755 3549 5795 nos
3576 5761 3587 5792 :
3616 5742 3738 5804 quia
