4044 6184
371 348 432 402 6i
1568 344 1919 402 EPISTOLIE
1960 343 2049 398 ET
2088 344 2426 401 DECRETA.
3547 345 3616 399 63

368 460 471 513 Per
510 472 697 526 quem,
727 455 1142 519 humanitatem;
1175 456 1305 511 Cum
1340 472 1468 526 quo,
1496 458 1827 512 divinitatem
1869 456 1941 508 si-
1972 460 2020 514 A
2050 465 2104 510 et
2142 460 2269 513 utile
2307 460 2441 514 tales
2479 460 2807 515 admonere:
2852 476 2952 515 nec
2994 462 3136 517 enim
3180 474 3469 529 congruum
3506 464 3612 518 illis

363 549 676 618 gniﬁcantes
704 546 882 617 magni
911 546 1003 601 Dei
1036 558 1086 602 et
1110 546 1403 601 Salvatoris
1429 548 1596 601 nostri
1624 546 1748 601 Jesu
1786 547 1939 601 Cltri-

362 639 567 694 sti:sic
608 646 667 693 et
704 652 845 693 nunc
884 637 1009 703 illis,
1054 637 1134 691 Ex
1176 637 1381 691 duabus
1425 637 1642 705 quidem
1693 638 1931 701 naturis,

360 729 776 786 dicentibus:ln
806 730 1012 784 duabus
1051 739 1229 784 autem
1272 745 1376 783 non
1413 729 1809 791 conﬁtentibus,
1837 744 1935 783 nos

361 838 424 877 ex
451 821 681 885 duabus,
704 829 760 875 et
790 821 844 875 in
876 821 1081 875 duabus
1106 820 1306 891 pariter
1331 820 1577 874 dicimus.
1623 820 1700 873 Ex
1730 820 1937 873 duabus

360 914 497 968 enim
528 913 786 973 dicentes.
818 927 886 968 ex
914 912 1106 980 quibus
1134 912 1375 966 subsistit
1404 912 1599 965 unitas.
1643 911 1699 965 ιιι
1725 912 1935 967 duabus

358 1014 554 1065 autem,
585 1002 639 1056 in
679 1002 871 1072 quibus
915 1001 1061 1055 visus
1104 1008 1283 1066 est,et
1331 1001 1571 1070 palpatus
1617 1010 1720 1064 est,
1754 1010 1807 1055 et
1842 1014 1933 1055 as-

356 1101 601 1163 sumptus
641 1102 759 1161 post
796 1092 1096 1160 passionem
1126 1099 1181 1145 et
1208 1090 1675 1153 resurrectionem,
1707 1090 1931 1145 conﬁte-

356 1198 491 1248 mur,
519 1192 574 1237 et
614 1184 669 1237 in
704 1182 899 1253 quibus
940 1181 1119 1236 veniet
1148 1180 1482 1250 iudicaturus
1520 1181 1669 1236 vivos
1699 1189 1754 1236 et
1790 1195 1934 1235 mor-

354 1285 493 1326 "108.

418 1363 605 1433 Neque
650 1363 794 1419 enim
842 1362 981 1418 nuda
1026 1362 1279 1418 divinitas
1316 1360 1525 1433 poterat
1559 1371 1652 1417 aut
1690 1362 1926 1431 palpari,

351 1465 441 1510 aut
463 1457 702 1525 cmciﬂgi
732 1471 829 1524 pro
853 1457 962 1509 vita
993 1456 1206 1521 mundi;
1236 1469 1335 1510 nec
1375 1454 1597 1523 simplex
1628 1454 1928 1508 humanitas

351 1547 506 1600 morti
555 1547 840 1615 subjaeeus
880 1561 975 1615 per
1018 1557 1246 1601 mortem
1295 1545 1622 1600 confundere
1666 1560 1786 1599 eum
1837 1545 1924 1613 qui

349 1635 626 1690 obtinebat
669 1646 921 1701 mortem,
944 1635 1046 1690 hoc
1090 1644 1173 1691 est
1208 1634 1499 1689 diabolum.
1543 1632 1695 1688 Unde
1726 1642 1780 1689 et
1810 1644 1928 1700 post

348 1724 791 1780 resurrectionem
824 1727 875 1778 in
907 1724 1243 1778 immaculata
1274 1736 1433 1777 carne
1464 1737 1555 1776 sua
1595 1723 1764 1776 visum
1796 1721 1927 1776 Ver-

2044 548 2309 617 religiosae
2339 550 2532 605 afferre
2560 551 2805 619 dogmata
2833 552 3146 621 disciplinae,
3185 565 3213 603 ι
3242 552 3434 620 quibus
3463 554 3612 608 iusti-

2042 639 2261 694 tutionis
2290 641 2455 707 ipsius
2498 653 2839 711 exSpeclatur
2867 646 3020 713 plena
3053 645 3326 713 perfectio.

2110 728 2216 783 Sed
2248 729 2479 785 breviter
2504 732 2643 785 clara
2668 734 3104 802 perstringamus.
3132 733 3228 789 Cui
3259 737 3607 802 incognitum,

2036 817 2626 887 Constantinopolitana
2648 820 2885 876 Ecclesia
2916 838 3017 892 qua
3046 823 3272 878 Nestorii
3296 826 3611 895 contagione

2040 907 2300 963 laboravit
2327 909 2350 961 ?
2377 909 2629 975 Nestorii,
2663 913 2874 981 inquam
2893 954 2907 979 ,
2938 914 3028 982 qui
3058 915 3206 983 quasi
3238 923 3390 983 putre
3416 930 3609 986 corpo-

2036 1000 2112 1052 ris
2153 999 2453 1055 membrum
2497 1016 2525 1052 a
2586 1001 2843 1055 societate
2896 1002 3169 1057 Catholica:
3215 1004 3608 1058 communionis

2036 1090 2247 1144 excisus
2270 1098 2372 1145 est.
2397 1089 2494 1145 Ubi
2520 1099 2779 1145 terrarum
2798 1106 2899 1145 non
2924 1092 3247 1160 prmdicatur
3265 1095 3608 1163 congregatio

2033 1178 2482 1237 Chalcedonensis
2530 1183 2701 1236 sancti
2738 1183 2983 1247 concilii,
3013 1198 3133 1253 qua:
3170 1184 3514 1255 Eutycltetem
3551 1195 3605 1239 et

2033 1270 2371 1335 Dioscorum,
2398 1272 2505 1326 duo
2544 1274 2760 1327 nomina
2792 1274 2991 1327 famosa
3022 1282 3077 1329 et
3106 1289 3309 1343 magnae
3347 1276 3603 1343 perﬁdiae,

2031 1360 2187 1414 unius
2248 1364 2527 1417 sententia:
2581 1363 2885 1433 integritate
2945 1365 3259 1430 damnavit,
3309 1365 3603 1434 iniquitatis

2030 1452 2319 1518 complices
2366 1469 2472 1506 uno
2511 1453 2698 1519 spiritu
2754 1453 2948 1508 divinis
2990 1456 3325 1524 dogmatibus
3372 1456 3599 1511 adversa

2027 1543 2336 1596 sectantes?
2361 1542 2491 1608 Quis
2532 1543 2745 1597 Petrum
2773 1553 2825 1599 et
2867 1545 3205 1598 Timotheum
3261 1546 3599 1613 praxfatorum

2026 1635 2278 1688 vernulas
2302 1635 2582 1701 ignoravit,
2599 1645 3017 1705 propugnatores
3032 1636 3338 1691 intentionis
3351 1636 3597 1701 addicta,

2026 1732 2275 1779 auctores
2318 1739 2380 1778 ac
2416 1726 2695 1793 magistros
2732 1740 2857 1780 suos
2896 1740 3041 1781 saevo
3073 1742 3257 1780 errore
3288 1726 3600 1781 vincentes?

348 1820 470 1872 bum
503 1817 597 1870 Dei
625 1824 678 1871 et
714 1816 854 1870 Deus
894 1824 1080 1869 noster
1118 1815 1365 1868 omnibus
1401 1813 1676 1883 discipulis
1705 1813 1816 1865 suis
1845 1810 1927 1864 di-
1957 1800 2003 1859 Β
2028 1815 2179 1869 illum
2218 1816 2554 1870 Timotheum
2605 1817 2869 1885 loquimur
2907 1820 3240 1886 patricidam,
3271 1820 3359 1887 qui
3400 1826 3599 1873 sanctae

347 1908 499 1963 cebat
525 1924 538 1959 :
573 1906 748 1960 Videte
773 1923 950 1960 manus
972 1922 1110 1959 meas
1141 1916 1188 1959 et
1215 1906 1367 1975 pedes
1387 1921 1543 1970 meos,
1566 1905 1683 1974 quia
1704 1921 1794 1974 ego
1814 1904 1924 1969 ipse

346 2013 496 2052 sunt:
522 1998 732 2066 palpate
770 2007 817 2051 et
853 1998 1036 2060 videte,
1061 1998 1182 2067 quia
1221 1997 1428 2066 spiritus
1473 2012 1680 2049 carnem
1721 2004 1767 2050 et
1807 2012 1923 2049 ossa

342 2107 442 2144 non
488 2092 660 2154 habet,
702 2092 834 2144 sicut
879 2106 958 2144 me
1004 2090 1183 2143 videtis
1222 2087 1482 2142 habentem
1530 2087 1692 2157 (Luc.
1740 2088 1917 2156 xxiv).

346 2179 624 2235 [labentem
652 2180 807 2247 dixit,
839 2189 895 2234 ut
933 2194 1038 2233 non
1069 2179 1115 2233 is
1143 2179 1195 2232 in
1222 2178 1313 2231 illa
1350 2188 1583 2232 mutatus
1621 2187 1918 2246 putaretur,

343 2271 435 2324 sed
452 2272 516 2324 in
547 2272 769 2325 veritate
792 2270 1145 2339 assumpsisse
1163 2269 1497 2325 crederetur.
1527 2270 1691 2322 Beato
1710 2284 1921 2339 quoque

343 2359 565 2414 Thema:
593 2360 853 2415 difﬁdenti
884 2364 1080 2414 c9amat
1106 2375 1118 2411 :
1144 2358 1289 2428 Infrr
1318 2359 1530 2428 digitum
1572 2368 1713 2412 tuum
1737 2370 1783 2413 et
1808 2360 1920 2412 vide

342 2467 523 2504 manus
562 2461 809 2506 meamet
858 2452 926 2505 da
970 2468 1176 2504 manum
1224 2459 1381 2514 tuam,
1414 2460 1461 2504 et
1505 2451 1644 2503 mitte
1686 2452 1740 2503 in
1781 2451 1919 2505 latus

343 2559 530 2609 meum,
556 2552 605 2597 et
643 2545 751 2597 noli
795 2560 903 2597 esse
943 2544 1258 2611 incredulus,
1283 2545 1371 2597 sed
1421 2544 1587 2610 ﬁdelis
1616 2542 1797 2612 (Jaan.
1830 2544 1916 2612 x).

345 2632 491 2687 [inde
538 2633 667 2687 dum
714 2642 1095 2697 assumeretur,
1125 2633 1233 2687 duo
1267 2632 1366 2686 viri
1413 2632 1511 2686 visi
1553 2633 1826 2699 discipulis
1863 2634 1916 2687 in

340 2736 473 2789 albis
510 2732 749 2787 vestibus
793 2731 1094 2786 clamabant
1134 2740 1188 2783 et
1224 2729 1504 2783 dicebant:
1533 2728 1645 2782 Viri
1687 2726 1913 2797 Galila'i,

339 2828 455 2893 quid
480 2826 629 2880 statis
655 2824 954 2889 aspicientes
987 2822 1040 2874 in
1069 2822 1247 2874 cretum
1265 2823 1291 2875 ?
1330 2821 1432 2875 llic
1458 2821 1631 2883 Iesus,
1656 2824 1743 2892 qui
1769 2823 1915 2875 abla-

338 2929 412 2972 tus
442 2928 519 2973 est
548 2935 581 2971 a
610 2917 747 2971 vobis
762 2918 815 2970 in
835 2917 1119 2980 caelum,ita
1140 2917 1317 2979 veniet,
1336 2918 1465 2970 sicut
1493 2918 1690 2971 vidistis
1716 2928 1917 2971 euntem

338 3012 387 3064 in
421 3011 605 3063 calum
635 3008 773 3080 (Act.
805 3008 875 3075 ι),
907 3022 1027 3062 cum
1065 3009 1270 3061 venerit
1312 3008 1620 3062 omnimodo
1655 3009 1708 3063 in
1747 3009 1913 3078 gloria

336 3100 509 3155 Patris
537 3114 660 3155 cum
689 3098 889 3153 sanctis
932 3098 1137 3166 angelis
1164 3098 1216 3151 in
1247 3098 1333 3152 die
1364 3100 1588 3153 terribili
1613 3100 1740 3167 justi
1767 3100 1911 3168 judi-

338 3191 401 3244 cii
425 3208 439 3243 :
463 3191 545 3245 sic
571 3189 816 3244 inﬁdeles
842 3188 1012 3243 Judaei
1043 3188 1296 3242 videbunt
1317 3189 1369 3242 in
1398 3204 1554 3259 quem
1586 3204 1913 3258 compunxe—

337 3288 479 3344 runt,
510 3290 565 3334 et
600 3294 722 3333 cum
770 3278 848 3333 eis
890 3287 1200 3347 peccatores
1241 3280 1403 3333 etiam
1450 3281 1641 3343 nostri,
1671 3294 1794 3335 cum
1822 3279 1913 3350 qui

338 3386 517 3425 eorum
544 3370 796 3425 misertus
821 3378 905 3424 est
931 3378 984 3422 et
1007 3368 1251 3423 liberavit
1289 3384 1402 3434 eos,
1432 3371 1704 3439 neglectus
1732 3382 1912 3425 autem

338 3462 400 3514 ab
425 3462 506 3516 διε
532 3468 638 3515 est.
665 3459 972 3515 Secundum
1001 3473 1097 3513 vos
1125 3468 1310 3514 autem
1339 3459 1508 3513 sancti
1532 3470 1587 3512 et
1608 3460 1734 3529 justi
1766 3460 1913 3515 vide-

335 3550 467 3603 bunt
485 3564 646 3619 quem
672 3548 861 3604 dilexit
881 3550 1057 3603 anima
1082 3562 1289 3611 eorum,
1313 3557 1366 3604 et
1389 3549 1709 3604 ltetabuntur
1729 3550 1913 3605 ltetitia

336 3640 585 3695 inetl‘..bili
631 3652 687 3695 et
726 3641 989 3708 gloriosa,
1033 3640 1355 3707 accipientes
1395 3642 1909 3697 consummationem

337 3732 457 3786 ﬁdei
481 3746 594 3787 sua
624 3733 676 3785 in
706 3731 934 3786 salutem
964 3732 1259 3785 animarum
1287 3747 1525 3795 suarum,
1554 3742 1607 3787 et
1635 3733 1913 3787 audientes

335 3824 702 3878 suavissimam
745 3836 929 3877 Vocem
952 3822 1068 3891 ejus
1115 3823 1340 3878 dicentis
1375 3841 1388 3875 ε
1424 3823 1619 3888 Venite,
1661 3824 1911 3877 benedicti

336 3912 509 3968 Patris
538 3914 661 3980 mei,
686 3913 979 3967 bwreditate
1008 3923 1245 3981 paratum
1274 3914 1412 3968 vobis
1438 3930 1652 3984 regnum
1676 3916 1740 3967 ab
1765 3914 1912 3968 initio

336 4008 509 4058 uitandi
552 4002 781 4075 (Matth.
822 4006 984 4074 xxv).
1032 4004 1196 4074 Cujus
1238 4005 1409 4060 beata:
1462 4006 1608 4061 vocis
1651 4021 1773 4061 cum
1823 4015 1911 4060 tua

336 4096 663 4150 beatitudine
689 4103 745 4150 et
781 4110 880 4150 nos
910 4096 1156 4165 indignos
1184 4095 1431 4164 dignetur
1456 4094 1698 4153 Christus
1726 4096 1910 4150 Domi-

336 4202 433 4241 nus
452 4198 657 4251 noster,
674 4201 770 4255 per
798 4186 1349 4250 omnia,sanctisslme
1379 4196 1546 4256 pater.

678 4323 1007 4380 EPISTULA
1047 4325 1135 4381 VH
1176 4326 1362 4398 (OLIM
1403 4326 1560 4397 Vill).

812 4432 880 4469 an
917 4431 1266 4485 OBIENTALES,
1292 4432 1411 4472 s'rc.

403 4522 555 4590 Quod
596 4521 714 4578 ﬁeri
746 4523 900 4591 plane
927 4526 1193 4594 cupimus,
1225 4525 1270 4579 si
1315 4541 1436 4596 qua:
1471 4526 1773 4590 scribimus,
1803 4528 1906 4582 im-
1938 4506 1985 4566 Ῑ)

335 4614 601 4681 pleantur.
630 4614 817 4669 Nullus
837 4624 1051 4685 stupeat
1076 4628 1341 4671 servatum
1370 4616 1626 4673 hactenus
1648 4635 1745 4673 nos
1768 4635 1910 4675 nunc

336 4705 557 4760 solvisse
588 4706 885 4772 silentium,
911 4722 1032 4762 cum
1057 4708 1455 4775 prudentissimi
1480 4710 1780 4765 Salomonis
1809 4713 1907 4766 ista

336 4812 435 4851 vos
474 4810 760 4868 personet:
790 4800 1012 4870 Tentpus
1050 4800 1329 4870 loquendi,
1369 4812 1418 4855 et
1475 4814 1671 4873 temmts
1710 4806 1910 4859 tacendi

337 4889 557 4957 (Ecetes.
618 4893 722 4960 ιιι).
772 4892 905 4957 Quia
952 4893 1363 4947 taciturnitatem
1414 4910 1650 4961 prasens
1703 4906 1910 4966 tempus

336 4991 640 5048 expugnat:
695 4997 817 5035 nam
870 4983 1008 5038 inter
1045 4994 1238 5039 cetera
1266 5002 1385 5054 qua:
1424 4986 1693 5047 accidunt.
1730 4989 1908 5053 silere,

337 5083 438 5123 nec
465 5070 585 5125 ﬁdei
616 5070 853 5127 stimulis
874 5073 1127 5138 excitari,
1168 5076 1341 5144 magni
1370 5085 1579 5130 constat
1607 5092 1727 5132 esse
1758 5078 1909 5134 fasti-

336 5159 432 5211 dii.
458 5159 665 5228 Quippe
706 5162 794 5217 ubi
834 5162 1107 5232 religionis
1141 5165 1435 5220 reverentia
1467 5176 1520 5220 et
1542 5181 1749 5221 summa
1777 5183 1909 5223 con-

336 5250 554 5317 cutitur,
580 5261 764 5318 aptum
786 5253 936 5319 juxta
968 5253 1202 5307 divinam
1230 5254 1561 5323 Scriptttram
1595 5255 1742 5327 (Luc.
1775 5262 1909 5325 χιιι)

335 5340 537 5406 dicere,
564 5356 659 5397 eos
680 5343 768 5410 qui
791 5352 917 5396 sunt
942 5344 1119 5409 mites,
1147 5342 1345 5398 debere
1364 5358 1484 5399 esse
1510 5361 1798 5415 pugnaces.
1820 5347 1907 5402 Si-

336 5431 551 5498 quidem
583 5441 639 5487 et
665 5432 963 5501 spiritualis
992 5435 1233 5502 quaedam
1267 5435 1377 5489 Deo
1405 5446 1622 5505 accepta
1661 5452 1911 5508 congres-

336 5524 418 5575 sio
441 5523 567 5578 inde
586 5531 641 5578 et
662 5523 997 5579 laudabiliter
1022 5526 1264 5579 universa
1290 5526 1504 5594 tolerat,
1539 5543 1605 5581 ne
1631 5529 1908 5599 quisquam

338 5628 369 5663 a
408 5613 586 5668 divina
623 5615 846 5670 caritate
888 5625 1185 5685 separetur,
1230 5625 1287 5671 et
1322 5631 1420 5671 vos
1459 5618 1670 5685 quidem
1712 5620 1908 5674 docere

341 5709 485 5775 quod
511 5704 768 5777 doceatis,
797 5720 961 5777 grave
987 5722 1125 5762 onus
1152 5707 1393 5776 pudoris,
1422 5707 1515 5763 sed
1534 5709 1902 5765 necessarium

2024 1906 2413 1961 recordationis
2452 1907 2713 1963 Proterio‘
2730 1912 3037 1978 superstite,
3083 1925 3187 1964 non
3219 1910 3391 1963 solum
3420 1908 3597 1962 eccle-

2024 1996 2156 2051 siam
2202 2011 2309 2050 non
2360 1997 2621 2065 religiosis
2669 1998 2974 2053 auctoribus
3034 1999 3349 2067 occupavit,
3401 2012 3589 2051 verum

2022 2085 2181 2139 etiam
2208 2084 2522 2141 eﬁ'usionem
2555 2086 2626 2154 pii
2666 2089 2936 2155 sanguinis
2976 2088 3041 2141 ad
3086 2088 3287 2142 crimen
3325 2089 3598 2156 pervasio-

2023 2174 2106 2228 nis
2145 2172 2362 2241 adjecit.
2403 2174 2575 2243 Ipsius
2605 2189 2796 2244 nempe
2837 2176 3235 2232 damnationem
3281 2175 3595 2230 universalis

2022 2274 2104 2319 est
2141 2265 2392 2319 Ecclesia:
2433 2280 2533 2319 vox
2572 2266 2766 2331 locuta,
2806 2266 2932 2320 dum
2972 2282 3094 2321 cum
3135 2267 3348 2320 nomine
3384 2280 3595 2334 quoque

2019 2355 2312 2409 Christiani
2356 2356 2576 2410 honoris
2610 2364 2850 2410 exueret.
2896 2356 3023 2426 Ejus
3053 2356 3269 2411 Petrum
3311 2369 3593 2425 sequacem

2021 2458 2208 2501 notum
2236 2447 2479 2501 fecerunt
2505 2447 2923 2502 orthodoxorum
2952 2449 3190 2516 plurima:
3212 2446 3506 2516 passiones,
3539 2446 3593 2499 in

2026 2542 2224 2609 quibus
2264 2542 2352 2595 ille
2381 2541 2628 2594 virtutem
2669 2541 2830 2595 animi
2862 2541 2943 2594 sui
2973 2540 3256 2594 exsultavit
3282 2537 3587 2594 ostendere.

2019 2631 2180 2686 Novit
2202 2633 2344 2687 hunc
2377 2633 2620 2702 Ephesus
2641 2648 2761 2687 cum
2786 2642 2895 2687 tota
2921 2632 3178 2686 societate
3204 2630 3471 2695 Dioscori,
3500 2629 3590 2682 ubi

2017 2740 2139 2780 cum
2168 2725 2422 2793 praedicto
2448 2734 2667 2779 auclore
2698 2726 2895 2794 peccati
2937 2724 3095 2779 ﬁnem
3141 2724 3311 2779 sancti
3354 2722 3590 2777 Flaviani

2016 2825 2269 2885 operatus
2313 2817 2560 2870 innotuit.

2087 2906 2334 2959 Tacenda
2378 2914 2502 2960 sunt
2541 2907 2837 2960 Antiochiae
2878 2908 3054 2971 mala,
3100 2907 3191 2961 ubi
3227 2922 3322 2977 per
3367 2906 3590 2961 alterius

2018 2995 2162 3050 Petri
2194 2994 2419 3049 nefanda
2447 2995 2672 3049 ludibria
2710 2996 3059 3051 reverendum
3089 2996 3370 3051 sacerdotii
3395 3009 3586 3050 nomen

2019 3086 2233 3140 irrisum
2264 3093 2365 3139 est.
2398 3086 2529 3153 Quis
2566 3087 2804 3154 Apamia:
2847 3095 2902 3141 et
2935 3087 3059 3152 Tyri
3087 3087 3345 3157 gemitus,
3376 3087 3588 3154 tragicis

2017 3175 2331 3229 criminibus
2373 3176 2784 3242 comparandos,
2822 3177 2907 3231 vel
2949 3177 2992 3231 si
3039 3177 3168 3231 solis
3208 3186 3397 3245 vacet,
3428 3176 3585 3243 digna

2019 3266 2186 3335 pussit
2222 3266 2602 3321 lamentatione
2647 3267 2853 3322 deﬂere
2882 3269 2906 3320 τ
2951 3268 3087 3333 Quid
3122 3269 3387 3326 ,Acacium
3418 3267 3442 3318 τ
3491 3267 3582 3336 qui

2015 3358 2166 3424 quasi
2198 3356 2319 3408 boni
2347 3355 2427 3409 sui
2455 3356 2658 3410 fascino
2692 3368 2970 3425 gravatus,
2995 3374 3113 3426 qua:
3137 3358 3389 3412 Basilisco
3419 3358 3587 3426 impe—

2016 3455 2171 3500 rante
2203 3446 2555 3514 praemiserat,
2602 3462 2742 3501 novo
2769 3449 3016 3515 exemplo
3054 3462 3187 3515 pene
3221 3448 3586 3517 deprehensus

2016 3546 2097 3591 est
2119 3536 2374 3591 adversus
2398 3537 2632 3606 seipsum
2663 3538 2846 3592 dicens
2868 3539 3206 3603 sententiam,
3240 3539 3359 3592 ilius
3388 3548 3583 3591 mutata

2016 3628 2287 3681 voluntate
2322 3626 2651 3691 defendens,
2696 3643 2831 3696 quos
2870 3630 3015 3695 prius
3052 3628 3342 3698 gloriosum
3384 3630 3586 3697 putavit

2014 3716 2263 3771 addicere
2284 3717 2401 3785 (aL,
2429 3717 2709 3785 abjicere),
2750 3727 2805 3772 et
2829 3717 3077 3772 laborans
3105 3717 3311 3773 sociare
3344 3718 3586 3774 ﬁdelibus

2013 3821 2148 3876 quos
2202 3806 2401 3861 dudum
2461 3808 2743 3862 haereticus
2785 3809 3083 3864 manifesta:
3133 3810 3586 3877 prmvaricationis

2012 3897 2359 3953 ostenderat:
2387 3907 2606 3967 propter
2625 3897 2765 3968 quod
2798 3899 3027 3954 maxime
3086 3899 3389 3968 fugiendus,
3416 3908 3469 3952 et
3492 3899 3587 3953 de-

2012 3990 2223 4058 signato
2251 3990 2501 4058 superius
2532 3991 2913 4044 'datnnatorutn
2951 3989 3147 4059 agmini
3186 3988 3543 4056 coasquandus
3568 4034 3583 4056 ,

2014 4080 2100 4132 illa
2129 4090 2346 4148 propter
2371 4096 2491 4149 quae
2522 4081 2693 4135 ﬁdelis
2720 4083 2975 4148 probatus
3007 4092 3087 4134 est
3115 4081 3433 4145 dissolvens,
3464 4095 3585 4149 per-

2011 4171 2209 4224 mixtus
2244 4172 2325 4223 liis
2352 4186 2446 4238 per
2472 4185 2607 4239 quos
2652 4170 2801 4223 lmsio
2823 4171 3074 4225 Ecclesia:
3095 4171 3359 4240 generalis
3386 4172 3582 4226 evenit.

2080 4259 2353 4313 Idversus
2402 4259 2501 4313 hos
2545 4260 2589 4312 si
2641 4260 2860 4314 Patrum
2914 4262 3159 4330 dogmata
3215 4261 3353 4316 ratio
3397 4262 3585 4317 suadet

2011 4364 2130 4406 esse
2151 4350 2432 4413 servanda,
2473 4351 2722 4422 cogitate,
2766 4353 2810 4407 si
2845 4363 3066 4420 possunt
3091 4370 3152 4408 ea
3180 4353 3367 4421 majori
3402 4364 3583 4409 trans-

2012 4444 2285 4509 gressione
2323 4442 2548 4509 calcari,
2588 4458 2745 4513 quam
2770 4457 2911 4498 nunc
2932 4459 3025 4512 per
3044 4459 3137 4498 eos
3157 4445 3245 4513 qui
3272 4446 3323 4498 in
3347 4446 3585 4515 partibus

2013 4535 2204 4589 vestris
2227 4532 2536 4603 Eutychetis
2564 4533 2809 4601 dogmata
2834 4534 3062 4587 rediviva
3083 4534 3202 4603 (aL,
3227 4533 3482 4603 recidiva)
3509 4550 3585 4590 re-

2010 4626 2289 4680 suscitant.
2318 4624 2373 4679 Si
2400 4639 2526 4678 vero
2557 4636 2804 4691 tanquam
2831 4624 3039 4678 inﬁrme
3060 4624 3342 4679 constituta
3365 4634 3585 4681 senten-

2015 4713 2106 4778 tia,
2137 4715 2255 4768 sine
2285 4714 2490 4783 piaculo
2525 4714 2884 4782 negliguntur,
2915 4716 3051 4767 citra
3080 4715 3244 4769 ullum
3282 4715 3445 4769 robur
3468 4728 3585 4769 cre-

2012 4808 2252 4861 dulitatis
2291 4816 2487 4860 nostras
2512 4822 2715 4860 summa
2748 4806 2990 4860 stnbsistit
3010 4846 3025 4870 ,
3054 4822 3266 4875 semper
3291 4806 3584 4860 succeden-

2013 4898 2153 4952 tibus
2196 4896 2382 4961 novis,
2429 4906 2608 4950 vetera
2656 4897 2936 4950 constituta
2972 4897 3315 4951 solventibus.
3364 4896 3583 4965 Quando

2014 4988 2156 5042 enim
2189 4997 2527 5056 paternarum
2574 4988 2882 5054 regularum
2931 4987 3292 5057 despiciuntur
3330 4988 3541 5042 inventa
3565 5028 3581 5052 ,

2015 5093 2112 5131 nec
2140 5092 2326 5131 eorum
2356 5091 2476 5145 quae
2505 5077 2641 5131 bene
2669 5077 2908 5131 inslitula
2940 5089 3064 5131 sunt
3101 5078 3324 5131 ﬁrmitas
3349 5079 3583 5131 vindica-

2015 5178 2116 5231 tur,
2152 5166 2451 5232 hujusmodi
2496 5167 2795 5235 impietates
2843 5183 3061 5223 necesse
3099 5178 3182 5223 est
3230 5168 3349 5221 lidci
3394 5182 3580 5235 super-

2014 5258 2215 5313 venire.
2268 5256 2399 5310 Nam
2451 5258 2538 5311 ubi
2581 5256 2754 5313 facilis
2800 5260 3081 5313 dissolutio
3118 5268 3201 5313 est
3248 5257 3583 5313 rationabilis

2013 5348 2283 5403 c-tnstiluti
2310 5389 2326 5415 ,
2363 5346 2433 5400 ibi
2465 5349 2642 5401 omnis
2668 5349 2968 5403 sanctitatis
2999 5350 3167 5402 forma
3198 5346 3580 5414 corrumpitur,

2013 5439 2254 5492 Christus
2287 5439 2592 5505 impetitur,
2625 5448 2680 5492 et
2744 5440 2885 5509 (quis
2931 5440 3029 5492 hoc
3061 5438 3291 5492 ﬁdelium
3324 5439 3584 5505 patienter

2010 5528 2312 5596 accipiat?)
2344 5526 2582 5583 instituta
2615 5528 2832 5585 Patrum
2862 5527 3150 5582 reverenda
3190 5527 3484 5581 calcantur.
3519 5530 3584 5585 Et

2008 5619 2127 5688 quis
2157 5636 2259 5670 non
2288 5618 2414 5671 vita:
2442 5628 2669 5673 mortem
2698 5618 2840 5685 jtlsta
2860 5617 3122 5671 electione
3145 5621 3457 5685 praeponat?
3487 5619 3583 5674 Ubi

1989 5710 2291 5767 catholica:
2346 5706 2470 5763 ﬁdei
2522 5708 2793 5763 adoranda
2844 5708 3196 5763 reverentia?
3266 5710 3364 5766 Ubi
3418 5710 3584 5764 multo
