4040 6184
401 307 474 362 (33
1745 298 1933 358 ΒΥΜΜ
1941 300 2004 355 Α(

2141 301 2346 358 PAPJE
3603 312 3635 363 6
3648 317 3676 368 ι

397 433 591 474 cruore
613 427 920 474 sanctorum
947 417 1195 487 dogmata
1219 416 1554 473 constituta?
1578 413 1677 470 Ubi
1704 414 1985 467 doctorum
2014 417 2062 471 Α
2093 427 2263 478 quens
2291 428 2504 468 accuso.
2533 412 2665 467 Nam
2695 413 2784 481 qui
2801 413 3068 481 culpanda
3098 415 3384 485 vituperat,
3405 421 3675 477 necutilia

400 518 644 565 veterum
691 508 864 564 ﬁdelis
914 507 1204 563 auctoritas
1247 508 1270 559 τ
1321 505 1420 561 Ubi
1465 504 1556 560 illa
1610 502 1985 571 religiosarum

402 598 661 651 mentium
685 597 952 667 stupenda
985 597 1264 666 patientia,
1295 595 1528 664 propriis
1555 593 1710 648 bonis
1733 600 1988 646 contenta

407 687 627 752 nudari,
675 702 745 742 ne
795 689 862 743 de
906 703 1003 757 spe
1039 696 1259 743 aeterna:
1297 685 1625 741 hzereditatis
1672 685 1986 753 excideret,

406 777 626 842 quasvis
649 777 891 832 ambiens
923 779 1204 846 passiones
1228 817 1243 842 ,
1283 793 1354 833 ne
1385 777 1803 846 iucorruptibilis
1841 776 1990 830 illius

408 866 540 921 boni
563 867 898 936 judicaretur
938 869 1150 938 indigna
1179 871 1201 922 ‘i
1240 869 1370 925 Nam
1402 871 1542 925 nulla
1574 871 1782 937 majora
1825 871 1991 924 docu-

2092 503 2500 569 subministrat,
2543 504 2923 572 exprobrantis
2975 505 3138 561 habet
3183 509 3362 576 potius
3411 511 3673 578 studium,

2092 609 2250 664 quam
2279 595 2512 648 amantis
2543 594 2788 648 allectum
2815 612 2827 646 :
2861 604 2919 649 et
2945 596 3035 664 qui
3063 597 3378 653 cohortatur
3396 601 3462 654 ad
3487 605 3678 669 protu-

2094 696 2234 749 tnra,
2263 685 2635 741 vehementius
2665 687 2788 739 boni
2819 687 3081 754 pr0positi
3103 688 3350 758 designat
3367 691 3674 760 imaginem,

2096 786 2152 830 ut
2175 775 2469 831 ferventius
2494 777 2638 830 utilia
2670 786 3018 844 expetantur,
3044 777 3302 833 iuvitaus.

2163 867 2389 935 Propter
2408 867 2571 934 quod,
2601 868 2809 932 fratres,
2841 869 2980 922 illius
3004 869 3158 923 bona
3179 870 3436 925 Ecclesia:
3462 872 3677 928 deside-

409 966 586 1010 menta
628 965 755 1011 sunt
793 957 913 1012 ﬁdei
937 997 952 1018 ,
993 974 1151 1026 quam
1199 959 1290 1014 ubi
1331 961 1589 1027 temporis
1630 961 1767 1014 ratio
1803 959 1993 1014 suadet
2093 965 2273 1011 rantes
2299 956 2590 1019 unitatem.
2617 967 2672 1011 et
2700 958 2908 1011 beatum
2937 958 3188 1012 decorem
3217 971 3417 1012 sanctae
3448 974 3676 1015 concor-

409 1049 570 1102 vitam
623 1047 852 1104 subdere
904 1051 1140 1118 passioni
1177 1067 1190 1105 :
1231 1058 1289 1105 et
1327 1049 1449 1106 ideo
1481 1051 1570 1119 qui
1619 1064 1715 1119 pro
1740 1065 1802 1105 ea
1854 1050 1996 1120 peri-
2091 1046 2195 1101 dia:
2217 1057 2620 1116 praesumentes,
2640 1047 2881 1102 dicamus
2899 1063 3021 1102 cum
3049 1057 3238 1103 sancto
3261 1049 3468 1105 David:
3503 1051 3673 1116 Quam

410 1138 590 1193 culum
655 1140 1048 1208 persecutionis
1091 1140 1274 1195 subire
1319 1145 1576 1196 meruerit
1604 1180 1622 1206 ,
1670 1141 1888 1210 dignum
1935 1153 1993 1195 se
2094 1137 2284 1193 bonum
2320 1150 2370 1193 et
2407 1156 2558 1209 quain
2593 1141 2885 1212 jucundum
2922 1140 3152 1196 habitare
3197 1143 3382 1206 fratres
3419 1144 3476 1196 in
3512 1161 3675 1198 unum

411 1228 648 1284 caelestis
682 1229 918 1284 ostendit
940 1244 1061 1285 esse
1091 1231 1314 1286 militias.
1342 1230 1590 1286 Christus
1625 1245 1723 1285 nos
1747 1231 1836 1300 pio
1862 1243 1992 1284 san-

412 1319 587 1385 guinis
627 1320 799 1388 pretio
827 1320 1154 1389 comparavit
1181 1321 1370 1390 gratia:
1408 1320 1650 1376 libertate
1690 1333 1948 1376 concessa
1973 1362 1990 1388 ,

416 1409 549 1464 nihil
574 1410 972 1466 invenientibus
1002 1412 1248 1466 humanis
1275 1413 1558 1480 operibus,
1608 1415 1748 1480 quod
1779 1413 1994 1481 dignum

415 1493 563 1556 tanta
600 1501 852 1556 mercede
893 1503 1211 1559 tribuerent.
1249 1506 1426 1572 Atque
1455 1504 1576 1558 ideo
1607 1504 1696 1558 ubi
1726 1505 1997 1574 religionis

418 1593 611 1662 injuria
638 1601 739 1660 est,
760 1608 1002 1650 amorem
1029 1594 1150 1650 ﬁdei
1174 1609 1391 1650 omnem
1424 1598 1802 1650 transcendere
1830 1611 1992 1665 opor-

420 1696 498 1742 tet
523 1686 791 1742 allectum.

2097 1231 2270 1302 (Psal.
2301 1235 2500 1301 cxxxn)
2531 1249 2543 1282 :
2573 1243 2625 1287 et
2652 1243 2709 1284 ut
2734 1232 2802 1286 de
2831 1231 2981 1287 vobis
3005 1235 3277 1300 apostolus
3304 1233 3500 1289 Paulus
3516 1235 3673 1291 dixe-

2097 1323 2212 1375 rit:
2272 1321 2376 1376 Vos
2427 1332 2596 1374 autem
2650 1337 2822 1376 omnes
2857 1323 3040 1390 fratres
3082 1322 3139 1374 in
3181 1320 3383 1376 Christo
3418 1339 3522 1378 uno
3560 1327 3678 1378 estis

2097 1409 2156 1480 (Ι
2183 1408 2307 1465 Cor.
2341 1411 2439 1480 ιι).
2475 1411 2657 1465 Donec
2691 1410 2840 1464 enim
2875 1410 3054 1465 unitas
3096 1424 3203 1463 non
3243 1411 3452 1477 redeat,
3496 1413 3681 1467 nullus

2097 1501 2334 1569 ambigat
2348 1501 2558 1554 tandem
2573 1501 2666 1568 (al.
2677 1539 2693 1564 ,
2709 1498 2918 1570 eadem)
2935 1499 3282 1554 nihilominus
3291 1515 3412 1556 esse
3428 1511 3675 1566 ventura,

2096 1607 2218 1659 quae
2249 1590 2300 1646 in
2345 1591 2933 1660 Constantinopolitana
2973 1605 3142 1659 nuper
3173 1592 3411 1647 Ecclesia
3438 1596 3676 1663 contigeo

2099 1691 2271 1745 runt;
2316 1682 2384 1736 de
2421 1683 2616 1750 quibus
2655 1682 2786 1736 mihi
2820 1680 3023 1749 pariter
3056 1681 3412 1751 ingemiscere
3449 1698 3680 1739 necesse

489 1776 866 1848 Unusquisque
900 1794 1032 1848 ergo
1061 1780 1250 1836 exsilia
1293 1789 1348 1834 et
1385 1782 1847 1851 peregrinationes
1873 1794 1995 1837 tan-
2019 1769 2068 1828 Ii
2094 1788 2180 1831 est
2202 1785 2258 1828 et
2275 1781 2475 1829 tacere.
2501 1775 2628 1828 Nam
2656 1775 2747 1842 qui
2765 1774 3074 1841 apostolica:
3094 1773 3238 1827 sedis
3260 1773 3678 1830 admonitionem

419 1883 579 1935 (tuam
618 1869 837 1924 domum
874 1873 1202 1940 patriamque
1240 1873 1533 1939 respiciat;
1585 1887 1654 1926 ne
1704 1873 1988 1929 desideriis

420 1968 664 2015 retentus
699 1959 962 2027 immanis,
1013 1960 1206 2014 Christi
1253 1962 1510 2016 societate
1551 1963 1810 2030 privetur.
1859 1965 2001 2020 Ecce

421 2055 633 2116 tempus
656 2062 764 2115 quo
784 2049 978 2117 repetit
1003 2048 1137 2104 ﬁdes
1164 2049 1360 2104 milites
1384 2064 1537 2116 suos,
1576 2061 1633 2105 et
1662 2052 1914 2107 inclamat
1933 2053 2001 2107 ad

423 2136 791 2193 defensionem
831 2137 920 2194 sui
945 2137 1212 2194 fervorem
1231 2141 1418 2210 gratim
1445 2151 1784 2199 consecutos.
1817 2143 2000 2198 Fidem

423 2227 594 2293 ipsam
623 2227 804 2282 dicere
827 2228 1149 2298 judicemus.
1187 2229 1323 2285 Ecce
1354 2240 1569 2298 tempus
1596 2232 1848 2299 optabile,
1875 2247 2003 2288 ecce

431 2317 698 2372 fructuum
742 2321 1089 2387 congregatio
1139 2319 1440 2374 desiderata
1491 2321 1728 2376 ﬁdelium
1753 2361 1771 2388 ,
1825 2325 2004 2392 parvis

426 2408 758 2476 pussionibus
789 2423 1007 2464 munera
1047 2425 1236 2479 magna
1264 2420 1599 2478 compenset.

503 2496 751 2553 Pluribus
775 2499 1052 2553 caritatem
1082 2509 1311 2554 vestram
1355 2515 1452 2569 pro
1474 2501 1877 2570 dispensatione
1903 2519 2002 2559 ue-

425 2587 508 2643 bis
546 2588 752 2644 credita
793 2605 1112 2658 cuper-emus
1150 2591 1408 2646 hortari:
1435 2593 1531 2647 sed
1580 2594 1706 2662 quid
1743 2609 1882 2662 opus
1920 2606 2007 2652 est

427 2679 574 2732 vocis
601 2680 852 2748 stimulis,
881 2681 970 2735 ubi
997 2681 1064 2736 ad
1092 2682 1398 2737 tolerandas
1426 2698 1524 2750 pro
1549 2683 1761 2739 Christo
1791 2701 2008 2754 magna-

434 2770 652 2824 nimiter
687 2773 969 2840 passiones
1021 2773 1327 2842 apostolicis
1378 2782 1435 2828 et
1472 2774 1698 2829 Patrum
1752 2776 2008 2831 docemur

428 2859 708 2928 exemplis,
737 2862 826 2930 qui
858 2877 953 2930 per
978 2863 1174 2916 damna
1199 2864 1548 2919 humanarum
1580 2879 1758 2918 rerum
1781 2903 1797 2929 ,
1839 2865 2007 2921 αξιο-

425 2950 589 3004 stium
624 2951 780 3005 nobis
816 2953 1169 3008 ostenderunt
1201 2967 1513 3024 argumenta
1543 2955 1670 3025 (αι.,
1699 2958 2007 3024 augmenta)

431 3041 716 3096 virtutum?
748 3042 888 3109 Ergo
911 3045 1319 3110 pronuntiemus
1340 3045 1589 3111 intrepidi
1613 3047 1788 3100 claras
1814 3047 2004 3100 Eccle-

2101 1867 2474 1938 ucgiigendam
2506 1881 2627 1921 esse
2652 1866 3032 1931 aediderunt,
3063 1867 3256 1920 merito
3292 1866 3596 1922 inciderunt
3624 1869 3677 1922 in

2093 1978 2161 2018 ea
2205 1977 2323 2030 quae
2385 1960 2604 2014 evenire
2649 1959 2830 2013 solent
2864 1958 3060 2012 solatio
3105 1958 3393 2013 destitutis.
3445 1958 3505 2012 Si
3549 1961 3675 2027 quis

2096 2067 2229 2120 ergo
2249 2052 2474 2104 salutem
2501 2049 2768 2118 propriam
2787 2049 3028 2118 cogitans
3051 2061 3268 2103 servare
3294 2050 3441 2116 cupit
3466 2059 3678 2116 aposto-

2102 2145 2202 2199 lica
2231 2143 2427 2213 judicia
2449 2185 2464 2209 ,
2496 2156 2617 2196 cum
2660 2157 2689 2195 a
2719 2140 3059 2210 praefatorum
3099 2153 3160 2194 se
3201 2139 3318 2194 labe
3346 2140 3639 2209 sejunxerit
3660 2181 3676 2204 ,

2104 2247 2301 2292 nostra:
2320 2235 2712 2290 communionis
2733 2249 2793 2286 se
2822 2232 3026 2286 noverit
3056 2234 3174 2286 sine
3201 2232 3534 2286 dubitatione
3564 2247 3681 2301 par-

2103 2329 2339 2396 ticipem.
2380 2327 2516 2393 Quia
2553 2325 2599 2378 si
2644 2325 2714 2376 ab
2757 2337 2964 2388 eorum,
3011 2336 3151 2391 quos
3195 2323 3486 2390 apostolica
3526 2322 3681 2376 sedes

2104 2417 2398 2480 damnavit,
2437 2429 2544 2468 non
2593 2427 2653 2466 se
2689 2412 2946 2466 societate
2990 2411 3309 2472 removerit,
3357 2411 3496 2464 sciat
3531 2410 3681 2464 nullo

2099 2507 2310 2569 colore,
2351 2505 2500 2559 nullo
2530 2503 2818 2572 figmento,
2867 2502 3124 2568 nullaque
3161 2499 3454 2556 calliditate
3505 2498 3684 2554 eccle-

2105 2597 2332 2652 siastica
2383 2609 2442 2648 se
2475 2592 2734 2648 custodite
2777 2605 2939 2659 posse
2978 2591 3319 2658 subrepere:
3365 2590 3492 2658 quia
3543 2589 3683 2643 sicut

2103 2688 2250 2752 illos,
2286 2686 2378 2755 qui
2407 2697 2466 2750 se
2491 2699 2522 2737 a
2547 2685 3032 2752 suprascriptorum
3055 2724 3069 2746 ,
3100 2681 3204 2736 hoc
3233 2681 3679 2749 est'Eutycltetis,

2108 2777 2348 2831 Dioscori
2374 2815 2389 2839 ,
2425 2773 2728 2838 Timothei,
2768 2772 2910 2826 Petri
2940 2780 2994 2824 et
3035 2771 3216 2826 Acacii
3256 2763 3475 2826 venenis
3513 2773 3684 2826 disso-

2107 2870 2276 2930 ciant,
2301 2868 2528 2923 libenter
2548 2865 2920 2933 amplectimur
2949 2880 2963 2928 ;
2993 2863 3063 2916 ita
3087 2864 3231 2918 circa
3263 2863 3484 2918 istorum
3514 2872 3684 2917 secta-

2110 2971 2254 3014 tores
2280 2973 2404 3012 cura
2425 2969 2480 3012 et
2501 2956 2806 3011 sollicitudo
2831 2964 3036 3017 nostra,
3058 2970 3126 3008 ue
3147 2954 3435 3022 subrepere
3455 2953 3683 3021 possint,

2111 3064 2323 3118 semper
2354 3048 2615 3115 invigilat.
2650 3048 2717 3102 Et
2742 3047 2843 3102 alia
2876 3061 3036 3099 manu
3062 3063 3073 3096 :
3107 3045 3250 3098 Deus
3271 3059 3366 3098 vos
3395 3045 3687 3101 incolumes

436 3131 531 3184 site
553 3145 678 3184 cum
705 3145 893 3198 mgna
917 3131 1109 3186 ﬁducia
1140 3132 1472 3193 disciplinas.
1505 3133 1685 3203 Longe
1705 3136 1774 3189 sit
1801 3149 1829 3187 a
1859 3136 2012 3190 nobis
2034 3126 2081 3186 C
2109 3140 2409 3202 custodiat.
2452 3137 2644 3192 fratres
2670 3137 2952 3191 carissimi.
2998 3137 3126 3189 Data
3155 3145 3342 3189 octavo
3367 3134 3484 3188 idus
3525 3134 3688 3189 Octo-

437 3220 712 3289 propltetze
739 3235 923 3276 sermo
962 3221 1188 3277 dicentis
1211 3239 1226 3276 :
1262 3222 1331 3276 Et
1360 3226 1645 3278 sacerdotes
1673 3241 1789 3278 uera
1813 3227 2008 3279 celoce-

433 3320 550 3363 rnnt
605 3310 818 3382 (Tltren.
871 3314 953 3379 tt).
999 3313 1165 3378 Quem
1221 3313 1366 3368 enim
1420 3315 1585 3382 latet,
1627 3315 2007 3384 discipulorum

433 3402 714 3456 scientiam
737 3417 768 3456 a
794 3403 1103 3459 doctoribus
1127 3405 1443 3474 exigendam
1463 3408 1486 3460 τ
1504 3416 1561 3462 et
1581 3408 1719 3475 quod
1753 3424 1857 3463 non
1885 3425 2011 3478 pro-

441 3497 739 3550 nuntiatum
771 3496 916 3550 laedit
943 3511 1234 3566 sequaces,
1263 3497 1369 3552 hoc
1403 3507 1620 3554 constat
1653 3501 2009 3568 periculosum

439 3599 564 3639 esse
593 3586 909 3640 tacentibus.
943 3587 1171 3641 Necesse
1194 3595 1280 3641 est
1306 3587 1448 3642 enim
1477 3590 1614 3657 apud
1640 3605 1737 3644 eos
1765 3590 2010 3646 laborare

436 3675 741 3741 veritatem,
774 3677 910 3744 apud
943 3691 1076 3746 quos
1096 3693 1199 3730 non
1219 3677 1614 3733 manifestatum
1636 3680 1764 3733 latet
1791 3681 1891 3733 sub
1915 3695 2011 3734 ve-

435 3766 607 3821 ritatis
636 3767 816 3822 colore
848 3767 1180 3821 mendacium
1199 3807 1217 3832 ,
1249 3782 1498 3838 maguum
1535 3769 1703 3823 robur
1739 3770 1807 3823 ad
1839 3773 2012 3839 impu-

430 3856 713 3924 gnantium
737 3857 898 3912 ﬁdem
918 3897 934 3920 ,
964 3857 1196 3925 quandiu
1222 3858 1478 3913 adversus
1505 3873 1602 3913 eos
1634 3860 1855 3929 prolata;
1881 3877 2007 3915 sen-

437 3946 615 4001 tentiae
645 3960 754 4000 non
794 3947 1016 4002 viriliter
1045 3957 1379 4002 asseruntur.
1407 3947 1517 4002 Sed
1549 3949 1622 4002 de
1651 3949 1802 4003 vobis
1828 3951 2009 4005 dicere

431 4044 558 4104 opto
580 4035 833 4092 meliora:
863 4047 917 4090 ut
939 4053 998 4091 ca
1029 4051 1148 4105 qua:
1175 4051 1268 4104 per
1295 4037 1564 4104 improbos
1591 4037 1810 4092 confusa
1848 4049 1973 4093 sunt
1992 4080 2006 4104 ,

436 4140 531 4191 per
570 4141 666 4181 vos
703 4128 1057 4182 correctionis
1099 4127 1392 4182 remedium
1429 4140 1846 4197 cotiseqnantur.
1891 4131 2008 4185 Non

433 4230 519 4276 est
553 4233 664 4277 tam
701 4222 894 4277 durum
925 4223 1100 4291 decipi
1135 4239 1489 4292 quamquam,
1537 4240 1697 4290 quam
1727 4225 2008 4296 deceptum

437 4312 489 4365 in
524 4327 712 4367 errore
760 4314 1068 4381 persistere.
1106 4314 1301 4368 Malum
1354 4315 1460 4369 hoc
1495 4324 1553 4368 et
1581 4315 1734 4369 malis
1759 4317 2010 4370 omnibus

435 4401 672 4466 gravius,
712 4416 832 4453 cum
885 4418 914 4455 a
954 4418 1181 4467 corpore
1226 4419 1324 4457 suo
1379 4407 1617 4458 membra
1660 4404 2007 4459 dissentiunt.

2112 3230 2221 3283 bris
2252 3229 2431 3298 (Anno
2460 3227 2594 3282 Chr.
2637 3225 2764 3295 512)
2805 3235 2928 3296 post
2971 3225 3310 3281 consulatum
3355 3223 3547 3280 Felicis
3587 3225 3685 3280 viri

2108 3319 2418 3375 clarissimi.

2467 3469 2792 3529 EPISTOLA
2835 3468 2946 3523 vnt
2989 3468 3172 3539 (omn
3208 3467 3325 3540 ιχ).

2583 3596 2652 3634 ΑΙ)
2691 3594 2963 3633 EPISCOPOS
2999 3593 3225 3632 GALLIAE.

2113 3703 2394 3769 Conﬁrmat
2441 3702 2734 3753 diuisionem
2779 3700 3049 3764 provincia:
3089 3700 3220 3752 inter
3270 3697 3605 3752 Viennensem
3640 3713 3690 3754 et

2183 3775 2523 3826 Arelatensem
2555 3770 2811 3824 Ecclesias
2845 3787 2878 3822 ιι
2919 3770 3085 3823 Leone
3112 3784 3244 3838 papa
3269 3770 3613 3821 constitutam.

2187 3901 2552 3954 Dilectissimis
2581 3900 2829 3953 fratribus
2855 3898 3119 3952 universis
3151 3897 3414 3967 episcopis
3439 3911 3537 3965 per
3565 3895 3690 3950 Gul-

2112 3992 2213 4044 lius
2240 3991 2675 4053 consistentibus,
2707 3989 3078 4059 Symmachus.

2183 4131 2337 4184 Sedis
2381 4131 2686 4199 apostolica:
2719 4130 2955 4184 instituta
2995 4129 3328 4200 praedicanda
3378 4129 3686 4192 solhcttant,

2115 4231 2170 4275 ut
2200 4222 2266 4275 dc
2293 4222 2578 4278 concordia
2625 4221 2941 4275 universalis
2975 4220 3244 4286 Ecclesite,
3276 4235 3394 4290 quae
3425 4229 3533 4271 toto
3561 4218 3693 4272 orho

2113 4311 2302 4365 diﬂ‘nsa
2334 4319 2438 4370 est.
2473 4311 2711 4379 pervigili
2735 4325 2864 4363 cura
2895 4318 3183 4363 tractemus
3211 4326 3223 4360 :
3249 4324 3364 4376 qum
3396 4318 3519 4361 tunc
3550 4321 3691 4374 prte-

2115 4406 2268 4470 cipue
2299 4401 2573 4456 efﬁcacius
2605 4399 2884 4463 adolescit,
2918 4399 2962 4453 si
3003 4413 3065 4453 ea
3094 4413 3212 4466 quae
3242 4412 3270 4450 a
3301 4397 3545 4451 Patrihus
3583 4407 3695 4449 sta-

435 4490 568 4543 Nam
607 4491 710 4543 etsi
756 4505 864 4543 non
906 4491 1174 4559 sigillatitn
1220 4503 1448 4560 occupet
1485 4493 1663 4546 omnia
1691 4493 2090 4555 lineamenta!)
2119 4505 2227 4546 tuta
2277 4500 2444 4554 sunt,
2494 4501 2623 4544 artas
2679 4491 3011 4559 subsequens
3054 4497 3367 4543 reverenter
3421 4488 3694 4540 observet.

437 4581 700 4646 debilitas,
727 4598 946 4637 limae
968 4595 1050 4638 est
1069 4594 1243 4638 tamen
1264 4584 1411 4651 juxta
1431 4585 1779 4653 apostolicam
1802 4601 2010 4653 vocem,

437 4681 604 4726 totum
625 4687 819 4740 corpus
839 4689 902 4728 ex
930 4685 1076 4742 parte
1107 4676 1448 4744 prmgravan'.
1667 4680 1669 4683 ’

509 4762 661 4818 Unde
675 4763 1006 4818 addictorum
1026 4766 1270 4834 fugienda
1285 4765 1614 4826 communio,
1633 4766 1780 4833 juxta
1801 4767 2013 4823 beatum

436 4853 748 4920 Apostolum
775 4871 787 4906 :
821 4854 1298 4911 Pronuntiationem
1346 4858 1466 4921 ﬁdei
1509 4857 1681 4911 nullus
1711 4859 1974 4914 erubescat
1997 4877 2016 4914 :

435 4943 592 4996 uirtus
633 4944 880 4996 estenim
923 4946 1061 4998 omni
1107 4948 1330 5000 credenti
1363 4947 1539 5017 (Rom.
1569 4948 1630 5017 ι).
1674 4947 2011 5004 Declinemus

430 5033 755 5103 sacrdegum
784 5035 1100 5105 Eutychetis
1121 5052 1363 5092 errorem
1392 5054 1512 5092 cum
1545 5038 1835 5094 Manichma
1866 5041 2016 5094 maii-

439 5126 510 5180 tia
539 5136 921 5196 congruentem
947 5143 964 5191 ;
995 5130 1426 5182 communiooem
1463 5145 1673 5198 quoque
1709 5145 1894 5184 eorum
1923 5131 2010 5197 qui

437 5226 564 5272 sunt
587 5231 618 5271 a
651 5218 846 5272 lalihus
885 5217 1125 5284 educati,
1157 5218 1266 5285 pari
1310 5218 1604 5274 intentione
1631 5220 1856 5274 vitemus
1879 5261 1893 5285 ,
1923 5219 2013 5287 qui

437 5321 579 5362 nunc
603 5307 755 5378 quasi
783 5307 1024 5362 morbum
1053 5317 1108 5362 et
1143 5310 1446 5378 contagium
1492 5310 1752 5364 Ecclesiis
1785 5309 2012 5378 partium

436 5407 730 5454 vestrarum
779 5408 986 5456 tentant
1030 5401 1288 5470 irrepere.
1329 5400 1498 5456 Nemo
1539 5416 1600 5456 se
1650 5410 1859 5470 separet
1894 5415 2014 5455 eum

440 5491 731 5570 prandictis,
771 5502 827 5548 et
862 5494 1006 5550 ferre
1053 5501 1423 5563 tempestatem
1465 5494 1788 5558 dissimulet,
1841 5494 2016 5548 donec

439 5589 654 5647 portum
689 5597 828 5638 verat
861 5583 984 5640 ﬁdei
1015 5586 1086 5641 ab
1119 5599 1304 5642 eorum
1333 5585 1712 5639 communione
1739 5594 2016 5652 separatus

439 5670 692 5728 introeat.
716 5671 847 5742 Qua:
861 5676 1080 5746 quidem
1101 5691 1289 5734 amans
1315 5690 1528 5746 moneo,
1561 5689 1666 5731 non
1689 5675 1814 5732 odio
1835 5691 2015 5747 pens-

2115 4585 2378 4640 Ceesarius
2401 4585 2666 4652 siquidem
2700 4583 2864 4636 frater
2881 4581 3309 4650 etcoepiscopus
3335 4587 3538 4644 noster,
3575 4592 3694 4630 mc-

2119 4678 2456 4745 tropolitanac
2481 4676 2692 4730 Arelate
2717 4674 2950 4728 civitatis
2976 4672 3253 4736 sacerdos,
3277 4670 3521 4725 ecclesia:
3551 4667 3696 4722 beati

2113 4769 2345 4836 apostoli
2370 4768 2513 4822 Petri
2539 4765 2812 4819 liminibus
2842 4773 3213 4834 przesentatus,
3245 4778 3305 4816 ea
3331 4776 3452 4830 qua:
3487 4758 3695 4827 pridem

2116 4861 2184 4915 de
2226 4859 2516 4928 privilegiis
2561 4856 2913 4911 Ecclesiarum
2962 4857 3250 4909 constituta
3295 4861 3452 4914 sunt,
3497 4849 3698 4903 nostris

2113 4952 2405 5022 postulavit
2448 4949 2692 5003 innovari
2731 4947 3087 5001 sermonibus.
3135 4945 3335 4998 Cum-ta
3369 4943 3528 5010 igitur
3558 4940 3698 4994 inter

2120 5044 2396 5100 Ecclesias
2435 5043 2798 5096 Arelatensem
2848 5049 2902 5093 et
2950 5038 3308 5092 Viennensem
3341 5049 3372 5087 a
3410 5034 3699 5087 decessore

2121 5142 2305 5189 nostro
2353 5133 2522 5186 beata:
2562 5129 2951 5184 recordationis
2983 5128 3160 5181 Leone
3201 5140 3337 5193 papa
3379 5137 3499 5192 qua:
3536 5135 3699 5188 super

2120 5225 2221 5278 hac
2267 5232 2420 5292 parte
2466 5221 2707 5274 ordinata
2748 5229 2893 5283 sunt,
2938 5217 3191 5272 Ecclesia
3232 5216 3485 5269 Romamn
3527 5211 3700 5268 ﬁdelis

2123 5313 2360 5369 declarat
2378 5311 2679 5366 instructio.
2696 5313 2870 5376 Atque
2887 5307 3007 5360 ideo
3023 5322 3091 5359 ne
3103 5321 3168 5358 ea
3181 5320 3304 5372 qua:
3320 5318 3536 5371 semper
3554 5302 3698 5356 veri-

2124 5409 2248 5460 tatis
2273 5414 2355 5457 est
2379 5402 2597 5464 aemula,
2635 5400 2734 5453 sibi
2763 5396 2962 5468 aliquid
2991 5395 3263 5450 vindicare
3292 5405 3453 5463 queat
3479 5391 3697 5453 oblivio,

2121 5505 2178 5552 et
2205 5495 2398 5564 prioris
2428 5489 2635 5548 decreti
2661 5491 2808 5558 vigor
2847 5487 3104 5556 temporis
3140 5488 3490 5566 diuturnitate
3517 5494 3700 5553 vergat

2123 5588 2174 5640 in
2215 5585 2451 5651 senium,
2487 5581 2850 5639 necessarium
2897 5581 3155 5636 duximus
3191 5580 3322 5635 olim
3361 5579 3698 5648 promulgata

2126 5677 2179 5732 in
2211 5677 2384 5731 lucem
2415 5674 2642 5730 reddere
2684 5670 2880 5728 nostris
2905 5670 3171 5728 aﬂatibus.
3201 5669 3406 5725 idcirco
3443 5666 3700 5737 quemad-
