4040 6184
334 335 401 387 55
1541 327 1889 382 EPISTOLIE
1932 328 2017 381 ET
2058 330 2393 384 DECRI‘ZTA.

334 448 549 500 modum
593 445 848 499 decessor
897 453 1082 497 noster
1129 442 1237 496 Leo
1279 454 1413 510 papa
1453 440 1655 494 dudum
1688 441 1915 509 cognitis
1949 443 1996 500 Α

333 537 747 604 allegationibus
793 535 1027 601 Pa'tium
1079 532 1350 596 deﬁnivit,
1398 531 1769 599 parochiarum
1820 546 1914 582 nu-

333 641 581 690 merum,
633 625 721 678 vel
768 623 1124 690 quantitatem
1182 621 1481 675 Arelatensi
1527 627 1582 673 ct
1632 619 1915 673 Viennensi

329 714 710 769 sacerdotibus
732 712 1114 780 deputandam,
1137 722 1191 765 et
1222 727 1318 765 nos
1342 711 1678 779 praecipimus
1718 709 1916 762 nullius

331 806 682 873 usurpatione
727 803 1036 858 transcendi
1078 820 1094 859 ;
1135 804 1227 856 sed
1274 812 1330 855 ιιι
1376 813 1501 856 ante
1549 801 1913 871 pratdiximus.

332 896 477 963 juxta
504 894 891 963 indulgentiam
933 892 1226 961 supradicti
1276 893 1560 960 pontiﬁcis,
1596 893 1910 956 Valentiam,

334 986 725 1048 ‘I'arantasiam,
756 983 1045 1048 Genevatn,
1080 992 1237 1052 atque
1265 981 1681 1050 Gratianopolim
1722 982 1913 1050 oppida

335 1075 657 1131 Viennensis
685 1076 910 1127 antistes
937 1074 1044 1142 juri
1073 1088 1172 1127 suo
1198 1072 1458 1135 vindicet;
1501 1089 1598 1128 nec
1626 1075 1912 1143 quidquam

332 1167 567 1234 amplius
604 1166 675 1223 ab
719 1166 804 1218 his
842 1182 960 1232 qua:
1000 1166 1162 1219 semel
1213 1166 1281 1218 ab
1322 1167 1613 1233 apostolira
1654 1166 1755 1219 sibi
1787 1168 1915 1220 sede

336 1271 593 1311 concessa
644 1266 802 1320 sunt,
833 1258 1058 1312 testimet
1105 1259 1551 1325 prtesumendum.
1601 1259 1744 1310 Alias
1787 1273 1916 1312 vero

332 1348 615 1416 parochias
646 1350 729 1414 vel
758 1348 1019 1403 dimceses
1060 1358 1282 1401 cunctas
1326 1348 1602 1415 privilegio
1628 1358 1681 1401 et
1714 1350 1914 1403 honore

340 1455 438 1492 suo
465 1440 795 1493 Arelatensis
821 1440 1157 1506 episcopatus
1179 1438 1280 1492 sub
1310 1448 1606 1506 temporum
1635 1441 1915 1491 continua-

325 1531 477 1585 tione
520 1530 798 1584 defendat.
854 1530 965 1585 Nec
1010 1530 1153 1583 enim
1205 1530 1509 1582 observatio
1545 1539 1599 1583 et
1637 1530 1916 1582 vetustatis

334 1624 635 1676 reverentia
663 1622 983 1686 custoditur,
1009 1621 1054 1674 si
1076 1621 1304 1688 amplius
1322 1619 1390 1674 de
1420 1621 1717 1673 humilitate
1741 1620 1906 1688 gloria

332 1711 686 1764 sacerdotalis
738 1711 1015 1764 attollitur.
1070 1710 1327 1777 Proinde,
1382 1708 1572 1761 fratres
1614 1709 1909 1772 carissimi,

332 1800 526 1868 singuli
570 1799 793 1854 honoris
832 1800 916 1853 sui
958 1798 1329 1852 distributione
1370 1797 1626 1861 contenti,
1674 1804 1773 1850 nec
1818 1813 1913 1864 per

340 1893 619 1945 saecularia
649 1891 961 1959 patrocinia,
992 1905 1091 1944 nec
1117 1904 1209 1957 per
1233 1889 1515 1957 cujuslibet
1556 1889 1913 1942 excusationis

334 1983 637 2047 obtentum,
656 1982 839 2035 illicita
880 1979 1286 2049 praesumptione
1334 1980 1592 2032 terminos
1641 1993 1912 2032 concessa}

339 2072 616 2139 potestatis
656 2069 937 2124 excedant.
970 2068 1199 2123 Studere
1241 2066 1503 2134 siquidem
1549 2067 1913 2134 unusquisque

334 2162 496 2216 debet
516 2161 817 2216 devotionis
846 2159 1081 2215 ofﬁcium
1114 2158 1280 2227 magis
1308 2160 1477 2226 gratia
1506 2174 1665 2228 quain
1700 2158 1769 2213 de
1794 2174 1909 2213 am-

335 2251 561 2315 bitione,
595 2265 661 2305 ne
686 2261 739 2309 et
772 2250 980 2305 Domini
1024 2249 1191 2304 nostri
1229 2247 1483 2303 ollensam
1532 2259 1586 2305 et
1630 2248 1911 2305 humanam

338 2339 389 2391 in
412 2354 474 2393 se
512 2340 738 2395 lacessat
775 2338 1048 2394 invidiam.
1079 2339 1281 2393 Tacere
1331 2354 1429 2391 nos
1471 2339 1569 2394 ista
1614 2340 1914 2395 commissa

338 2430 746 2496 dispensationis
777 2430 899 2495 jura
944 2428 1166 2483 minime
1213 2428 1518 2496 patiuntur:
1546 2438 1601 2484 ut
1645 2435 1702 2483 et
1738 2429 1803 2483 de
1832 2428 1914 2484 his

340 2518 424 2584 qui
464 2518 846 2573 ecclesiasticis
887 2518 1084 2586 regulis
1114 2519 1480 2573 obsecundant
1525 2522 1914 2586 persevcranti-

340 2606 434 2661 bus
463 2609 514 2661 in
535 2609 824 2662 concordia
853 2610 997 2663 sedis
1036 2608 1343 2679 aposmlicaa
1373 2610 1722 2676 gratulemur,
1755 2620 1810 2665 et
1838 2610 1914 2665 illi

340 2699 426 2762 qui
455 2698 736 2754 catholicis
756 2698 1058 2765 disciplinis
1088 2699 1465 2767 obtemperare
1492 2700 1815 2763 destiterint,
1848 2701 1915 2757 ab

342 2785 593 2841 Ecclesia:
649 2791 820 2857 gratia
870 2799 924 2845 et
970 2790 1189 2845 caritate
1239 2805 1298 2844 se
1349 2790 1552 2845 alienos
1609 2792 1912 2847 ostendant.

343 2878 477 2931 Deus
503 2894 596 2937 vos
619 2880 915 2937 incolumes
941 2882 1226 2948 custodiat,
1258 2885 1451 2937 lratres
1476 2882 1756 2937 carissimi.
1786 2885 1913 2941 Data

342 2968 515 3025 idibus
558 2971 915 3038 Novembris,
962 2975 1135 3029 Probo
1186 2976 1299 3029 viro
1348 2975 1649 3030 clarissimo
1694 2978 1914 3035 consule

344 3062 518 3129 (Anno
542 3064 675 3121 Cur.
707 3065 812 3122 502
846 3065 920 3133 η).

799 3186 1175 3241 EXEMPLUM
1216 3187 1476 3241 LIBELLI

346 3302 618 3341 εγιιιιιλαιιο
656 3304 801 3343 ΡΛΡΑΕ
842 3304 1028 3343 οΒιΑτι
1078 3306 1141 3343 ΑΒ
1182 3304 1370 3343 ΕΟΙΒΙΟ
1409 3306 1633 3353 ABBATE,
1674 3307 1737 3344 ΕΤ
1788 3304 1917 3343 MES-

413 3383 564 3421 ειυς)
610 3384 871 3431 ιιοτλιυο,
921 3384 985 3422 DE
1034 3385 1343 3423 Ριιινιιιεῦιιε
1400 3384 1664 3423 Εεοιεδιιε
1722 3387 1921 3424 ΑΒΗΔ-⁸

414 3462 618 3501 uasis.

417 3577 683 3643 Quantum
734 3578 784 3630 in
836 3580 1081 3632 omnibus
1136 3578 1491 3634 Ecclesiarum
1550 3582 1914 3651 pontiﬁcibus,

346 3683 464 3735 quae
516 3670 567 3721 in
612 3678 723 3722 toto
774 3670 903 3722 orbe
950 3668 1152 3723 diffusa:
1209 3680 1360 3735 sunt,
1394 3673 1683 3740 apostolica
1730 3676 1916 3743 sedes,

346 3756 561 3811 sibimet
590 3758 826 3811 vindicat
868 3761 1235 3828 principatum,
1273 3770 1325 3815 et
1360 3763 1701 3832 synodalibus
1729 3764 1915 3819 decre-

348 3850 419 3902 tis
466 3850 668 3904 lirmior
712 3851 827 3914 ejus
870 3852 1127 3921 praecellit
1174 3857 1491 3921 auctoritas;
1525 3867 1728 3911 tantum
1766 3868 1917 3930 pote-

344 3940 500 3992 statis
526 3955 635 3993 sua:
664 3943 968 4009 provisione
1014 3942 1208 3996 dudutn
1251 3960 1278 3995 a
1319 3960 1435 4000 sese
1478 3961 1731 4001 concessa
1763 3949 1922 4005 debet

348 4029 665 4083 inconcussa
714 4046 959 4096 servare,
1004 4044 1265 4105 quatenus
1310 4038 1636 4092 Arelatensis
1684 4042 1917 4096 Ecclesia

346 4119 554 4175 fruatur
598 4124 891 4192 privilegiis
940 4128 1070 4180 suis.
1129 4128 1258 4193 Quae
1308 4146 1446 4185 nunc
1492 4147 1584 4199 per
1627 4136 1917 4190 antistitem

346 4209 639 4265 Cmsarium
687 4215 878 4267 seriem
930 4231 1037 4270 suae
1084 4219 1356 4286 petitionis
1402 4221 1650 4292 insinuat,
1679 4235 1731 4279 et
1760 4242 1917 4297 quam

348 4301 608 4358 hactenus
642 4305 825 4359 habuit
865 4316 1178 4376 potestatem
1223 4322 1399 4369 vestra
1426 4315 1664 4382 deposcit
1688 4319 1920 4372 auctori-

350 4401 459 4448 tate
511 4393 744 4457 ﬁrmari;
794 4406 847 4451 ut
900 4402 1039 4468 quod
1098 4406 1396 4458 veneranda
1447 4407 1602 4461 sedes
1651 4411 1917 4477 quondam

349 4485 572 4549 perenni
612 4486 886 4541 sanctione
915 4491 1169 4545 custodiri
1201 4499 1471 4563 prarcepit,
1504 4505 1553 4548 et
1582 4501 1917 4565 pragmaticis
1948 4484 1999 4543 Ῑ)

349 4572 660 4639 specialiter
724 4575 936 4629 decreta
999 4587 1121 4634 sunt
1181 4581 1521 4649 constitutis,
1578 4585 1915 4643 beatitudinis

352 4675 546 4715 vt-Strze
590 4665 869 4733 praeceptis
913 4669 1022 4722 suis
1065 4669 1223 4723 etiam
1260 4686 1398 4725 nunc
1427 4674 1705 4729 conﬁrmet
1735 4688 1918 4730 aucto.

352 4760 496 4803 ritas.
531 4754 796 4821 Aquensis
837 4756 994 4809 etiam
1024 4758 1253 4812 civitatis
1283 4761 1588 4829 episcOputn
1617 4766 1916 4820 sanctitatis

348 4847 542 4892 vestrm
580 4846 784 4895 moneri
835 4845 1106 4913 prmcipite
1151 4849 1473 4912 constitutis,
1507 4861 1562 4902 ut
1593 4852 1716 4906 dum
1747 4870 1773 4906 a
1806 4870 1915 4910 me-

350 4930 668 4996 tropolitano
712 4934 953 4988 antistite
994 4935 1247 4991 Ecclesiae
1292 4938 1450 4992 Arela
1478 4940 1622 4993 ensis
1664 4943 1728 4995 ad
1758 4958 1919 5013 syno-

350 5018 471 5071 dale
494 5022 775 5076 concilium
800 5024 960 5079 fuerit
979 5036 1249 5095 evocatus,
1270 5028 1350 5082 vel
1374 5029 1545 5098 aliqua
1568 5032 1915 5089 ordinationis

350 5120 509 5163 causa
547 5126 667 5165 eum
697 5112 797 5167 sibi
829 5116 1063 5183 postulet
1102 5109 1289 5186 religio
1318 5118 1490 5173 divina
1530 5125 1911 5189 necessarium,

346 5198 566 5255 minime
587 5202 773 5258 venire
798 5202 1115 5270 frustretur;
1144 5217 1405 5275 quatenus
1431 5223 1494 5263 ea
1523 5225 1639 5276 qua:
1665 5212 1915 5283 longaevis

351 5289 561 5344 suculis
586 5292 881 5359 priscorum
902 5297 1079 5350 sanxit
1096 5298 1406 5366 auctoritas,
1430 5300 1578 5354 vobis
1601 5305 1915 5370 praesulibus

350 5384 598 5445 pruenti
630 5384 931 5455 futuraeque
973 5388 1115 5441 aetati
1160 5388 1408 5444 inviolata
1454 5406 1755 5450 serventur.
1789 5397 1913 5451 Data

352 5467 416 5523 ab
445 5470 661 5541 IEgidio
685 5473 879 5530 abbate
903 5488 955 5531 et
977 5476 1238 5533 Hessiano
1265 5480 1487 5535 notario.

3524 321 3596 375 66

2402 441 2730 497 EPISTOLA
2781 442 2846 496 ιχ
2898 443 3082 511 (eum
3130 445 3224 514 Χ).

2399 547 2465 583 ΑΙ)
2502 545 2779 585 CESARIUI
2817 549 3219 588 ARELATENSEI.

2476 641 2764 710 ReSpOItdet
2803 646 3126 712 praecedenti.

2100 744 2451 801 Dilectissimo
2485 750 2631 804 fratri
2664 752 2895 806 Caesarie
2925 752 3297 821 Symmachus.

2077 854 2175 921 Qui
2225 860 2527 914 veneranda
2573 861 2789 915 Patrum
2840 872 3034 917 sxatuta
3082 866 3332 929 custodit,
3358 866 3587 923 amicum

2016 957 2075 995 se
2112 945 2369 999 absoluta:
2418 950 2685 1017 religionis
2733 953 2995 1015 ostendit;
3023 965 3076 1007 et
3118 955 3208 1023 qui
3256 956 3498 1024 providet
3530 968 3589 1011 ut

2017 1032 2191 1085 locum
2239 1037 2546 1091 excessibus
2592 1054 2697 1093 non
2743 1042 3383 1110 relinquat.demoustrat
3428 1062 3486 1101 se
3521 1049 3586 1105 de

2018 1121 2155 1173 bene
2184 1124 2365 1189 gratiae
2395 1124 2648 1193 cogitare.
2682 1128 3017 1184 Ilatiouabile
3047 1142 3129 1186 est
3158 1141 3214 1187 ut
3242 1145 3423 1189 sancta
3454 1137 3586 1190 Arc-

2014 1208 2231 1265 iatcusis
2273 1213 2507 1267 Ecclesia
2557 1220 2787 1286 propriis
2836 1220 3128 1289 privilegiis
3169 1223 3499 1290 perfruatur;
3535 1241 3587 1279 et

2014 1301 2153 1369 quod
2201 1314 2439 1357 vetustas
2478 1307 2738 1373 praestitit,
2770 1317 2823 1361 et
2856 1309 3066 1363 Patrum
3115 1314 3401 1365 auctoritas
3434 1314 3587 1367 robm

2017 1390 2180 1455 ravit,
2202 1407 2335 1443 nova
2364 1408 2466 1446 non
2492 1394 2645 1447 debet
2677 1395 2872 1449 violare
2892 1402 3255 1468 praesumptio.
3280 1399 3367 1453 Sic
3391 1410 3587 1465 tamen,

2017 1488 2069 1529 ut
2116 1490 2430 1531 exterarum
2500 1482 2853 1535 Ecclesiaruut
2922 1486 3201 1557 privilegia
3262 1491 3588 1557 temporibus

2014 1569 2267 1634 acquisita
2317 1584 2420 1620 non
2470 1569 2698 1623 titubent
2740 1589 2752 1623 :
2795 1572 2914 1640 quia
2958 1590 3055 1628 nec
3111 1586 3286 1642 potest
3327 1594 3390 1632 ex
3444 1591 3589 1649 parte

2015 1658 2225 1710 ﬁrmum
2257 1675 2376 1712 esse
2406 1662 2541 1729 quod
2586 1666 2949 1729 generalitatis
2990 1670 3153 1737 tangit
3184 1670 3451 1739 injuriam.
3483 1675 3588 1727 Ma-

1948 1781 1989 1841 Β
2015 1746 2261 1797 neutibus
2290 1748 2547 1814 siquidem
2577 1750 2656 1801 Itis
2678 1766 2745 1819 qu
2764 1770 2791 1801 t-
2819 1753 3029 1807 Patrum
3052 1759 3338 1811 COIistituta
3367 1761 3587 1830 singulis

2016 1832 2274 1887 Ecclesiis
2303 1848 2706 1902 concesserunt,
2732 1840 3068 1896 decernimus
3108 1855 3165 1899 ut
3193 1847 3332 1899 circa
3356 1863 3415 1901 ea
3448 1866 3586 1917 quae,

2017 1933 2121 1977 tam
2158 1926 2206 1977 ιιι
2238 1925 2421 1979 Gallia:
2451 1943 2606 1994 quam
2641 1929 2691 1981 in
2720 1930 2985 1998 Hispania)
3016 1936 3401 2003 provinciis,de
3432 1930 3588 1994 causa

2016 2011 2289 2079 religionis
2316 2016 2651 2079 emerserint,
2680 2018 2894 2072 solertia
2931 2030 3033 2075 tua:
3080 2022 3426 2080 fraternitatis
3453 2028 3589 2081 invi-

2015 2102 2141 2173 gilet
2164 2122 2178 2156 :
2203 2117 2254 2157 et
2285 2106 2327 2157 si
2359 2104 2493 2158 ratio
2524 2110 2822 2174 poposcerit
2857 2114 3191 2177 prorsentiam
3224 2117 3587 2182 sacerdotum,

2016 2206 2222 2249 servata
2271 2199 2697 2263 consuetudine,
2738 2204 3104 2270 unusquisque
3144 2215 3245 2257 tum
3288 2206 3589 2262 dilectionis

2020 2282 2321 2336 admonitus
2352 2286 2668 2340 auctoritate
2697 2290 2977 2342 conveniat
3000 2308 3013 2342 :
3038 2300 3092 2345 et
3119 2294 3161 2346 si
3204 2294 3295 2348 Dei
3327 2297 3589 2363 adjutorin

2015 2374 2377 2426 controversia
2423 2375 2660 2428 incidens
2701 2379 2961 2443 amputari
3004 2383 3253 2448 potuerit,
3288 2384 3458 2452 ipsius
3486 2386 3588 2439 hoc

2020 2460 2222 2514 meritis
2248 2463 2575 2529 appliccmus
2612 2482 2623 2517 :
2660 2467 2895 2535 alioquin
2940 2471 3215 2524 existenlis
3242 2474 3437 2541 negotii
3463 2491 3589 2543 qua-

2015 2549 2135 2602 litas
2173 2550 2237 2603 ad
2277 2552 2459 2605 sedem
2500 2554 2845 2621 apostolicam
2880 2567 2930 2611 te
2962 2559 3227 2616 referente
3274 2567 3546 2631 perveniat
3573 2608 3587 2626 ,

2017 2646 2073 2690 ut
2101 2639 2305 2693 cunctis
2335 2641 2522 2694 ordine
2568 2658 2665 2696 suo
2710 2647 2958 2713 peruetis,
2993 2649 3131 2702 unde
3162 2651 3403 2704 inimicus
3434 2654 3589 2706 boni-

2019 2730 2139 2784 tatis
2186 2732 2287 2785 sibi
2342 2731 2668 2797 blandiatur,
2718 2735 2893 2789 locum
2944 2739 3184 2793 invenire
3237 2755 3341 2793 non
3398 2744 3586 2808 possit.

2016 2817 2196 2887 Igitur,
2236 2822 2675 2887 quemadmodum
2724 2840 2881 2891 supra
2932 2827 3182 2891 diximus,
3218 2842 3311 2895 per
3357 2831 3589 2899 singulas

2014 2910 2267 2965 ecclesias
2296 2913 2551 2966 beneﬁcia
2580 2930 2696 2982 qure
2724 2927 2845 2970 sunt
2874 2918 2961 2971 ditt
2992 2920 3252 2973 custodita
3284 2932 3589 2979 serventur.

2017 3002 2082 3056 Et
2111 3004 2152 3057 si
2196 3013 2297 3055 tam
2333 3004 2584 3059 Ecclesiae
2630 3008 2891 3074 Aquensis
2922 3009 3165 3074 antistes,
3202 3012 3284 3065 vel
3314 3013 3448 3067 alius
3474 3017 3590 3083 qui-

1943 3127 1988 3189 C
2018 3093 2169 3157 libet,
2202 3095 2613 3160 metmpolitauo
2653 3096 2884 3162 pontilici
2913 3098 3060 3165 juxta
3111 3113 3373 3155 canonum
3403 3102 3590 3158 deﬁni-

2023 3182 2217 3235 tionem
2258 3192 2475 3235 vocatus
2518 3184 2885 3253 obtemperare
2926 3187 3184 3251 noluerit,
3214 3191 3421 3245 noverit
3459 3194 3590 3248 sub-

2022 3272 2250 3325 dendum
2282 3287 2359 3334 se,
2388 3272 2526 3341 quod
2576 3289 2679 3327 non
2725 3286 2991 3343 optamus,
3023 3278 3400 3334 ecclesiasdcm
3428 3282 3591 3337 disci-

2022 3363 2204 3432 plinze.
2248 3362 2313 3415 Et
2350 3365 2401 3414 in
2437 3362 2534 3415 hac
2571 3373 2722 3430 parte
2768 3378 3087 3433 magnopere
3117 3376 3168 3421 te
3196 3370 3443 3423 volumus
3472 3386 3591 3426 esse

2020 3454 2324 3516 sollicitum,
2352 3461 2411 3506 ut
2441 3454 2485 3505 si
2517 3454 2635 3520 quis
2679 3452 2744 3507 de
2775 3452 3043 3507 Gallicana
3088 3458 3165 3509 vel
3213 3458 3461 3526 Hispania
3508 3474 3592 3513 re-

2020 3543 2285 3611 gionibus,
2317 3542 2664 3596 ecclesiastici
2713 3543 2915 3596 ordinis
2963 3552 3122 3612 atque
3163 3544 3351 3609 ofﬁcii,
3380 3550 3447 3599 ad
3493 3564 3591 3601 nos

2024 3633 2207 3687 venire
2233 3634 2537 3699 compulsus
2566 3633 2745 3696 fuerit,
2765 3649 2884 3687 cum
2912 3635 3255 3689 iraternitatis
3280 3645 3383 3690 tua:
3406 3638 3590 3691 notitia

2020 3724 2121 3778 iter
2152 3724 2596 3792 peregrinationis
2643 3725 2859 3791 arripiat
2885 3740 2899 3777 :
2924 3734 2983 3777 ut
3024 3740 3121 3778 nec
3159 3728 3333 3780 honor
3356 3726 3471 3795 ejus
3501 3742 3596 3795 per

2021 3813 2373 3878 ignorantiam
2404 3813 2629 3882 aliquam
2660 3815 3033 3867 contumeliam
3063 3818 3313 3883 patiatur,
3342 3824 3399 3869 et
3422 3819 3596 3871 ambi-

2020 3904 2221 3970 guitate
2247 3902 2465 3971 depulsa
2494 3917 2523 3955 a
2550 3903 2701 3956 nobis
2727 3905 2903 3957 animo
2921 3906 3185 3959 securoin
3206 3908 3597 3963 communionis

2021 3993 2243 4061 gratiam
2274 3993 2437 4060 possit
2473 3992 2697 4046 admitti.
2728 3993 2869 4047 Deus
2891 3996 3279 4048 teincolumem
3309 3996 3597 4062 custodiat,

2022 4084 2185 4136 frater
2225 4083 2523 4135 carissime.
2562 4083 2688 4134 Data
2730 4097 2786 4134 Ill
2823 4083 2940 4135 idus
2977 4083 3179 4147 .lunias,
3216 4082 3404 4137 Flavio
3443 4100 3598 4139 sena-

2022 4180 2137 4225 tore
2164 4171 2280 4224 viro
2300 4171 2599 4225 clarissimo
2618 4172 2838 4225 consule
2859 4171 3039 4237 (Anno
3066 4171 3200 4224 Chr.
3223 4173 3377 4239 514).

2397 4326 2726 4383 EPIS'I‘OLA
2768 4327 2813 4383 Χ
2851 4326 3044 4398 (Οιιιι
3084 4327 3210 4397 Vi).

2022 4432 2381 4471 APOLOGETICA
2422 4431 2683 4471 ADVERSUS
2713 4431 2979 4472 ANASTASII
3023 4431 3373 4473 IMPERATOR“
3410 4433 3590 4479 “BEL-

2094 4503 2196 4539 Luu
2246 4501 2525 4549 FAMOSUII,
2577 4502 2712 4549 quoe
2760 4502 3071 4541 PONTIPICEM
3118 4503 3183 4541 os
3220 4503 3396 4543 ιΑτΑιι
3445 4504 3496 4545 ut
3533 4503 3596 4547 stt

2094 4571 2637 4611 EXCOIIIUNlCATlONIS
2673 4571 3003 4610 SENTENTIA)!
3040 4572 3451 4615 PROSCINDEBAT.

2093 4670 2173 4724 Ad
2205 4670 2452 4737 Augustae
2493 4670 2786 4739 majestatis
2826 4670 3063 4726 Gratiani
3103 4673 3444 4743 imperatoris
3475 4677 3593 4745 epi-

2025 4762 2216 4815 stolam
2245 4772 2365 4815 octo
2395 4762 2544 4815 libris
2577 4764 2763 4815 beatus
2794 4764 3066 4831 respondit
3097 4762 3439 4830 Ambrosius,
3471 4769 3590 4836 quia

2026 4865 2121 4918 pro
2154 4851 2255 4904 ﬁde
2281 4850 2541 4905 catholica
2572 4860 2624 4904 ct
2653 4852 2799 4904 illum
2831 4868 2933 4906 non
2963 4852 3129 4923 piguit
3161 4856 3416 4922 prolixius
3452 4872 3590 4925 pra:-

2025 4940 2221 4999 dicare.
2254 4955 2302 4996 et
2331 4942 2416 4996 hic
2449 4957 2550 4995 non
2581 4942 2838 4997 fastidivit
2868 4954 3139 5012 gratanter
3168 4947 3429 5016 accipere.
3470 4946 3592 5000 limo

2023 5032 2269 5094 dixerim,
2306 5038 2364 5085 ut
2399 5032 2442 5085 si
2485 5033 2697 5086 modum
2740 5034 2901 5087 libelli
2932 5036 3222 5103 promendo
3260 5037 3586 5106 collegerint,

2025 5137 2128 5177 non
2160 5122 2432 5177 existimer
2455 5139 2571 5192 qua:
2604 5140 2707 5177 non
2731 5127 2962 5193 oportuit
2994 5127 3214 5181 locutus.
3234 5128 3292 5183 Si
3324 5126 3587 5192 mihi,im-

2024 5227 2256 5284 perator,
2289 5215 2426 5284 apud
2456 5226 2668 5271 exteros
2697 5233 2871 5287 reges,
2896 5234 3095 5289 eosque
3117 5221 3275 5273 totius
3300 5217 3587 5272 divinitatis

2024 5306 2253 5375 ignaros,
2287 5296 2383 5376 pro
2416 5307 2517 5363 ﬁde
2547 5308 2809 5363 catholica
2838 5310 3120 5365 dicemium
3150 5310 3303 5371 foret,
3335 5308 3586 5378 quidquid

2020 5401 2136 5468 ejus
2173 5399 2377 5453 veritati
2424 5402 2717 5467 rationique
2757 5410 3094 5473 congrueret,
3136 5400 3294 5454 etiam
3331 5407 3586 5470 praetenta

2024 5499 2192 5543 morte
2225 5504 2551 5558 perorarem.
2595 5490 2684 5546 Ve:
2712 5491 2837 5544 mihi
2866 5492 2956 5545 erit
2987 5492 3032 5542 si
3059 5505 3156 5541 non
3182 5489 3586 5561 evatzgelizavero

424 5638 450 5665 '
488 5634 642 5689 Anno
680 5634 810 5702 5l5,
840 5642 894 5689 ut
922 5645 1064 5703 patet
1092 5651 1155 5690 ex
1180 5637 1305 5707 Pagi
1344 5639 1713 5697 observatione
1741 5644 1895 5698 allata
1917 5660 2075 5716 supra
2106 5646 2170 5701 ad
2194 5648 2351 5716 epist.
2382 5651 2433 5701 7.
