4044 6184
367 289 432 342 m
1723 269 2071 326 SYMMAGIII
2115 268 2316 326 PAPIE
3581 270 3649 326 68

365 403 419 474 (1
451 403 568 458 Cor.
602 397 710 471 rx),
749 393 1046 461 meliusque
1073 397 1160 444 est
1196 388 1456 457 jacturam
1497 384 1620 437 vitae
1661 383 1942 450 praesentis
1973 389 2020 445 Α
2052 382 2387 452 approbata?
2411 380 2546 448 Quid
2567 380 2750 444 facies,
2776 381 3087 450 imperator,
3121 380 3171 434 in
3203 381 3383 437 divino
3407 382 3650 451 judicio?

362 472 622 555 incidere,
646 501 803 557 quam
827 483 1152 549 sempiterna
1183 477 1525 532 damnatione
1547 472 1951 542 puniri.Verum

364 593 422 638 tu
448 583 493 638 si
536 581 809 636 Romanus
838 577 1131 644 imperator
1161 584 1220 623 es
1243 610 1257 634 ,
1286 569 1449 621 etiam
1481 563 1718 632 gentium
1761 561 1956 615 barba-

366 688 544 728 rarum
570 671 859 740 legationes
883 666 1049 720 debes
1076 662 1371 715 clementer
1400 656 1707 710 admittere.
1725 653 1780 708 Si
1804 651 1958 706 Chri-

365 767 570 819 stianus
601 763 848 831 princeps
869 773 951 818 es,
984 755 1374 823 qualiscunque
1405 746 1653 816 praesulis
1677 742 1957 810 apostolici

365 857 531 910 debes
562 866 744 905 vocem
775 849 1042 917 patienter
1068 842 1273 896 audire.
1299 837 1665 892 Contumelias
1695 843 1835 896 tuas,
1859 833 1960 884 itu-

367 955 618 1016 perator,
663 953 796 1009 quas
847 939 947 992 sub
996 934 1180 989 divino
1225 930 1427 998 judicio
1482 930 1598 997 ipse
1649 924 1955 1016 perpendis,

368 1013 617 1091 utrumne
644 1034 694 1087 itt
727 1046 813 1086 me
839 1029 1085 1098 religiosa
1121 1033 1299 1079 mente
1331 1019 1654 1090 profuderis,
1674 1017 1851 1069 fateor
1874 1013 1956 1066 vel

369 1130 474 1183 mei
520 1139 705 1190 causa,
755 1122 836 1176 vel
887 1121 960 1173 tui
1003 1114 1342 1172 dissimulare
1381 1126 1466 1165 me
1493 1124 1599 1164 non
1637 1121 1814 1177 posse.
1857 1104 1959 1158 Mei

366 1236 549 1282 causa,
594 1217 1002 1288 promissionem
1049 1209 1256 1265 Domini
1309 1205 1632 1267 recolendo,
1681 1200 1905 1255 dicentis
1943 1216 1957 1253 :

370 1315 499 1368 Cum
528 1328 612 1365 vos
642 1307 893 1381 persecuti
922 1304 1130 1374 fuerint,
1157 1311 1200 1354 et
1227 1299 1450 1352 dixerint
1474 1312 1620 1350 omne
1647 1295 1837 1346 malum
1863 1291 1961 1342 ad-

368 1420 568 1460 versum
599 1421 706 1466 vos,
739 1409 942 1470 prapter
959 1394 1221 1468 justitiam
1255 1390 1471 1461 gaudete
1493 1385 1708 1456 (Matth.
1739 1384 1816 1452 v).
1861 1382 1961 1435 Tui

370 1507 572 1562 autem,
601 1495 724 1564 quia
759 1490 954 1544 nollem
991 1487 1072 1540 sic
1097 1499 1269 1538 meam
1299 1483 1523 1551 gloriam
1567 1477 1869 1547 provenire,
1905 1481 1963 1526 ut

371 1597 424 1640 te
466 1563 634 1654 possit
677 1597 782 1635 non
828 1576 1171 1631 mediocriter
1209 1585 1458 1625 onerare.
1494 1567 1557 1619 Et
1601 1581 1703 1634 ego
1745 1563 1960 1633 quidem

370 1652 653 1732 dominicis
683 1682 737 1727 et
767 1666 1079 1739 apostolicis
1108 1661 1501 1718 eruditionibus
1534 1658 1829 1717 institutus,
1865 1652 1960 1705 be-

2060 477 2140 529 An
2162 475 2282 543 quia
2306 477 2596 543 imperator
2611 489 2669 528 es
2686 474 2892 527 nullum
2918 475 3007 529 Dei
3031 484 3185 542 putas
3209 489 3331 529 esse
3353 474 3647 542 judicium?

2059 567 2236 621 Taceo
2263 565 2405 635 quod
2432 566 2813 634 imperatorem
2845 575 3213 620 accusatorem
3242 580 3362 620 esse
3392 582 3497 620 non
3522 582 3648 620 con-

2060 658 2262 711 veniat.
2309 657 2586 711 Postremo
2618 656 2806 711 iisdem
2837 657 3033 710 divinis
3060 657 3414 726 humanisque
3445 658 3650 726 legibus

2061 766 2219 804 nemo
2243 751 2413 819 possit
2434 763 2553 802 esse
2575 759 2854 802 accusator
2877 756 2933 802 et
2949 749 3132 816 judex.
3157 749 3527 819 Nunquidnam
3549 751 3646 804 snh

2060 841 2238 895 alieno
2256 840 2458 908 judicio
2480 839 2718 892 dicturus
2739 853 2798 892 es
2820 838 3072 892 causam?
3098 839 3180 892 vel
3207 848 3487 892 accusator
3509 850 3648 891 asta-

2061 933 2178 987 bis?
2224 931 2364 985 Dicis
2402 944 2524 983 esse
2550 943 2636 983 me
2664 928 3036 982 Manichazum.
3068 928 3315 997 Nunquid
3354 943 3455 998 ego
3488 930 3649 998 Euty-

2062 1026 2288 1080 chianns
2335 1038 2475 1085 sum,
2526 1021 2612 1075 vel
2663 1020 3024 1091 Eutycbianos
3072 1020 3305 1075 defendo
3349 1036 3364 1074 :
3417 1036 3647 1089 quorum

2065 1117 2212 1172 furor
2236 1116 2468 1170 maxime
2492 1113 2904 1168 Manichaeorum
2927 1112 3248 1182 suffragatur
3266 1114 3463 1167 errori.
3484 1112 3650 1167 Roma

2063 1208 2195 1264 mihi
2240 1207 2394 1262 testis
2436 1215 2538 1270 est,
2585 1214 2639 1258 et
2684 1204 2879 1259 scrinia
2929 1204 3298 1258 testimonium
3346 1203 3648 1271 perhibent,

2068 1309 2244 1353 utrum
2275 1314 2304 1351 a
2335 1297 2436 1350 fide
2466 1295 2751 1358 catholica,
2784 1310 2940 1362 quam
2987 1294 3039 1346 in
3079 1294 3209 1348 sede
3238 1295 3378 1348 beati
3423 1293 3650 1362 apostoli

2066 1393 2212 1446 Petri
2237 1391 2460 1445 veniens
2495 1405 2562 1442 ex
2595 1386 2898 1456 paganitate
2935 1386 3174 1455 suscepi,
3201 1386 3380 1454 aliqua
3407 1402 3472 1439 ex
3505 1394 3653 1452 parte

2065 1482 2412 1537 deviaverim.
2438 1479 2702 1534 Pt-o'cedat
2726 1479 2942 1548 aliquis,
2965 1487 3020 1533 et
3041 1478 3276 1548 qualibet
3297 1481 3506 1533 ratione
3525 1492 3654 1532 cou-

2065 1576 2244 1627 vincat
2269 1589 2281 1624 :
2305 1570 2499 1639 alioqui
2532 1569 2769 1625 εοιινίι-ἰει
2792 1580 2914 1622 sunt
2937 1570 3056 1633 ista,
3086 1584 3190 1623 non
3218 1569 3503 1622 criminum
3530 1583 3654 1637 pro-

2065 1664 2336 1717 bamenta.
2372 1660 2562 1714 Nescio
2598 1671 2775 1713 utrum
2815 1660 3007 1728 quibus
3051 1659 3301 1729 objicitur
3340 1658 3550 1723 falsum,
3582 1672 3649 1710 an

372 1769 734 1827 nediclionem
764 1760 955 1815 Studeo
983 1759 1108 1822 ιυίεν
1151 1756 1468 1820 Ῐηιῐδθηῐοτν
1501 1746 1703 1801 referre
1732 1742 1956 1797 '“aiedi'
1991 1751 2036 1810 Β
2065 1754 2215 1809 falsis
2239 1752 2606 1822 Objectorihus
2635 1751 2847 1804 inimica
2877 1751 3183 1804 dicentibus
3213 1765 3298 1805 me
3330 1765 3435 1803 non
3463 1747 3653 1802 ordine

372 1862 495 1926 ctis,
535 1853 878 1913 contumeliis
922 1845 1387 1903 honorificentiam
1434 1839 1681 1901 reddere,
1723 1844 1776 1888 et
1823 1832 1960 1886 odiis

372 1954 658 2008 redhibere
685 1948 986 2004 caritatem.
1028 1940 1132 1996 Sed
1168 1938 1311 1999 vide,
1345 1948 1546 2004 quaeso,
1581 1946 1648 1985 ne
1677 1929 1745 1982 ab
1774 1943 1839 1982 eo
1871 1925 1960 1994 qui

373 2051 448 2100 sit
481 2063 493 2096 :
542 2042 670 2096 Mihi
707 2037 1014 2100 vindictam,
1055 2042 1101 2084 et
1143 2045 1234 2099 rgo
1272 2026 1551 2080 retribuam
1595 2020 1775 2091 (Rom.
1830 2015 1960 2082 xit);

375 2143 629 2203 quantum
671 2146 699 2182 a
747 2142 833 2182 me
873 2123 1182 2184 remittitur,
1229 2127 1434 2172 tantum
1476 2129 1505 2168 a
1549 2121 1601 2166 te
1643 2105 1964 2203 cumulatius

374 2195 639 2296 exigatur.
677 2219 816 2288 Quid
863 2216 1006 2271 enim
1053 2212 1300 2266 Christus
1338 2207 1481 2262 dicat
1519 2205 1585 2258 de
1627 2203 1707 2256 his
1740 2199 1855 2296 qui.

377 2288 626 2369 nimirum
645 2312 800 2380 (forte
815 2303 1181 2372 minimum)in
1210 2314 1330 2354 eum
1355 2298 1662 2351 credentem
1694 2288 1962 2345 scandali-

375 2405 637 2468 zaverint,
668 2397 1014 2468 Evangelium
1047 2393 1276 2456 referat,
1300 2405 1407 2444 non
1439 2401 1555 2441 mea
1584 2399 1714 2439 voce
1746 2393 1961 2450 proma-

378 2509 484 2551 tur.
510 2495 614 2550 Sed
638 2493 865 2546 fortasse
891 2487 1048 2551 dicis,
1066 2486 1378 2553 iruperator,
1394 2480 1570 2550 potius
1598 2485 1649 2531 te
1670 2491 1790 2531 esse
1807 2473 1964 2527 mini-

379 2602 547 2652 mum,
592 2584 680 2654 qui
717 2581 908 2637 credas
948 2580 999 2632 in
1044 2576 1282 2639 Christo,
1327 2582 1383 2626 et
1421 2571 1490 2626 de
1531 2577 1583 2623 te
1625 2570 1725 2621 hoc
1764 2563 1965 2620 rectius

376 2677 571 2747 accipi,
603 2653 766 2730 etme
792 2686 914 2728 esse
934 2667 1390 2724 scandalizantem
1418 2671 1562 2716 tuam
1596 2658 1779 2712 fidem.
1811 2653 1967 2709 Chri-

376 2781 491 2824 stus
530 2768 708 2835 itaque
749 2764 890 2818 Deus
921 2759 1189 2814 veraciter
1219 2765 1382 2819 tatus,
1424 2760 1480 2807 et
1510 2761 1652 2805 totus
1681 2749 1843 2802 homo
1883 2753 1967 2799 est

377 2862 458 2916 sic
478 2866 790 2926 conceptus,
821 2853 899 2907 sic
927 2860 1274 2906 conversatus
1304 2846 1356 2900 in
1383 2842 1606 2904 saeculo,
1639 2840 1718 2896 sic
1755 2849 1962 2908 passus,

376 2955 456 3007 sic
479 2949 616 3018 apud
649 2946 875 3008 inferos,
919 2942 995 2995 sic
1035 2936 1406 3000 resuscitatus,
1437 2933 1515 2987 sic
1542 2947 1664 2987 cum
1691 2928 1967 2996 discipulis

377 3055 660 3111 apparens,
694 3037 772 3090 sic
793 3035 1031 3089 elevatus
1054 3031 1106 3083 itt
1129 3028 1350 3089 malum,
1374 3025 1453 3079 sic
1472 3021 1664 3078 exinde
1685 3020 1861 3073 dictus
1884 3026 1964 3070 est

2063 1855 2460 1902 consecratum.
2487 1842 2628 1897 Inter
2650 1842 2849 1896 imbres
2874 1842 3104 1909 lapidum
3129 1850 3271 1896 totus
3300 1841 3443 1896 evasi
3472 1857 3485 1893 :
3509 1839 3655 1910 judi-

2064 1937 2205 1992 cavit
2251 1937 2420 1990 Deus.
2463 1935 2544 1987 A-n
2587 1934 2707 2002 quia
2757 1934 3050 2000 imperator
3094 1949 3172 1997 es,
3222 1932 3457 1987 divinum
3498 1942 3652 1999 putas

2064 2027 2515 2086 contemnendum
2558 2041 2679 2080 esse
2716 2024 3013 2093 judicium?
3057 2025 3161 2081 Sed
3206 2025 3434 2080 fortasse
3477 2024 3647 2085 dices,

2065 2125 2225 2179 etiam
2266 2121 2633 2189 indignantem
2673 2119 2840 2174 Deum
2880 2119 3036 2172 noxia
3080 2133 3307 2188 qumque
3337 2118 3652 2186 plerumque

2067 2213 2401 2284 permittere.
2431 2210 2700 2276 Scriptum
2734 2218 2816 2262 est
2843 2226 2854 2260 :
2887 2207 2969 2261 Ea:
2991 2209 3241 2279 fructibus
3261 2225 3434 2263 eorum
3459 2224 3650 2276 cogno-

2065 2303 2213 2358 acetis
2252 2317 2334 2354 eos
2380 2298 2596 2371 (Matth.
2629 2298 2746 2366 vn).
2777 2298 3012 2352 Ostende
3051 2313 3179 2367 ergo
3216 2297 3340 2366 quid
3375 2297 3653 2352 exisnmes

2066 2392 2418 2462 arguentium,
2446 2401 2504 2444 ιιι
2531 2390 2722 2443 iratum
2759 2388 2992 2442 maxime
3025 2389 3211 2452 Deum,
3244 2403 3362 2457 qua:
3389 2401 3492 2441 non
3515 2401 3649 2439 con-

2067 2493 2348 2548 venerant,
2365 2482 2672 2551 permisisse
2687 2480 3042 2535 demonstres.
3062 2484 3140 2532 An
3159 2478 3281 2548 quia
3307 2477 3653 2548 Eutychianis

2070 2577 2374 2630 nullatenus
2412 2573 2738 2642 acquiesco?
2769 2573 2849 2625 Me
2875 2572 3089 2640 quidem
3121 2573 3217 2624 ista
3251 2585 3355 2626 ιιοιι
3387 2571 3650 2634 sauciant,

2068 2666 2162 2720 sed
2195 2675 2245 2720 te
2273 2665 2446 2734 palam
2474 2675 2765 2734 aperteque
2791 2665 3165 2719 demonstrant
3192 2678 3368 2717 meum
3393 2663 3654 2732 cogitasse

2071 2757 2327 2811 honorem
2359 2756 2644 2825 repellere,
2683 2770 2840 2824 quem
2880 2756 3186 2808 interventu
3217 2768 3316 2808 suo
3343 2754 3531 2808 beatus
3555 2753 3654 2807 Pe-

2071 2859 2187 2904 trus
2235 2849 2510 2918 imposuit.
2548 2850 2629 2903 An
2659 2849 2780 2914 quia
2823 2851 3113 2916 imperator
3159 2863 3240 2913 es,
3281 2857 3466 2902 contra
3510 2847 3654 2901 Petri

2071 2942 2260 2996 literis
2283 2941 2640 3010 potestatem?
2670 2942 2731 2993 Et
2759 2940 2849 3009 qui
2881 2939 3094 2994 Petrm’n
3127 2939 3545 2994 Alexandrinum
3570 2954 3654 2993 rc-

2071 3033 2229 3102 cipis,
2265 3033 2476 3086 beatum
2515 3032 2731 3086 Petrum
2760 3033 3060 3100 apostolum
3094 3033 3145 3086 in
3169 3046 3268 3086 suo
3297 3033 3654 3101 qualicunque

379 3109 497 3186 esse
527 3140 798 3188 venturus,
829 3123 906 3176 sic
938 3121 1202 3188 hodieque
1225 3117 1279 3171 in
1307 3115 1427 3170 cudi
1457 3114 1673 3181 regione
1704 3109 1960 3180 persistit,

2070 3123 2268 3176 vicario
2306 3123 2516 3176 calcare
2550 3124 2874 3177 contendis?
2903 3123 2984 3177 An
3013 3124 3152 3178 bene
3185 3122 3353 3178 factus
3380 3136 3577 3185 essem,
3608 3125 3652 3175 si

378 3225 589 3277 dicente
620 3215 875 3287 Apostolo
903 3231 915 3267 :
948 3212 1011 3265 In
1037 3228 1136 3283 quo
1167 3211 1359 3263 habitat
1391 3207 1554 3260 omnis
1582 3204 1848 3274 plenitudo
1880 3202 1965 3253 diu

379 3313 602 3368 ciuitatis
629 3307 970 3377 corporaliter
1009 3302 1229 3373 (Cotoss.
1257 3302 1337 3368 ll),
1367 3307 1423 3355 et
1450 3307 1597 3353 certe
1625 3297 1692 3350 de
1719 3309 1785 3349 eo
1811 3294 1962 3362 dicit,

379 3403 521 3474 quod
556 3415 696 3456 nunc
735 3407 820 3453 est
852 3397 988 3467 ipse.
1030 3394 1171 3462 Ergo
1206 3392 1295 3446 ille
1331 3397 1417 3443 est
1453 3387 1726 3454 minimus,
1758 3386 1847 3454 qui
1887 3385 1967 3440 sic

381 3491 609 3548 credidit
637 3489 688 3543 in
712 3483 1125 3542 Cbristum.Sed
1152 3480 1454 3551 hujusmodi
1479 3480 1532 3532 in
1554 3476 1827 3532 Christum
1850 3492 1969 3532 cre-

381 3585 460 3638 dit
493 3582 581 3652 qui
628 3581 679 3634 in
719 3580 982 3646 integrum
1025 3575 1299 3630 Christum
1341 3570 1526 3632 credit,
1561 3584 1666 3624 non
1711 3570 1762 3622 in
1808 3567 1969 3623 serui-

382 3674 678 3735 Christum,
717 3681 772 3724 et
812 3669 933 3722 ideo
963 3682 1067 3721 non
1104 3665 1399 3726 Christum,
1441 3662 1562 3730 quia
1591 3660 1836 3716 Christus
1863 3675 1966 3714 non

385 3766 486 3820 nisi
519 3767 743 3832 integer.
775 3761 984 3827 integer
1022 3767 1201 3812 autem
1241 3772 1348 3809 non
1386 3753 1487 3809 nisi
1522 3751 1848 3821 hujusmodi.
1895 3751 1969 3805 De

385 3858 473 3912 tali
509 3871 639 3925 ergo
674 3856 728 3908 in
765 3869 824 3908 se
853 3852 1106 3906 credente
1135 3850 1303 3903 dicit:
1338 3849 1453 3915 ipse
1483 3846 1684 3901 etenim
1716 3846 1969 3900 minimus

383 3951 523 4018 ejus,
561 3958 612 4001 ct
643 3961 838 4016 parvus
864 3954 944 3998 est
971 3960 985 3995 :
1019 3957 1114 4011 pro
1142 3957 1249 4011 quo
1286 3940 1650 3995 scandalizato
1681 3937 1804 4007 quid
1846 3952 1970 4005 pro-

385 4041 611 4105 miserit,
637 4041 824 4108 ipsius,
864 4047 922 4091 ut
941 4036 1140 4090 dictum
1171 4045 1272 4098 est,
1306 4035 1496 4088 melius
1525 4034 1705 4088 verbis
1729 4030 1968 4088 ostendi-

385 4145 490 4186 tur.
517 4132 768 4186 Fortasse
788 4130 958 4191 dicas,
978 4128 1271 4195 imperator
1295 4144 1307 4179 :
1333 4125 1438 4181 Sed
1459 4139 1558 4193 ego
1575 4137 1788 4193 quoque
1811 4123 1966 4175 talem

384 4224 655 4279 Christum
679 4221 862 4286 credo,
888 4229 944 4274 et
971 4219 1096 4274 ideo
1118 4218 1260 4272 inter
1280 4216 1396 4285 ejus
1423 4217 1674 4270 minimos
1697 4215 1818 4283 jure
1841 4228 1970 4267 con-

387 4329 659 4370 nutneror.
697 4313 806 4365 lloc
836 4311 1072 4378 gravius,
1116 4310 1161 4363 si
1203 4317 1258 4361 et
1295 4308 1455 4360 talem
1487 4307 1683 4372 credis,
1725 4318 1780 4359 et
1808 4305 1966 4359 talum

386 4422 492 4460 non
533 4402 873 4458 credentibus
906 4398 1286 4453 communione
1315 4397 1579 4452 misceris.
1627 4395 1746 4448 Non
1779 4396 1964 4460 solum,

2071 3213 2416 3283 Eutychianis
2451 3214 2725 3268 faverem?
2763 3213 2808 3268 si
2840 3214 3019 3269 Acacii
3054 3214 3254 3268 nemini
3292 3213 3655 3268 communica-

2069 3303 2217 3357 rent?
2247 3303 2435 3357 Latere
2465 3319 2569 3356 non
2606 3312 2790 3371 potest
2843 3319 2940 3358 cur
2970 3304 3067 3358 ista
3103 3305 3421 3372 prietendas.
3454 3304 3654 3359 Confe-

2070 3408 2251 3448 ramus
2281 3407 2458 3448 autem
2492 3394 2751 3448 honorem
2784 3396 3122 3463 imperatoris
3145 3411 3266 3450 cum
3291 3395 3493 3450 honore
3519 3410 3655 3464 pon-

2070 3485 2226 3539 titicis
2253 3501 2268 3538 :
2298 3484 2438 3539 inter
2468 3500 2603 3553 quos
2635 3496 2841 3540 tantum
2867 3486 3052 3550 distat,
3075 3495 3332 3554 quantum
3361 3486 3448 3539 ille
3471 3501 3650 3540 rerum

2073 3577 2427 3630 humanarum
2463 3591 2644 3630 curam
2685 3577 2842 3646 gerit,
2876 3578 2975 3632 iSte
3004 3578 3328 3633 divinarum.
3369 3577 3450 3632 Tu
3485 3577 3655 3647 impe-

2071 3675 2219 3720 rator
2265 3682 2295 3720 a
2353 3668 2605 3736 pontifice
2653 3668 2976 3736 baptismum
3033 3671 3270 3738 accipis,
3317 3679 3654 3724 sacramenta

2070 3759 2257 3822 sumis,
2290 3759 2588 3813 orationem
2622 3761 2818 3827 poscis,
2845 3760 3270 3816 benedictionem
3299 3773 3507 3831 speras,
3543 3773 3656 3829 pae-

2072 3849 2348 3903 nitentiam
2388 3864 2570 3918 rogas.
2601 3849 2882 3905 Posuemo
2923 3861 2975 3905 tu
3020 3851 3247 3906 humana
3288 3851 3649 3914 administras,

2072 3943 2160 3998 ille
2188 3941 2282 3997 tibi
2314 3942 2492 3996 divina
2523 3943 2817 4012 dispensat.
2855 3943 3038 4014 Itaque
3066 3955 3122 3998 ιιι
3153 3961 3258 4000 non
3287 3944 3460 4000 dicam
3495 3959 3654 4012 supe-

2072 4036 2200 4102 rior,
2239 4046 2385 4090 certe
2425 4035 2645 4103 aqualis
2689 4034 2862 4089 honor
2889 4045 2991 4089 est.
3035 4035 3145 4090 Nec
3188 4045 3240 4090 te
3279 4045 3433 4105 putes
3469 4033 3652 4089 mundi

2071 4143 2264 4198 pompa
2293 4129 2632 4195 praecellere:
2650 4128 2783 4192 Quia
2809 4129 2945 4196 quod
2973 4129 3233 4196 infirmant
3257 4137 3330 4182 est
3353 4126 3444 4182 Dei
3473 4129 3654 4198 fortius

2071 4232 2145 4272 est
2161 4218 2447 4273 hominibus
2472 4217 2553 4286 (II
2577 4217 2692 4271 Cor.
2713 4221 2794 4288 ιι).
2812 4219 2990 4288 Itaque
3004 4219 3199 4273 videris
3221 4219 3345 4289 quid
3370 4230 3420 4273 te
3443 4219 3651 4273 deceat.

2073 4311 2272 4364 Tamen
2305 4325 2426 4363 cum
2467 4312 2517 4362 iit
2550 4311 2946 4365 accusationem
2983 4313 3308 4380 proruperis,
3353 4319 3458 4362 tam
3490 4310 3543 4363 in
3573 4309 3653 4362 di-

2074 4405 2210 4458 vinis
2249 4404 2455 4473 legibus
2483 4419 2643 4472 quam
2677 4404 2924 4457 humanis
2953 4403 3063 4472 pari
3096 4419 3304 4458 mecum
3340 4413 3484 4457 sorte
3522 4417 3654 4456 cou~

387 4497 558 4565 inquit
592 4492 902 4562 Apostolus,
943 4492 1032 4549 aui
1063 4489 1273 4560 [αεὶιιηιν
1305 4488 1394 4542 θεά
1423 4489 1511 4558 qui
1540 4489 1858 4542 (οηεεηιίωη
1887 4487 1965 4554 Ῐω·
1993 4487 2045 4545 D
2070 4497 2246 4560 sistis;
2282 4497 2331 4549 in
2354 4510 2454 4564 qua
2484 4498 2750 4550 cariturus
2783 4497 2986 4552 honore
3013 4511 3224 4550 summo
3253 4497 3296 4549 si
3328 4498 3498 4562 fuero,
3530 4495 3651 4563 quia

387 4585 629 4640 cientibus
662 4584 838 4653 (Rom.
864 4581 927 4649 ι).
954 4582 1033 4634 An
1065 4580 1459 4634 communicare
1491 4593 1594 4633 non
1624 4573 1706 4632 est
1737 4593 1966 4632 consen-

391 4681 488 4731 tire
514 4692 634 4730 cum
660 4673 886 4728 talibus?
915 4672 1142 4726 Proinde
1160 4680 1251 4725 aut
1272 4671 1404 4725 doce
1425 4673 1558 4725 alios
1587 4687 1689 4725 non
1713 4685 1853 4734 esse,
1879 4676 1970 4722 aut

389 4771 543 4839 longe
571 4771 805 4838 gravius,
838 4777 896 4818 ut
922 4766 1123 4818 dictum
1153 4771 1235 4818 est
1257 4804 1269 4826 ,
1305 4773 1490 4816 contra
1524 4772 1701 4816 notam
1733 4761 1831 4816 sibi
1863 4763 1965 4815 erit

390 4864 610 4918 tendere
627 4858 1294 4916 veritatem.Contumelias
1313 4858 1492 4926 igitur,
1508 4858 1818 4925 imperator,
1832 4870 1965 4925 quas

390 4957 442 5009 in
485 4969 655 5008 meam
689 4952 1059 5021 proferendam
1091 4960 1244 5019 putas
1273 4966 1391 5005 esse
1419 4965 1728 5020 personam,
1761 4949 1963 5003 utinam

388 5062 545 5115 quam
577 5044 702 5098 mihi
734 5045 978 5110 gloriosa:
1004 5053 1148 5108 sunt,
1170 5046 1236 5098 ita
1269 5055 1317 5097 te
1339 5058 1562 5112 gravare
1584 5057 1687 5096 non
1713 5043 1963 5110 possent!

390 5139 615 5192 Domino
653 5152 772 5191 meo
811 5136 1010 5189 dictum
1052 5145 1133 5189 est
1169 5151 1197 5188 a
1239 5133 1555 5202 quibusdam
1587 5150 1602 5188 :
1642 5131 1965 5186 Dtemonium

388 5231 574 5295 habes,
621 5238 822 5281 vorator
868 5227 1046 5296 (Joan.
1095 5232 1252 5292 vttt);
1306 5226 1380 5279 De
1433 5225 1770 5295 fornicatione
1817 5236 1967 5277 natus

392 5323 604 5391 (Matth.
637 5325 714 5391 ιι)
741 5339 752 5374 :
783 5332 835 5375 et
867 5329 1022 5388 putas
1052 5321 1170 5387 quia
1201 5334 1298 5388 ego
1325 5320 1549 5373 debeam
1582 5318 1710 5372 mihi
1741 5317 1966 5373 dolere?

386 5412 554 5476 Quam
587 5412 708 5466 talia
751 5411 1037 5480 proferenti
1079 5420 1290 5465 cautum
1318 5419 1420 5477 est,
1453 5419 1507 5463 et
1536 5409 1727 5462 divinis
1757 5409 1962 5477 legibus

386 5514 438 5555 et
481 5503 762 5556 humanis?
805 5501 870 5556 In
905 5519 992 5556 ore
1019 5503 1238 5555 duorum
1267 5509 1355 5552 aut
1393 5501 1551 5553 trium
1577 5500 1777 5553 testium
1811 5500 1961 5553 stabit

387 5607 533 5645 ornare
557 5593 761 5645 rerbum
797 5593 1009 5661 (Matth.
1051 5595 1222 5657 xvrtt).
1257 5590 1391 5658 Quid
1417 5604 1537 5646 cum
1565 5601 1618 5644 et
1647 5590 1878 5645 humano
1910 5603 1963 5646 et

385 5697 506 5740 cum
558 5686 788 5740 humano
834 5696 884 5739 te
941 5687 1279 5739 examinante
1329 5683 1529 5753 judicio
1571 5683 1701 5739 falsa
1765 5685 1960 5741 fuerint

2073 4587 2123 4641 id
2152 4589 2339 4648 mavis,
2374 4596 2426 4640 te
2455 4597 2744 4642 accusante
2769 4588 3066 4652 convictus,
3097 4590 3393 4641 amissurus
3423 4587 3534 4656 pari
3569 4603 3654 4640 ra-

2072 4679 2236 4740 tione,
2287 4678 2330 4730 si
2378 4694 2480 4731 non
2533 4678 2839 4732 conviceris
2888 4679 3223 4748 dignitatem.
3275 4679 3356 4734 Sit
3405 4679 3542 4732 istud
3598 4679 3651 4732 in

2073 4768 2269 4823 mundo
2291 4767 2574 4836 judicium,
2607 4777 2882 4837 spectante
2914 4771 3020 4824 Deo
3047 4781 3099 4825 et
3126 4771 3332 4841 angelis
3355 4770 3493 4838 ejus,
3525 4784 3654 4839 spe-

2069 4859 2335 4914 Ctacnlum
2361 4860 2504 4912 omni
2531 4862 2727 4912 smculo
2753 4863 2942 4925 simus,
2970 4878 3076 4931 quo
3106 4872 3196 4917 aut
3222 4863 3474 4918 sacerdos
3499 4862 3654 4917 bona:

2074 4960 2217 5014 vitae,
2248 4959 2339 5003 aut
2375 4950 2662 5017 imperator
2697 4952 2957 5020 religiosae
2998 4953 3272 5007 modes'tia‘
3297 4962 3654 5022 consequatur

2072 5042 2403 5111 exemplum.
2433 5043 2564 5107 Quia
2594 5042 2677 5096 his
2705 5042 2974 5113 praecipue
2999 5044 3207 5098 duobus
3233 5044 3426 5098 officiis
3452 5044 3656 5114 regitur

2075 5136 2365 5188 humanum
2401 5150 2588 5202 genus,
2634 5145 2692 5189 ut
2734 5153 2836 5190 non
2869 5138 3062 5191 debeat
3091 5137 3290 5204 aliquid
3318 5151 3504 5190 eorum
3536 5138 3654 5191 exi-

2073 5240 2236 5294 stere,
2267 5243 2374 5295 quo
2397 5229 2568 5282 valeat
2593 5229 2789 5284 offendi
2811 5230 3081 5294 d;vinitas,
3111 5231 3340 5285 maxime
3365 5244 3488 5285 cum
3512 5241 3655 5285 nter-

2072 5337 2175 5389 que
2206 5319 2380 5372 honor
2403 5320 2646 5374 videatur
2670 5336 2788 5376 esse
2815 5334 3124 5389 perpetuus,
3143 5311 3302 5392 atque
3323 5323 3394 5378 ita
3421 5323 3654 5378 humano

2072 5415 2256 5482 generi
2285 5428 2350 5466 ex
2383 5413 2643 5466 alterutro
2672 5415 3004 5471 consulatur.

2143 5504 2358 5572 Precor,
2394 5504 2704 5573 imperator,
2739 5520 2866 5573 pace
2899 5513 2985 5558 tua
3019 5504 3267 5569 dixerim,
3303 5515 3572 5560 memento
3604 5514 3655 5560 te

2072 5596 2365 5661 hominem,
2403 5606 2459 5650 ut
2492 5598 2663 5664 possis
2695 5598 2769 5651 uti
2813 5599 3070 5653 concessa
3107 5599 3197 5653 tibi
3223 5598 3477 5651 divinitus
3505 5607 3657 5664 pote-

2070 5696 2208 5741 state
2238 5703 2250 5736 :
2286 5687 2407 5756 quia
2438 5687 2647 5741 etiarnsi
2702 5688 2817 5743 lucc
2848 5691 2948 5744 sub
2975 5691 3206 5745 humano
3239 5701 3548 5758 prtevencre
3579 5688 3656 5754 ju-
