4040 6184
261 287 342 342 G’O
1489 291 1839 348 EPISTOLA‘I
1881 290 1968 345 ET
2007 292 2340 349 DECRETA.
3462 311 3531 368 70

262 405 296 454 d
327 405 431 461 cio,
463 401 560 455 sub
581 400 764 455 divino
791 417 1016 458 necesse
1036 414 1112 456 c5!
1135 413 1191 456 ut
1210 403 1845 459 discutianturctatnine.
1879 407 1927 465 Α
1953 415 2012 456 se
2033 405 2334 458 Christiano
2363 407 2473 460 vult
2493 408 2751 462 vocabulo
2772 413 3085 481 nuncupari,
3113 415 3254 472 inter
3276 417 3392 473 illos
3411 420 3530 475 sine

264 493 544 546 Fortassis
571 493 813 547 dicturus
844 509 924 560 es,
955 497 1209 560 scriptum
1241 510 1362 550 esse
1395 514 1407 547 :
1443 496 1594 549 Omni
1619 499 1854 565 potestati

265 597 362 633 nos
392 582 622 634 subditos
651 599 760 635 esse
778 583 956 636 debere
980 583 1153 652 (Rom.
1182 584 1317 653 xm).
1343 585 1447 638 Nos
1468 586 1681 653 quidem
1707 598 1856 653 pote-

266 685 443 726 states
479 673 741 726 humanas
776 687 876 727 suo
914 674 1033 728 loco
1069 676 1411 744 suscipimus,
1461 676 1632 732 donec
1670 688 1854 732 contra

270 762 444 814 Deum
474 776 598 815 suas
620 763 829 830 erigunt
849 765 1172 817 voluntates.
1201 766 1460 820 Caeterum
1491 768 1534 820 si
1563 771 1735 821 omnis
1761 782 1855 836 po-

267 865 438 907 testas
463 869 490 906 a
518 855 628 907 Deo
649 864 750 917 est,
771 857 940 924 magis
964 870 1090 924 ergo
1113 871 1231 924 quae
1253 857 1411 910 rebus
1457 869 1533 910 est
1562 858 1852 927 prtestituta

267 943 491 998 divinis.
527 944 684 997 Defer
710 945 820 998 Deo
842 946 895 998 in
927 947 1098 1010 nobis,
1131 957 1185 999 et
1215 961 1315 1001 nos
1339 947 1640 1002 deferetnus
1663 950 1773 1004 Deo
1802 951 1852 1004 in

280 1042 347 1086 te.
377 1034 646 1087 Caeterum
675 1035 718 1088 si
752 1045 804 1088 tu
839 1035 946 1089 Deo
979 1052 1082 1090 non
1123 1038 1365 1102 deferas,
1418 1054 1521 1092 non
1556 1049 1707 1108 potes
1737 1041 1854 1109 ejus

274 1127 343 1176 uti
376 1124 653 1194 privilegio
673 1166 687 1186 ,
716 1125 867 1193 cujus
889 1126 1007 1194 jura
1037 1130 1352 1181 contemnis.

344 1214 486 1266 Dicis
529 1215 666 1282 quod
703 1231 912 1269 mecum
951 1218 1292 1285 conspirante
1321 1226 1512 1272 senatu
1545 1234 1855 1272 excommu-

277 1305 565 1360 nicaveritn
600 1316 673 1360 te.
741 1307 815 1358 Ita
845 1307 1056 1374 quidem
1085 1324 1205 1377 ego,
1247 1309 1338 1363 sed
1366 1309 1755 1366 rationabiliter
1777 1311 1852 1364 fa-

277 1404 415 1445 etum
464 1408 496 1445 a
547 1393 924 1447 decessoribus
967 1399 1121 1460 meis,
1164 1401 1280 1452 sine
1326 1399 1490 1453 dubio
1533 1401 1848 1470 subsequar.

279 1483 415 1538 Dicis
453 1483 598 1551 quod
633 1484 770 1538 male
802 1495 851 1538 te
883 1484 1151 1541 Romanus
1182 1496 1370 1543 tractet
1398 1498 1634 1544 senatus.
1669 1492 1726 1545 Si
1757 1506 1853 1546 nos

276 1580 326 1625 te
347 1573 489 1627 male
523 1584 829 1632 tractamus.
865 1577 1148 1632 suadentes
1176 1587 1232 1631 ttt
1275 1580 1518 1634 discedas
1544 1583 1612 1636 ab
1643 1582 1855 1635 haereti-

275 1663 383 1728 cis,
419 1672 472 1714 ttt
504 1678 604 1716 nos
637 1664 773 1717 bene
810 1674 1028 1725 tractas,
1079 1682 1214 1735 quos
1254 1669 1332 1722 vis
1360 1672 1567 1725 sociare
1607 1674 1853 1741 przeeipi-

1953 493 2114 547 dubio
2135 496 2517 562 deputandum,
2549 499 2637 566 qui
2661 510 2856 554 rectam
2882 503 3268 560 confessionem
3300 522 3533 563 commu-

1953 583 2276 652 nionemque
2309 586 2666 641 Christianam
2696 592 2857 644 variis
2878 594 3342 660 superstitionibus
3363 597 3533 666 impu-

1954 686 2118 741 gnare
2147 683 2272 728 sunt
2303 676 2400 729 nisi
2421 719 2436 741 ,
2475 678 2600 731 dum
2637 678 2774 733 hanc
2811 692 2864 734 et
2901 681 2999 750 ipsi
3028 698 3343 754 quocunque
3371 687 3531 742 modo

1956 767 2250 832 percellere
2283 769 2592 822 moliuntur.
2617 771 2750 838 Quid
2783 773 3001 827 interest
3024 774 3199 839 enim,
3228 785 3401 829 utrum
3433 791 3530 844 pa-

1954 868 2142 920 ganus,
2175 871 2265 922 an,
2292 858 2433 924 quod
2462 869 2544 911 est
2571 860 2826 925 deterius,
2859 863 2960 915 sub
2988 865 3202 918 nomine
3230 864 3533 918 Christiano

1957 957 2132 995 veram
2178 945 2551 1015 sinceramque
2595 951 2930 1004 traditionem
2979 953 3286 1019 apostolica
3332 955 3532 1021 regula:

1954 1039 2177 1084 conetur
2209 1032 2517 1102 infringere,
2538 1046 2698 1103 atque
2721 1037 2772 1090 in
2796 1037 2930 1090 hanc
2954 1054 3299 1108 prormnpere
3319 1044 3532 1096 cacita~

1957 1125 2094 1182 tem,
2119 1131 2173 1172 ut
2203 1136 2322 1174 cum
2355 1123 2404 1175 in
2442 1123 2542 1175 illis
2573 1125 2902 1193 regionibus,
2933 1138 3137 1180 cunctae
3171 1145 3386 1198 prorsus
3417 1134 3530 1186 hae-

1956 1221 2108 1262 reses
2161 1211 2439 1277 Opinioncs
2461 1226 2584 1264 suas
2615 1214 2842 1268 habeant
2877 1217 3084 1282 publice
3113 1218 3377 1274 licentiam
3410 1239 3533 1290 pro-

1957 1298 2162 1364 fitendi,
2205 1301 2318 1353 sola
2348 1302 2622 1361 (atholica:
2651 1309 3042 1363 eomtnunionis
3073 1310 3288 1364 libertas
3321 1322 3533 1380 putetur

1955 1384 2022 1437 ab
2052 1385 2115 1438 iis
2160 1389 2248 1455 qui
2277 1403 2334 1440 se
2366 1389 2642 1456 religiosos
2672 1394 2979 1448 existimant
3007 1399 3350 1453 suhruenda?
3402 1401 3531 1466 Quae

1954 1476 1997 1528 si
2023 1485 2234 1541 putatur
2255 1494 2407 1531 error
2437 1480 2598 1547 (quod
2628 1496 2731 1534 non
2760 1481 2904 1549 licet)
2932 1501 3054 1538 cum
3081 1490 3312 1553 eteteris,
3337 1491 3531 1559 quibus

1956 1562 2063 1616 illic
2094 1563 2314 1617 facultas
2349 1575 2432 1620 est
2469 1584 2648 1637 agere,
2692 1572 2898 1623 sinatur
2933 1577 3228 1629 erroribus.
3275 1579 3366 1632 Sin
3398 1580 3532 1634 inte-

1952 1653 2117 1718 gritas
2153 1656 2476 1720 mSIimatur,
2505 1660 2774 1726 sequenda
2808 1664 2978 1728 potius
3011 1663 3180 1718 fuerat
3233 1683 3389 1735 quam
3422 1668 3532 1722 vio-

277 1760 452 1805 ωηεν
499 1752 809 1807 lmreﬁcis?
843 1755 980 1820 Quid
1027 1755 1092 1809 ad
1134 1772 1240 1820 me,
1292 1758 1520 1828 inquies,
1560 1739 1698 1828 αὖοι]
1746 1763 1853 1828 eg"
1885 1739 2095 1828 Blenta
2151 1744 2522 1809 persecutione
2576 1749 2853 1801 vastanda.
2907 1751 3014 1805 Nec
3067 1769 3184 1806 eam
3241 1756 3532 1822 probantur

274 1842 542 1894 Aeacius?
578 1842 786 1897 Recede
823 1859 970 1913 ergo,
1008 1856 1059 1900 et
1098 1847 1228 1901 nihil
1272 1851 1336 1902 ad
1383 1859 1451 1902 te.
1502 1851 1632 1904 Nam
1669 1853 1712 1906 si
1744 1869 1847 1905 non

273 1931 483 1984 recedis
505 1932 573 1985 ab
601 1948 687 1996 eo,
707 1936 936 2000 pertinet
965 1945 1020 1989 et
1044 1936 1109 1989 ad
1134 1946 1203 1991 te.
1230 1937 1610 2007 Relinquamus
1628 1950 1848 2008 uterque

274 2031 566 2076 mortuum.
605 2025 666 2077 Et
709 2039 807 2078 nos
840 2026 940 2079 hoc
971 2029 1218 2095 petimus,
1254 2039 1310 2082 ut
1339 2032 1468 2085 nihil
1507 2034 1571 2086 ad
1605 2045 1656 2087 te
1688 2037 1848 2103 perti-

271 2124 394 2166 neat
423 2116 570 2184 quod
607 2118 712 2186 egit
751 2119 998 2172 Aeacius.
1044 2121 1120 2174 Tu
1164 2138 1259 2176 nos
1303 2124 1433 2178 facis
1461 2126 1694 2192 objicere
1727 2127 1847 2191 tibi,

272 2206 357 2270 qui
383 2205 466 2255 vis
489 2206 553 2257 ad
575 2213 626 2257 te
649 2209 914 2272 pertinere
936 2209 1074 2276 quod
1101 2212 1206 2279 egit
1227 2214 1474 2266 Aeacius.
1491 2215 1598 2267 Nos
1621 2221 1847 2270 vitamus

272 2292 411 2358 quod
453 2294 564 2361 egit
596 2297 854 2360 Aeacius;
887 2299 991 2351 vita
1023 2308 1076 2352 et
1105 2310 1158 2354 tu
1197 2320 1210 2352 :
1255 2311 1308 2354 et
1344 2304 1407 2356 ad
1451 2319 1704 2374 utrosque
1740 2321 1845 2360 non

276 2383 505 2446 pertinet
528 2383 669 2451 quod
702 2388 808 2453 egit
831 2387 1074 2454 Aeacius,
1104 2401 1159 2443 ut
1181 2393 1350 2458 possis
1377 2394 1492 2448 sine
1515 2395 1579 2448 iis
1601 2412 1718 2464 qum
1741 2401 1849 2466 egit

276 2470 504 2524 Aeacius
532 2486 652 2524 cum
685 2488 746 2526 ea
774 2491 890 2543 quze
912 2477 977 2528 ad
1012 2493 1108 2531 nos
1138 2482 1368 2548 pertinet
1387 2497 1544 2536 causa
1575 2486 1844 2553 conjungi,

275 2569 329 2611 ut
374 2564 549 2628 possis
592 2565 710 2618 sine
747 2565 942 2620 Acacio
981 2577 1178 2624 nostra
1223 2573 1583 2627 communioni
1630 2576 1843 2630 sociari.

272 2651 378 2705 Nos
408 2668 514 2706 non
543 2662 600 2708 te
625 2660 1219 2725 excommunicavimus,
1246 2663 1554 2732 imperator,
1587 2667 1680 2720 sed
1705 2669 1845 2722 Aca-

271 2745 410 2797 cium
440 2760 455 2796 :
492 2757 545 2798 tu
571 2747 763 2801 recede
791 2748 858 2802 ab
881 2751 1092 2817 Acacio,
1121 2762 1175 2808 et
1208 2755 1276 2809 ab
1306 2757 1445 2811 illius
1474 2763 1843 2815 excommuni-

272 2837 481 2889 catione
505 2838 732 2892 recedis.
751 2838 828 2891 Tu
850 2849 900 2893 te
923 2841 1028 2894 noli
1053 2844 1279 2898 miscere
1300 2849 1842 2907 excommunicationi

270 2923 402 2989 ejus,
427 2935 482 2977 et
509 2941 617 2978 non
645 2941 703 2979 es
725 2931 1212 2985 excommunicatus
1232 2948 1262 2986 a
1287 2937 1525 2992 nobis.Si
1559 2951 1608 2993 te
1632 2944 1842 3009 misces,

270 3028 372 3065 non
401 3029 430 3065 a
463 3016 619 3070 nobis
641 3058 654 3082 ,
690 3019 782 3072 sed
810 3035 837 3071 a
869 3022 1038 3090 teipso
1063 3031 1549 3087 excommunicatus
1577 3049 1655 3087 es.
1687 3038 1754 3088 Ita
1790 3039 1845 3089 lit

272 3116 325 3158 ut
345 3107 397 3159 itt
423 3118 672 3177 utroque,
699 3112 812 3164 sive
832 3112 1097 3180 discedas,
1127 3133 1229 3171 non
1259 3120 1332 3172 sis
1355 3127 1844 3183 excommunicatus
1871 3113 1916 3174 Ο

271 3215 297 3251 a
326 3200 504 3264 nobis,
537 3204 650 3256 sive
681 3217 784 3256 non
815 3205 1080 3275 discedas,
1115 3227 1217 3264 non
1249 3214 1323 3266 sis
1351 3221 1844 3276 excommunicatus

274 3304 298 3340 a
323 3292 498 3343 nobis.
529 3293 786 3349 Catholici
829 3300 1091 3368 principes
1115 3305 1329 3372 quidem
1373 3324 1584 3378 semper
1631 3326 1844 3382 apostoc

273 3377 402 3432 licos
433 3385 692 3448 przesules
721 3386 989 3443 institutos
1018 3393 1127 3445 suis
1156 3395 1344 3450 litteris
1368 3414 1758 3472 praevenerunt,
1794 3414 1847 3459 et

274 3471 414 3525 illam
459 3475 851 3531 confessionem
894 3483 1154 3552 Iidemque
1203 3490 1550 3557 praecipuam,
1593 3503 1843 3564 tanquam

275 3565 392 3617 boni
423 3567 537 3626 lilii,
570 3570 891 3635 quaesierunt
917 3573 1110 3628 debita:
1143 3578 1352 3642 pietatis
1380 3584 1591 3648 affectu,
1624 3588 1709 3640 cui
1743 3603 1842 3642 no-

277 3655 376 3708 scis
400 3657 568 3722 ipsius
603 3659 809 3713 Domini
839 3661 1125 3718 Salvatoris
1156 3683 1248 3721 ore
1276 3685 1454 3724 curam
1484 3677 1643 3728 totius
1667 3677 1844 3732 Eccle-

275 3746 362 3794 sim
393 3745 712 3815 delegatam.
737 3749 886 3814 Quod
910 3756 1027 3820 quia
1055 3771 1147 3822 per
1169 3761 1479 3815 occasiones
1502 3763 1725 3820 fortasse
1751 3783 1842 3835 pu-

276 3834 436 3889 blicas
469 3847 553 3891 tua
583 3841 818 3895 creditur
846 3846 1160 3908 prseteriisse
1185 3854 1556 3920 tranquillitas.
1587 3875 1652 3911 ne
1675 3862 1841 3926 magis

273 3925 530 3980 honorem
556 3943 729 3983 tncutn
762 3951 918 4000 quam
948 3938 1354 3996 sollicitudinem
1385 3945 1635 4001 dominici
1663 3953 1840 4019 gregis

273 4029 523 4085 appetere
576 4021 867 4090 judicarct,
933 4031 1199 4096 appellare
1246 4049 1350 4087 non
1382 4037 1562 4107 destiti
1616 4042 1748 4095 meis
1792 4055 1840 4097 te

272 4119 462 4175 Sponte
482 4111 779 4180 etilloquiis.

344 4197 627 4266 Vulgatum
673 4201 834 4256 fuiSse
869 4203 1134 4273 desigttas,
1176 4212 1314 4276 quod
1348 4223 1432 4266 ιυι
1467 4219 1727 4274 serenitas
1757 4222 1837 4275 di-

274 4299 408 4340 recta
445 4291 660 4343 militari
690 4308 847 4347 manu
903 4300 1242 4365 compelleret
1274 4318 1366 4356 eos
1395 4306 1480 4373 qui
1508 4322 1566 4361 se
1592 4324 1620 4361 a
1648 4322 1833 4367 conta-

270 4380 422 4444 gione
452 4380 777 4447 perfidorum
811 4387 991 4440 multis
1031 4392 1356 4459 temporibus
1387 4397 1658 4454 abstinere
1689 4402 1835 4457 dele-

270 4469 460 4533 gerint,
513 4472 562 4522 vi
613 4481 671 4526 et
713 4476 876 4528 armis
926 4478 975 4530 in
1034 4484 1393 4546 prtevaricata:
1443 4468 1914 4548 communionisD

269 4566 533 4617 consortia
582 4566 916 4622 detestanda.
969 4572 1064 4628 Ubi
1119 4585 1204 4642 te,
1254 4595 1430 4633 rerum
1485 4584 1832 4640 humanarum

271 4653 534 4720 princeps,
560 4658 943 4727 qualiscunque
965 4665 1108 4718 sedis
1130 4671 1432 4736 apostolicm
1459 4675 1685 4730 vicarius
1707 4693 1833 4733 con-

272 4746 450 4798 testari
480 4762 595 4800 mea
625 4765 751 4804 voce
791 4768 892 4805 non
921 4756 1127 4823 desino,
1158 4769 1212 4812 ut
1243 4771 1292 4814 te
1324 4766 1629 4821 memineris
1661 4770 1831 4826 homi-

275 4849 388 4888 nem
424 4841 756 4905 quantalibet
795 4845 869 4898 sis
898 4849 1079 4901 mundi
1121 4859 1384 4916 potestate
1421 4860 1701 4924 subnixus,
1734 4866 1836 4916 cir-

271 4930 688 5002 cumspiciasque
717 4947 958 5002 cunctos,
990 4942 1078 5008 qui
1106 4942 1174 4995 ab
1204 4945 1354 4999 initio
1382 4948 1645 5018 dogmatis
1675 4955 1830 5009 Chri-

270 5017 422 5070 stiani
455 5021 769 5079 catholicam
816 5026 970 5082 fidem
1011 5031 1223 5087 diverso
1276 5017 1545 5105 proposito
1587 5049 1828 5116 persequi

270 5106 348 5158 vel
385 5109 616 5178 afﬂigere
655 5125 776 5168 sunt
817 5120 1014 5182 conati,
1053 5126 1500 5190 quemadmodum
1546 5106 1831 5204 (vastitatis

272 5194 636 5260 insectatione.
679 5205 830 5271 cujus
868 5209 1067 5274 placuit
1103 5217 1438 5271 contritionis
1484 5194 1662 5295 illata!)
1709 5228 1828 5294 ipsi,

270 5287 350 5350 qui
380 5287 654 5345 intulerint
694 5294 794 5347 ista
827 5300 1181 5364 prtevalendo,
1218 5305 1529 5378 defecerint,
1563 5325 1613 5368 et
1641 5318 1828 5369 ortho-

269 5373 394 5427 doxa
426 5382 626 5434 veritas
658 5383 757 5437 hoc
803 5390 1137 5454 praevaluerit
1177 5397 1372 5464 magis,
1415 5417 1520 5468 quo
1557 5416 1829 5472 putaretur

267 5480 510 5533 oppressa
545 5489 557 5521 :
591 5490 710 5538 qua:
731 5476 867 5529 sicut
893 5482 990 5534 sub
1019 5482 1426 5543 insecuttoribus
1455 5495 1566 5547 suis
1597 5500 1830 5555 crevisse

267 5568 606 5626 monstratur,
650 5564 730 5617 sic
771 5566 1054 5626 obtrivisse
1081 5579 1423 5643 cognoscitur
1465 5583 1825 5652 insequentes.

265 5643 420 5702 Iliror
455 5651 498 5704 si
539 5668 642 5707 non
670 5654 934 5714 humanus
962 5677 1154 5719 sensus
1183 5668 1423 5737 intendit,
1451 5676 1713 5746 praecipue
1741 5683 1836 5750 qui

1954 1827 2158 1897 insequi
2207 1832 2459 1898 potuisse.
2513 1835 2612 1888 nisi
2664 1852 2820 1903 prava
2870 1849 3155 1895 sectantes.
3205 1844 3272 1896 At
3317 1861 3383 1899 ne
3430 1848 3529 1915 ipsi

1951 1919 2401 1973 convincerentur
2426 1939 2627 1988 errare,
2661 1927 2924 1991 repellere
2954 1929 3271 1996 cogitarunt,
3300 1947 3404 1999 quo
3434 1951 3530 1987 uu-

1952 2006 2196 2060 tahantur
2233 2020 2494 2075 errantes,
2535 2013 2794 2066 malentes
2832 2029 2934 2067 non
2973 2020 3230 2072 assectari
3262 2023 3400 2088 quod
3441 2023 3530 2092 ju-

1949 2106 2090 2150 stunt
2135 2108 2239 2161 est,
2272 2101 2364 2153 sed
2410 2103 2585 2170 pntius
2619 2107 2940 2158 submovere
2970 2123 3074 2173 quo
3103 2109 3424 2164 docerentur
3453 2115 3532 2166 in-

1949 2185 2098 2253 justi.
2148 2183 2242 2241 Sic
2291 2191 2510 2242 recessit
2554 2189 2622 2243 ab
2665 2192 2905 2246 humanis
2955 2197 3216 2250 mentibus
3262 2199 3425 2266 Deus,
3475 2214 3530 2256 ut

1949 2274 2215 2328 obstinate
2244 2288 2426 2329 contra
2455 2278 2537 2344 jus
2570 2281 2895 2335 voluntatem
2939 2298 3042 2336 non
3080 2287 3359 2354 aspiciant,
3393 2299 3445 2344 et
3476 2293 3527 2346 itt

1950 2362 2052 2414 isto
2083 2367 2280 2418 s:t-culo
2327 2366 2563 2420 divinum
2608 2385 2711 2422 non
2750 2371 2938 2425 deesse
2970 2389 3124 2441 posse
3148 2376 3433 2445 judicium,
3476 2395 3529 2437 ct

1951 2458 2068 2515 post
2098 2453 2253 2519 hujus
2283 2454 2404 2507 vita:
2433 2469 2645 2509 cursum
2680 2458 2753 2510 illi
2780 2461 2847 2511 sit
2874 2464 3152 2516 tremendo
3185 2481 3289 2519 non
3321 2469 3530 2523 defutu-

1949 2552 2039 2590 rus
2080 2541 2333 2602 examini,
2387 2544 2486 2597 sub
2527 2560 2632 2612 quo
2671 2549 3088 2614 perniciosarum
3136 2558 3313 2610 studia
3360 2563 3530 2614 modis

1949 2628 2195 2682 omnibus
2238 2631 2504 2686 actionum
2549 2635 2786 2688 discussa
2838 2641 3124 2705 patefiant,
3172 2653 3224 2697 et
3270 2649 3526 2712 patefacta

1951 2719 2254 2784 puniantur,
2293 2721 2393 2774 nisi
2436 2723 2524 2788 qui
2567 2723 2678 2777 haec
2703 2729 2923 2780 omnino
2960 2745 3064 2782 non
3096 2732 3340 2798 credunt,
3371 2740 3529 2803 quive

1950 2807 2039 2859 illa
2075 2821 2133 2861 se
2163 2820 2498 2876 perpetrasse
2529 2811 2744 2879 impune
2773 2815 3066 2870 confidunt.
3093 2817 3198 2871 Nos
3226 2829 3401 2875 autem
3430 2823 3528 2878 ltu-

1951 2900 2091 2952 ntani
2122 2902 2333 2970 generis
2363 2905 2746 2957 conscientiam
2773 2909 3084 2972 contestari,
3113 2924 3213 2977 qua
3245 2925 3527 2980 possumus

1949 3005 2102 3056 voce,
2140 2993 2440 3045 nullatenus
2466 3008 2738 3048 cessamus
2763 2997 3185 3064 omnipotentem
3220 3000 3384 3056 Deum
3414 3007 3527 3057 suis

1950 3083 2169 3138 minime
2190 3085 2514 3152 defuturum,
2545 3097 2596 3141 et
2617 3098 3023 3161 quantacunque
3043 3093 3111 3146 sit
3137 3094 3362 3151 humana
3389 3115 3525 3168 prte-

1948 3173 2206 3241 sumptio,
2249 3185 2656 3244 quantacunque
2700 3181 2933 3247 potentia
2961 3222 2975 3245 ,
3017 3184 3116 3235 sub
3162 3185 3344 3239 divino
3395 3201 3524 3245 nuttt

1946 3262 2101 3329 hujus
2126 3265 2422 3317 atrocitatis
2445 3281 2722 3320 censttram
2755 3269 2870 3321 sine
2900 3271 3230 3328 dubitatione
3256 3277 3526 3332 vindican-

1945 3351 2087 3405 dam.
2117 3353 2247 3406 Nam
2273 3354 2429 3408 talem
2459 3370 2644 3409 ausum
2677 3371 2849 3426 neque
2876 3359 2958 3413 hic
2986 3363 3305 3418 confidimus
3336 3382 3525 3422 evasu-

1946 3456 2090 3503 rum,
2133 3450 2186 3494 et
2213 3442 2263 3496 in
2296 3443 2385 3496 illo
2417 3459 2608 3512 magno
2635 3446 2726 3500 Dei
2767 3449 2969 3515 judicio
2996 3463 3355 3520 recepturum,
3383 3463 3522 3526 quod

1947 3526 2012 3581 iis
2035 3531 2423 3583 tcmeritatibus
2446 3531 2621 3586 divina
2650 3535 2999 3592 retributione
3021 3539 3262 3596 debetur.
3284 3544 3406 3599 llazc
3427 3563 3524 3600 nos

1946 3631 2278 3685 nequaquam
2313 3622 2542 3675 tacuisse
2578 3624 2826 3690 sulliciat,
2863 3636 2917 3681 ttt
2949 3644 3067 3681 cum
3097 3643 3324 3698 superna
3362 3634 3522 3692 fuerit

1944 3705 2078 3756 ultio
2114 3707 2420 3767 subsecuta,
2461 3720 2511 3763 et
2554 3726 2679 3765 vera
2712 3728 2807 3766 nos
2844 3719 3126 3783 protulisse
3163 3723 3520 3780 consideratio

1946 3793 2172 3849 humana
2211 3809 2516 3868 cognoscat,
2548 3809 2602 3853 et
2642 3818 2849 3870 pmnam
2885 3822 2988 3861 non
3029 3810 3256 3866 inaniter
3282 3829 3518 3882 pronun-

1944 3880 2106 3936 tiasse
2146 3894 2446 3952 venturam,
2488 3900 2538 3941 et
2576 3895 2928 3959 prteposuisse
2960 3880 3375 3964 prtemonitionis
3407 3907 3515 3960 for-

1941 3988 2104 4038 mam,
2142 3991 2242 4043 qua
2283 3979 2590 4047 hujusmodi
2631 3987 2940 4054 prmcipitiis
2980 3990 3046 4045 de
3085 4003 3282 4048 caetero
3316 4007 3517 4067 tetnpe'

1942 4073 2108 4116 retur.
2155 4065 2313 4120 Certe
2370 4069 2412 4119 si
2471 4070 2771 4136 hujusmodi
2816 4086 3094 4142 propterea
3141 4065 3518 4152 relinquendos

1943 4151 2159 4219 proprio
2181 4154 2416 4207 definitis
2432 4159 2810 4228 arhitrio,quia
2831 4179 2927 4216 nec
2945 4179 2974 4217 a
2997 4151 3309 4224 Christianis
3333 4179 3512 4229 vexari

1939 4241 2126 4294 deceat
2163 4241 2432 4296 Christum
2473 4261 2792 4316 quocunque
2834 4252 2985 4304 titulo
3030 4257 3367 4322 confitentes,
3417 4277 3516 4317 nec

1940 4332 2178 4385 viventes
2206 4334 2254 4385 in
2275 4333 2396 4402 jure
2427 4337 2668 4393 Romano
2701 4342 2920 4397 lacerari
2945 4350 3229 4405 conveniat
3257 4368 3286 4407 a
3318 4353 3515 4412 Roma-

1939 4422 2054 4484 nis;
2083 4435 2472 4491 consequenter
2492 4429 2823 4493 ostenditur,
2865 4433 3131 4491 Romanos
3162 4438 3427 4510 homines,
3457 4457 3512 4500 ct

1938 4512 2320 4579 qualiscunque
2361 4513 2678 4573 Christiana)
2710 4524 3053 4588 professionis
3093 4527 3369 4598 impetere,
3415 4551 3512 4590 nec

1939 4603 2298 4659 Christianum
2312 4608 2414 4662 dici
2436 4625 2594 4676 posse
2606 4615 3057 4688 modisomnibus,
3076 4638 3172 4676 nec
3189 4625 3506 4685 Romanum.

1940 4692 2171 4747 Proinde
2211 4705 2303 4749 aut
2341 4700 2628 4767 repellendi
2676 4704 2908 4772 fuerant,
2951 4720 3042 4762 attt
3080 4713 3258 4768 nullus
3299 4719 3510 4784 penitus

1941 4784 2295 4851 itnpetendus,
2324 4799 2377 4842 et
2406 4792 2545 4858 quod
2575 4793 2626 4846 in
2660 4811 2766 4850 uno
2798 4813 2993 4865 genere
3017 4801 3224 4869 judicas
3256 4823 3507 4863 amoven-

1940 4873 2084 4936 dum,
2114 4875 2166 4927 in
2197 4879 2442 4933 omnibus
2471 4884 2690 4948 repelle,
2716 4887 2757 4938 si
2785 4890 3061 4956 praevales.
3096 4892 3152 4946 Si
3178 4896 3350 4950 omnia
3383 4909 3509 4954 sunt

1935 4965 2176 5029 sinendo,
2224 4969 2399 5022 nullus
2445 4973 2652 5038 penitus
2693 4979 3074 5036 excludendus.
3126 4987 3339 5056 Alioqui
3378 4991 3504 5045 dum

1937 5056 2204 5119 parcendo
2225 5062 2431 5113 cunctis
2453 5063 2726 5121 erroribus
2748 5069 2821 5122 sis
2843 5072 3066 5138 amicus,
3083 5091 3186 5130 non
3211 5081 3310 5134 nisi
3333 5081 3502 5135 solum

1934 5144 2028 5194 tibi
2074 5145 2326 5211 probatur
2363 5150 2702 5219 displicuisse
2743 5161 2882 5225 quod
2928 5178 3110 5218 verum
3166 5181 3267 5222 est.
3309 5171 3504 5224 Omnes

1933 5233 2178 5286 catholici
2221 5237 2509 5307 principes,
2555 5245 2668 5298 sive
2705 5263 2826 5301 cum
2871 5252 3110 5321 imperiis
3149 5259 3501 5324 gubernacula

1933 5337 2299 5393 susceperunt,
2327 5331 2440 5384 sive
2460 5348 2580 5387 cum
2608 5341 2916 5404 apestolica:
2943 5346 3054 5398 sedi
3078 5361 3244 5400 novos
3271 5363 3503 5416 agnove-

1934 5425 2055 5469 runt
2087 5421 2339 5484 pratsules
2371 5423 2661 5490 institutos,
2686 5431 2750 5483 ad
2774 5447 2889 5486 eam
2913 5451 3006 5488 sua
3037 5438 3280 5502 protinus
3304 5442 3502 5512 scripta

1933 5507 2215 5571 miserunt,
2251 5520 2305 5563 ut
2330 5527 2387 5566 se
2414 5515 2668 5571 docerent
2699 5521 2812 5588 ejus
2847 5538 2967 5577 esse
2991 5536 3292 5582 consortes.
3322 5529 3503 5603 Itaque

1933 5596 2020 5662 qui
2052 5596 2150 5651 hoc
2181 5615 2283 5653 non
2323 5603 2598 5671 fecerunt,
2643 5611 2708 5662 ab
2737 5613 2920 5665 eadem
2953 5613 3157 5680 seipses
3191 5596 3502 5687 profitentur

1933 5687 2155 5754 alienos,
2191 5695 2333 5760 quod
2355 5696 2553 5752 chartis
2582 5715 2787 5767 quoque
2821 5703 2922 5755 tuis
2950 5705 3087 5772 apud
3115 5717 3162 5764 te
3192 5712 3347 5766 etiam
3385 5732 3501 5778 pos-
