4044 6184
461 285 523 338 11
1781 267 1864 322 ΞΥ
1873 269 2138 325 MMACHI
2178 268 2262 325 PA
2271 267 2380 325 PJE
3644 265 3714 320 7‘2

466 409 648 450 souis
671 399 934 456 astruere,
969 389 1068 444 nisi
1105 398 1159 444 te
1183 387 1461 451 mulum,
1495 395 1548 440 et
1573 399 1748 447 reum,
1773 397 1826 436 ei
1852 381 2034 435 iniuii-
2070 388 2120 446 Α
2147 383 2394 436 fideiibus
2419 397 2523 436 non
2546 393 2820 449 negamus.
2845 376 3086 446 Accipite
3107 376 3408 434 veneranda
3425 379 3712 446 patrocinia

466 501 586 540 eum
616 482 927 544 vitat-etus,
945 489 996 535 et
1021 479 1285 550 iudicem.
1311 477 1427 532 Non
1454 477 1649 532 mirum
1670 474 1716 527 si
1745 470 2042 527 catholicos

468 584 860 645 persequuntur
919 572 1334 626 Manichzeorum
1385 566 1623 637 patroni,
1669 581 1793 621 eum
1843 564 2044 619 falsitas

470 680 575 718 non
609 664 775 730 possit
797 676 903 715 non
940 660 1192 729 persequi
1232 661 1534 713 veritatem.
1568 657 1684 712 Non
1707 656 1967 710 miromsi
1992 655 2044 708 in

470 755 797 809 orthodoxos
820 753 1064 816 saeviant,
1095 751 1291 820 quibus
1330 757 1513 818 potest
1539 763 1662 802 cum
1695 746 1907 802 cunctis
1940 749 2049 799 hai-

471 846 680 901 resibus
709 842 1016 905 convenire,
1053 852 1110 894 et
1141 841 1412 896 universis
1450 838 1726 894 erroribus
1753 836 1912 892 amici
1940 851 2050 890 non

473 937 680 1007 possint
705 935 802 988 nisi
826 935 956 987 solis
976 948 1096 990 esse
1120 949 1227 986 non
1249 932 1555 986 errantibus
1575 929 1870 985 inimici.8i
1893 942 2050 982 error

473 1035 577 1089 est,
617 1025 1010 1080 comincendus
1043 1033 1126 1080 est
1151 1041 1162 1076 :
1192 1038 1377 1077 verum
1407 1024 1450 1076 si
1479 1036 1632 1076 error
1661 1036 1765 1073 non
1793 1027 1878 1072 est
1901 1057 1916 1082 ,
1952 1016 2050 1069 tibi

475 1130 659 1168 verum
695 1114 885 1168 deesse
920 1127 1206 1182 cognosce,
1236 1112 1328 1178 qni
1369 1114 1709 1181 persequeris
1746 1125 1854 1177 quo
1887 1107 2054 1176 proli-

481 1206 608 1262 teris
635 1220 821 1259 errare
862 1205 956 1274 (al.
984 1218 1092 1272 quo
1121 1204 1456 1256 convinceris
1483 1201 1714 1271 errore).
1741 1201 1846 1254 Sed
1876 1199 2055 1268 pravi-

477 1296 606 1348 tatis
628 1295 874 1362 comples
911 1309 1021 1346 non
1058 1301 1234 1362 potest
1263 1294 1364 1346 nisi
1390 1307 1512 1346 eum
1545 1289 1827 1360 persequi,
1851 1289 1942 1357 qui
1967 1294 2055 1340 est

479 1385 755 1449 pravitatis
786 1384 1054 1438 inimicus.

843 1513 1172 1568 EPISTULA
1213 1511 1280 1565 XI
1325 1509 1508 1579 (0cm
1545 1509 1681 1578 vn).

477 1620 737 1659 SYlﬂlACIII
778 1619 922 1656 PAF}:
968 1617 1065 1654 VIBI.
1106 1615 1306 1654 SALTEM
1352 1613 1512 1652 IPSIUS
1553 1613 1746 1652 NOMINE
1790 1612 1852 1648 AB
1897 1611 2057 1649 ENNO'

552 1689 636 1727 nio
673 1688 891 1726 piscoso
920 1686 1133 1724 SCRIPTA
1175 1688 1238 1722 ao
1281 1684 1554 1721 crtscoros
1591 1681 1949 1720 conrnssonss
1981 1667 2056 1734 (in

552 1743 850 1797 Sardiniam
881 1751 924 1792 et
953 1742 1082 1792 alias
1108 1742 1300 1791 insulas
1333 1740 1664 1806 deportatos).

553 1849 924 1907 Dilectissimis
955 1851 1207 1904 fratribus
1231 1849 1494 1916 episcopis
1511 1847 1656 1902 Afris
1681 1846 2055 1918 Symmachus.

553 1965 782 2017 Lucrum
816 1963 1035 2014 forsitan
1062 1969 1271 2026 putaret
1294 1959 1561 2022 inimicus,
1591 1959 1634 2012 si
1666 1960 1803 2014 inter
1824 1959 2060 2029 pericula

485 2069 602 2125 qute
631 2049 947 2119 Christianis
979 2048 1189 2112 indixit,
1223 2047 1555 2100 credentium
1580 2046 1788 2099 animos
1817 2047 2062 2114 subegis-

485 2152 592 2209 set,
618 2150 673 2196 et
693 2156 784 2210 per
809 2141 1020 2196 diversa
1050 2139 1254 2192 Domuri
1281 2151 1441 2206 grege
1462 2137 1724 2206 disperso,
1750 2151 1853 2190 non
1877 2150 2064 2203 super—

485 2241 630 2288 esset
658 2232 739 2285 vel
771 2229 910 2285 inter
937 2243 1148 2297 paucos,
1181 2243 1210 2280 a
1256 2227 1445 2293 quibus
1477 2227 1643 2296 possit
1686 2226 1788 2280 ﬁde
1820 2239 2065 2293 perseve-

496 2339 648 2384 rante
692 2325 907 2382 calcari.
945 2324 1148 2392 lieguat
1191 2322 1364 2378 adhuc
1414 2321 1577 2378 illeiu
1613 2334 1834 2376 numero
1864 2329 2062 2386 vestro,

489 2417 580 2484 qui
612 2417 712 2472 sibi
757 2430 860 2471 non
906 2422 1012 2468 tam
1049 2415 1102 2468 in
1135 2411 1471 2468 multitudine
1507 2425 1662 2482 quam
1695 2411 1744 2463 in
1785 2410 2066 2467 devotione

487 2507 828 2575 complacuit.
859 2505 1126 2574 Scriptum
1149 2513 1232 2558 est
1252 2507 1395 2559 enim
1429 2501 1581 2571 (Luc.
1607 2502 1738 2569 xxii)
1771 2501 1945 2558 datam
1971 2501 2068 2558 Sa:

489 2611 628 2654 tante
659 2606 972 2668 potestatem
995 2605 1051 2649 ut
1073 2609 1260 2650 servos
1282 2594 1479 2650 Christi
1511 2593 1804 2650 cribraret:
1841 2599 1898 2647 ut
1923 2591 2066 2660 quod

487 2691 554 2744 de
584 2687 760 2744 tritico
801 2685 1030 2744 inveniri
1060 2693 1263 2754 posset,
1293 2683 1503 2738 horreis
1533 2681 1848 2751 iungeretur
1876 2696 1890 2732 :
1924 2680 2064 2748 quod

491 2780 560 2834 de
589 2777 780 2847 paleis,
813 2777 880 2832 ad
907 2775 1104 2845 ignium
1136 2774 1386 2830 alimenta
1413 2774 1683 2830 transiret.
1713 2768 1794 2826 Ad
1823 2785 1918 2830 vos
1947 2785 2068 2838 spe-

486 2867 694 2925 cialiter
727 2865 928 2922 dictum
975 2873 1061 2920 est
1109 2879 1124 2917 :
1177 2862 1358 2918 Nolite
1407 2862 1606 2924 timere,
1641 2861 1855 2928 pusillus
1897 2872 2068 2930 great:

489 2957 789 3026 complacuit
821 2955 967 3012 Patri
995 2965 1155 3012 vestro
1185 2957 1309 3010 dare
1337 2956 1473 3008 vobis
1502 2970 1714 3024 regnum
1741 2953 1895 3018 (Luc.
1937 2953 2064 3020 ιιι).

495 3049 654 3104 venit
703 3048 840 3104 inter
882 3058 977 3100 vos
1018 3045 1231 3112 gladius
1290 3042 1652 3114 perfidorum,
1698 3043 1786 3113 qui
1834 3040 2064 3098 marcida

492 3137 748 3194 Ecclesia:
779 3135 1013 3190 membra
1047 3142 1316 3188 resecaret
1338 3173 1354 3197 ,
1382 3144 1435 3190 et
1465 3132 1528 3188 ad
1555 3133 1824 3188 cmlestem
1845 3132 2067 3202 gloriam

489 3243 618 3284 sana
643 3225 981 3298 perduceret.
1009 3223 1154 3292 Quos
1177 3223 1368 3278 habeat
1389 3222 1631 3276 Christus
1654 3220 1872 3286 milites,
1893 3231 2069 3276 certa-

491 3332 615 3372 men
641 3314 910 3372 ostendit:
948 3313 1036 3380 qui
1079 3311 1404 3382 triumphum
1434 3323 1738 3376 mercatur,
1779 3325 1876 3378 per
1929 3310 2067 3366 bella

483 3405 846 3476 cognoscitur.
869 3402 1044 3460 Nolite
1067 3412 1328 3467 metuere,
1355 3401 1495 3468 quod
1521 3400 1843 3470 pontificalis
1865 3414 1896 3452 a
1919 3400 2070 3454 vobis

495 3495 665 3564 apicis
687 3494 884 3549 infulas
910 3494 1261 3549 abstulerunt.
1292 3490 1573 3546 Vobisoum
1602 3501 1686 3548 est
1705 3491 1956 3546 sacerdos
1982 3491 2070 3544 ille

494 3585 579 3640 vel
609 3583 800 3648 hostia,
833 3584 921 3651 qui
954 3597 1058 3640 non
1083 3593 1187 3636 tam
1205 3581 1500 3634 honoribus
1521 3579 1797 3638 consuevit
1837 3584 2071 3649 gaudere

491 3690 648 3745 quam
691 3674 978 3730 mentibus.
1029 3673 1226 3740 Maiora
1270 3679 1396 3726 sunt
1433 3671 1784 3726 confessionis
1826 3672 2064 3738 prauuia,

491 3780 649 3834 quam
671 3765 957 3821 nominatae
981 3778 1197 3818 munera
1219 3761 1494 3830 dignitatis
1520 3777 1533 3812 :
1557 3760 1622 3816 ad
1645 3761 1735 3816 illa
1759 3761 2070 3829 plerumque

495 3859 656 3916 etiam
688 3855 906 3912 minoris
933 3855 1108 3912 meriti
1153 3869 1405 3922 personas
1437 3853 1584 3908 favor
1615 3853 1875 3909 inuitantis
1901 3854 2070 3909 addo:-

494 3949 570 4004 cit
596 3964 610 4001 :
660 3948 758 4002 ista
787 3947 888 4001 nisi
917 3946 1084 4014 gratia
1113 3959 1341 4012 superna
1372 3959 1477 3999 non
1510 3945 1714 3998 tribuit.
1763 3944 1883 4009 ipse
1923 3945 2069 3999 enim

495 4037 547 4090 in
579 4037 730 4090 vobis
769 4047 820 4090 et
848 4037 1100 4104 pugnavit
1123 4044 1178 4090 et
1204 4035 1367 4098 vicit,
1400 4049 1555 4103 quem
1604 4033 1734 4088 fides
1761 4043 1997 4090 meretur
2017 4042 2072 4088 et

493 4130 639 4188 inter
656 4128 933 4184 hominum
961 4135 1224 4181 tormenta
1253 4127 1469 4184 sociari.

564 4218 791 4276 Prolixis
821 4234 925 4274 non
951 4227 1036 4272 est
1063 4231 1199 4285 cpus
1226 4215 1294 4272 ad
1327 4217 1590 4271 fervorem
1632 4217 1684 4269 in
1717 4217 1868 4271 vobis
1905 4217 2071 4272 cale-

495 4316 633 4366 stem
663 4307 906 4362 animare
930 4307 1226 4374 colloquiis.
1274 4306 1446 4362 liabet
1490 4307 1815 4362 incrementa
1858 4321 1953 4362 sua
1991 4309 2074 4361 di-
2118 4291 2137 4306 ’

491 4397 630 4454 vina:
653 4397 862 4450 virtutis
883 4395 1208 4452 incendium.
1232 4393 1347 4450 Non
1370 4404 1453 4450 est
1474 4411 1610 4462 opus
1651 4411 1747 4451 eris
1790 4398 1843 4450 in
1870 4407 2071 4462 treptco

491 4488 599 4554 jam
641 4483 845 4553 positos
873 4482 1042 4536 attolli
1075 4483 1317 4542 laudibus
1351 4484 1441 4550 qui
1487 4486 1603 4538 sine
1633 4486 1897 4561 monitore
1923 4489 2065 4540 vice-

494 4587 616 4630 runt
640 4591 655 4630 :
681 4585 906 4650 gravant
931 4574 1307 4631 conscientiam
1337 4572 1626 4629 Christiani
1654 4576 1911 4645 quidquid
1937 4579 2067 4632 affe-

494 4676 621 4722 runt
652 4666 1008 4722 blandimenta
1037 4665 1314 4734 praconii.
1351 4667 1456 4720 lies
1494 4667 1714 4735 quidem
1747 4671 1956 4722 virtutis
1983 4681 2068 4724 est

495 4772 653 4826 quam
685 4756 916 4822 fecistis,
942 4757 1035 4812 sed
1080 4757 1273 4812 summi
1315 4755 1520 4825 praemii
1551 4760 1880 4812 restitutione
1913 4773 2068 4826 stipe-

496 4841 684 4896 randa.
737 4841 888 4905 Quod
932 4849 1151 4904 tamen,
1215 4839 1432 4894 directis
1485 4841 1551 4894 ad
1611 4843 1773 4894 filium
1825 4852 2065 4896 nostrqu

498 4929 564 4984 Ν.
591 4929 888 4984 Ennodium
920 4938 944 4966 ⁸
972 4930 1252 4985 diaconum
1284 4929 1510 4995 litteris,
1559 4931 1848 4998 sperastis,
1888 4933 2071 4986 beato-

498 5034 615 5074 rum
658 5017 866 5072 Nazarii
910 5027 966 5072 et
1007 5018 1230 5072 Romani
1270 5019 1696 5076 benedictionem
1747 5031 2069 5089 poscentes,

569 5141 596 5174 ι
633 5133 836 5190 Nomen
866 5133 1088 5188 Eiinodii
1119 5129 1271 5187 deest
1293 5133 1345 5187 in
1371 5149 1475 5188 ms.
1505 5134 1628 5188 cod.
1657 5135 1710 5188 in
1733 5149 1838 5202 quo
1859 5149 1965 5188 non
2002 5134 2067 5189 Ν.

497 5203 591 5284 sed
617 5205 681 5327 Ill:
705 5202 916 5272 legitur,
936 5219 1002 5258 ne
1023 5202 1260 5271 reliquiis
1281 5215 1590 5259 sanctorum
1621 5215 1918 5276 martyrum
1943 5207 2069 5260 niis-

497 5287 589 5327 sis.
675 5288 758 5326 ΑΒ.

497 5287 589 5328 διε.
630 5287 758 5327 ΜΒ.

561 5341 591 5378 δ
634 5344 708 5396 lt'a
739 5341 1028 5412 appendice
1049 5341 1114 5395 ad
1141 5341 1443 5396 Chronicon
1469 5341 1987 5412 Reicberspergense
2013 5353 2069 5398 et

493 5431 561 5471 es
587 5415 874 5476 «intrapoli
899 5412 1292 5480 Salisburgeusi
1325 5412 1537 5466 Ilondii.

566 5481 853 5552 ξων-πμ),
911 5480 1140 5550 Trigido.
1190 5481 1360 5552 Hann.

569 5549 644 5616 (a)
673 5548 773 5604 Ms'.
806 5548 1058 5605 Lucensis
1083 5552 1205 5614 ηδ,
1237 5548 1442 5604 Flavio.

567 5621 642 5679 ib)
673 5621 727 5672 In
751 5621 938 5675 eodem
967 5635 1063 5675 ms.
1101 5623 1251 5675 deest
1279 5630 1323 5672 et
1351 5621 1620 5687 episcopis.

2146 474 2462 529 iuvictorum
2495 470 2881 539 milituru,qnia
2904 478 2963 525 et
2984 469 3094 537 jam
3126 476 3355 524 vestram
3384 469 3522 536 piam
3553 468 3711 524 fidem

2147 563 2199 616 in
2241 563 2440 630 praei-iis
2477 562 2768 628 imperator
2803 559 3035 628 agnovit.
3071 557 3318 614 Felicitcr
3365 558 3717 614 confessionis

2148 671 2367 712 munera
2409 669 2786 710 consummare
2811 653 2958 707 dabit
2983 652 3108 720 (aL,
3131 660 3516 708 consummate.
3543 650 3718 720 Dabit)

2152 749 2310 810 Deus,
2333 762 2454 801 eum
2483 746 2583 814 ipsi
2608 745 2868 816 placuerit
2894 744 3151 797 reducere
3172 742 3422 797 Ecclesiis
3444 741 3717 811 quietem;

2150 845 2204 892 et
2234 845 2292 891 ut
2319 845 2629 899 mret-orent,
2677 849 2834 903 quem
2879 832 3226 901 indusit(al..
3249 832 3459 902 indixit)
3485 834 3722 888 adversi-

2152 935 2254 992 tas,
2285 927 2432 994 pacis
2454 925 2735 982 dulcedine
2761 923 3088 978 consoletur.

2513 1062 2844 1118 EI‘ISTOLA
2884 1061 2977 1115 XII
3018 1060 3200 1131 (OLIM
3239 1059 3332 1129 XI)

2153 1182 2220 1218 Αἰ)
2271 1178 2586 1218 TIIEODORUEII
2641 1177 3053 1216 LAUIICACI-INSEM
3108 1175 3193 1214 CUI
3249 1176 3421 1214 PALIJI

2857 1246 3011 1284 υεωι.

3469 1175 3722 1215 (ΞΟΝΕΙΞΒΙΤ

2228 1361 2253 1400 δ
2286 1362 2637 1433 Symmachus
2676 1370 2875 1418 sancta)
2903 1359 3211 1428 apostolicae
3244 1359 3391 1415 sedis
3428 1361 3596 1428 gratia
3637 1362 3725 1418 Dei

2157 1454 2440 1520 cpiscopus
2469 1450 2913 1506 reverendissimo
2937 1459 2989 1503 et
3011 1450 3351 1504 sanctissimo
3379 1449 3525 1504 fratri
3553 1450 3726 1508 Theo-

2158 1545 2288 1598 doro
2315 1543 2699 1596 Laureacensis
2733 1539 2987 1594 Ecclesia:
3016 1537 3436 1607 archiepiscopo.

2233 1633 2425 1686 Diebus
2455 1633 2578 1685 vita).
2608 1641 2711 1688 tua:
2736 1629 2877 1701 pallii
2909 1644 3083 1692 usum,
3111 1643 3267 1697 quem
3299 1629 3363 1682 ad
3388 1619 3727 1682 sacerdotalis

2089 1743 2132 1800 Β
2160 1721 2320 1776 officii
2370 1720 2616 1773 decorem
2665 1727 2718 1772 et
2761 1719 2826 1770 ad
2875 1716 3260 1770 ostendendam
3305 1717 3725 1784 unanimitaiem,

2163 1828 2320 1882 quam
2359 1826 2477 1864 cum
2507 1812 2658 1862 beato
2689 1805 2846 1860 Petro
2883 1805 3126 1873 apostolo
3166 1806 3442 1859 universus
3471 1820 3602 1872 grex
3631 1805 3726 1857 do-

2161 1903 2476 1959 tninicarum
2529 1905 2703 1955 ovium
2757 1916 2875 1969 quae
2928 1909 2981 1953 et
3017 1900 3319 1954 commissa:
3363 1907 3488 1954 sunt
3539 1899 3730 1956 habere

2163 1993 2377 2047 dubium
2411 2008 2513 2044 non
2542 2003 2645 2056 est,
2679 1992 2747 2044 ab
2776 1990 3067 2059 apostolica
3098 1990 3224 2044 sede
3252 1989 3390 2042 sicut
3415 1987 3612 2056 decuit,
3645 2002 3728 2054 po»

2164 2082 2402 2150 poscisti,
2437 2081 2574 2148 quod
2621 2090 2676 2135 ut
2725 2090 2844 2146 pote
2873 2081 2940 2131 ah
2977 2078 3176 2132 eisdem
3221 2077 3473 2143 apostolis
3507 2075 3732 2131 fundatze

2165 2173 2421 2228 Eccl-size
2473 2172 2732 2240 majorum
2800 2186 2946 2226 more
3010 2170 3240 2226 libenter
3298 2170 3612 2228 indu'simus
3669 2170 3731 2224 ad

2165 2262 2551 2318 ostendendum
2583 2269 2633 2316 te
2666 2261 2975 2330 magistrum
2996 2268 3049 2314 ct
3068 2260 3548 2331 archiepiscopum,
3573 2266 3734 2318 tuam-

2165 2367 2268 2418 que
2329 2360 2565 2405 Sunt‘laln
2617 2349 3034 2404 Laureaconsetn
3101 2347 3393 2404 Ecclesiam
3449 2349 3734 2416 provinciae

2169 2439 2560 2492 Pauonniurum
2607 2437 2789 2492 sedem
2842 2437 2955 2490 fore
3006 2435 3488 2508 metropolitanaui.
3535 2437 3735 2492 Idcirco

2169 2531 2350 2606 pallio,
2381 2534 2520 2596 quod
2552 2547 2619 2586 ex
2653 2530 2946 2598 apostolica
2986 2529 3205 2586 caritate
3253 2530 3344 2584 tibi
3387 2531 3735 2596 destinamus,

2167 2637 2276 2691 quo
2311 2623 2382 2674 uti
2422 2622 2615 2680 debeas
2654 2621 2945 2678 secundum
2991 2635 3195 2678 morem
3228 2621 3483 2680 Ecclesiae
3525 2631 3627 2680 tute
3651 2640 3738 2681 so-

2169 2715 2334 2768 lerter
2359 2713 2710 2766 admouemus
2736 2713 3040 2780 pariterque
3068 2711 3338 2778 volumus,
3368 2720 3425 2765 ut
3453 2711 3737 2781 intelligas.

2167 2804 2289 2870 quia
2321 2804 2431 2872 ipse
2460 2805 2712 2868 vestitus,
2739 2817 2846 2872 quo
2875 2802 2941 2856 ad
2971 2803 3254 2856 missarum
3295 2803 3549 2862 solt-mnia
3582 2819 3740 2862 orna-

2171 2895 2264 2957 ris,
2299 2897 2504 2963 signum
2541 2891 2818 2958 praatemlit
2846 2893 3042 2958 crucis,
3076 2907 3170 2962 per
3196 2892 3336 2960 quod
3371 2893 3506 2950 scito
3538 2903 3587 2946 te
3619 2908 3738 2946 eum

2172 2984 2419 3037 fratribus
2466 2984 2662 3037 debere
2707 2981 2940 3046 compati
2978 2995 3042 3034 ac
3087 2981 3444 3036 mundialibus
3480 2982 3742 3036 illecebris

2094 3081 2138 3139 (ζ
2174 3073 2223 3124 in
2269 3073 2458 3126 affectu
2505 3071 2761 3144 crucifigi.
2817 3069 2967 3127 Unde
3009 3084 3125 3122 cum
3169 3079 3220 3124 te
3257 3069 3388 3124 foris
3437 3070 3740 3138 hujusuiodi

2173 3161 2401 3230 insignio
2429 3161 2685 3222 indueris,
2712 3163 2853 3214 intus
2884 3164 2936 3213 in
2969 3162 3145 3214 animo
3171 3161 3450 3216 considera
3477 3165 3616 3238 quod
3643 3166 3744 3220 hoc

2172 3249 2242 3303 sit
2266 3251 2434 3319 magis
2478 3251 2659 3303 oneris
2689 3265 2845 3318 quam
2878 3251 3092 3303 honoris
3112 3291 3126 3316 ,
3159 3260 3316 3318 atque
3342 3266 3434 3306 cor
3460 3263 3605 3307 tuum
3635 3257 3744 3309 Deo

2175 3347 2385 3406 tegente
2425 3339 2490 3391 ah
2531 3339 2767 3407 appetitu
2815 3340 2967 3392 iStios
3008 3340 3188 3393 smcnli
3218 3341 3294 3394 sic
3326 3350 3582 3410 tempera,
3609 3355 3666 3398 ut
3691 3355 3743 3400 et

2172 3431 2509 3483 commissam
2533 3429 2750 3497 exsequi
2768 3428 3202 3498 gubernationem
3223 3429 3454 3495 studeas,
3474 3442 3521 3485 et
3542 3436 3744 3503 adeptae

2171 3516 2431 3585 dignitati,
2455 3517 2603 3586 cujus
2626 3517 2929 3570 sublimaris
2951 3517 3148 3585 officio,
3175 3527 3226 3571 et
3251 3518 3512 3587 probitate
3540 3535 3744 3574 morum

2173 3613 2227 3658 et
2267 3609 2550 3660 vivacitate
2603 3607 2977 3660 sollicitudinis
3020 3623 3080 3660 ac
3121 3608 3359 3661 custodia
3393 3609 3746 3678 integerrima:

2175 3694 2296 3749 fidei
2350 3710 2635 3764 congruas,
2683 3702 2945 3761 quatenus
2994 3704 3046 3748 tu
3103 3696 3214 3764 ipse
3265 3710 3294 3748 a
3350 3709 3746 3754 remuneratore

2173 3785 2408 3838 omnium
2441 3787 2702 3840 honorum
2735 3785 2867 3850 Deo,
2899 3793 2953 3838 et
2983 3784 3365 3840 hened:ctionis
3415 3789 3638 3855 gratiam
3669 3793 3748 3844 vi-

2174 3884 2386 3944 tamque
2416 3884 2668 3930 aeternam
2700 3881 2950 3948 consequi
2986 3880 3260 3933 merearis.
3297 3883 3486 3936 Amen.

2572 4029 2944 4084 EXEMPLAR
2968 4029 3370 4089 CONSTITUTI

2176 4152 2327 4190 non
2367 4155 2395 4188 Α
2427 4136 2617 4188 oontso
2644 4138 2922 4189 svuuacito
2953 4153 3103 4200 mra,
3138 4153 3204 4192 nr.
3257 4155 3557 4196 [trinoctqu
3617 4158 3748 4196 Leon

2243 4221 2500 4259 ODOACIIIS
2523 4221 2670 4259 REGIS
2684 4221 3023 4260 REPUGNANTE
3045 4223 3322 4262 ιιιιεκτλτι
3338 4225 3749 4266 εεαιιιςιλετιοεε

2249 4291 2300 4332 IN
2334 4291 2628 4332 ειεετιοιεε
2653 4289 2962 4341 PONTIFICIS,
2983 4292 3053 4330 ΕΤ
3075 4293 3140 4330 DE
3163 4293 3326 4333 ιιειιυε
3349 4294 3613 4334 εεοιεειιε
3627 4297 3752 4336 σομ-

2245 4359 2550 4402 εεκνΑΜδιε.

2239 4477 2320 4547 (a)
2347 4477 2599 4532 Flaviano
2636 4479 2759 4550 (al.,
2785 4477 2992 4534 Flavio)
3036 4478 3240 4534 Avieno
3290 4479 3406 4534 viro
3459 4482 3752 4536 clarissimo

2167 4571 2381 4639 iuniore
2395 4569 2638 4632 consule,
2662 4569 2761 4622 sub
2778 4569 2862 4622 die
2877 4585 2969 4622 vm
2996 4570 3117 4641 (al.,
3139 4573 3302 4640 nono)
3325 4571 3503 4626 iduum
3527 4573 3754 4627 Novem-

2171 4660 2369 4723 brium,
2415 4658 2468 4712 in
2525 4659 2740 4713 basilica
2796 4660 2934 4713 beati
2987 4660 3125 4714 l’etri
3181 4661 3426 4729 apostoli,
3482 4664 3754 4717 residente

2173 4749 2462 4803 venerabili
2489 4749 2604 4803 viro
2627 4763 2758 4817 papa
2809 4748 3152 4818 Symmacho,
3205 4765 3308 4804 una
3357 4765 3476 4805 cum
3531 4768 3755 4806 venera-

2175 4837 2514 4893 bilibusviris
2534 4838 2610 4906 (b)
2632 4849 2687 4892 et
2710 4839 2980 4908 episcopis
3030 4843 3103 4909 (c)
3151 4841 3456 4910 Laurentio,
3500 4843 3750 4907 Maximo,

2181 4932 2357 4994 Petro,
2379 4929 2685 4992 Laurentio,
2701 4929 3029 4995 £miliano,‘
3049 4929 3305 5000 Tigridio,
3321 4932 3518 4996 Felice,
3545 4933 3755 4987 Bassia-

2181 5019 2589 5086 no,Cresconio,
2605 5019 2914 5082 Pacatiano,
2933 5019 3190 5089 Benigno,
3203 5019 3471 5088 Rufentio,
3491 5021 3754 5078 Innoceno

2253 5132 2326 5203 (c)
2342 5131 2439 5203 Ms.
2471 5131 2865 5198 Lucensi3125,
2913 5133 3209 5203 Laurentio,
3239 5132 3412 5196 Petro,
3443 5137 3750 5201 zEmiliano,

2181 5201 2374 5266 Felicio,
2398 5202 2716 5270 ᾼετεεεοηὲθ,
2741 5203 2996 5270 Benigno,
3017 5201 3334 5263 Innocentio,
3367 5204 3614 5270 Mra-rimo,
3656 5207 3752 5260 Jo-

2179 5275 2364 5337 hanue,
2396 5269 2624 5337 Eulalia,
2655 5269 2958 5336 Fortunato,
2978 5269 3536 5338 EustathioJocundo,
3564 5275 3752 5329 Fortu—

2178 5356 2320 5406 nato,
2352 5341 2574 5409 Eulicio,
2626 5343 2824 5409 Aprile,
2877 5342 3157 5404 Mercurio,
3201 5343 3500 5403 Fortunato.
3554 5346 3747 5408 Asello,

2177 5416 2754 5484 Stephano._llrtrimo,_
2773 5409 3062 5484 Laurentio.
3097 5409 3612 5484 Frigido,_Cassiam_),
3644 5415 3752 5467 Pa-

2174 5478 2426 5540 canimno.
2468 5481 2696 5551 Rufﬁno,
2721 5480 2976 5551 [planting
3010 5478 3289 5551 Slcpltdno,
3315 5481 3524 5551 Sereno,
3555 5481 3752 5536 Procu-

2172 5554 2360 5612 leiano,
2394 5547 2686 5613 Laurentio,
2714 5547 3272 5614 Martiarto,-Candido,
3301 5547 3608 5614 Fortunato,
3642 5552 3751 5604 Eu-

2169 5621 2362 5688 lgchio,
2397 5621 2590 5688 Aprile,
2615 5619 2892 5689 Mercurio,
2909 5617 3213 5686 Fortunato,
3237 5619 3431 5684 Asello,
3451 5621 3745 5686 Stephano.
