4040 6184
258 407 331 462 73
1467 389 1820 446 EI’ISTOL.-’E
1861 388 1947 442 ET
1989 387 2328 443 DECRHTA.
3470 389 3542 444 Ἱι

257 512 350 575 uo,
371 509 599 568 Joanne,
619 505 873 570 alaximo,
890 503 1419 572 Stcplnatquounae,
1442 508 1668 570 Sereno,
1688 504 1843 557 Eula-
1878 513 1932 568 Α
1958 500 2106 562 Itum,
2128 501 2278 567 quasi
2311 517 2404 566 pro
2433 497 2810 554 ecclesiastica:
2837 516 3022 554 amore
3045 500 3389 570 substantiae,
3411 517 3548 558 con-

259 604 351 666 lio,
380 599 755 663 Proculeiano,
793 597 1110 660 Fortunato,
1147 596 1458 660 Laurentio,
1491 597 1507 626 ¹
1543 596 1856 662 Eustatbio,

257 695 550 755 Martiano,
574 690 852 752 locando;
864 687 1452 752 Caudido,l"ortunato,
1471 687 1669 754 Felice,
1692 688 1858 756 Euty-

257 789 404 851 ctiio,
429 784 658 853 Elpidio,
683 783 891 851 Aprile,
934 781 1266 845 Innoeentio,
1293 780 1593 842 Mercurio,
1625 780 1852 848 llilario,

266 879 576 937 Fortunato,
593 871 918 936 Concordia,
939 872 1148 934 Asello,
1165 872 1185 901 '
1208 872 1538 933 Innocentio,
1557 870 1854 938 Stephano,

262 969 549 1032 Gerontio,
568 966 879 1030 Pasebasin,
907 963 1096 1024 Vitale,
1114 963 1372 1025 Mentore,
1401 961 1683 1024 Severino,
1717 961 1860 1015 llila-

264 1061 366 1126 rio,
403 1056 1066 1120 \‘eneriosanuoceutio,
1098 1053 1277 1120 Casto,
1313 1053 1848 1118 Colonico,Silvacn,

265 1151 664 1214 Maximiliano,
695 1150 945 1202 Aristone
975 1145 1070 1218 (al.
1091 1145 1310 1215 Ariste),
1335 1147 1613 1208 Severino,
1638 1146 1856 1215 Propin-

264 1263 393 1314 quo,
426 1247 709 1313 Martyrio,
745 1241 1047 1301 Valentino,
1069 1240 1402 1301 Sebastiano,
1432 1238 1693 1303 llomano,
1731 1238 1860 1292 Vitt-

265 1338 470 1395 demio,
510 1333 811 1394 Vnnlcntio,
839 1332 1072 1393 Victore,
1095 1331 1341 1389 Dulcitio.
1371 1331 1526 1393 llrso,
1569 1331 1852 1395 Mercurio,

265 1429 469 1487 Asello,
483 1424 768 1482 Servotlet,
789 1422 1080 1484 Adeodato,
1099 1421 1328 1487 Asterio,
1348 1419 1684 1489 Martiniano,
1710 1420 1853 1474 Feli-

268 1533 352 1580 ce,
404 1517 662 1580 Eusebio,
689 1519 949 1583 Angusto,
996 1513 1323 1580 Projcctitio,
1346 1513 1714 1581 Chrysogono,
1755 1511 1854 1566 Ve.

275 1611 484 1673 nantin,
513 1609 758 1671 Itustico,
785 1608 1060 1673 Sallustio,
1083 1596 1281 1673 Probo,
1304 1604 1654 1677 Amando(al.
1681 1610 1860 1658 Auan-

272 1702 365 1771 tio)
392 1702 618 1764 Basilio,
644 1711 700 1752 et
729 1698 1020 1752 Florentio.
1048 1697 1424 1751 liesidentibus
1443 1699 1603 1750 etiam
1629 1698 1857 1767 presby-

273 1795 422 1857 teris,
463 1793 806 1861 Prnjectitio,
843 1793 1090 1854 Martino,
1148 1791 1467 1860 Epiphanio,
1513 1791 1854 1854 Sebastiano,

267 1884 554 1948 Servodei,
578 1883 897 1949 Octaviano,
933 1883 1238 1946 Ana-tasio,
1271 1881 1634 1946 Abundantio,
1667 1881 1858 1935 Vinco-
1893 1871 1935 1929 Β

269 1979 426 2039 malo,
438 1975 686 2040 Paulino,
709 1973 940 2036 Iuliano,
960 1972 1206 2027 Marcello
1224 1972 1522 2042 Agathone,
1545 1973 1858 2042 Benedicto,

267 2066 1012 2132 Crescentiano,Pascliasio,
1070 2063 1305 2126 Juliano.
1351 2067 1572 2127 Severo,
1615 2065 1858 2132 Paulino,

273 2159 576 2222 Adeodato,
624 2158 851 2222 Joanne,
902 2158 1184 2211 Timotheo
1214 2199 1229 2222 ,
1284 2157 1591 2217 Laurentio,
1634 2156 1858 2225 Hilario,

275 2248 578 2310 \deodato,
613 2249 809 2310 Marco,
846 2245 1140 2314 Stephano,
1160 2246 1440 2308 Venantio,
1485 2246 1666 2305 Petro,
1691 2247 1862 2316 Cliry-

270 2353 497 2406 sogono,
540 2337 1223 2406 LitoritietClirySOgotio,
1264 2337 1460 2400 Tinulo
1496 2339 1574 2392 \eI
1630 2340 1863 2393 Maximo

273 2432 399 2503 (al.
476 2431 864 2499 Maximino),
923 2432 1210 2487 Fortunato
1261 2450 1275 2485 :
1327 2432 1662 2488 adstantibus
1732 2450 1864 2503 quo-

274 2540 377 2594 que
395 2525 719 2579 diaconibus
739 2523 1047 2587 Anastasio,
1079 2524 1382 2589 Ilormisda,
1401 2525 1629 2590 Joanne,
1650 2536 1702 2580 et
1725 2529 1864 2595 Aga-

276 2624 416 2684 peto,
446 2615 808 2684 Symmachus
835 2614 1120 2684 episcopus
1141 2615 1399 2671 Ecclesia:
1418 2617 1698 2673 catholica:
1721 2618 1868 2673 urbis

274 2707 455 2761 Itonia:
477 2707 615 2760 dixit
639 2724 652 2760 :
1103 2776 1121 2830 Ι

347 2901 491 2954 Bene
512 2899 731 2970 quidem
774 2899 1085 2955 fraternitas
1128 2907 1302 2954 vestra
1332 2898 1713 2954 ecclesiasticis
1742 2899 1871 2969 legi-

278 2992 383 3046 bus
403 2995 680 3056 obsecuta,
704 2992 806 3044 sub
829 2993 998 3046 divini
1024 2992 1216 3047 timore
1240 2991 1426 3059 judicii
1450 3007 1571 3060 qua:
1588 3000 1745 3046 erant
1766 3001 1870 3044 sta-

274 3085 496 3147 tnemla,
546 3085 821 3148 definivit,
847 3095 900 3138 et
937 3085 1001 3138 ad
1053 3084 1273 3154 justitiaz
1312 3085 1584 3139 cumulum
1633 3085 1877 3155 pervenit

275 3181 374 3248 (at.
405 3179 703 3246 perduxit),
732 3179 861 3232 dum
901 3177 1236 3232 sufficienter
1285 3178 1532 3232 universa
1564 3179 1876 3248 complecti-

277 3279 383 3333 tur,
401 3284 501 3324 nec
531 3269 837 3338 adiectione
859 3268 1062 3338 indiget
1089 3270 1386 3338 plenitudo,
1414 3272 1648 3325 maxime
1677 3271 1744 3325 de
1767 3271 1879 3325 cle-

274 3362 426 3426 ricis,
476 3375 613 3430 quos
643 3376 796 3415 amor
822 3362 1233 3416 dominationis'
1251 3363 1465 3426 invasit,
1502 3372 1558 3417 et
1584 3363 1769 3431 jugum
1795 3362 1876 3416 di-

276 3454 519 3521 sciplina:
550 3454 934 3508 ecclesiastica:
978 3454 1102 3508 fecit
1136 3469 1392 3522 reSpnere
1421 3470 1558 3524 quos
1597 3466 1872 3523 propterea

277 3531 746 3606 schismal’ecisse,
771 3543 915 3611 apud
933 3559 1028 3598 vus
1072 3544 1166 3612 (at.
1198 3544 1317 3612 nos)
1384 3546 1623 3597 constitit
1649 3563 1660 3596 :
1685 3547 1874 3612 quibus

281 3635 713 3689 misericordiam
740 3645 918 3690 tamen
953 3651 1110 3704 quam
1144 3636 1284 3690 Dens
1350 3637 1564 3689 mandat
1612 3637 1874 3689 universis

281 3727 734 3796 itnpenditsicm
787 3729 1070 3796 oportuit),
1127 3745 1233 3782 non
1285 3731 1548 3796 negastis;
1585 3730 1629 3783 si
1681 3730 1871 3783 duritia

283 3821 467 3874 cordis
485 3836 672 3874 eorum
699 3836 804 3873 non
826 3819 924 3874 sibi
957 3821 1196 3890 acquirat
1220 3836 1451 3889 pinnam,
1487 3822 1612 3875 dum
1629 3833 1872 3876 contum-

283 3914 362 3966 nit
392 3914 566 3968 oblata
595 3915 853 3980 remedia,
877 3929 1103 3984 quorum
1139 3929 1394 3968 exceSsus
1437 3929 1692 3968 enarrare
1735 3916 1873 3967 ditii—

278 4005 382 4060 cile
411 4016 514 4059 est.
561 4006 729 4059 Unum
761 4016 962 4071 tamen,
985 4007 1126 4074 quod
1151 4016 1405 4069 occurrit,
1451 4009 1868 4060 venerandoor-

277 4095 601 4147 dinive~tro
649 4096 895 4148 intimare
956 4112 1059 4146 non
1110 4096 1370 4147 dill'cro.*il
1426 4095 1682 4148 Dixerunt
1736 4097 1873 4149 inter

279 4188 404 4250 alia,
429 4188 749 4254 scripturam
783 4188 1066 4253 quamdam
1119 4186 1340 4240 illustris
1388 4189 1663 4240 memoriae
1717 4188 1869 4242 Basi-

287 4328 547 4385 Pascasio.
582 4326 824 4396 Nemore,
862 4327 1077 4396 Hylam,
1108 4325 1425 4391 Innocentio,
1481 4326 1712 4393 Colonia,
1744 4328 1860 4381 illa-

280 4399 584 4459 :riminiano,
632 4393 826 4461 Felice,
863 4393 1088 4465 Etpidto.
1121 4396 1440 4459 Innocentio,
1475 4397 1694 4466 Hyluro,
1724 4397 1859 4451 Cou-

282 4470 480 4530 cordio,
508 4466 829 4539 Innocentio,
862 4466 1133 4539 Gerontio,
1178 4466 1362 4539 Viuite,
1419 4469 1676 4539 Serctino,
1712 4469 1874 4539 Rege-

1963 595 2266 662 scripsisse,
2299 597 2350 646 iu
2369 610 2470 663 qua
2488 595 2666 650 nullus
2689 595 2942 648 llomante
2969 595 3224 650 Ecclesiae
3245 611 3343 654 nec
3373 596 3543 651 inter-

1962 688 2059 740 fuit
2080 703 2178 740 nec
2206 686 2521 754 subscripsit
2547 689 2788 753 antistes,
2818 703 2912 758 per
2932 702 3090 758 quem
3123 688 3384 757 potuisset
3421 703 3542 743 sor-

1963 778 2048 830 tiri
2075 776 2364 845 legitimam
2395 778 2722 832 lirmitatem.
2753 778 2829 832 Ne
2846 793 2972 833 vero
2993 794 3094 846 ego
3121 779 3542 848 indedisputem,

1963 867 2044 936 (ιι)
2066 868 2159 921 sed
2185 880 2239 920 ut
2271 868 2437 936 possit
2479 867 2574 937 (al.
2607 869 2749 924 unde
2778 871 2974 934 potest)
3017 879 3255 924 vestrum
3299 870 3546 937 judicare

1961 961 2246 1011 concilium
2283 976 2298 1011 :
2342 960 2644 1026 requiratur
2687 971 2741 1012 et
2795 962 3059 1014 referatur
3097 961 3189 1029 (Δ.
3245 962 3546 1028 deseratur)

1962 1049 2275 1102 inmedium
2311 1058 2368 1102 ut
2399 1049 2632 1102 lectione
2679 1052 3000 1117 agnoscatis.
3033 1051 3332 1119 etijusttiodi
3381 1053 3548 1118 possit

1963 1137 2163 1192 habere
2183 1140 2558 1194 substantiam.
2593 1139 2787 1194 Sancta
2831 1141 3068 1205 synodus
3099 1142 3373 1210 respondit
3407 1161 3418 1195 :
3447 1145 3548 1197 De-

1961 1229 2162 1283 feratur
2183 1229 2234 1282 in
2263 1229 2518 1294 medium,
2544 1243 2599 1282 ut
2641 1233 2940 1296 cuiusmodi
2969 1234 3058 1295 sit,
3090 1233 3257 1299 pos‘sit
3305 1235 3543 1302 agnosci.

1965 1323 2026 1376 Et
2057 1323 2182 1376 dum
2221 1324 2443 1387 diceret,
2477 1323 2756 1377 llormisda
2787 1324 3042 1380 diaconus
3065 1326 3328 1380 recitavit.

2031 1534 2163 1588 Cum
2184 1535 2234 1587 in
2269 1550 2428 1588 unum
2459 1535 2595 1602 apud
2629 1535 2687 1590 Β.
2719 1535 2928 1590 Petrum
2958 1543 3260 1606 aposmlum
3315 1543 3544 1596 resedis-

1960 1637 2079 1680 sent
2106 1625 2348 1679 Sublimis
2376 1637 2431 1680 et
2455 1628 2914 1680 eminentissimus
2943 1629 3024 1681 vir
3080 1633 3360 1695 praefectus
3410 1650 3546 1699 pite-

1963 1724 2099 1773 lorio
2129 1731 2287 1787 atque
2319 1719 2593 1788 patricius,
2627 1735 2787 1786 agens
2809 1723 2966 1774 etiam
2993 1722 3136 1776 vices
3163 1724 3544 1790 przeeellcntis-

1963 1811 2083 1864 simi
2117 1809 2143 1847 δ
2174 1811 2314 1879 regis
2362 1810 2636 1874 Odoacris,
2671 1820 2694 1848 ο
2756 1811 2979 1864 basilius
3029 1813 3202 1867 dixit:
3234 1815 3543 1884 Quanquam

1962 1902 2125 1954 studii
2159 1901 2327 1955 nostri
2359 1911 2411 1955 et
2438 1901 2710 1970 religionis
2733 1901 2966 1966 intersit,
3023 1913 3080 1956 ut
3109 1904 3159 1956 in
3209 1908 3546 1974 episeopatus

1962 1995 2228 2048 electione
2259 1991 2543 2048 concordia
2588 1995 2951 2062 principaliter
2995 2005 3235 2048 sexvetnr
3269 1997 3544 2062 Ecclesiaa,

1963 2100 2030 2139 ne
2062 2101 2157 2152 per
2197 2088 2532 2139 occasionem
2581 2085 2862 2138 seditionis
2913 2097 3084 2139 status
3121 2088 3395 2143 civilitatis
3452 2093 3546 2156 (at.

1961 2176 2217 2239 civitatis)
2242 2187 2461 2229 Voculth
2503 2177 2556 2228 in
2586 2175 2832 2242 dubium,
2889 2186 3062 2229 tamen
3105 2175 3130 2212 ά
3182 2181 3548 2234 :ntmonitione

1963 2267 2257 2321 beatissimi
2284 2269 2358 2337 (b)
2389 2268 2485 2318 viri
2521 2282 2666 2335 papa:
2693 2265 2860 2320 nostri
2892 2267 3171 2336 Simplicii,
3229 2284 3384 2338 quam
3424 2285 3549 2327 ante

1964 2360 2146 2412 oeulos
2174 2373 2386 2427 semper
2415 2360 2610 2411 habere
2639 2359 2914 2424 debemus,
2945 2359 3045 2415 lioc
3068 2359 3221 2414 nobis
3253 2365 3271 2428 (
3295 2364 3546 2416 utemini-

1963 2451 2086 2518 stis)
2135 2450 2236 2503 sub
2265 2449 2626 2504 obtestatione
2652 2448 2815 2502 fuisse
2863 2450 3188 2518 mandatum,
3225 2463 3282 2505 ut
3331 2465 3548 2520 pr0ptcr

1971 2545 2040 2612 (c)
2067 2542 2213 2594 illum
2245 2541 2548 2609 strepitum,
2570 2549 2624 2594 et
2653 2540 2973 2594 venerabilis
2999 2540 3249 2596 Ecelesiae
3264 2543 3548 2598 detrimen-

1969 2635 2187 2698 tum,si
2243 2648 2365 2686 eum
2416 2633 2484 2686 de
2537 2631 2778 2686 hacluce
2835 2633 3064 2687 transire
3092 2635 3411 2704 contigerit,
3441 2652 3546 2690 non

1970 2726 2086 2780 sine
2115 2735 2292 2780 nostra
2337 2724 2730 2780 consultatione
2776 2724 3061 2793 cujuslibet
3112 2725 3200 2797 (ct)
3249 2727 3548 2782 celebretur

1899 2861 1906 2864 .
1971 2818 2185 2873 electio.

2045 2912 2113 2964 Et
2183 2924 2303 2964 cum
2349 2910 2553 2978 legeret
2628 2908 2947 2962 Cresconius
2995 2909 3277 2978 episcopus
3321 2912 3550 2970 civitatis

1974 3001 2280 3057 Tudertina:
2297 3001 2546 3054 Ecclesia:
2565 3013 2789 3067 surgens
2807 3016 2836 3053 e
2852 3014 3102 3054 consessu
3117 3002 3252 3054 dixit
3281 3019 3292 3054 :
3313 3002 3412 3056 llic
3430 3019 3551 3072 per~

1979 3095 2174 3164 pendat
2201 3103 2380 3147 sancta
2412 3091 2762 3162 synodus,(e)
2797 3091 2869 3143 uti
2927 3092 3304 3160 praetermissis
3365 3108 3552 3162 perso-

1981 3188 2067 3242 nis
2088 3186 2371 3257 religiosis,
2399 3187 2592 3256 quibus
2619 3186 2847 3239 maxime
2874 3199 2999 3240 cura
3023 3195 3102 3240 est
3131 3187 3198 3240 de
3228 3195 3376 3242 tanto
3422 3203 3552 3259 pon-

1985 3279 2126 3333 tiﬁce
2156 3278 2566 3347 (Deiectionem
2608 3275 2728 3331 la'ci
2769 3277 2820 3330 in
2863 3292 3010 3330 suam
3054 3279 3356 3347 redegerint
3402 3291 3553 3351 pote-

1982 3380 2197 3430 statem,
2221 3369 2358 3436 quod
2390 3369 2579 3420 contra
2596 3380 2830 3420 canones
2851 3380 2970 3422 esse
2995 3368 3331 3425 manifestum
3360 3383 3458 3426 est.

2055 3461 2182 3513 Item
2215 3457 2491 3511 llormisda
2522 3458 2774 3510 diaconus
2805 3457 2928 3525 legit
2955 3458 3126 3510 :Nam
3173 3470 3228 3514 et
3257 3475 3377 3512 cum
3420 3463 3548 3529 qud

1980 3551 2074 3620 (al.
2123 3548 2217 3602 Cui
2268 3545 2640 3616 nequicquam)
2690 3547 3018 3600 confusionis
3071 3560 3230 3616 atque
3288 3551 3552 3620 di~penua

1981 3641 2302 3696 Venerabilis
2343 3639 2580 3693 Ecclesia
2625 3641 2960 3693 sustineret:
3005 3641 3278 3707 miramur,
3332 3659 3555 3707 praeter-

1980 3733 2156 3786 missis
2198 3730 2373 3791 noliis,
2423 3732 2710 3798 quidquam
2752 3730 2912 3783 fuisse
2959 3738 3215 3783 tentatum
3258 3734 3350 3797 (ul.
3393 3743 3556 3786 testa-

1979 3824 2150 3890 tmn);
2178 3837 2296 3875 cum
2329 3821 2486 3873 etiam
2532 3820 2808 3874 sacerdote
2835 3833 3018 3874 nostro
3060 3824 3370 3888 superstite,
3420 3823 3553 3878 nihil

1983 3915 2058 3984 (q)
2089 3917 2205 3967 sine
2234 3914 2385 3964 nobis
2414 3912 2686 3964 debuisset
2714 3913 2933 3964 assumi.
2986 3911 3183 3977 Quare,
3233 3917 3273 3965 si
3301 3915 3550 3981 amplitu-

1979 4007 2088 4067 dini
2121 4017 2312 4056 Vesu-ae
2344 4004 2426 4056 vel
2474 4003 2736 4055 Sanctitutt
2772 4004 2972 4068 placet,
3020 4003 3302 4057 ineoluma
3349 4008 3551 4072 omnia,

1978 4113 2096 4165 qua:
2125 4095 2190 4147 ad
2228 4094 2386 4146 futuri
2415 4091 2666 4144 antistitis
2695 4092 3013 4144 electionem
3065 4094 3375 4159 respiciunt,
3424 4096 3554 4148 reli-

1977 4187 2124 4254 giosa
2169 4182 2518 4237 lionoratione
2551 4179 2647 4250 (al.
2671 4181 3038 4249 veneratione)
3067 4197 3368 4250 δοτντιιιυε,
3413 4185 3550 4238 hanc

2048 4325 2074 4363 δ
2104 4325 2233 4393 Quis
2253 4334 2308 4380 et
2338 4323 2510 4392 qualis
2532 4339 2627 4378 rex
2655 4321 2912 4390 Odoacer,
2946 4323 3057 4379 dixi
3096 4328 3252 4394 sapia
3283 4329 3382 4383 sub
3405 4330 3551 4386 Sitn-

1976 4399 2155 4466 plicio.
2185 4397 2317 4450 Ssv.
2346 4396 2547 4448 BINIUS.
2876 4464 2885 4466 _
3129 4429 3136 4432 -

2056 4478 2078 4505 °
2115 4467 2339 4521 Basilius
2365 4466 2647 4532 praefectus
2679 4464 2927 4526 praetorio
2951 4479 3055 4518 non
3085 4466 3220 4520 alius
3243 4470 3558 4525 existimau-

537 4518 716 4610 Casta,
741 4518 1264 4610 Silvina,_4res,torte,
1291 4518 1870 4610 ,sjéue}iuo’,itirii}}-’ié,
1906 4518 1953 4576 D
1983 4518 2288 4610 tlusestab
2318 4518 2410 4594 illo
2439 4535 2650 4610 Cafcina
2680 4518 2885 4610 'Basilio
2932 4538 3198 4610 consulari
3229 4536 3411 4594 Boii-an
3441 4518 3562 4610 s—pe-

285 4608 612 4666 Sebastiano,
649 4606 936 4668 Vindemia,
996 4606 1219 4671 Victore,
1280 4605 1558 4670 Mercurio,
1611 4605 1874 4673 Sen-oti,

285 4680 502 4746 Asterie,
529 4673 723 4739 Felice,
741 4679 998 4746 Augusto,
1031 4675 1333 4746 Ct'isogono,
1360 4677 1588 4743 Rustico,
1625 4677 1874 4743 Salustio,

288 4745 990 4810 Brobo,Cando,Ba§salio,
1046 4745 1333 4809 Florentio,
1398 4747 1674 4811 Venrmtio,
1737 4749 1872 4802 Pro.

287 4820 497 4885 pioque,
530 4815 826 4880 Valentino,
873 4816 1123 4880 Romano,
1187 4817 1430 4883 Dulcitio,
1486 4816 1638 4876 Ursa,
1681 4821 1873 4882 Asillo,

286 4887 574 4956 Adeodato,
620 4885 953 4948 Martiniano,
983 4885 1227 4956 Eusebio,
1266 4886 1544 4956 Projectio,
1611 4886 1870 4954 Vcnuutio,

290 4955 567 5025 Projeclio.
613 4956 943 5017 Martiniano,
972 4955 1239 5025 Epifunio,
1267 4955 1870 5024 Sebastiano,8rrvodei,

290 5024 604 5094 Epiphanio.
630 5029 969 5085 Abundantio.
1011 5024 1252 5090 Paulino,
1282 5027 1438 5079 Marc.
1459 5027 1548 5087 llo,
1576 5028 1872 5091 Benedicto,

293 5095 554 5166 Pawasia,
579 5098 785 5155 Set-ero,
819 5096 1104 5166 Adcodato,
1131 5097 1417 5166 Timotheo,
1451 5097 1672 5166 Ilylaro,
1726 5098 1873 5150 Mar-

287 5183 366 5227 co,
421 5165 688 5230 Venantio,
752 5167 930 5228 Petro,
987 5165 1226 5236 ,Vitorio,
1287 5165 1516 5231 Tinulo,’
1561 5166 1869 5236 Fortunato,

294 5237 591 5295 Octaviano.
623 5239 914 5298 Anastasio,
955 5235 1272 5297 Viucomalo.
1331 5236 1563 5301 Iuliano,
1617 5235 1865 5305 Agatone,

292 5308 668 5365 Arsacentiano,
697 5305 929 5369 iuliano,
965 5306 1206 5371 Paa'ino,
1261 5306 1516 5370 Johanne,
1570 5305 1868 5372 Laurentio,

291 5377 575 5448 Adeodato,
607 5376 893 5448 Stephano,
919 5375 1106 5448 Petro,
1139 5378 1437 5448 Crisogono,
1469 5388 1516 5431 et
1565 5378 1867 5446 Crisoyono,

291 5455 336 5496 et
374 5444 654 5497 Maximino
681 5444 1007 5515 presbyteris,
1040 5444 1378 5513 adstantibus,
1414 5459 1516 5501 etc.

360 5527 384 5550 ³
410 5517 745 5572 Schismatici
780 5522 1052 5582 mmirum,
1081 5519 1170 5584 qui
1201 5521 1313 5571 lucc
1337 5520 1555 5572 subdola
1580 5527 1633 5571 et
1658 5520 1872 5572 fraudo-

293 5585 427 5638 lenta
455 5587 562 5653 jam
592 5589 804 5654 penitus
831 5587 1124 5656 antiquata,
1155 5605 1257 5640 non
1281 5604 1344 5641 ex
1366 5589 1596 5641 arcliivis
1619 5589 1872 5643 ﬂuuiana:

293 5658 556 5721 ecclesiae,
614 5657 666 5710 in
713 5671 838 5724 qua:
884 5672 1154 5724 nunquam
1200 5659 1346 5712 illata
1395 5662 1642 5722 luerunt,
1677 5661 1770 5713 sed
1800 5676 1866 5713 ex

296 5727 496 5780 Sintiis
542 5728 772 5781 fortasse
819 5729 1147 5793 prauorianis
1200 5740 1316 5798 post
1361 5745 1528 5784 annos
1573 5732 1868 5785 octodecim

293 5798 715 5864 dcseunpserunt.
752 5798 880 5850 θεν.
919 5798 1120 5850 illusus.

527 5898 807 5954 l’nnon.
855 5889 1054 5951 LXII.

1981 4609 2301 4670 r-tatissimo,
2335 4613 2384 4659 in
2443 4607 2593 4672 cujus
2640 4605 2846 4658 laudem
2901 4605 3052 4672 plura
3097 4606 3260 4662 liabet
3307 4605 3562 4666 Sidon—ins

1979 4680 2072 4732 lib.
2109 4695 2144 4738 ι,
2180 4693 2266 4744 ep.
2300 4680 2333 4731 9
2357 4676 2422 4730 ad
2453 4676 2760 4739 lleronium,
2793 4684 2898 4728 etc.
2925 4674 3052 4728 Ssv.
3078 4675 3277 4732 BINIUS.

2051 4748 2074 4784 d
2105 4749 2257 4814 Quod
2291 4745 2597 4814 Simplicius
2647 4759 2781 4812 papa
2835 4745 3086 4808 voluerit,
3127 4748 3245 4803 sine
3288 4765 3561 4806 consensu

1979 4822 2117 4887 regis
2151 4821 2309 4870 Italia:
2352 4818 2656 4886 pnnnlicem
2703 4815 2824 4883 eligi
2871 4829 2975 4868 non
3003 4815 3218 4887 debere,
3267 4824 3558 4876 conlictnm

1977 4886 2059 4941 est
2092 4909 2099 4939 ;
2133 4891 2297 4954 putuit
2353 4892 2576 4940 fortasse
2619 4899 2864 4952 rogasse,
2910 4894 2966 4938 ut
3009 4886 3076 4938 ad
3120 4895 3556 4955 eomprnnentlas

1985 4958 2190 5021 turbas,
2240 4966 2295 5011 et
2318 4959 2382 5010 ad
2415 4956 2622 5009 vitanda
2671 4955 2884 5007 tlissitlia
2914 4995 2928 5016 ,
2977 4956 3226 5010 clectioni
3268 4959 3347 5012 sui
3397 4962 3556 5014 dum-

1978 5039 2122 5081 taxat
2169 5030 2494 5082 successoris
2546 5039 2636 5078 rex
2688 5037 2882 5098 pi'assto
2927 5041 3048 5098 esse
3088 5044 3192 5080 non
3221 5041 3554 5098 gravaretur.

1978 5101 2169 5152 Baron.
2204 5097 2456 5164 prtedicto
2483 5111 2608 5148 ann.
2641 5097 2766 5148 485.
2797 5112 2942 5150 nutu.
2974 5097 3055 5150 ll.
3087 5101 3212 5152 ξεν.
3245 5101 3447 5154 limes.

2049 5168 2126 5236 (ρ)
2157 5171 2210 5222 ld
2251 5181 2378 5232 ms.,
2407 5167 2540 5218 unde
2568 5174 2748 5236 potest.

2048 5233 2124 5306 (b)
2157 5239 2210 5292 In
2243 5238 2432 5291 eodem
2465 5251 2565 5289 tus.
2597 5233 2750 5290 deest
2777 5233 2890 5289 viri.

2050 5312 2122 5377 (c)
2156 5310 2211 5361 Id
2243 5323 2370 5372 ms.,
2405 5306 2591 5359 ullum.

2047 5381 2128 5448 (d)
2156 5379 2213 5433 Id
2237 5394 2363 5443 ms.,
2384 5377 2761 5450 celebraretur:
3298 5434 3308 5444 ,

2058 5445 2129 5519 (c)
2163 5450 2212 5502 Id
2247 5463 2370 5510 ms.,
2396 5458 2449 5500 ut
2478 5455 2662 5519 prazter
2691 5445 2873 5519 missas
2897 5445 3442 5519 personarrcftgwsas.

2049 5511 2122 5589 (Π
2153 5521 2207 5572 In
2237 5519 2424 5573 eodem
2458 5511 2560 5569 ms.
2592 5517 2744 5589 deest
2763 5513 3052 5589 electionem
3085 5511 3225 5565 laici.

2057 5577 2136 5660 ἶς’)
2169 5590 2225 5643 In
2254 5589 2441 5643 eodem
2476 5602 2576 5640 ms.
2603 5584 2754 5637 deest
2779 5585 2888 5636 sine
2913 5577 3076 5632 nobis.

2049 5661 2064 5691 ⁸
2118 5661 2362 5712 Diouvs..
2427 5655 2682 5709 Eustasio.
2717 5653 2885 5706 "ARD.

2164 5669 2362 5715 iouvs..
2427 5669 2682 5709 bustasto.
2717 5669 2885 5706 IIARD.

2049 5675 2064 5691 ³
2118 5675 2362 5730 Utouys.,
2427 5675 2682 5709 bustasw.
2717 5675 2764 5704 ιι

2047 5733 2067 5762 ²
2099 5731 2222 5797 Ms.,
2255 5730 2559 5784 lnnoceuso.
2590 5723 2764 5778 ﬂAﬂD.
