4040 6184
466 377 535 433 75
1820 366 2170 424 SYMMACIII
2210 366 2410 420 PAPAS
3679 366 3749 421 76

467 490 637 557 legem
668 485 967 555 specialiter
1001 481 1366 551 praeferentes,
1414 493 1570 549 quam
1620 478 1774 532 nobis
1823 478 2052 533 hazredi-
2081 484 2129 540 Α
2157 487 2414 545 conceptu
2448 478 2679 543 videtur,
2730 478 2962 532 maxime
2993 478 3115 547 quia
3160 477 3210 532 in
3242 493 3303 533 ea
3338 480 3517 535 nullus
3546 485 3742 550 priesnl

472 582 677 649 busque
720 578 916 632 nostris
943 577 1261 630 Christiana:
1300 577 1492 629 mentis
1538 574 1826 628 devci-ioue
1873 574 2053 627 sanci-

464 685 608 725 mus.
658 668 733 723 Ne
758 682 984 735 unquam
1012 667 1296 736 prmdium,
1354 680 1448 719 seu
1481 665 1734 719 rusticum
1768 681 1861 720 seu
1895 666 2055 719 urba-

466 766 617 823 nuiu,
648 762 731 814 vel
761 769 1076 813 ornamenta
1108 768 1200 811 aut
1229 757 1521 811 ministeria
1550 756 1899 811 ecclesiarum
1929 771 2051 826 qua!

466 868 609 908 nunc
635 830 889 915 sunt,.vel
915 864 1033 917 quae
1060 865 1123 903 ex
1148 848 1472 918 quibuslibet
1503 848 1669 902 titulis
1704 848 1766 901 ad
1799 848 2054 902 ecclesia-

471 960 588 1000 rum
608 943 725 1011 jura
747 941 1114 1009 pervenerint,
1138 938 1204 993 ab
1225 954 1289 993 eo
1308 938 1395 1006 qui
1420 953 1564 993 nunc
1588 938 1803 991 antistes
1827 937 1926 991 sub
1946 937 2057 992 ele-

469 1037 644 1090 ctione
665 1033 935 1087 communi
970 1032 1126 1087 fuerit
1149 1031 1498 1093 ordinandus,
1524 1040 1579 1086 et
1613 1030 1718 1084 illis
1752 1031 1839 1100 qui
1865 1028 2057 1085 futuris

468 1126 679 1181 saeculi.-
709 1134 1021 1192 sequentur,
1048 1137 1363 1191 quocunque
1381 1122 1538 1176 titulo
1563 1131 1723 1191 atque
1746 1130 2056 1176 commento

469 1218 547 1286 (τι)
574 1216 892 1270 alieneutur.
949 1212 1008 1268 Si
1042 1216 1162 1281 quis
1193 1227 1322 1267 vero
1359 1209 1553 1280 aliquid
1586 1225 1772 1264 eorum
1820 1211 2058 1263 alienare

469 1308 719 1373 voluerit,
774 1305 1021 1361 inefficax
1067 1314 1224 1374 atque
1280 1303 1488 1357 irritum
1538 1302 1831 1372 iudicetur;
1885 1301 2059 1369 sitque

474 1396 716 1461 facienti,
764 1395 847 1450 vel
895 1391 1271 1456 consentienti,
1325 1390 1718 1459 accipientique
1748 1389 2056 1444 anathema.

491 1490 750 1542 Maximus
781 1488 1063 1554 cp’sc0ptis
1092 1484 1332 1537 Bleranze
1374 1480 1467 1551 (αι.
1501 1479 1771 1549 Βιεὼιηειι)
1803 1479 2060 1534 Ecclesiae

470 1578 607 1630 dixit
631 1595 643 1629 :
668 1576 819 1630 Modo
846 1583 1031 1629 sancta
1058 1572 1295 1643 synodus
1322 1571 1569 1641 dignetur
1590 1571 1823 1636 edicere,
1843 1572 1885 1623 si
1908 1570 2060 1625 licuit

469 1669 608 1722 laico
631 1667 832 1722 homini
855 1665 1139 1719 anathema
1163 1666 1213 1717 in
1232 1663 1419 1717 ordine
1440 1662 1806 1717 ecclesiastico
1830 1661 2055 1716 dictare.

473 1762 580 1813 Aut
608 1760 653 1813 si
694 1755 867 1828 potuit
896 1756 1063 1810 laicus
1104 1753 1368 1809 sacerdoti
1415 1752 1698 1808 anathema
1746 1754 1958 1822 dicere,
2004 1761 2059 1808 et

2157 570 2304 625 sedis
2328 571 2634 638 apostolicae
2663 569 2973 625 interfuisse
2994 571 3076 624 vel
3106 571 3320 639 propria
3345 573 3746 644 subscriptione

2157 661 2399 716 ﬁrmasse
2428 669 2772 715 monstratur.
2800 660 3039 715 EuIaIius
3068 663 3353 731 episcOpus
3387 663 3745 734 Syracusana:

2157 751 2415 807 Ecclesia:
2437 752 2610 806 dixit:
2634 752 2905 822 Scriptura
2930 768 3048 820 quae
3074 752 3126 806 in
3158 754 3481 811 sacerdotali
3510 759 3745 813 concilio

2155 845 2379 899 recitata
2408 853 2513 913 est,
2544 845 2961 900 evidentissimis
2991 845 3328 901 documentis
3353 858 3565 904 constat
3594 850 3751 905 inva-

2158 936 2294 990 lida.
2328 935 2587 1003 Primum,
2638 935 2779 1005 quod
2808 945 2992 991 contra
3028 936 3242 992 Patrum
3274 940 3483 1007 regulas
3511 955 3542 994 a
3568 941 3745 1005 laicis,

2157 1027 2401 1095 quamvis
2434 1026 2719 1096 religiosis,
2747 1028 2941 1095 quibus
2970 1027 3115 1082 nulla
3155 1028 3222 1083 de
3253 1030 3637 1086 ecclesiasticis
3668 1033 3751 1086 fa-

2158 1120 2446 1174 cultatibus
2489 1120 2686 1189 aliquid
2716 1121 3035 1190 disponendi
3083 1123 3273 1194 legitur
3318 1140 3551 1193 unquam
3588 1130 3746 1182 attri-

2159 1210 2282 1264 buta
2324 1211 2566 1275 facultas,
2619 1210 2755 1265 facta
2805 1212 3032 1266 videtur.
3081 1213 3305 1281 Deinde,
3358 1217 3498 1285 quod
3547 1219 3747 1274 nullius

2159 1303 2404 1371 praesulis
2428 1304 2735 1371 apostolica:
2762 1304 2903 1357 sedis
2930 1304 3326 1373 subscriptiooe
3351 1308 3560 1363 firmata
3582 1314 3745 1366 doce-

2160 1402 2266 1448 tur.
2314 1394 2466 1459 Quod
2495 1394 2541 1448 si
2568 1394 2856 1462 cujuslibet
2903 1396 3189 1464 provincia:
3238 1398 3574 1465 sacerdotes,
3604 1402 3747 1458 intra

2162 1485 2421 1540 terminos
2448 1500 2573 1539 suos
2602 1485 2832 1539 concilio
2864 1487 3065 1550 habito,
3088 1487 3375 1557 quidquam
3402 1492 3520 1544 sine
3545 1502 3747 1547 metro-

2163 1574 2409 1645 politani,
2458 1575 2608 1631 suive
2652 1576 2905 1629 antistitis
2937 1577 3253 1633 auctoritate
3286 1578 3359 1649 (e)
3388 1584 3734 1649 tentaverint,

2162 1666 2371 1720 irritum
2402 1681 2522 1722 esse
2549 1667 2746 1723 debere
2772 1668 2958 1722 Patres
2984 1669 3151 1722 sancti
3179 1680 3511 1725 sanxerunt:
3535 1684 3742 1742 quanto

2164 1758 2352 1827 magis,
2398 1758 2537 1825 quod
2567 1757 2620 1810 in
2664 1757 2957 1825 apostolica
2989 1757 3137 1823 sede,
3174 1773 3279 1813 non
3309 1762 3573 1817 existente
3600 1779 3743 1833 prze-

470 1862 655 1909 contra
678 1865 933 1914 canones,
952 1849 1088 1919 quod
1114 1849 1160 1903 ei
1189 1864 1297 1902 non
1320 1849 1686 1918 competebat,
1706 1850 2055 1903 constituere.
2089 1839 2138 1899 B
2163 1850 2303 1919 sule,
2350 1851 2435 1919 qui
2466 1850 2818 1919 puerogativa
2861 1849 3003 1905 beati
3032 1860 3057 1886 λ
3103 1851 3310 1906 meritis
3339 1855 3567 1922 apostoli
3601 1854 3747 1912 Petri

476 1942 663 2007 Dicite,
692 1942 844 1995 vobis
869 1940 995 2010 quid
1027 1940 1275 1994 videtur?
1326 1939 1399 1992 De
1431 1956 1514 1992 me
1547 1939 1695 1994 licuit
1724 1939 1861 1994 laico
1888 1940 2057 2008 legem

469 2032 635 2086 dare?
664 2031 856 2086 Sancta
892 2031 1128 2101 synodus
1156 2030 1327 2084 dixit:
1356 2029 1469 2083 Non
1502 2024 1670 2084 licuit.
1722 2030 1786 2083 Et
1815 2029 2016 2099 adjecit
2041 2046 2056 2083 :

472 2123 615 2192 Lege
644 2121 941 2190 sequentia.
975 2119 1260 2174 Hormisda
1289 2120 1543 2174 diaconus
1575 2119 1725 2189 legit.
1780 2119 1849 2173 Et
1895 2120 1941 2175 is
1968 2121 2058 2189 qui

474 2216 734 2287 prmdium
786 2215 1038 2269 rusticum
1088 2212 1169 2266 vel
1219 2212 1481 2265 urbanum
1526 2210 1663 2281 juris
1705 2212 2059 2267 ecclesiastici

472 2307 635 2363 fuerit
664 2316 1005 2373 consecutus,
1037 2306 1245 2359 noverit
1284 2319 1344 2359 se
1373 2305 1516 2358 nulla
1549 2304 1665 2373 lege
1694 2304 1781 2358 vel
1807 2307 2054 2374 praescri-

472 2406 655 2473 ptione
684 2404 778 2472 (at.
808 2403 940 2472 legis
964 2399 1391 2470 praescriptione)
1423 2400 1684 2453 munitum
1710 2416 1725 2454 :
1750 2399 1845 2453 sed
1873 2399 1989 2454 sive
2016 2400 2059 2454 is

473 2496 564 2563 qui
592 2496 927 2555 alienaverit,
980 2491 1096 2546 sive
1143 2492 1188 2545 is
1231 2491 1319 2560 qui
1363 2498 1755 2559 consequenter
1784 2489 2060 2544 voluntate

470 2589 739 2643 contraria
781 2585 1038 2656 praedium
1091 2583 1394 2652 bujusmodi
1466 2584 1754 2637 alienatum
1804 2596 2061 2638 revocare

476 2679 779 2743 tentaverit,
812 2680 862 2733 id
890 2694 1010 2734 cum
1043 2677 1304 2733 fructibus
1329 2678 1595 2740 restituat,
1627 2679 1715 2745 qui
1742 2677 1872 2731 illud
1901 2676 2061 2733 fuerit

469 2782 814 2827 consecutus.
863 2770 933 2824 Et
974 2784 1097 2823 cum
1147 2769 1379 2836 legeret,
1426 2767 1728 2836 Stephanus
1773 2769 2060 2837 episcopus

474 2865 758 2920 Venusinae
793 2862 1044 2918 Ecclesia:
1070 2876 1297 2931 surgens
1320 2874 1351 2915 e
1379 2874 1635 2916 consessu
1666 2860 1798 2915 dixit
1824 2878 1837 2914 :
1874 2860 2059 2919 Perle-

474 2969 647 3026 gatut'.
680 2955 959 3010 Hormisda
987 2952 1243 3008 diaconus
1277 2953 1424 3022 legit.

543 3158 713 3224 Quam
745 3156 905 3211 etiam
957 3168 1166 3221 poenam
1217 3153 1415 3221 plaiuit
1456 3152 1766 3221 accipientis
1813 3153 2057 3209 bzerrdes

475 3248 928 3319 prohaeredesque
969 3248 1259 3313 respicere.
1308 3245 1362 3296 In
1394 3258 1499 3313 qua
1531 3259 1589 3298 re
1633 3243 1855 3299 cuilibet
1900 3244 2059 3300 cleri-

472 3356 658 3396 corum
689 3336 1089 3394 contradicendi
1123 3334 1288 3389 libera
1319 3334 1392 3389 sit
1418 3335 1659 3388 facultas.
1705 3334 1945 3402 Iniquum
1977 3347 2059 3391 est

477 3431 640 3494 enim,
665 3439 718 3485 et
745 3427 1005 3495 sacrilegii
1036 3426 1223 3492 instar,
1272 3433 1331 3479 ut
1356 3440 1475 3493 qua:
1504 3426 1586 3480 vel
1617 3441 1715 3494 pro
1746 3428 1941 3493 salute,
1973 3428 2058 3482 vel

476 3536 576 3589 pro
599 3521 780 3589 requie
802 3519 1101 3572 animarum
1131 3530 1348 3569 suarum
1375 3516 1740 3585 unusquisque
1766 3519 2056 3572 venerabili

480 3610 733 3665 Ecclesia:
763 3622 1056 3679 pauperum
1085 3620 1244 3660 causa
1275 3605 1581 3672 contulerit,
1630 3614 1722 3660 aut
1753 3618 1902 3662 certe
1931 3609 2058 3662 reli-

474 3702 677 3770 querit,
702 3701 769 3753 ab
797 3699 901 3765 bis,
924 3713 1057 3768 quos
1082 3698 1195 3751 lucc
1219 3698 1448 3751 maxime
1470 3712 1688 3752 servare
1708 3710 2054 3768 convenerat,

480 3792 532 3845 ia
561 3790 637 3861 (b)
656 3790 980 3844 alienitatem
1011 3787 1422 3842 transferantur.
1450 3786 1627 3841 Plana:
1650 3804 1981 3858 quaecunque
2007 3777 2056 3845 in

479 3884 728 3953 gemmis,
754 3882 835 3937 vel
857 3897 986 3935 auro
1011 3890 1171 3951 atque
1195 3891 1437 3950 argento,
1469 3896 1565 3935 nec
1589 3897 1691 3935 non
1724 3892 1775 3937 et
1801 3884 2056 3952 vestibus,

482 3979 655 4031 minus
691 3986 810 4045 apta
848 3974 1029 4029 usibus
1059 3973 1144 4027 vel
1188 3972 1401 4027 ornatui
1432 3972 1751 4027 videbuntur
1780 3973 2057 4041 Ecclesiae,

480 4086 598 4138 qua:
624 4069 825 4123 servari
869 4082 931 4121 ac
974 4067 1062 4120 diu
1095 4080 1314 4121 manere
1342 4080 1448 4120 non
1497 4075 1741 4134 possunt,
1792 4066 1892 4120 sub
1917 4066 2059 4134 justa

481 4163 837 4218 aestimatione
866 4160 1183 4225 vendantur,
1217 4170 1269 4213 et
1312 4159 1611 4229 erogatiuui
1644 4161 1905 4231 religiosa)
1934 4176 2059 4231 pro-

482 4258 678 4310 ticiant.
710 4256 947 4322 Cumque
978 4254 1111 4308 lecta
1156 4254 1369 4319 fuisset,
1404 4253 1746 4318 Laurentius,
1780 4254 2061 4325 episcopus

481 4345 889 4401 Mediolanensis
918 4345 1193 4411 Ecclesiaa,
1218 4344 1356 4397 dixit
1381 4362 1392 4395 :
1431 4345 1531 4399 Ista
1560 4346 1823 4415 scriptura
1858 4347 2059 4401 nullum

485 4441 734 4491 Ilomana:
783 4437 1010 4489 civitatis
1054 4435 1223 4503 putuit
1264 4436 1500 4503 obligare
1548 4437 1888 4505 pontificem,
1941 4438 2061 4507 quia

484 4544 587 4581 non
633 4526 782 4580 licuit
829 4526 922 4591 (al.
952 4525 1174 4594 placuit)
1222 4526 1356 4579 laico
1396 4529 1664 4581 statuendi
1712 4530 1762 4582 in
1797 4528 2055 4593 ECcIesia,

486 4632 675 4687 νιίιῖιετ
695 4633 881 4687 papam
900 4616 1219 4678 Romanum,
1248 4617 1443 4672 habere
1464 4618 1695 4687 aliquam
1719 4630 2056 4687 potestatem,

481 4710 564 4763 cui
598 4710 675 4778 (c)
704 4707 1031 4776 obsequendi
1060 4709 1156 4775 (at.
1191 4707 1575 4777 subsequendi)
1613 4720 1791 4763 manet
1822 4712 2059 4765 necessi-

484 4811 586 4867 tas,
613 4816 717 4853 non
748 4801 1031 4853 auctoritas
1055 4799 1375 4865 imperandi,
1395 4800 1623 4854 maxime
1650 4815 1770 4854 cum
1806 4815 1904 4855 nec
1928 4815 2060 4871 papa

484 4892 753 4945 Romanus
778 4891 1174 4960 subscripserit,
1211 4907 1308 4946 nec
1335 4893 1557 4962 alicujus
1584 4892 1876 4948 secundum
1901 4910 2061 4949 cauo-

484 5000 582 5040 nes
604 4984 995 5049 metroiiolitaui
1027 4988 1231 5052 legatur
1258 5000 1530 5039 assensus.
1558 4986 1747 5040 Petrus
1774 4988 2059 5056 episcopus

485 5079 528 5130 Il
550 5075 809 5130 ivennatis
833 5073 1082 5127 Ecclesiae
1110 5076 1243 5128 dixit
1273 5092 1286 5127 :
1319 5077 1587 5144 Scriptura
1633 5092 1752 5147 qua:
1793 5079 1844 5132 in
1879 5089 2059 5133 nostra

485 5166 897 5236 congregatione
927 5165 1131 5233 vulgata
1162 5176 1263 5233 est,
1294 5168 1453 5221 nullis
1500 5183 1616 5222 eam
1651 5171 1853 5226 viribus
1882 5173 2061 5226 subsi-

411 5328 416 5334 ι
483 5272 627 5313 stere
653 5257 747 5331 (αι.
777 5255 1049 5322 sustineri)
1084 5252 1418 5308 manifestum
1446 5268 1529 5311 est
1566 5277 1578 5313 :
1622 5263 1745 5328 quia
1777 5276 1873 5315 nec
1900 5277 2061 5316 cano-

486 5353 638 5404 nihus
667 5347 935 5412 convenit,
958 5357 1010 5401 et
1034 5345 1110 5416 (d)
1142 5346 1268 5400 Iaica
1303 5346 1397 5415 (al.
1427 5362 1456 5401 a
1488 5349 1620 5403 laica
1646 5350 1807 5421 nunc)
1835 5367 2062 5421 persena

557 5541 583 5569 ³·
611 5531 762 5585 Hunc
794 5533 964 5585 locum
990 5541 1197 5589 expone
1221 5568 1236 5590 ,
1286 5525 1424 5595 sicut
1455 5527 1795 5595 prrecedente
1824 5530 2055 5583 concilio

484 5602 723 5669 exposita
762 5612 885 5653 sunt
927 5601 1040 5652 luce
1070 5597 1228 5651 verba
1264 5594 1447 5669 :Eius
1487 5600 1596 5650 sedi
1648 5599 1869 5667 primum
1919 5602 2058 5653 Petri

485 5668 700 5740 apustoli
725 5673 977 5731 meritum,
1012 5678 1111 5722 etc.
1141 5669 1265 5721 Suv.
1297 5668 1495 5740 limitis.

558 5748 632 5810 (α)
662 5743 735 5797 Id.
771 5756 895 5805 ms.,
923 5741 1144 5792 alienare
1175 5739 1385 5793 voluerit
1412 5738 1664 5807 inefﬁcax.

2094 4581 2141 4639 Ι)

2164 1957 2262 2012 per
2288 1943 2598 1996 universum
2626 1943 2811 1997 orbem
2845 1944 3129 2011 primatutn
3157 1945 3407 2000 obtinens
3435 1948 3746 2017 sacerdotii,

2162 2038 2377 2090 statutis
2407 2035 2756 2106 synodalibus
2781 2036 3062 2089 consuevit
3088 2036 3325 2092 tribuere
3358 2039 3684 2107 firmitatem,
3717 2055 3748 2097 a

2164 2129 2334 2197 laicis,
2363 2129 2487 2184 licet
2513 2128 2978 2184 consentientibus
3006 2129 3298 2199 aliquantis
3340 2131 3607 2204 episcopis
3635 2135 3749 2205 (qui

2160 2230 2341 2276 tamen
2374 2220 2634 2287 pontifici,
2670 2238 2699 2274 a
2723 2236 2829 2289 quo
2856 2220 3165 2275 consecrari
3197 2222 3508 2290 probantur,
3555 2227 3751 2295 ιιι-αδμι-

2162 2311 2359 2367 dicium
2404 2309 2604 2365 inferre
2635 2326 2740 2365 non
2792 2310 3127 2380 potuerunt),
3171 2321 3555 2379 prmsumptuin
3582 2313 3752 2371 fuisse

2162 2404 2534 2474 cognoscitur,
2596 2404 2804 2458 viribus
2845 2418 3034 2461 carere
3086 2421 3191 2459 non
3234 2405 3455 2460 dubium
3498 2415 3601 2473 est,
3650 2423 3751 2462 nec

2164 2512 2321 2566 posse
2349 2498 2487 2552 inter
2514 2496 2883 2552 ecclesiastica
2916 2497 3025 2551 ullo
3054 2496 3213 2551 modo
3265 2505 3461 2550 statuta
3507 2499 3751 2552 censeri?

2160 2590 2354 2643 Sancta
2392 2588 2628 2658 synodus
2654 2587 2825 2642 dixit:
2862 2587 3053 2654 Liquet
3085 2588 3381 2643 secundum
3415 2591 3750 2657 prosecutio-

2163 2698 2287 2735 nein
2330 2680 2722 2736 venerabilium
2776 2679 2999 2734 fratrum
3048 2690 3388 2746 nostrorum,
3448 2680 3749 2751 Laurentii,

2163 2772 2328 2837 Petri,
2364 2771 2581 2839 Eulalii,
2615 2772 2915 2837 Cresconii,
2945 2772 3181 2836 Maximi,
3226 2772 3308 2826 vel
3335 2774 3618 2841 Stephani,
3652 2790 3751 2831 nec

2162 2866 2302 2935 apud
2331 2879 2430 2921 nos
2462 2865 2724 2919 incertum
2755 2862 3003 2927 habetur,
3052 2863 3191 2919 hanc
3225 2864 3396 2932 ipsam
3427 2865 3749 2933 scripturam

2162 2959 2364 3012 nullius
2392 2972 2512 3012 esse
2544 2955 2823 3023 momenti,
2854 2971 3036 3025 quam,
3083 2956 3293 3011 etiamsi
3341 2958 3518 3027 aliqua
3568 2972 3751 3028 posset

2163 3053 2457 3107 subsistere
2488 3051 2719 3113 ratione,
2773 3048 2947 3103 modis
2982 3049 3231 3104 omnibus
3261 3050 3310 3103 in
3343 3050 3593 3120 synodali
3620 3065 3752 3105 cono

2166 3156 2331 3200 ventu
2356 3145 2578 3214 provida
2608 3145 2954 3201 beatitudinis
2984 3160 3175 3199 vesrae
3206 3146 3473 3200 sententia
3501 3148 3750 3202 enervari

2162 3241 2538 3305 conveniebat,
2584 3250 2639 3295 et
2669 3242 2721 3295 in
2752 3239 2963 3294 irritum
2991 3239 3206 3302 deduci,
3257 3254 3325 3295 ne
3356 3240 3406 3293 in
3438 3242 3747 3309 exemplum

2162 3340 2469 3388 remaneret
2512 3331 2871 3402 praisumendi
2903 3330 3228 3400 quibuslibet
3282 3330 3453 3397 laicis,
3505 3335 3752 3401 quamvis

2162 3424 2429 3493 religiosis
2457 3424 2541 3478 vel
2572 3422 2905 3494 potentibus,
2935 3422 2988 3476 in
3021 3437 3345 3492 quacunque
3376 3424 3593 3479 civitate
3619 3439 3753 3495 quo-

2163 3516 2295 3569 libet
2324 3514 2484 3569 modo
2511 3514 2714 3584 aliquid
2741 3516 3038 3569 decernere
3067 3515 3136 3569 de
3170 3516 3553 3570 ecclesiasticis
3579 3517 3748 3571 facu'-

2162 3605 2391 3670 tatibus;
2443 3620 2671 3674 quarum
2723 3605 2853 3659 solis
2901 3605 3272 3659 sacerdotibus
3302 3605 3623 3673 disponendi
3671 3607 3753 3661 in-

2160 3698 2402 3753 discusse
2432 3714 2461 3751 a
2494 3699 2603 3751 Deo
2628 3711 2754 3752 cura
2783 3697 3070 3751 commissa
3102 3697 3345 3754 docetur.
3396 3697 3750 3769 Symmachus

2161 3789 2447 3859 episcOpus
2490 3788 2671 3842 dixit:
2714 3787 2889 3851 Modo,
2936 3789 3060 3855 quia
3107 3789 3245 3842 Deus
3287 3789 3625 3855 prmsentiam
3655 3805 3750 3844 ve-

2161 3894 2327 3933 SIram
2360 3880 2593 3934 votivam
2618 3878 2746 3933 mihi
2771 3880 2871 3932 sub
2897 3878 3136 3946 qualibet
3155 3880 3438 3934 occasione
3458 3881 3749 3944 concessit,

2164 3979 2285 4025 vo'o
2313 3974 2379 4045 (si
2414 3971 2610 4041 placet)
2643 3987 2756 4025 rem
2788 3972 2903 4025 fieri
2939 3972 3170 4037 ﬁrmam,
3203 3986 3360 4040 quam
3389 3970 3552 4025 credo
3579 3973 3753 4027 eccle-

2161 4064 2390 4118 siasticis
2420 4062 2761 4117 facultatibus
2791 4062 3103 4125 convenire,
3135 4072 3192 4115 ut
3216 4072 3512 4132 agnoscant
3539 4078 3751 4128 omnes,

2162 4167 2295 4223 quos
2325 4153 2379 4207 in
2417 4167 2503 4207 me
2533 4166 2701 4205 vanus
2747 4151 2894 4205 furor
2936 4153 3212 4217 excitavit,
3267 4150 3399 4205 nihil
3450 4167 3537 4206 me
3581 4153 3751 4221 magis

2162 4243 2378 4298 studere
2412 4256 2570 4311 quam
2634 4251 2689 4295 ut
2731 4241 2937 4295 saltum
2968 4255 3088 4295 esse
3132 4241 3302 4308 possit
3334 4242 3474 4309 quod
3509 4243 3638 4296 mihi
3668 4253 3754 4296 est

2162 4350 2191 4386 a
2225 4334 2333 4387 Deo
2356 4334 2455 4386 sub
2481 4332 2885 4400 dispensatione
2916 4332 3287 4398 commissum,
3328 4334 3420 4387 sed
3449 4343 3503 4386 et
3533 4332 3756 4402 quibus-

2165 4428 2293 4482 libet
2327 4426 2775 4499 (successoribus)
2807 4427 2972 4481 Deum
3005 4426 3336 4491 timentibus,
3385 4440 3596 4496 gnatum
3628 4442 3756 4488 esse

2166 4517 2379 4584 debeat,
2410 4529 2464 4573 et
2492 4517 2557 4571 ad
2588 4518 2938 4573 ecclesiastici
2966 4517 3265 4572 custodiam
3295 4520 3601 4587 patrimonii
3630 4534 3750 4589 per-

2168 4608 2358 4663 tinere.
2410 4608 2606 4663 Sancta
2652 4608 2892 4679 synodus
2935 4608 3106 4663 dixit:
3147 4607 3360 4663 Scimus
3392 4610 3754 4677 provisionem

2166 4713 2395 4757 vestram
2426 4701 2747 4757 necessariis
2788 4702 3027 4767 studere,
3082 4711 3136 4757 et
3184 4702 3305 4757 ideo
3354 4705 3405 4758 in
3451 4716 3628 4760 vestra
3670 4719 3758 4761 est

2169 4801 2431 4863 potestate
2459 4793 2729 4861 sequenda
2752 4793 3059 4862 disponere.
3091 4795 3445 4864 Symmachus
3466 4798 3756 4866 episcopus

2170 4885 2424 4941 Ecclesia:
2453 4884 2727 4940 catholicae
2757 4884 2908 4939 urbis
2927 4885 3111 4940 Romae.
3137 4886 3269 4940 dixit
3295 4904 3307 4937 :
3333 4886 3517 4957 Magna
3535 4889 3757 4957 quidem

2169 4976 2473 5033 venerando
2499 4985 2554 5031 et
2583 4975 2902 5030 sacerdotali
2932 4976 3158 5030 debetur
3192 4977 3400 5032 cultura
3450 4982 3756 5047 proposito,

2168 5076 2250 5127 cui
2284 5070 2528 5125 imminet
2553 5069 2618 5123 de
2640 5068 2840 5132 studio,
2872 5084 2991 5138 quae
3021 5076 3165 5122 recta
3206 5080 3352 5134 sunt,
3403 5084 3509 5125 non
3553 5071 3620 5126 de
3660 5087 3763 5125 ne-

2168 5167 2442 5229 cessitate,
2462 5164 2769 5233 di5p0nere.
2790 5161 2896 5217 Sed
2918 5163 3170 5233 quoniam
3202 5164 3254 5217 in
3282 5164 3549 5232 aliquibus
3578 5165 3761 5220 aliena

2172 5255 2585 5326 postulantibus,
2642 5254 2892 5308 vitiorum
2941 5264 3113 5308 mater
3153 5256 3413 5323 avaritia,
3462 5257 3766 5325 repudiatis

2175 5349 2471 5403 honestatis
2498 5347 2790 5417 repagulis,
2834 5355 3004 5402 totum
3038 5357 3187 5417 putat
3215 5349 3473 5421 expedire
3523 5349 3665 5421 quod
3700 5352 3769 5405 li-

2237 5525 2313 5594 (b)
2346 5526 2422 5580 Id.
2454 5541 2580 5593 ms.,
2610 5525 3014 5580 ellerantudine.

2238 5600 2311 5662 (r)
2345 5598 2418 5649 Id.
2446 5613 2569 5662 ms.,
2611 5596 2973 5665 subsequendi.

2242 5668 2321 5736 (d)
2356 5667 2431 5721 Id.
2467 5682 2591 5732 ms.,
2624 5684 2654 5719 (ι
2683 5666 2815 5719 laica
2849 5682 3003 5719 nunc.
3676 5674 3703 5699 ε’

2242 5741 2311 5807 (e)
2343 5738 2413 5791 Id.
2456 5752 2579 5804 ms.,
2617 5747 2848 5792 testatum
2875 5737 3051 5805 fuerit.
