4044 6184
242 3542 249 3545 ’
343 3551 413 3620 (ε)
441 3552 835 3608 existimatione
862 3554 1139 3621 reditibus,
1188 3563 1243 3609 et
1280 3556 1442 3610 divini
1491 3556 1681 3612 timore
1706 3555 1914 3626 iudicii,

379 336 451 392 Π
1582 350 1937 407 EPISTOLA‘S
1978 351 2064 407 ET
2106 354 2440 415 DECRETA.
3568 378 3637 427 78

380 450 473 502 bet
495 465 509 503 :
531 458 584 505 et
609 451 703 524 ita,
736 450 861 508 dum
884 454 1078 523 praedae
1104 456 1271 512 inhiat
1295 457 1550 529 patientia
1573 476 1817 531 supernae
1845 464 1951 531 pie-
1984 466 2031 523 A
2062 465 2166 520 fata
2197 471 2502 525 conditione
2544 472 2809 541 domibus,
2859 475 2938 529 ali.
2965 493 3092 532 nare
3124 480 3430 544 tentaveiit,
3471 483 3635 536 dorm-

377 542 507 594 tatis
553 542 827 609 abutitur,
889 549 1329 616 exspectantibus
1383 553 1773 608 correctionem
1817 555 1956 610 cmlo
2060 566 2163 623 tor,
2205 561 2464 617 alienator
2510 580 2572 620 ac
2624 569 2903 633 venditor,
2961 571 3179 625 honoris
3220 574 3299 627 sui
3345 575 3634 629 amissione

376 632 710 701 moderante,
758 636 973 705 judiciis
1014 653 1074 694 se
1118 642 1425 697 existimant
1466 659 1572 698 non
1604 645 1797 711 teneri,
1832 661 1954 701 cum
2056 650 2356 705 mulctctur.

375 724 577 778 clarum
604 726 691 790 sit,
724 728 863 794 quod
895 729 1034 795 apud
1056 739 1234 785 certos
1265 733 1318 786 in
1348 734 1685 790 occasionem
1712 737 1952 805 rapiendi
2785 727 2899 783 VH-

373 814 629 881 ριοονάειι
651 816 845 872 divinat
872 832 1023 872 mora
1052 822 1355 877 sententiae.
1382 822 1486 878 Sed
1520 826 1672 880 nobis
1700 842 1833 894 quos
1856 841 1951 895 pa-

2126 819 2413 885 Prteterea,
2433 824 2520 893 qui
2551 825 2759 893 petierit
2776 838 2867 881 aut
2884 832 3173 899 acceperit,
3194 832 3279 886 vel
3299 833 3385 901 qui
3410 831 3629 903 presby-

372 904 588 957 storalis
619 919 745 959 cura
785 916 840 961 et
868 907 1234 963 ecclesiastica
1279 910 1547 982 astringit,
1594 930 1690 982 pro
1736 914 1952 984 dispen-
2054 917 2313 976 lerorum,
2335 923 2427 966 aut
2452 915 2819 982 diaconorum,
2839 933 2933 973 seu
2968 921 3307 975 defensorum
3333 922 3479 977 danti
3506 924 3627 977 sub-

370 993 575 1048 sa:ioue
601 996 823 1061 credita,
851 998 989 1051 ratio
1014 999 1284 1055 reddenda
1313 1002 1626 1057 substantia:
1652 1022 1663 1057 :
1688 1020 1824 1073 opus
1845 1016 1946 1072 est,
2050 1014 2095 1055 8(

2050 1002 2339 1072 scripserit,
2368 1020 2473 1074 quo
2501 1005 2667 1062 iratus
2703 1009 2840 1063 Dens
2870 1012 3076 1066 animas
3120 1015 3366 1080 percutit,
3399 1013 3625 1069 anathe-

372 1094 430 1135 ut
458 1084 867 1141 sollicitudinem
912 1099 1172 1156 nostram,
1207 1107 1312 1145 non
1343 1093 1515 1147 solum
1545 1095 1609 1149 ad
1641 1098 1944 1165 praesentia,
2048 1103 2190 1146 mate
2216 1094 2452 1149 feriatur.
2485 1095 2671 1166 Sitque
2701 1101 3003 1167 accipienti,
3040 1103 3122 1155 vel
3169 1103 3525 1160 stibSCribenli
3555 1106 3622 1159 de

368 1177 462 1230 sed
488 1178 650 1231 etiam
678 1180 744 1233 ad
773 1192 1016 1236 secutura
1050 1185 1241 1236 saecula
1273 1185 1627 1254 porrigamns,
1654 1202 1720 1241 ne
1744 1188 1808 1261 ad
1831 1189 1945 1243 ani-
2048 1194 2095 1249 Pl

2048 1182 2292 1249 personis
2314 1186 2556 1253 superius
2580 1190 3005 1257 comprehensis,
3052 1192 3105 1246 id
3134 1202 3215 1248 est
3242 1209 3376 1264 quas
3401 1200 3616 1250 anathe-

367 1284 467 1320 mae
501 1278 699 1322 nostra:
744 1269 1064 1325 detrimenta
1096 1275 1390 1342 contingat,
1432 1276 1476 1330 si
1510 1276 1561 1330 hi
1593 1278 1680 1345 qui
1721 1288 1945 1347 possunt
2048 1284 2095 1323 ῐη

2048 1279 2191 1324 mate
2222 1271 2368 1326 feriri
2400 1276 2703 1329 censuimus
2741 1278 3005 1345 (instituta
3049 1296 3206 1350 paena
3259 1284 3617 1338 contuberna-

366 1359 583 1412 statutis
610 1358 805 1413 debere
835 1362 1213 1428 innocentiam,
1264 1376 1648 1432 prtesnmentes
1682 1369 1750 1424 de
1777 1370 1942 1424 liber-
2044 1357 2095 1411 ιίι

2044 1357 2171 1413 lium
2200 1363 2455 1433 servata),
2489 1380 2647 1433 quam
2698 1371 3050 1435 praemisimus
3079 1372 3131 1425 in
3171 1373 3468 1429 alienatore
3500 1375 3615 1428 vin-

368 1459 496 1514 tate,
547 1450 892 1518 deliquerint,
941 1466 1060 1504 cum
1105 1454 1351 1523 religiosa
1404 1457 1609 1525 possint
1656 1467 1711 1513 et
1757 1467 1937 1514 nostra
2042 1448 2093 1502 di

2042 1448 2203 1504 dicta.
2238 1451 2347 1505 Nisi
2377 1453 2513 1509 forte
2538 1465 2591 1510 et
2618 1458 2876 1513 alienator
2901 1462 3024 1527 sibi,
3055 1464 3177 1517 dum
3207 1468 3419 1535 repetit,
3449 1478 3503 1523 et
3523 1473 3613 1539 qui

364 1541 695 1593 successoris
726 1542 891 1596 nostri
927 1552 1191 1611 potestate
1226 1544 1419 1610 fulciri,
1450 1548 1653 1617 legibus
1683 1551 1939 1605 ecclesia-
2041 1556 2095 1595 ac

2041 1542 2325 1612 acceperit,
2356 1545 2517 1601 celeri
2549 1548 2886 1605 restitutione
2917 1560 3270 1623 prospexerit.

363 1631 510 1684 sticis
538 1632 855 1686 servientes.
2760 1662 2890 1718 VIII.

1108 1751 1194 1805 IV.
1964 1818 2010 1838 ῃ
2109 1755 2260 1822 Quod
2290 1757 2332 1812 si
2362 1759 2570 1817 minore
2600 1763 2789 1817 animae
2809 1780 2920 1819 sua:
2941 1780 3089 1833 cura,
3116 1769 3394 1838 quisquam
3427 1786 3606 1827 reme-

2122 1818 2152 1822 ν,
2902 1818 2911 1819 κ
3015 1818 3021 1819 κ
3058 1818 3089 1833 κ,
3133 1818 3146 1837 .
3429 1818 3573 1827 -ν-..ν

429 1835 525 1889 llis
543 1851 674 1907 ergo
700 1839 996 1909 perpensis,
1013 1856 1265 1897 mansuro
1294 1856 1416 1898 cum
1441 1842 1534 1900 Dei
1566 1847 1733 1901 nostri
1761 1850 1931 1904 consi-
1964 1818 2011 1876 Β
2039 1848 2181 1905 dium
2212 1852 2445 1908 oblatum
2479 1855 2619 1911 forte
2666 1860 2978 1927 neglexerit,
3030 1876 3189 1929 supra
3234 1872 3295 1917 ea
3327 1878 3603 1928 pomarium

360 1926 638 1981 deratione
661 1929 897 1998 decreto,
927 1932 1217 1998 sancimus,
1259 1944 1315 1989 ut
1346 1935 1477 1990 nulli
1505 1938 1811 2005 apostolica:
1849 1954 1935 1996 se-
2034 1957 2250 2009 genera,
2300 1961 2419 2015 qna:
2449 1948 2695 2016 superius
2727 1926 2979 2007 tenentur
3013 1953 3266 2022 ascripta,
3313 1965 3494 2010 contra
3526 1957 3606 2013 fas

358 2018 461 2083 dis,
494 2022 732 2087 praesuli,
773 2038 803 2076 a
835 2026 1083 2092 praesenti
1132 2025 1220 2082 die
1252 2026 1466 2098 (donec,
1489 2030 1807 2098 disponente
1832 2031 1932 2087 do-
2034 2032 2080 2087 si
2127 2035 2266 2103 quod
2316 2049 2630 2106 conceptum
2680 2039 2839 2095 fuerit
2881 2018 3291 2109 documentum,
3341 2047 3605 2101 universis

357 2110 523 2175 mino,
569 2112 848 2167 catholicae
888 2114 1011 2169 fidei
1064 2117 1321 2171 manserit
1366 2118 1607 2173 doctrina
1659 2120 1927 2191 salutaris)
2033 2128 2254 2189 viribus.
2287 2133 2532 2200 quamvis
2558 2133 2626 2188 ab
2666 2134 2816 2188 initio
2852 2136 3027 2190 nullas
3059 2136 3321 2201 habuerit,
3369 2138 3447 2208 (f)
3474 2140 3603 2193 etle-

356 2203 512 2256 liceat
539 2204 795 2271 praedium
849 2207 1127 2272 rusticum,
1179 2218 1604 2281 quantaecunque
1644 2211 1800 2266 fuerit
1846 2214 1928 2268 vel
2035 2226 2196 2272 tetnr.
2240 2218 2344 2273 Sed
2377 2223 2538 2275 etiam
2582 2222 2741 2277 liceat
2779 2224 3186 2293 quibuscunque
3226 2203 3601 2283 ecclesiasticis

356 2294 751 2365 magnitudinis,
772 2298 857 2352 vel
875 2298 1179 2372 exiguitatis
1202 2301 1301 2353 sub
1324 2310 1575 2368 perpetua
1604 2302 1929 2361 alienatione
2034 2310 2276 2376 personis
2303 2325 2487 2364 vocem
2530 2314 2967 2369 contradictionis
3007 2314 3219 2379 alferre,
3265 2326 3315 2371 et
3346 2319 3599 2374 ecclesia-

354 2386 437 2440 vel
464 2388 883 2444 commutatione
930 2390 997 2444 ad
1025 2389 1309 2460 cujuslibet
1327 2392 1444 2461 jura
1470 2394 1778 2449 transferre.
1820 2395 1927 2452 Nec
2032 2393 2162 2447 stica
2193 2395 2509 2451 auctoritate
2540 2395 2732 2463 fulciri,
2783 2401 2857 2455 ita
2888 2408 2946 2455 ut
2972 2416 3095 2456 cum
3135 2401 3393 2457 fructibus
3434 2405 3601 2471 possit

354 2480 662 2547 cujusquam
708 2492 1031 2537 excusantur
1059 2484 1397 2539 necessitatis
1449 2486 1690 2552 obtentu,
1732 2486 1926 2558 quippe
2030 2484 2261 2538 alienata
2288 2500 2575 2555 reposcere
2600 2506 2612 2541 :
2640 2503 2738 2544 nec
2765 2490 2947 2560 aliqua
2967 2505 3026 2546 se
3049 2500 3173 2547 ante
3200 2493 3429 2547 tribunal
3451 2493 3599 2548 Chri-

353 2584 468 2624 eum
498 2585 604 2624 non
634 2570 701 2625 sit
730 2574 1032 2640 personale,
1084 2573 1227 2644 quod
1271 2574 1575 2645 loquimur:
1613 2591 1712 2632 nec
1734 2578 1926 2649 aliquis
2029 2574 2095 2627 sti
2136 2574 2414 2632 obstaculo
2461 2579 2683 2644 muniat,
2723 2581 2815 2650 qui
2854 2596 2883 2633 a
2912 2581 3173 2652 religiosis
3213 2584 3494 2638 animabus
3530 2585 3596 2639 ad

347 2661 662 2735 clericon
705 2663 789 2717 vel
836 2664 1090 2717 laicorum
1123 2665 1224 2721 sub
1262 2665 1361 2720 hac
1387 2666 1670 2721 occasione
1708 2678 1922 2738 accepta
2027 2664 2380 2720 substantiam
2413 2683 2704 2737 pauperum
2736 2671 3011 2737 derelicta,
3043 2684 3227 2727 contra
3258 2674 3334 2728 fas
3359 2675 3478 2749 sine
3501 2675 3598 2730 ali-

351 2760 576 2805 tueatur.
628 2728 735 2807 Sed
766 2767 865 2807 nec
892 2753 968 2823 (a)
1000 2754 1051 2808 in
1086 2754 1477 2826 tistthuctttario
1510 2754 1632 2824 jure
1659 2728 1924 2826 aliquibus
2026 2768 2128 2823 qua
2161 2755 2372 2823 pietatis
2416 2728 2848 2814 consideratione
2886 2728 3160 2831 dispergit.
3210 2748 3593 2832 Hujusautem

350 2841 471 2895 dare
515 2844 694 2907 liceat,
751 2859 848 2899 nec
888 2844 1011 2898 data
1056 2848 1311 2910 retinere,
1354 2857 1550 2915 praeter
1593 2848 1838 2915 clericos,
1868 2860 1924 2905 et
2026 2846 2417 2902 conatitntinnis
2458 2849 2629 2918 legem
2672 2851 2725 2904 in
2769 2854 3058 2920 apostolica
3101 2861 3306 2908 tantum
3350 2857 3592 2914 volumus

348 2936 616 3002 captivos,
646 2944 807 3004 atque
830 2941 1138 3008 peregrinos
1162 2956 1175 2992 :
1199 2954 1269 2995 ne
1299 2940 1451 2995 malae
1475 2941 1802 2995 tractationis
1824 2942 1923 2996 mi-
2024 2935 2155 2991 sede
2195 2938 2418 3007 servari,
2470 2937 2525 2992 in
2567 2940 2828 2995 universis
2856 2942 3113 2998 Ecelesiis
3153 2958 3247 3013 per
3296 2948 3594 3015 provincias

349 3026 602 3079 nistretur
631 3029 864 3094 occasio,
893 3044 1013 3083 cum
1043 3030 1347 3085 liberalitati
1377 3030 1451 3085 illi
1498 3030 1599 3084 alia
1632 3030 1705 3103 (lt)
1730 3031 1920 3087 itinera
2024 3016 2316 3083 secundum
2343 3031 2638 3085 animarum
2687 3033 3190 3100 considerationem,
3240 3050 3419 3105 quem,
3466 3054 3593 3109 pro-

347 3126 705 3172 reserventur.
1100 3191 1142 3196 __
1953 3182 1992 3196 Α
2027 3130 2094 3185 P0

2027 3117 2199 3185 posito
2226 3117 2497 3188 religionis
2523 3122 2809 3178 convenire
2857 3132 3094 3180 rectores
3119 3140 3307 3182 earum
3336 3128 3587 3196 viderint,

1100 3191 1163 3245 γ.
1948 3182 1994 3243 C
2024 3221 2174 3262 more
2199 3217 2430 3263 servato.

414 3278 558 3334 Sane
584 3290 788 3335 tantum
821 3281 1012 3337 domus
1042 3282 1094 3337 in
1119 3284 1446 3354 quibuslibet
1468 3284 1693 3340 urbibus
1716 3285 1919 3340 consti-

346 3380 490 3433 tutze,
508 3385 733 3439 quarum
758 3382 953 3428 statum
973 3389 1189 3430 necesse
1209 3386 1292 3430 est
1316 3390 1547 3443 expensa
1579 3389 1684 3430 non
1710 3376 1917 3431 modica

346 3462 653 3525 sustentari,
700 3467 933 3533 acceptis
964 3466 1032 3533 (si
1072 3465 1255 3521 ollerri
1298 3465 1606 3537 contigerit)
1650 3468 1748 3523 sub
1775 3468 1917 3535 justa

2585 3335 3038 3380 SUBSCRIP'I‘IONES.

2092 3408 2286 3465 Caelius
2325 3412 2677 3482 Symmachu.
2704 3417 3004 3490 episcopus
3035 3419 3284 3474 Ecclesiae
3333 3420 3587 3477 Romana:

2020 3496 2143 3553 huic
2168 3502 2460 3556 constituto
2488 3519 2515 3556 a
2544 3504 2699 3559 nobis
2724 3506 2865 3561 facto
2891 3509 3203 3579 subscripsl.

2089 3593 2285 3649 C:elius
2314 3596 2631 3656 Laurentius
2650 3603 2934 3671 episcopus
2960 3613 3160 3657 sancta:
3177 3604 3586 3662 Mediolaueusis

2020 3685 2273 3740 Ecclesiae
2313 3687 2435 3743 huic
2465 3692 2755 3748 constituto
2783 3702 2811 3745 a
2856 3694 3145 3749 venerabili
3176 3710 3307 3765 papa
3343 3696 3589 3768 Symma-

1087 3756 1175 3811 γι.
2017 3776 2118 3831 cho
2146 3776 2286 3831 facto
2314 3779 2635 3850 subscripsi.

410 3851 524 3906 Pori
552 3852 714 3907 etiam
759 3854 1106 3909 ecclesiarum
1150 3870 1247 3924 per
1279 3870 1469 3911 omnes
1500 3858 1751 3911 Romanae
1780 3856 1913 3909 civi-
2089 3869 2095 3923 1

2089 3868 2279 3924 Petrus
2340 3872 2621 3941 episcopus
2688 3876 2968 3933 catholicae
3016 3878 3340 3935 Ravennatis
3386 3893 3588 3937 sanctae

337 3944 464 3997 tatis
489 3944 696 4008 titulos,
728 3944 816 4013 qui
839 3957 963 3998 sunt
986 3945 1304 4015 presbyteri,
1336 3947 1420 4001 vel
1449 3948 1750 4017 quicunque
1793 3946 1911 4002 fue-
2017 3959 2095 4015 Ec

2020 3959 2274 4016 Ecclesia:
2318 3961 2443 4017 huic
2471 3965 2765 4023 constituto
2793 3982 2822 4021 a
2852 3972 3144 4025 venerabili
3180 3985 3315 4041 papa
3355 3971 3585 4027 Simma-

337 4031 429 4097 rit,
449 4032 674 4101 astringi
706 4034 948 4088 volumus
976 4035 1093 4103 lege
1126 4034 1415 4091 custodes:
1441 4038 1565 4107 quia
1595 4035 1744 4092 nefas
1770 4037 1915 4092 dictu
2016 4050 2118 4105 cbo
2151 4051 2294 4106 [acto
2322 4054 2633 4124 subscripsi,

336 4130 440 4183 est,
469 4122 793 4191 obligatione
825 4166 839 4189 ,
888 4139 991 4193 qna
1028 4139 1087 4180 se
1115 4142 1207 4194 per
1235 4128 1509 4181 caritatem
1541 4127 1738 4182 Christi
1781 4142 1913 4182 con-
2089 4152 2095 4178 ι

2089 4152 2113 4178 α
2152 4143 2385 4197 Eulalius
2426 4147 2709 4215 episcopus
2758 4148 3012 4205 Ecclesiae
3066 4153 3415 4222 Syracusana:
3462 4156 3583 4209 huic

336 4214 502 4266 υθοιίι
531 4230 772 4269 summus
804 4215 1061 4284 Ροηῑίῖθῐν
1095 4232 1157 4271 ea
1190 4219 1459 4273 hominem
1492 4221 1708 4275 secundi
1742 4221 1793 4274 in
1826 4236 1916 4276 ec-
2015 4232 2303 4286 constituto
2343 4248 2373 4287 a
2400 4235 2694 4291 venerabili
2742 4252 2879 4308 papa
2909 4240 3233 4312 Symmacho
3277 4244 3415 4299 Iacto
3453 4246 3578 4300 sub-

336 4302 497 4356 clesia
527 4305 734 4383 ordinis
760 4323 862 4359 non
894 4309 1081 4361 teneri.
1122 4309 1435 4379 Quicunque
1470 4319 1645 4366 tamen
1678 4315 1749 4383 (e)
1776 4314 1933 4368 nbli-‘
2014 4322 2224 4390 scripsi.

343 3640 419 3709 (ά)
442 3654 838 3697 commutantur
866 3643 965 3713 (al.
999 3644 1460 3716 commodentur).

336 4400 507 4458 gates,
536 4392 654 4457 Dei,
682 4406 738 4447 et
766 4395 966 4449 decreti
991 4398 1146 4466 hujus
1178 4401 1464 4454 immemor
1484 4401 1637 4470 cujus
1658 4402 1913 4457 Romana:
2156 4412 2302 4467 Felix
2335 4414 2774 4475 Inleramnens‘s.

336 4482 568 4537 civitatis
612 4486 918 4541 sacerdotes
954 4490 1197 4542 volumus
1248 4491 1506 4559 religiosis
1555 4495 1780 4548 nexibus
1822 4495 1913 4548 de—
1941 4538 1990 4597 D
2153 4503 2471 4561 Cresconius
2493 4507 2834 4565 Tudertiuus.

336 4574 547 4636 vinciri,
599 4574 651 4628 in
683 4577 1034 4632 constitutum
1068 4595 1307 4649 prmsens
1354 4586 1717 4650 committens,
1760 4587 1914 4653 quid-
1944 4574 1989 4597 ν
2157 4596 2473 4651 Aimilianus
2506 4599 2882 4658 Vcrcelleusis.

337 4680 491 4731 quam
522 4666 589 4720 de
630 4666 751 4734 jure
783 4669 1053 4724 titulorum
1094 4674 1173 4727 vel
1216 4675 1459 4729 ecclesia:
1494 4678 1736 4745 superius
1780 4692 1914 4747 prte-
2157 4684 2428 4741 Jocuudns
2461 4687 2900 4758 Subaugustanus
2934 4693 3028 4762 (al.
3052 4696 3442 4767 Augttstanus).

338 4757 457 4807 fatu:
502 4759 743 4824 quolibet
789 4762 969 4829 modo,
1020 4774 1213 4832 praeter
1262 4782 1472 4829 aurum,
1523 4779 1795 4837 argentum
1827 4771 1908 4825 vel
2157 4776 2422 4844 Tigridins
2451 4757 2733 4837 Taurinas.

337 4861 590 4912 gemmas,
629 4860 803 4904 testes
833 4869 1065 4923 quoque,
1109 4857 1152 4907 si
1185 4866 1327 4921 sunt,
1380 4859 1465 4913 vel
1513 4862 1555 4912 si
1586 4864 1913 4916 accesserint
2159 4866 2341 4922 Vitatis
2375 4869 2678 4926 Fundanus.

337 4937 507 5003 aliqua
536 4940 772 5004 mobilia,
816 4943 881 4995 ad
934 4957 1245 5000 ornamenta
1290 4948 1466 5005 divina
1505 4952 1720 5006 minime
1747 4954 1912 5021 perti-
2159 4957 2352 5013 Bassus
2378 4961 2471 5027 (at.
2506 4962 2814 5032 Bassianus)
2846 4965 3177 5024 Mutinensis.

338 5028 537 5095 nentia,
586 5033 1010 5102 perpetuojurc,
1062 5040 1300 5107 exceptis
1344 5040 1601 5097 duntaxat
1645 5044 1743 5098 sub
1772 5060 1907 5114 νηξ-
2158 5049 2513 5107 ‘Pacatiauus
2540 5052 2927 5131 Comacleusis.

409 5254 433 5280 ⁸
466 5246 517 5334 Iri
543 5247 911 5334 rebusngesti's
943 5250 1012 5301 S.‘
1039 5251 1298 5334 Fulgentii
1328 5252 1621 5334 Ruspensis
1640 5256 1901 5334 episcopi,
2084 5257 2159 5334 (a)
2189 5259 2264 5334 Id.
2298 5275 2421 5325 ms.,
2448 5279 2502 5314 tn
2527 5265 2791 5329 usnfructu
2817 5279 2963 5317 rura.

336 5313 449 5367 haec
471 5317 537 5370 de
572 5313 775 5397 Eulalio
806 5319 1094 5397 habentur:
1124 5313 1363 5397 Eulaliae
1395 5313 1468 5397 ri'r
1496 5313 1695 5397 eximia;
1722 5313 1905 5379 sancti;
2082 5313 2154 5397 (bi
2189 5328 2262 5382 Id.
2297 5313 2421 5397 ms;
2452 5313 2685 5386 retinere.

338 5388 473 5466 tatis,
506 5388 818 5468 admirabilis
840 5391 1223 5468 hospitalitatis,
1250 5395 1626 5468 perfectissima:
1647 5398 1894 5468 caritatis,
2081 5388 2151 5468 (ε)
2184 5401 2259 5454 Id.
2292 5388 2420 5466 ms.,
2447 5403 2795 5456 (estimatione.

338 5404 473 5446 rans,
506 5404 818 5440 aannrauuts
840 5404 1223 5456 hospitalitatis,
1250 5404 1626 5463 perfectissima:
1647 5404 1894 5460 caritatis,
2105 5404 2151 5468 c)
2184 5404 2259 5454 Id.
2292 5419 2416 5466 ms.,
2447 5404 2795 5456 (estimatione.

334 5456 388 5505 in
408 5460 552 5527 cujus
580 5458 1307 5538 cordentltesaurussapientia:
1324 5464 1606 5538 spiritantia
1636 5464 1904 5538 abscondi-
2078 5404 2158 5538 id)
2192 5471 2263 5525 Id.
2294 5486 2418 5536 ms.,
2453 5472 2845 5526 committentur.

338 5534 440 5590 lus,
468 5529 650 5580 multo:
680 5527 984 5581 talentorum
1005 5527 1374 5586 dominicoruut
1406 5535 1742 5601 negotiatione
1766 5536 1902 5589 dita-
2078 5527 2152 5677 (εξ
2181 5542 2255 5601 Μ.
2288 5527 2416 5609 ms.,
2441 5544 2646 5599 oblitus.

338 5595 438 5647 bat.
477 5596 673 5677 Virtute
697 5600 1177 5677 enim_dis_crelionis
1213 5618 1364 5672 super
1396 5606 1583 5677 omnia“
1606 5606 1895 5675 decoratus,
2078 5614 2128 5677 (Ῑ
2179 5613 2253 5666 Id.
2283 5630 2409 5675 ms.,
2442 5614 2646 5677 e/Iecetu

338 5595 438 5647 bat.
477 5596 673 5680 Virtute
697 5600 1177 5680 enim‘discrelionis
1213 5618 1364 5672 super
1396 5595 1585 5680 omnia
1606 5606 1895 5680 decoratus,
2179 5595 2255 5666 Id:
2442 5595 2698 5680 e/Iecetar.

339 5668 703 5789 rsnonagiomm
732 5670 1094 5739 professionem
1114 5668 1462 5741 super'omm'a
1493 5674 1762 5746 diligebat,
1789 5668 1895 5732 etc;
1942 5721 1955 5737 ,
2079 5668 2369 5753 i“Dionys,
2400 5668 2737 5754 Pagatianus.
2768 5682 2936 5735 Ilum.

388 5752 469 5789 sv.
544 5753 694 5789 INIUS.

388 5752 469 5790 Ii".
502 5752 694 5793 UINIUS.
