4040 6184
394 310 464 364 79
1688 320 1958 378 PETRUS
1996 270 2355 383 DIAOONUS.

538 426 794 483 Maximus
821 430 1098 487 Blcranns.

537 520 817 590 'tlartyrius
847 522 1274 579 Terracinensrs.

548 609 828 666 Rnlentius
855 613 1145 682 lgnatinus.

544 702 767 756 llasilius
788 703 1142 758 Tollenlinas.

533 792 889 846 Martinianus
918 795 933 824 ¹
962 794 1203 849 Ortensis
1230 796 1323 865 (ηι.
1351 796 1712 867 Ortonensis).

532 882 798 949 lienignus
828 882 1255 951 Aquaavivensis.

523 971 853 1026 Fortunatus
882 958 1285 1031 Suessanensis.

532 1061 821 1117 Severinus
848 1064 1293 1135 Tyndarinensis.

532 1153 803 1221 Encarpus
833 1156 1211 1211 Messaniensis.

525 1244 760 1297 Joannes
784 1243 1116 1313 Spoletinus.

531 1335 836 1401 Stephanus
866 1337 1187 1390 Venusinus.

520 1423 840 1479 ‘Valentinus
864 1428 1250 1481 Amiterninus.

532 1515 791 1570 Romulus
823 1516 1203 1573 Praenestinus.

528 1607 732 1662 Probus
758 1609 1188 1667 Carmelauensis
1213 1612 1307 1684 (ul.
1339 1612 1778 1680 Camarinensis).

527 1698 552 1749 \
572 1699 839 1755 indemins
872 1703 1197 1758 Antiatinus.

522 1789 796 1846 Candidus
825 1792 1162 1847 Tiburtinus.

527 1880 849 1938 Fortunatus
880 1884 1149 1953 Fulginas.

520 1972 839 2029 Proculeian
849 1992 911 2031 us
948 1978 1194 2046 Sepinas.

516 2063 815 2119 Martianus
844 2065 1083 2121 Esinus.

518 2154 879 2211 Maximianus
911 2158 1224 2213 Perusinus.

513 2243 898 2315 Chrysogonus
927 2247 1265 2302 Albancnsis.

508 2335 805 2406 Eutycbius
835 2337 1147 2391 Tranensis.

512 2426 833 2483 Laurentius
862 2430 883 2461 ’
921 2429 1253 2484 Boianensis.

513 2519 839 2576 Fortunatus
868 2521 1205 2592 Anagninus.

512 2611 833 2668 Paschasius
864 2614 1255 2670 Vulturnensis.

516 2705 727 2758 Marcus
756 2704 1066 2761 Samninus.

510 2795 712 2863 Aprilis
738 2794 1059 2850 Nucerinus.

510 2889 711 2943 Memor
736 2889 1057 2944 Canusinus.

509 2979 854 3033 Innocentius
884 2978 1463 3045 Forosemproniensis.

511 3069 853 3123 Florentinus
884 3068 905 3098 ³
941 3067 1289 3122 Vestineusis.

510 3160 659 3213 Felix
689 3158 1012 3225 Nepesinus.

517 3251 853 3305 Concordius
886 3251 1148 3304 Mcscuas.

505 3342 782 3397 Amandus
812 3340 916 3410 (At.
951 3342 1255 3410 Amantius)
1283 3341 1619 3393 Potentintls.

508 3433 718 3487 Asellus
750 3430 1175 3500 Papuloniensis.

508 3523 764 3579 Colonias
786 3520 1235 3577 Foroclodicnsis.

434 3643 459 3668 ¹¹
479 3632 591 3687 Sub
619 3632 925 3704 Symmachi
944 3632 1157 3686 nomine
1186 3630 1407 3684 tntitlem
1437 3632 1613 3684 verbis
1641 3632 1867 3704 relcrtnr
1887 3630 1943 3704 in

372 3702 674 3757 l‘mnitent.'
708 3703 947 3756 Romano
976 3704 1042 3757 ab
1088 3704 1323 3754 Antonio
1352 3704 1627 3770 Augustin.
1662 3702 1827 3765 edito,
1862 3702 1944 3752 tit.

375 3789 427 3826 ὅ.
462 3789 579 3826 tan.
614 3789 665 3826 ὁ.

377 3806 389 3826 ι
462 3794 507 3826 t.
543 3789 579 3826 ἱ.
652 3813 665 3826 .

377 3778 459 3873 ii"
494 3775 737 3915 ὖιίυῃῗνεη
768 3842 1122 3913 Augustensis.
1156 3846 1326 3900 llann.

3592 318 3691 391 80‘

2009 442 2058 498 Α
2226 440 2462 509 Elpidius
2497 439 2891 495 Volaterranus.

2225 533 2498 600 Projectus
2528 532 2639 602 (Αι.
2674 532 3038 604 Projectitius)
3072 534 3370 591 Forinoris.

2229 622 2549 678 Veneriosus
2573 624 2835 681 Poleusis.

2223 714 2521 767 Bonifacius
2549 714 2979 769 Forollaminien
2994 716 3057 768 is.

2220 804 2565 858 Sebastianus
2589 804 2847 860 Soranus.

2218 894 2467 950 Rusticus
2491 896 2839 963 liumtinus.

2221 987 2511 1041 Venantius
2540 987 2977 1057 Senogalliensis.

2220 1076 2398 1131 Victor
2426 1077 2707 1132 Lunensis.

2219 1169 2558 1222 Innocentius
2590 1168 2612 1199 ⁸
2642 1168 2998 1223 Trilerninus.

2212 1260 2444 1313 Silvinus
2473 1259 2854 1314 Veliterninus.

2211 1350 2395 1403 Justus
2424 1350 2739 1419 Signiensis.

2213 1441 2428 1494 Ariston
2462 1440 2571 1511 (Al.
2600 1441 2834 1512 Aristus)
2864 1442 3145 1497 Osuensis.

2211 1533 2479 1601 Augustus
2509 1532 2863 1603 Lyparitanus
2892 1533 3002 1602 (At.
3038 1534 3435 1605 Luparitanus).

2211 1623 2361 1678 Felix
2390 1626 2686 1691 Nepesinus
2714 1640 2809 1694 pro
2841 1626 2997 1681 Ursn.

2210 1716 2453 1770 Asterius
2483 1719 2740 1784 Aquinas.
2908 1698 2910 1702 y

2204 1806 2541 1875 Propinquus
2571 1807 2816 1863 Trebias.

2207 1899 2470 1953 Eusebius
2499 1898 2790 1953 Fanestris.

2214 1992 2487 2046 Romanus
2507 1992 2890 2046 Nomentanus.

2671 2124 3044 2178 DECRETUM

2640 2249 2903 2288 SY\lMACIIl
2930 2250 3093 2290 PAPJ.

2389 2324 2492 2395 (Ex
2517 2326 2772 2380 Gratiano
2800 2343 2929 2394 xxx,
2958 2342 3015 2395 q.
3048 2325 3097 2391 l,
3123 2339 3242 2379 can.
3271 2321 3351 2391 8.)

2065 2417 2172 2472 Par
2201 2420 2492 2489 paenitentia
2522 2420 2567 2471 ei
2597 2419 2861 2484 indicitur,
2892 2434 3005 2487 qum
3045 2416 3362 2487 spiritualem
3406 2417 3566 2483 ﬁliam
3595 2428 3645 2471 et

2281 2489 2669 2555 pwnitennalcm
2712 2504 2855 2541 suam
2879 2489 3068 2541 violare
3093 2496 3427 2542 monstratur.

2130 2601 2325 2654 Omnes
2353 2617 2485 2669 quos
2517 2601 2567 2654 in
2615 2601 2925 2669 paenitentia
2972 2599 3292 2667 suscipimus
3343 2600 3435 2663 ita,
3469 2603 3641 2653 nostri

2063 2691 2501 2759 suntspirituales
2532 2691 2642 2753 ﬁlii,
2680 2700 2735 2743 ut
2760 2698 2814 2745 et
2857 2690 2957 2757 ipsi
2989 2705 3121 2759 quos
3158 2691 3241 2744 vel
3272 2691 3426 2743 nobis
3470 2696 3641 2744 susci-

2062 2781 2349 2850 pientibus,
2382 2782 2634 2836 veltrina:
2658 2782 2938 2835 mersionis
2966 2780 3225 2834 vocabulo
3255 2782 3639 2850 mergentibus,

2059 2874 2199 2928 unda
2231 2875 2369 2927 sacri
2400 2875 2729 2942 baptismatis
2756 2874 3107 2940 regenvravit.
3136 2872 3410 2943 Sylvester
3430 2890 3642 2942 quoque

2059 2966 2257 3019 docens
2275 2966 2523 3017 admonet
2546 2979 2973 3033 unumquemque
3001 2968 3356 3028 sacerdotem,
3375 2973 3433 3017 ut
3463 2966 3642 3017 nullus

2060 3072 2216 3110 causa
2250 3056 2617 3109 fornicationis
2647 3055 2714 3108 ad
2743 3070 2891 3109 suam
2928 3056 3343 3123 puenitentialem
3372 3054 3590 3107 accedat
3625 3072 3635 3104 :

2058 3149 2180 3217 quia
2211 3148 2466 3213 scriptum
2508 3155 2591 3200 est
2622 3163 2635 3198 :
2669 3160 2854 3199 omnes
2879 3162 3012 3215 quos
3053 3147 3105 3199 in
3136 3145 3447 3213 pwnitentia
3495 3145 3633 3196 aeci-

2061 3240 2233 3306 pimus
2262 3238 2331 3292 ita
2363 3237 2455 3291 ﬁlii
2488 3236 2656 3291 nostri
2701 3244 2843 3302 sunt,
2881 3248 2935 3289 ut
2958 3238 3008 3289 in
3043 3236 3357 3304 baptismate
3377 3236 3635 3301 suscepti.

2058 3332 2393 3399 Quapropter
2444 3329 2545 3384 hoc
2601 3329 2773 3383 scelus
2818 3332 2860 3382 si
2890 3328 3008 3397 quis
3057 3326 3471 3397 perpelravcrit,
3535 3342 3638 3379 nun

2059 3424 2230 3476 solum
2251 3422 2522 3491 dignitatis
2546 3422 2802 3475 honorem
2831 3424 3059 3485 amittat,
3079 3434 3261 3473 rerum
3291 3418 3448 3471 etiam
3473 3432 3641 3484 usque

2059 3515 2348 3595 adoexitum
2372 3517 2493 3568 vita).
2510 3530 2621 3569 suae
2645 3514 2755 3584 jugi
2783 3514 3108 3583 poenitentiae
3129 3528 3185 3567 se
3203 3511 3411 3565 subdat.
3436 3519 3461 3546 ⁸

2134 3630 2153 3657 ²
2190 3628 2429 3697 Dionys.,
2456 3626 2808 3680 Bobianensis.
2839 3628 3008 3681 lim).

2133 3697 2153 3727 ³
2201 3699 2443 3767 Dionys.,
2477 3697 2757 3750 I’t'estinus.
2794 3699 2962 3751 lltn».

2128 3768 2148 3797 ⁵
2182 3766 2429 3838 Dionys,
2465 3766 2737 3835 Tifernutis
2768 3767 3137 3823 Tiberium-um.
3172 3771 3338 3824 litat).

1672 4064 1835 4107 ANNO
1881 4062 2113 4105 DOMXNI
2162 4062 2349 4105 DXIII.

826 4164 3181 4414 PETRUSleCONUS.

1528 4454 2481 4603 ΡΒΟΙῖὲἓξῇἱἨΙξΝΟΝ.

433 4658 473 4712 1.
502 4654 819 4725 llesyclnum
866 4651 1233 4722 presbyterum
1266 4648 1802 4719 Hiercsolymitanum
1848 4664 1942 4703 ex-
1978 4662 2028 4719 ι)
2055 4661 2215 4714 opera
2244 4649 2414 4701 sancti
2439 4647 2701 4718 Fulgentii
2731 4649 3022 4717 Ruspensis
3049 4651 3286 4721 episcopi
3322 4653 3516 4720 smpius
3545 4670 3635 4708 ex-

362 4747 490 4817 cipit
519 4745 713 4800 Petrus
734 4744 1011 4802 diacoous,
1058 4744 1144 4811 qui
1191 4758 1257 4797 ex
1304 4740 1521 4796 Oriente
1552 4743 1603 4795 in
1636 4755 1793 4794 causa
1822 4741 1941 4795 iidei

362 4854 482 4893 cum
509 4837 628 4890 aliis
661 4836 880 4888 Romam
910 4850 968 4888 se
989 4832 1213 4887 contulit
1240 4835 1435 4885 sa-t‘ulo
1466 4848 1513 4885 νι
1559 4832 1796 4886 ineunte.
1843 4831 1947 4884 Ex-

363 4940 466 4983 stat
494 4930 609 4997 ejus
658 4928 865 4981 libellus
906 4928 967 4979 de
996 4927 1361 4978 lncarnatione
1406 4936 1452 4979 et
1507 4924 1687 4979 Gratia
1738 4923 1985 4989 Domini-

364 5023 525 5077 nostri
553 5020 680 5075 Jesu
722 5018 911 5073 Christi
937 5020 1001 5073 ad
1037 5019 1371 5093 Fulgentium
1405 5031 1458 5074 et
1504 5021 1636 5073 alios
1667 5020 1945 5087 episcopos

364 5114 557 5167 Africa:
598 5113 649 5165 in
682 5110 923 5165 Sardinia
974 5109 1304 5172 exsulantes,
1340 5112 1389 5163 in
1423 5110 1943 5179 ortlmdoxographis

365 5215 523 5273 atque
551 5205 602 5257 in
637 5202 969 5256 bibliothecis
992 5202 1227 5263 Patrum,
1260 5216 1359 5255 nec
1405 5217 1510 5254 non
1546 5203 1596 5255 in
1643 5201 1941 5267 appendice

366 5298 429 5349 ad
457 5308 655 5349 tomum
689 5294 732 5347 Χ
760 5309 980 5363 operum
1034 5293 1204 5345 sancti
1254 5293 1531 5360 Augustini
1571 5292 1669 5362 (α),
1716 5304 1945 5361 quatuor

367 5387 627 5455 capitibus
680 5387 745 5439 de
800 5384 1167 5440 lncarnatione
1226 5383 1480 5447 omissis;
1530 5384 1760 5451 denique
1807 5385 1943 5439 inter

440 5498 518 5567 (ri)
548 5500 679 5565 Aug.
711 5512 835 5567 opp.
860 5505 990 5551 tom.
1030 5497 1070 5551 Il
1098 5496 1153 5550 in
1183 5493 1433 5565 append.,
1468 5510 1585 5565 pag.
1624 5496 1742 5551 HG.

438 5635 515 5704 (b)
549 5635 766 5708 Possev.
817 5637 1013 5708 Appar.
1058 5652 1197 5694 sacr.
1247 5648 1377 5700 tom.
1430 5638 1493 5707 ll,
1522 5653 1637 5708 pag.
1665 5638 1773 5692 252
1803 5637 1934 5691 edit.

368 5708 557 5763 Colon.
593 5706 812 5775 Agripp.

2047 4751 2226 4791 cusus.
2259 4737 2374 4803 Quo
2405 4738 2473 4791 de
2499 4752 2664 4806 opere
2698 4739 3014 4794 l’ossevinus
3037 4743 3146 4810 (b):
3197 4761 3215 4794 ‹
3254 4742 3504 4798 Inventus
3532 4760 3635 4807 es;

2048 4826 2237 4894 inquit,
2270 4828 2354 4881 hic
2378 4827 2586 4881 libellus
2618 4829 2814 4882 nonita
2848 4832 3040 4884 multos
3071 4843 3196 4887 ante
3234 4848 3402 4887 annos
3435 4835 3487 4887 in
3519 4849 3635 4889 cm-

2050 4919 2208 4973 nobio
2230 4919 2540 4987 Parisiensi,
2568 4921 2706 4988 quod
2731 4933 2812 4976 est
2850 4923 3057 4976 ordinis
3108 4924 3641 4979 Praemonstratensis

2052 5017 2102 5069 in
2133 5031 2263 5084 agro
2286 5015 2627 5069 Lovaniensi.
2658 5036 2675 5066 ι
2702 5016 2968 5071 (Σωιντυιη
2998 5019 3162 5086 probe
3190 5020 3420 5073 advertit
3442 5020 3499 5075 S.
3525 5020 3639 5073 Ful-

2049 5110 2211 5177 gentii
2240 5124 2462 5177 operum
2490 5108 2557 5161 cl.
2588 5110 2765 5163 editor
2793 5112 2886 5181 (c),
2917 5121 2969 5165 et
3002 5122 3121 5177 post
3149 5113 3320 5180 ipsum
3342 5112 3639 5166 doctissimi

2050 5203 2285 5257 editores
2317 5218 2539 5270 operum
2556 5202 2622 5265 .S.
2650 5204 2931 5272 Augustini
2975 5205 3075 5275 (ά),
3112 5220 3216 5258 non
3262 5218 3380 5258 esse
3419 5204 3640 5257 confun-

2051 5294 2284 5349 dendum
2313 5302 2586 5349 auctorem
2612 5306 2853 5349 nostrum
2874 5312 2997 5350 cum
3030 5296 3210 5360 Petro,
3250 5297 3335 5350 cui
3367 5296 3639 5366 egregium

2054 5396 2338 5441 tractatum
2372 5387 2438 5439 de
2466 5387 2597 5441 Fide
2626 5388 2897 5456 inscripsit
2920 5400 3137 5444 sanctus
3172 5388 3502 5459 Fulgentius.
3533 5389 3639 5443 Ne-

2118 5497 2188 5565 (c)
2230 5495 2443 5569 Praefat.
2470 5496 2533 5550 ad
2565 5496 2619 5553 S.
2648 5497 2895 5566 Fulgent.
2926 5512 3076 5568 Opp.,
3112 5482 3320 5569 pag.78,
3347 5508 3403 5554 et
3436 5508 3547 5551 not.
3600 5499 3624 5552 l

2048 5568 2113 5621 ad
2140 5568 2229 5620 lib.
2264 5568 2326 5619 de
2360 5565 2511 5619 Fide.

2122 5639 2204 5707 (ιι)
2229 5637 2604 5710 BB.Append.
2635 5638 2699 5692 ad
2725 5650 2853 5693 tom.
2880 5638 2942 5693 VI
2974 5653 3098 5710 opp.
3133 5638 3190 5694 S.
3227 5641 3382 5708 Aug.,
3414 5655 3535 5709 pag.
3569 5641 3629 5693 Π

2051 5707 2105 5761 in
2137 5709 2391 5762 admouit.
