4044 6184
382 267 447 321 81
1729 281 2299 344 PROLECOMENON.

3571 319 3644 372 8:2

381 391 484 445 que
510 376 654 431 enim
679 376 1144 451 iseratdiaconus,
1170 393 1226 439 ut
1254 385 1575 444 existimavit
1602 390 1841 447 Norisius
1863 395 1962 465 (α),
1992 403 2040 457 Α
2068 402 2273 455 aliunde
2295 403 2482 473 placet,
2521 409 2619 463 nisi
2644 427 2706 464 ea:
2728 428 2785 465 eo
2813 418 2948 483 quod
2977 417 3083 487 ipse
3112 420 3372 478 donaverit
3390 442 3409 479 :
3435 441 3635 497 errant,

382 482 554 497 nan-nn
577 470 869 497 mn..:.nl...n
922 482 973 497 ..ι
1010 489 1280 497 ..Α-..---.μ
1324 494 1397 497 --1,
1418 479 1479 497 1-.
1510 496 1541 497 η
1651 492 1662 497 -
1800 485 1854 497 η.
2066 487 2075 496 .
2351 494 2360 497 _

381 482 554 535 neque
577 470 892 537 monachus,
922 482 978 527 ut
1007 489 1287 544 perperam
1316 479 1551 535 creditus
1586 492 1669 536 est
1716 499 1747 536 a
1799 485 1953 540 Blon—

381 556 670 628 dello(b);
694 561 789 615 sed
826 563 929 628 vir,
954 572 1012 618 ut
1032 566 1257 634 videtur,
1296 570 1540 626 militaris
1581 590 1593 626 :
1636 575 1724 642 qui
1756 590 1875 629 cum
1903 578 1955 631 in

380 647 718 704 Palaestinam
743 668 967 722 pergere
990 656 1335 726 decrevisset,
1367 661 1820 734 intellexissctque
1841 666 1957 735 plu-

380 758 467 797 res
493 760 589 812 per
630 760 748 800 eam
795 749 1120 815 provinciam
1175 753 1409 811 haereses
1464 757 1663 824 passim
1704 774 1952 829 serpere,

381 846 663 901 propterea
694 855 763 893 ne
801 840 939 894 ullus
993 842 1094 896 sibi
1141 859 1330 900 sensus
1382 846 1649 904 heretica:
1678 852 1953 917 pravitatis

378 929 715 993 subreperet,
746 943 773 979 a
830 931 1169 987 sanctissimo
1199 950 1352 1005 asque
1393 952 1455 991 ac
1482 938 1791 999 doctissimo
1818 942 1955 999 Rus-

378 1020 527 1084 pensi
553 1018 807 1087 episcopo
829 1020 951 1075 ﬁdei
984 1025 1220 1091 regulam
1252 1026 1535 1094 ﬂagitarat.

451 1148 513 1200 ll.
541 1147 656 1201 Jam
686 1165 814 1203 vero
837 1152 906 1206 de
936 1152 1077 1209 Petri
1118 1156 1328 1213 diaconi
1369 1159 1553 1217 libello
1590 1162 1763 1234 deque
1811 1167 1951 1225 illius

374 1240 747 1295 conscribendi
786 1245 1067 1300 occasione
1115 1249 1279 1303 verba
1318 1250 1529 1319 facturi,
1578 1255 1813 1313 virorum
1854 1260 1949 1313 do-

373 1342 582 1384 ctorum
614 1334 846 1403 vestigiis
871 1336 1270 1406 inhterebimus,
1291 1344 1381 1412 qui
1412 1359 1473 1398 ea
1507 1346 1557 1399 in
1581 1362 1638 1402 re
1664 1350 1949 1418 aperienda

374 1422 531 1474 nobis
560 1422 834 1490 prmisisse
866 1426 1007 1481 ultro
1026 1432 1385 1498 agnoscimus.
1428 1436 1584 1489 Anno
1631 1439 1790 1507 igitur
1818 1441 1945 1506 518,

371 1512 471 1565 sub
502 1512 709 1566 initium
735 1514 945 1582 imperii
971 1518 1183 1585 Justini,
1212 1523 1459 1578 monachi
1488 1525 1701 1596 Scythae
1722 1544 1948 1597 quorum

374 1602 477 1654 dux
509 1612 562 1655 et
592 1602 765 1659 fautor
783 1605 1019 1663 Joannes
1050 1610 1367 1678 Maxentius,
1405 1630 1527 1671 cum
1557 1618 1950 1676 existimassem

374 1692 618 1747 haeresim
644 1697 1007 1754 Nestorianam
1035 1711 1090 1756 et
1117 1703 1501 1776 Etttychianam
1524 1710 1669 1764 haud
1693 1712 1948 1769 radicitus
1985 1748 2031 1808 Β

374 1785 601 1808 ,κυεηλε
636 1802 782 1808 --ω
848 1792 943 1808 ν
1178 1796 1265 1808 η..
1311 1800 1323 1808 .

371 1785 603 1839 exscindi
634 1802 811 1855 posse,
844 1792 943 1846 nisi
976 1811 1105 1849 unus
1127 1813 1152 1849 e
1178 1796 1426 1852 Trinitate
1447 1818 1629 1870 passus
1662 1819 1929 1862 asserere.

374 1884 475 1938 tur,
510 1875 747 1944 ingentes
778 1882 961 1937 turbas
990 1884 1455 1960 Constantinopoli
1479 1896 1800 1965 excitarunt,
1834 1902 1949 1969 qui-

373 1965 464 2016 bus
489 1967 632 2020 brevi
657 1976 796 2023 totus
820 1972 967 2027 orbis
996 1978 1214 2032 exarsit.
1242 1978 1414 2036 Causa
1440 1983 1743 2053 hujusmodi
1772 1989 1837 2043 ad
1863 2005 1947 2045 se-

373 2056 452 2108 dis
480 2061 792 2124 apostolica:
833 2065 1033 2133 legatos
1060 2068 1524 2143 Constantinopoli
1571 2090 1793 2149 agentes
1834 2086 1943 2152 pri-

370 2160 509 2198 mum
537 2149 742 2216 delata;
773 2168 895 2209 mox
937 2159 1002 2211 ad
1050 2160 1221 2226 ipsum
1275 2164 1613 2224 llormisdam
1646 2149 1942 2229 Romanum

369 2239 669 2300 pontificem
698 2242 925 2300 deducm
969 2250 1297 2314 perhibetur.
1334 2256 1523 2311 Verum
1569 2276 1686 2315 eum
1720 2263 1940 2319 ltomam

369 2330 510 2381 missi
562 2336 947 2391 monachorum
991 2339 1177 2409 legati,
1221 2360 1446 2414 quorum
1500 2351 1697 2418 primas
1748 2355 1937 2423 agebat

369 2418 548 2474 l’ettus
593 2423 879 2495 Diaconus,
936 2446 1122 2486 novam
1180 2436 1325 2491 illam
1380 2439 1591 2495 dicendi
1649 2443 1934 2502 formulam

370 2508 502 2564 haud
544 2512 738 2569 leviter
780 2521 1037 2588 exagitari
1086 2528 1475 2595 comperissent
1550 2533 1614 2585 ad
1658 2537 1939 2605 episc0pos

368 2600 553 2685 Δωρίς
579 2604 630 2656 in
654 2606 897 2663 Sardinia
922 2614 1225 2669 exsulantes
1251 2619 1624 2688 confugerunt.
1659 2624 1812 2679 Anno
1841 2627 1938 2681 ita-

365 2705 465 2753 que
492 2672 875 2763 vertente520,
901 2714 989 2756 aut
1006 2705 1219 2762 ineunte
1234 2709 1357 2778 521,
1378 2713 1617 2769 redditus
1643 2727 1723 2770 cst
1748 2732 1936 2775 sancto

365 2781 639 2851 Fulgentio
670 2794 981 2863 ueterisque
1028 2801 1449 2871 conl‘essoribus,
1495 2823 1524 2861 a
1568 2809 1934 2869 Trasainundo

364 2870 721 2933 Vandalurum
752 2896 874 2951 rege
902 2887 1100 2942 Ariano
1153 2892 1204 2944 in
1254 2870 1555 2953 Sardiniam
1603 2901 1926 2971 deportatis,

361 2964 706 3028 professioais
747 2973 865 3027 lidei
914 2976 1123 3034 libellus
1172 2983 1236 3037 ad
1267 2986 1507 3052 epistola:
1558 2994 1769 3047 modum
1801 3010 1930 3050 con—

362 3064 552 3116 ισιιιιε.
586 3059 729 3113 Petri
763 3065 970 3119 diaconi
996 3080 1048 3123 et
1075 3074 1339 3128 sociorum
1372 3078 1485 3146 ejus
1508 3085 1722 3139 nomine
1750 3088 1924 3141 consi-
1952 3109 1998 3172 ε

362 3158 541 3172 nunc...
617 3150 720 3172 ΙΙ-.-
757 3155 853 3172 :,._
938 3159 947 3172 ι
1044 3162 1054 3172 ι
1102 3171 1106 3172 ,
1211 3166 1240 3172 -.
1455 3171 1458 3172 ,

358 3158 565 3209 gnatus.
613 3150 723 3204 llos
756 3155 891 3208 inter
935 3159 1178 3215 laudatus
1211 3166 1393 3221 Petrus
1432 3171 1685 3227 diaconus
1724 3180 1924 3232 emine-

355 3234 464 3300 bat,
497 3241 585 3305 qui
608 3241 778 3306 primo
800 3248 956 3299 etiam
981 3251 1098 3305 loco
1128 3253 1361 3310 libellum
1390 3261 1721 3329 subScripsit.
1750 3270 1925 3333 Quatt-

356 3327 640 3394 doquidem
668 3348 796 3387 vero
821 3339 1106 3405 typothetze
1118 3346 1397 3400 oscitantia
1430 3327 1616 3404 horum
1632 3327 1921 3422 legatorum

355 3419 451 3471 sub
480 3424 773 3492 criptiones
814 3428 912 3484 hac
938 3432 992 3485 in
1036 3446 1217 3489 nostra
1264 3439 1499 3495 editione
1544 3449 1925 3511 prtetermissas

290 3496 309 3503 “
354 3510 522 3567 fuisse
542 3518 1038 3589 animadvertimus,
1068 3542 1158 3581 eas
1190 3541 1471 3597 pr0pterea
1502 3535 1588 3588 hic
1617 3540 1804 3593 saltem
1834 3542 1925 3593 de-

353 3603 666 3661 scribendas
693 3610 971 3668 duximus.
1003 3616 1093 3670 Sic
1120 3628 1295 3674 autem
1326 3636 1384 3677 se
1414 3624 1642 3679 habent:

420 3693 632 3750 Ρετιιυε
653 3700 996 3758 misericordia
1023 3705 1114 3759 Dei
1140 3712 1384 3765 diaconus
1410 3718 1722 3785 subscripsit.

418 3784 653 3843 Joannes
678 3794 1025 3849 misericordia
1049 3797 1143 3852 Dei
1170 3808 1446 3859 monac/tus
1471 3811 1782 3881 subscripsit.

416 3875 686 3934 LbONTtUS
714 3885 1068 3943 misericordia
1094 3893 1185 3947 Dei
1212 3900 1493 3953 monachus
1517 3903 1832 3973 subscripsit.

414 3969 650 4025 Joannes
675 3976 830 4028 lector
853 3980 1199 4038 misericordia
1225 3987 1318 4041 Dei
1353 3992 1667 4062 subscripsit.

412 4102 502 4155 Ill.
537 4105 597 4158 Hi
628 4123 784 4175 porro
816 4126 843 4165 a
883 4119 1159 4173 monachis
1193 4123 1406 4193 Scythis
1457 4136 1700 4185 oratores
1750 4134 1921 4201 missi,

343 4190 583 4249 libellum
629 4200 679 4251 in
726 4213 846 4255 octo
897 4208 1064 4274 capita
1103 4210 1362 4280 digestum
1400 4219 1464 4271 ad
1496 4222 1709 4276 exsules
1736 4223 1923 4282 Patres

342 4284 623 4340 Abicanos
649 4289 914 4345 delerunt.
936 4298 1051 4359 Quo
1080 4299 1130 4353 in
1155 4302 1333 4357 libello
1348 4307 1611 4373 prioribus
1633 4314 1919 4385 capitibus,

340 4390 366 4421 τι
398 4379 641 4432 secundo
670 4382 916 4437 nimirum
963 4390 1027 4440 ad
1073 4393 1337 4460 quintum,
1380 4412 1533 4452 suam
1582 4402 1814 4469 ipsorum
1853 4408 1919 4462 de

341 4463 718 4525 lncarnatione
746 4474 902 4530 fidem
930 4494 1237 4548 exponunt:
1268 4486 1487 4554 reliquis
1524 4507 1653 4548 vero
1687 4496 1852 4551 tribus
1885 4515 1915 4553 a
1943 4464 1994 4523 Β

339 4566 494 4609 serto
526 4558 590 4611 ad
625 4560 781 4617 linem
827 4581 1025 4636 usque,
1077 4573 1143 4625 de
1172 4578 1338 4642 gratia
1380 4589 1433 4631 et
1481 4580 1650 4636 libero
1690 4587 1914 4644 arbitrio

338 4652 458 4715 quid
493 4656 729 4711 sentiant
770 4674 1061 4728 exponunt.
1118 4667 1535 4736 Erraurtamen,
1582 4686 1639 4730 ut
1680 4679 1912 4738 advertit

338 4743 678 4801 doctissimus
734 4751 973 4808 Norisius
1004 4756 1098 4825 (c),
1156 4761 1279 4813 dum
1354 4762 1455 4817 hoc
1497 4768 1904 4837 testimonium,

340 4829 524 4886 Omnia
544 4840 713 4890 studia
732 4849 780 4893 et
809 4846 977 4898 omnia
1006 4863 1159 4910 opera
1180 4866 1241 4901 ac
1264 4856 1442 4905 merita
1491 4869 1801 4927 sanctorum,
1838 4867 1906 4917 ad

338 4917 430 4973 Dei
477 4926 693 4992 gloriam
738 4932 1037 5003 laudemque
1064 4940 1324 5006 referenda
1352 4952 1498 5007 sunt;
1524 4947 1646 5014 quia
1674 4965 1818 5004 nemo
1857 4958 1902 5010 ei

405 5076 693 5170 (a)§2ris.
722 5081 858 5138 llist.
890 5084 1067 5157 Pelag.
1086 5089 1176 5145 lib.
1207 5107 1264 5155 tt,
1296 5107 1414 5161 cap.
1448 5093 1532 5159 19,
1559 5112 1683 5166 Opp.
1710 5111 1837 5157 tum.
1864 5105 1903 5170 l,

331 5158 451 5213 pag.
480 5148 607 5201 492.
1019 5148 1042 5157 ν
1252 5148 1263 5155 ⁷
1364 5148 1377 5161 ’

404 5217 785 5301 inhibendi-all.
817 5224 1147 5301 dePrimat.,
1179 5245 1297 5301 pag.
1319 5231 1447 5287 411.

400 5288 674 5379 (amoris.
700 5292 836 5347 llist.
864 5295 1038 5365 Pelag.
1070 5288 1160 5353 lib.
1180 5288 1391 5370 'tt,veap.
1420 5305 1505 5370 19,
1530 5320 1652 5375 opp.
1688 5316 1817 5365 tom.
1852 5313 1903 5379 I,

677 5432 1076 5512 Diac._libell._de
1103 5436 1309 5512 lncarn.
1333 5456 1448 5512 cap.
1466 5446 1517 5503 8.
1544 5444 1674 5499 infra
1693 5449 1898 5507 col.90.

398 5499 483 5587 (ε.)
515 5499 731 5587 omit-si.
759 5506 914 5571 epist.
944 5507 1033 5574 ει,
1064 5522 1179 5577 cap.
1211 5511 1264 5577 8,
1302 5499 1416 5582 [ληεῖ
1456 5499 1591 5573 tiao
1619 5499 1733 5587 sei.
1764 5499 1895 5577 eieil

328 5564 579 5621 Cotttant.
794 5564 805 5571 ’
1020 5564 1032 5574 ’
1130 5564 1143 5577 ’

401 5640 489 5704 if)
517 5641 686 5694 ﬂoris.
720 5643 756 5695 l.
785 5657 861 5709 c.,
891 5659 1005 5715 pag.
1036 5650 1159 5703 586.

2063 487 2298 560 inquam,
2331 494 2454 549 dum
2490 497 2591 553 hoc
2620 503 2983 560 testimonium
3036 510 3278 565 tribuunt
3325 514 3636 573 Innocentio

2059 593 2207 648 papae
2233 584 2282 636 in
2312 588 2537 655 epistola
2562 593 2625 645 ad
2650 596 2936 649 concilium
2970 600 3337 658 Milevitanum
3370 607 3480 674 (tl):
3513 626 3633 664 nam

2058 668 2249 736 legitur
2275 675 2325 727 in
2370 679 2595 744 epistola
2635 682 2697 735 21
2737 684 3011 741 (Ξωιυειὶηἱ
3055 706 3204 758 νίψω
3239 693 3305 746 ad
3355 668 3636 766 episcopus

2058 757 2241 815 Galliae
2288 766 2397 834 (e).
2446 770 2628 824 lielato
2675 776 2851 841 itaque
2882 778 2930 829 in
2979 757 3281 835 Sardiniam
3312 757 3633 855 Scjttharum

2056 852 2433 909 monachorum
2496 862 2710 916 nomine
2750 866 3053 932 hujusmodi
3116 871 3297 928 libello
3328 919 3342 943 ,
3392 878 3631 935 Africani

2055 938 2240 995 Patres
2261 957 2416 998 suum
2447 948 2512 1002 de
2542 954 2829 1019 propositis
2877 960 3257 1025 questionibus
3287 982 3506 1023 sensum
3538 986 3632 1024 ex-

2054 1041 2300 1095 promere
2323 1033 2461 1090 haud
2491 1039 2819 1107 ret'ugerunt.
2850 1045 3029 1116 Neque
3067 1067 3222 1119 vero,
3244 1066 3299 1109 ut
3328 1072 3449 1113 cum
3476 1061 3631 1117 Nori-

2053 1120 2134 1174 sio
2184 1123 2370 1193 loquar
2400 1128 2518 1199 (ι’),
2571 1138 2939 1193 tantummodo
2983 1142 3195 1199 illorum
3250 1153 3628 1210 monachorum

2052 1208 2208 1265 ﬁdem
2240 1228 2302 1269 ex
2340 1217 2542 1286 integro
2572 1228 3030 1295 commendarunt,
3065 1249 3250 1291 verum
3296 1242 3454 1294 etiam
3490 1246 3625 1301 alte-

2052 1316 2168 1355 rum
2201 1314 2256 1358 et
2292 1307 2391 1375 ipsi
2426 1312 2671 1368 volumen
2723 1320 2834 1385 pari
2882 1322 3035 1376 titulo
3075 1325 3137 1379 de
3180 1326 3543 1390 lncarnatione
3577 1350 3627 1391 et

2053 1388 2231 1445 Gratia
2268 1395 2473 1451 Domini
2495 1405 2656 1456 nostri
2683 1404 2807 1477 .lesu
2833 1409 3019 1466 Christi
3036 1430 3419 1489 reposuerunt;
3450 1426 3500 1480 in
3522 1442 3627 1497 quo

2051 1494 2237 1537 omnes
2269 1485 2583 1555 Scytharum
2617 1501 2909 1555 sententias
2956 1507 3356 1580 approbarunt,
3401 1516 3626 1587 aliisque

2055 1570 2275 1641 insuper
2304 1578 2647 1637 solidioribus
2674 1588 2890 1643 easdem
2921 1599 3250 1663 argumentis
3296 1606 3620 1662 munierunt.

2055 1660 2115 1712 lli
2139 1672 2315 1717 autem
2342 1665 2486 1721 luere
2501 1672 2567 1723 15
2580 1673 2836 1745 episcopi,
2852 1694 3074 1747 quorum
3096 1692 3309 1744 nomina
3326 1693 3477 1748 initio
3501 1697 3622 1753 libri

2059 1764 2423 1809 recensentur.
2462 1758 2624 1814 Unius
2650 1770 2821 1820 tamen
2856 1769 3115 1839 Fulgentii
3146 1777 3436 1848 Ruspettsis
3468 1787 3623 1841 titulo

2056 1844 2299 1898 νυΙιιηιεη
2338 1848 2463 1900 illud
2488 1854 2847 1910 elucubratum
2875 1860 3035 1917 fuisse
3068 1867 3410 1939 intelligimus
3440 1891 3503 1929 ex
3527 1894 3621 1933 au-

2049 1944 2218 1998 ctore,
2251 1940 2340 2005 qui
2387 1942 2625 2008 ejusdem
2662 1948 2918 2017 Fulgentii
2942 1965 3087 2022 gesta
3121 1958 3311 2014 litteris
3342 1968 3619 2036 consigna-

2050 2025 2144 2078 vit.
2172 2026 2258 2080 Sic
2277 2032 2418 2083 enim
2455 2035 2623 2102 inquit
2653 2038 2758 2106 (g):
2789 2040 3208 2115 Quandocunque
3260 2059 3618 2113 transmarinis

2047 2116 2226 2171 litteris
2248 2121 2309 2171 de
2330 2122 2432 2188 ﬁde
2478 2126 2553 2177 vel
2601 2127 2663 2180 de
2696 2131 2906 2185 diversis
2938 2141 3298 2203 quwstionibus
3333 2146 3613 2217 interroga-

2046 2206 2227 2260 bantur
2244 2216 2496 2281 episcopi,
2531 2216 2806 2285 Fulgentio
2829 2231 3133 2295 respondere
3162 2248 3255 2298 pro
3281 2238 3512 2291 omnibus
3550 2243 3613 2293 ab

2044 2301 2274 2356 omnibus
2295 2305 2665 2371 imponebatur.
2695 2313 2769 2365 Eo
2800 2328 2989 2371 autem
3008 2320 3058 2373 in
3087 2339 3267 2394 opere,
3287 2329 3361 2382 ait
3390 2329 3614 2400 Fulgen-

2044 2390 2306 2448 tianorum
2333 2411 2549 2465 operum
2573 2403 2859 2476 editor(h),
2883 2428 2899 2459 t
2920 2411 2985 2465 de
3005 2413 3371 2475 lncarnatione
3398 2425 3610 2490 quidem

2043 2485 2294 2549 prmelare
2340 2489 2712 2562 subtiliterque
2754 2497 2991 2565 disputat
3037 2503 3373 2577 Fulgentius;
3415 2485 3490 2567 de
3518 2515 3609 2568 illa

2040 2587 2165 2627 vero
2205 2577 2449 2644 formula,
2500 2583 2643 2639 Unus
2694 2589 2755 2640 de
2800 2590 3047 2648 Trinitate
3090 2615 3269 2664 passus
3296 2611 3390 2667 est,
3429 2606 3604 2663 minus

2036 2675 2219 2721 acute:
2250 2684 2368 2727 cum
2392 2675 2505 2741 ejus
2531 2676 2669 2742 loco,
2700 2681 2842 2735 velut
2863 2684 3102 2752 ejusdem
3130 2705 3339 2755 sensus,
3372 2696 3506 2750 hanc
3528 2697 3600 2751 lo,

2036 2759 2300 2815 cntionem
2332 2776 2567 2836 usurpet,
2606 2769 2720 2823 Una
2743 2774 2804 2824 de
2836 2774 3084 2831 Trinitate
3113 2797 3331 2846 persona
3352 2788 3601 2855 cruciﬁxa

2042 2864 2124 2904 est
2152 2851 2241 2922 (i).
2281 2854 2501 2921 Verum,
2528 2870 2581 2912 ut
2606 2860 2925 2931 Scytharum
2955 2870 3334 2927 monachorum
3383 2878 3599 2947 scriptio

2035 2958 2219 3012 magna
2250 2959 2311 3000 ex
2347 2958 2494 3015 parte
2521 2951 2569 3003 in
2596 2954 2912 3021 explicando
2950 2962 3135 3027 gratiae
3173 2967 3604 3032 prtedestittatiov

2033 3037 2221 3101 nisque
2250 3041 2510 3108 mysterio
2532 3046 2870 3111 versabatur;
2917 3049 2993 3103 sic
3032 3050 3293 3122 Fulgentii
3325 3060 3604 3127 responsio

2028 3126 2080 3179 in
2108 3127 2294 3183 iisdem
2317 3132 2576 3198 capitibus
2598 3136 2976 3195 conﬁrmandis
3000 3147 3410 3218 muniendisque
3437 3153 3604 3207 multa

2026 3229 2131 3275 est.
2171 3239 2189 3272 ι

2096 3311 2182 3367 IV.
2216 3313 2384 3369 Porro
2412 3318 2653 3386 quamvis
2680 3320 2914 3377 Africani
2948 3325 3133 3380 Patres
3161 3328 3211 3381 in
3234 3328 3480 3385 Sardinia
3508 3350 3601 3387 ex-

2024 3404 2263 3458 sulantes
2288 3405 2588 3476 Scythicam
2621 3411 2778 3466 tidem
2804 3414 3067 3484 Fulgentii
3099 3420 3301 3488 scripto
3328 3424 3508 3477 statim
3536 3426 3602 3479 ab

2027 3495 2179 3548 initio
2204 3499 2667 3555 commendassent
2709 3504 2791 3558 his
2839 3508 3017 3561 verbis
3050 3508 3148 3580 (ί),
3194 3510 3419 3565 Vestram
3449 3517 3601 3568 simul

2025 3584 2220 3642 alacres
2239 3597 2287 3640 ct
2308 3589 2460 3657 ﬁdem
2485 3595 2811 3663 cognovimus
2851 3610 2899 3649 et
2948 3601 3199 3667 salutem;
3236 3603 3337 3656 imo
3371 3605 3423 3656 in
3450 3607 3599 3675 agni-

2026 3678 2160 3730 tione
2185 3679 2324 3744 ﬁdei,
2358 3694 2521 3735 uestra
2545 3687 2687 3738 nobis
2718 3688 2858 3740 salus
2884 3690 3140 3746 innotuit:
3171 3710 3393 3765 magnus
3422 3706 3595 3752 tamen

2026 3766 2309 3821 Annalium
2342 3772 2828 3829 ecclesiasticorum
2873 3792 3065 3845 parens
3114 3782 3431 3853 Scytharum
3481 3802 3598 3841 mo-

2026 3857 2315 3913 nachorum
2343 3863 2662 3917 sententiam
2702 3865 2769 3919 de
2793 3882 2899 3922 uno
2924 3884 2987 3924 ex
3020 3871 3280 3929 Trinitate
3326 3890 3485 3945 passo
3511 3893 3598 3932 re-

2026 3949 2371 4016 probandam,
2414 3955 2657 4025 adeoque
2703 3959 2915 4014 illorum
2970 3964 3285 4028 legationem
3316 3968 3381 4021 ad
3414 3969 3598 4024 Patres

2025 4039 2182 4094 Afros
2206 4043 2255 4094 in
2282 4046 2636 4112 suspicionem
2664 4051 2979 4115 vocandam,
3006 4056 3131 4123 quin
3159 4064 3212 4110 et
3231 4071 3415 4111 eorum
3440 4060 3598 4117 ﬁdem

2023 4132 2420 4188 obtundentlam
2456 4146 2509 4189 et
2536 4138 2853 4194 elevandam
2883 4144 3207 4199 existimavit
3249 4144 3347 4215 (lt).
3378 4150 3445 4205 At
3472 4169 3598 4208 vero

2024 4224 2182 4277 iidem
2213 4228 2456 4281 monachi
2493 4239 2766 4283 strenuum
2800 4235 2938 4287 nacti
2967 4244 3093 4288 sunt
3126 4247 3403 4303 patronum
3437 4261 3450 4296 :
3494 4248 3597 4299 No.

2024 4314 2231 4382 risium,
2264 4316 2500 4385 inquam,
2532 4320 2620 4386 qui
2656 4332 2935 4390 propterea
2978 4324 3276 4384 doctissimi
3313 4334 3596 4390 cardinalis

2022 4408 2303 4461 sententia:
2328 4424 2389 4464 se
2418 4426 2521 4464 non
2552 4428 2707 4480 posse
2737 4415 2993 4474 accedere
3018 4421 3294 4489 proﬁtetur
3314 4425 3421 4496 (l):
3452 4426 3597 4481 «Non

2029 4500 2174 4567 quod
2208 4500 2553 4573 ait(m),viro
2582 4505 2945 4564 eruditissimo
2967 4528 3122 4579 quem
3153 4516 3204 4567 in
3235 4517 3596 4574 ecclesiastica

2022 4589 2241 4644 historia
2271 4592 2570 4661 principem
2600 4603 2651 4649 ct
2678 4596 2847 4653 lateor
2873 4614 2928 4655 et
2956 4619 3203 4672 veneror,
3238 4622 3421 4675 parum
3451 4609 3595 4665 deie-

2020 4680 2244 4734 rendum
2269 4691 2479 4750 putem;
2513 4686 2610 4739 sed
2636 4689 2781 4754 quod
2808 4690 2850 4741 is
2882 4692 3093 4746 veritati
3130 4696 3301 4751 cultus
3349 4699 3593 4766 deb‘etur,

2017 4783 2071 4823 ut
2105 4786 2260 4825 nemo
2283 4773 2356 4826 illi
2384 4776 2439 4827 in
2462 4789 2645 4830 amore
2668 4778 3032 4844 praetereundus
3065 4784 3153 4838 sit.
3187 4804 3207 4835 ι
3237 4786 3418 4843 Latius
3444 4789 3587 4844 dein-

2012 4876 2137 4927 ceps
2170 4862 2308 4917 idem
2344 4863 2404 4917 V.
2433 4862 2495 4918 C.
2525 4866 2657 4921 alibi
2674 4871 2982 4925 eorumdem
3010 4879 3390 4933 monachorum
3418 4893 3591 4949 patro-

2009 4954 2207 5010 cinium
2235 4956 2488 5022 Suscepit,
2518 4970 2638 5010 cum
2669 4959 2721 5012 in
2745 4959 2975 5016 Historia
3009 4971 3357 5023 controversiae
3383 4971 3445 5024 dc
3466 4988 3570 5024 uno

2086 5104 2166 5179 ig)
2198 5104 2304 5179 \_l_it.
2330 5103 2387 5179 ξ.
2423 5103 2665 5179 Fulgent.
2694 5123 2812 5179 cap.
2836 5111 2924 5165 20.

2086 5162 2420 5251 ἀπ’)κΡιςαεῐθι.
2455 5162 2782 5251 εδᾲνορι).-8Ϊ
2800 5162 3042 5251 Fulget".

2086 5246 2150 5319 (it
2181 5242 2427 5319 Flilgent.
2466 5246 2559 5319 lib.
2690 5242 3047 5319 lncarnfcap.
3085 5256 3166 5306 id.

2084 5314 2157 5388 (λ)
2192 5312 2441 5388 fulgent.
2465 5315 2562 5388 lib.
2592 5318 2657 5372 de
2693 5320 2898 5374 lncarn.
2932 5312 3046 5388 cap.
3082 5324 3130 5374 1.

2192 5382 2481 5461 harenati
2513 5389 2785 5461 anit._5l9,
2824 5390 2879 5461 ἐξ
2904 5382 3168 5459 Ηίέθιμπ.

2086 5454 2164 5523 (l)
2197 5452 2370 5534 ﬂoris.
2401 5454 2540 5509 llist.
2569 5457 2746 5529 Pelag.
2769 5452 2879 5515 lib:
2905 5478 2960 5527 tt,
2991 5452 3111 5529 cap:
3132 5452 3358 5531 l8,opp.
3377 5473 3503 5519 tum.
3539 5467 3583 5534 Ι,

2011 5537 2164 5593 pagg.
2196 5523 2301 5577 485
2328 5539 2481 5593 seqq.

2084 5594 2178 5663 (mi
2203 5594 2300 5658 Id.,
2320 5595 2525 5662 pra-fat.
2549 5596 2612 5651 ad
2644 5599 2776 5655 lli.~t.
2804 5602 2980 5671 Pelag.
