4040 6184
445 285 517 343 85
1268 320 1273 323 ~
1820 292 2005 346 PETRI

2108 291 2324 349 IACONI
3632 294 3703 346 8L

440 421 503 460 rx
538 405 788 461 Triuitate
834 421 984 471 passo
1006 405 1106 476 (a),
1136 412 1245 459 tum
1276 406 1328 459 in
1359 404 1607 475 Apologia
1654 405 2022 458 monachorum
2048 413 2101 473 Α
2127 419 2280 469 mur;
2313 405 2438 475 quin
2462 406 2571 461 imo
2586 420 2706 476 quae
2729 406 2781 461 in
2813 420 2909 461 eos
2936 404 3113 459 acrius
3137 403 3707 473 pronuntiavit,depo-

441 497 668 567 chtliitc
679 497 741 549 ab
754 498 996 567 anonymi
1006 498 1263 566 scrupulis
1277 498 1535 551 vindicata
1556 497 1656 566 (ὸ).
1683 495 1757 551 De
1774 496 2013 565 prmSIita

439 604 468 638 a
492 588 707 642 Norisio
738 588 1014 643 monachis
1037 589 1301 659 Scythicis
1321 589 1676 643 advocatione
1701 588 1853 658 plura
1882 602 2013 641 con-

439 686 647 744 texere,
683 695 788 733 non
809 688 891 734 est
920 679 1074 748 hujus
1106 680 1227 734 loci.
1259 679 1430 734 Adeat
1464 680 1630 734 lector
1650 678 2011 734 eminentissi-

438 786 582 824 mum
609 770 758 823 illum
787 779 1085 835 auctorem,
1114 772 1169 824 in
1209 770 1361 839 cujus
1388 771 1605 840 scriptis
1633 768 2009 839 pervolvendis

434 862 717 930 voluptatis
736 863 980 928 multum,
1010 862 1295 932 plurimum
1318 862 1561 916 utilitatis
1583 876 1704 917 eum
1727 870 2008 931 perceptu-

436 968 555 1006 rum
570 952 816 1019 equidem
837 952 1111 1021 polliceor.
1125 953 1380 1006 Cmterum
1399 952 1665 1007 mitiorem
1680 950 1937 1018 deinceps
1951 948 2006 1002 in

437 1042 822 1097 monachorum
854 1043 1174 1113 Scytharum
1218 1043 1537 1098 sententiam
1561 1042 1630 1097 de
1659 1056 1765 1095 uno
1796 1054 1864 1094 ex
1892 1037 2009 1094 Tri-

434 1136 598 1189 nitate
627 1150 783 1204 passo
810 1149 872 1189 se
902 1135 1074 1204 ipsum
1114 1134 1420 1190 exhibuisse
1459 1135 1742 1189 Baronium
1791 1132 2011 1187 arbitra-

526 1270 581 1337 α)
603 1268 776 1321 Noris.
841 1267 977 1326 Hist.
1008 1277 1248 1325 controv.
1273 1277 1393 1323 eaet.
1435 1282 1561 1337 opp.
1583 1278 1712 1321 tom.
1735 1266 1817 1320 ΙΙΙ.
1845 1279 1998 1334 pagg.

433 1336 721 1479 “ibiibi;
745 1407 968 1476 Apolog.
992 1407 1244 1463 monach.
1277 1407 1410 1464 Ibid.
1442 1422 1596 1478 pagg.
1624 1408 1729 1465 879
1753 1421 1906 1479 seqq.

2026 1473 2076 1535 B

2115 495 2292 551 suisse
2337 497 2457 565 jure
2491 497 2695 566 optimo
2745 497 3135 552 existimandus
3185 497 3451 551 videtur:
3502 499 3703 566 quippe

2115 600 2273 655 quem
2314 596 2496 653 postea
2525 586 2770 641 eamdem
2812 588 3133 641 sententiam
3180 585 3235 639 in
3280 583 3555 639 Ferrando
3582 586 3697 638 dia-

2115 690 2254 729 cono
2282 678 2664 745 comprobasse
2686 677 3033 746 intelligimus
3059 679 3151 745 (c).
3174 675 3326 742 Quod
3352 684 3617 743 superest,
3642 676 3696 731 in

2113 774 2338 835 utroque
2366 767 2551 822 libello
2589 768 2902 822 excudendo
2948 768 3260 836 prmclaram
3300 768 3468 822 secuti
3510 780 3695 822 sumus

2109 857 2397 913 editionem
2420 873 2641 928 Operum
2663 861 2833 913 sancti
2867 859 3124 929 Fulgentii
3155 858 3373 914 Parisiis
3393 858 3691 927 evulgatam

2108 961 2251 1007 anno
2272 948 2432 1011 1684,
2458 964 2617 1018 quam
2646 950 2885 1020 diligenti
2920 965 3051 1005 cura
3089 959 3146 1007 et
3189 952 3368 1006 studio
3413 952 3695 1006 adornavit

2112 1040 2177 1095 V.
2209 1043 2272 1094 C.
2296 1041 2470 1096 Lucas
2504 1041 2746 1097 Urbanus
2776 1042 3077 1112 Mangeant,
3132 1052 3192 1096 ut
3236 1058 3266 1095 a
3307 1040 3437 1097 viris
3463 1041 3693 1097 eruditis

2111 1131 2398 1189 edocemur
2427 1134 2529 1204 (ά).

2180 1265 2253 1339 (c)
2287 1266 2480 1339 B_aron.
2506 1269 2571 1322 ad
2600 1283 2726 1339 ann.
2759 1269 2885 1334 555,
2913 1267 3053 1339 528.

2186 1338 2268 1407 (α)
2295 1336 2512 1405 Gouiet,
2530 1340 2667 1394 Bibl.
2699 1338 2797 1393 des
2820 1336 2933 1392 aut:
2960 1340 3119 1399 ecel.,
3144 1347 3273 1393 tom.
3301 1339 3387 1407 ΙΙΙ,
3414 1355 3533 1408 pag.
3563 1342 3656 1395 l7.

2108 1406 2214 1462 BB.
2246 1409 2301 1463 in
2334 1410 2566 1477 append.
2598 1410 2664 1464 ad
2691 1418 2820 1465 tum.
2848 1408 2915 1463 VI
2938 1422 3065 1479 app.
3092 1409 3150 1466 S.
3173 1406 3425 1479 August.,
3449 1406 3571 1480 pag.
3595 1410 3686 1468 I7.

430 1582 3676 1610 W

1353 1698 1917 1811 PETRI
1992 1698 2761 1813 DIACONI

603 1892 693 1947 ET
731 1890 1038 1947 ALIORUM
1076 1890 1192 1958 QUI
1229 1891 1297 1948 IN
1332 1890 1561 1948 CAUSA
1594 1890 1770 1947 FIDE!
1808 1892 1854 1947 A
1892 1889 2169 1947 (ἱΜοιὸ
2204 1892 2294 1946 EX
2332 1890 2630 1947 ORIENTE
2668 1890 2913 1948 ROMAM
2952 1890 3128 1948 MISS]
3163 1890 3508 1961 FUERUNT,

433 2030 613 2144 DE
716 2026 1777 2143 INCARNATIONE
1880 2027 2061 2138 ET
2175 2024 2699 2139 GRATIA
2809 2029 2941 2138 D.
3064 2027 3197 2140 N.
3320 2028 3423 2141 J.
3543 2028 3668 2145 C.

1086 2228 1193 2287 AD
1238 2224 1755 2289 FULGENTIUM
1798 2226 1900 2287 ET
1944 2225 2177 2287 ALIOS
2218 2224 2634 2288 EPISCOPOS
2677 2224 3025 2300 AFRICJE,

1903 2358 2219 2434 LIBER.

498 2499 739 2554 Dominis
767 2496 1122 2553 sanctissimis
1147 2504 1201 2551 et
1228 2511 1346 2551 cum
1370 2497 1513 2550 omni
1534 2497 1878 2550 veneratione
1908 2512 2006 2551 uo-

430 2582 691 2643 minandis
734 2597 761 2624 ι
812 2588 1053 2653 Datiano,
1102 2587 1415 2650 Fortunato,
1480 2586 1709 2649 Albano,
1753 2587 1999 2651 Orontio,

430 2679 601 2745 Bmto,
640 2678 937 2747 Fulgentiu,
992 2675 1244 2731 Januario
1271 2685 1325 2730 et
1372 2677 1581 2730 czctcris
1611 2675 1897 2744 episcopis,
1948 2684 2004 2729 et

429 2769 482 2826 in
524 2767 723 2823 Christi
764 2769 1106 2823 cciifcssinne
1135 2767 1421 2832 decoratis,
1452 2766 1626 2835 exigui
1658 2767 1842 2821 Petrus
1884 2766 2001 2822 dia-

429 2874 616 2925 conus,
653 2861 908 2923 Joannes.
951 2860 1227 2922 Leontius,
1274 2858 1410 2912 alius
1452 2856 1706 2924 Joannes,
1736 2867 1789 2912 et
1817 2856 1998 2911 creteri
2029 2904 2070 2925 η

429 2953 618 3007 fratres
647 2951 701 3005 in
730 2966 889 3005 causa
928 2950 1049 3004 fidei
1082 2950 1304 3003 Romam
1335 2948 1546 3002 directi.

939 3078 1161 3134 CAPUT
1203 3078 1489 3133 PRIMUM.

429 3171 713 3226 Consensus
742 3169 1091 3223 Ecclesiarum
1119 3170 1173 3221 in
1218 3168 1342 3236 ﬁde,
1383 3168 1710 3236 conﬁrmatio
1746 3165 1998 3235 ﬁdelium.

504 3287 642 3341 Utile
689 3295 743 3340 et
775 3283 1261 3353 pernecessarium,
1291 3283 1595 3352 sanctisque
1623 3283 1713 3336 Dei
1750 3281 2003 3337 Ecclesiis

430 3377 734 3448 specialiter
782 3374 1054 3430 credimus
1092 3373 1452 3443 profuturum,
1498 3388 1561 3429 ea
1592 3389 1709 3442 quae
1730 3372 1798 3427 de
1824 3371 2003 3427 lucar-

431 3468 647 3521 natione
674 3474 729 3520 et
756 3464 1157 3533 diepeusatioue
1196 3464 1373 3518 divina
1421 3462 1695 3519 nobiscum
1740 3462 2002 3517 universae

431 3566 630 3611 sancta:
643 3556 991 3611 Orientalium
1017 3554 1270 3610 Ecclesiae
1296 3562 1484 3608 contra
1508 3552 1795 3608 haereticos
1810 3551 1999 3606 defen-

432 3649 564 3702 dunt
587 3648 700 3717 (qui
730 3648 908 3717 pravis
933 3658 988 3702 et
1015 3647 1210 3716 iniquis
1244 3645 1575 3713 argumentis
1604 3645 1874 3713 antiquam
1904 3644 2003 3698 Ec-

438 3739 620 3794 clesiae
657 3738 814 3793 fidem
865 3738 1161 3807 inquietare
1187 3753 1293 3811 non
1328 3738 1563 3804 cessant)
1605 3734 1876 3791 sanctitati
1903 3748 2003 3790 ve-

438 3840 564 3885 stra:
591 3845 897 3901 suggerere,
919 3838 1078 3899 atque
1103 3829 1171 3884 de
1198 3828 1279 3883 his
1313 3842 1632 3883 consensum
1661 3836 1854 3881 vestrae
1881 3825 2005 3880 bea-

431 3922 671 3977 titudinis
691 3922 1001 3991 suppliciter
1021 3920 1338 3989 promereri.
1357 3920 1489 3987 Quia
1516 3919 1567 3973 in
1597 3918 1745 3974 nullo
1762 3926 2001 3971 sanctam

426 4014 819 4083 gloriosamque
871 4012 1265 4067 confessionem
1327 4011 1352 4048 δ
1436 4020 1671 4067 vestram
1735 4008 2003 4063 credimus

430 4105 739 4169 dissentire,
773 4104 1068 4171 praesertim
1095 4118 1217 4158 cum
1256 4116 1363 4156 uno
1410 4101 1604 4167 ubique
1642 4100 1835 4169 spiritu
1878 4112 2005 4151 san-

426 4208 567 4248 ctam
608 4194 702 4249 Dei
724 4194 1015 4249 Ecclesium
1040 4194 1272 4263 vegetari
1304 4192 1522 4245 minime
1544 4191 1867 4245 dubitemus.
1888 4188 2001 4242 Non

2108 2496 2135 2533 ά
2160 2496 2409 2566 perfacile
2422 2505 2687 2552 tantorum
2714 2498 2948 2554 virorum
2968 2501 3564 2573 prohatissimorumque
3583 2519 3675 2559 sa-

2108 2588 2387 2643 cerdotum
2419 2589 2740 2644 auctoritate
2781 2589 2997 2654 muniti,
3022 2592 3201 2661 iniqua
3234 2593 3560 2663 loquentium
3588 2612 3684 2653 ora

2106 2680 2387 2735 obstruere
2431 2679 2725 2744 valeamus,
2776 2690 2830 2734 et
2861 2681 2914 2735 in
2959 2681 3062 2737 ﬁde
3111 2696 3420 2739 sanctorum
3465 2686 3684 2741 Patrum

2107 2780 2532 2840 perseverantes,
2564 2771 2674 2826 Deo
2706 2780 2730 2809 °
2764 2773 2851 2842 qui
2885 2788 2975 2827 vos
2998 2774 3332 2828 sanctimonii
3368 2775 3449 2830 sui
3468 2778 3683 2833 confes-

2106 2864 2257 2918 sione
2305 2863 2642 2933 glorificavit,
2695 2866 2895 2933 gratias
2950 2864 3267 2931 referamus,
3316 2868 3517 2921 domini
3561 2884 3684 2921 san-

2104 2955 2329 3009 ctissimi
2371 2966 2427 3009 et
2471 2954 2580 3009 Deo
2616 2955 2937 3025 dignissimi.
2971 2955 3121 3012 Nunc
3149 2971 3213 3012 ea
3242 2973 3360 3027 qua:
3394 2969 3683 3029 sequuntur

2104 3046 2336 3115 petimus
2361 3046 2671 3114 exploretis.
3202 3068 3206 3079 θ

2714 3175 2940 3233 CAPUT
2979 3178 3044 3233 11.

2106 3268 2170 3321 In
2223 3267 2426 3322 Christo
2470 3267 2586 3321 duce
2638 3277 2859 3331 naturae,
2907 3269 3020 3322 sine
3051 3269 3392 3350 confusione,
3424 3271 3478 3325 in
3526 3288 3682 3327 uuam

2662 3354 2933 3405 personam
2974 3349 3150 3392 unum.

2175 3447 2339 3516 Igitur
2381 3448 2531 3516 juxta
2570 3457 2877 3501 sanctorum
2937 3450 3150 3503 Patrum
3175 3451 3531 3516 traditionem,
3568 3452 3673 3505 Do-

2104 3537 2305 3592 minum
2348 3546 2589 3591 nostrum
2618 3538 2804 3591 Jesum
2833 3537 3105 3591 Christum
3149 3540 3201 3592 in
3234 3540 3439 3595 duabus
3479 3540 3683 3595 naturis

2104 3628 2271 3683 unitis
2300 3638 2356 3683 et
2386 3627 2699 3695 inconfusis,
2730 3630 2780 3681 id
2808 3638 2891 3683 est
2916 3630 3209 3686 divinitatis
3244 3642 3300 3687 et
3344 3632 3683 3688 humanitatis

2107 3719 2160 3773 in
2192 3735 2293 3773 una
2326 3722 2577 3789 pertsona,
2618 3723 2729 3777 sive
2759 3719 2777 3759 ι
2811 3722 3155 3778 subsistentia
3186 3726 3527 3780 confitemur.
3573 3725 3684 3781 Nec

2106 3812 2209 3867 illis
2231 3813 2634 3881 acquiescentes
2689 3815 2779 3881 qui
2812 3830 2969 3869 unam
2996 3815 3089 3869 Dei
3129 3816 3287 3870 Verbi
3327 3829 3568 3871 naturam
3601 3818 3684 3872 in-

2105 3911 2377 3959 carnatam
2435 3905 2803 3973 prmdicantes,
2855 3906 3178 3961 venerabilis
3223 3906 3682 3964 Chalcedonensis

2105 3996 2316 4051 concilii
2367 3996 2525 4051 fidem
2564 3998 2854 4066 refugiunt,
2887 4011 2986 4051 nec
3025 3998 3148 4051 illos
3183 3998 3548 4063 admittentes,
3591 3999 3681 4066 qui

2106 4086 2241 4141 duas
2264 4094 2478 4141 naturas
2506 4087 2692 4142 dolose
2733 4089 3158 4154 pronuntiantes.
3188 4080 3348 4142 unam
3398 4088 3488 4142 Dei
3518 4087 3682 4143 Verbi

2109 4187 2351 4232 naturam
2382 4179 2711 4232 iuearnatam
2736 4178 2956 4233 minime
2992 4177 3683 4245 conlitentur,:estim:tntes

428 4286 569 4339 uuim
603 4301 787 4354 parva,
817 4285 922 4339 imo
942 4285 1115 4353 potius
1142 4300 1333 4353 magna
1364 4284 1543 4337 Its-tilia
1572 4283 1805 4336 universi
1839 4282 2005 4349 reple-

2115 4270 2214 4324 ltoc
2261 4271 2482 4323 duarum
2543 4278 2853 4324 naturarum
2906 4269 3230 4339 professioni
3284 4271 3615 4325 contrarium
3662 4286 3678 4323 :

431 4379 624 4429 buntur
652 4376 972 4441 Orientales,
1011 4377 1054 4428 si
1088 4377 1423 4429 sanctitatem
1455 4384 1685 4429 vestram
1721 4374 1854 4437 suis,
1896 4374 2003 4427 imo

432 4468 602 4535 magis
645 4467 944 4530 catholicis.
986 4468 1235 4520 noverint
1289 4467 1341 4519 in
1391 4465 1639 4519 omnibus
1698 4466 2004 4518 consentire

428 4557 784 4625 dogmatibus.
822 4557 971 4612 Unde
999 4556 1308 4625 suppliciter
1332 4555 1558 4624 petimus
1586 4565 1638 4609 et
1658 4555 2001 4609 obsecramus

429 4647 813 4703 beatitudinem
862 4657 1115 4713 vestram,
1155 4657 1419 4716 quatenus
1444 4646 1682 4715 diligenti
1724 4644 2002 4697 examina-

430 4738 595 4805 tione,
646 4753 708 4793 ea
754 4754 873 4809 qua:
897 4739 1119 4793 inferius
1149 4737 1492 4793 continentur
1540 4736 1884 4791 discutientes
1923 4736 2004 4803 (ut

428 4829 583 4884 decet
612 4829 925 4883 verissimus
962 4838 1019 4885 et
1044 4830 1341 4900 intrepidos
1371 4828 1569 4884 Christi
1603 4826 2003 4897 praedicatores)

427 4921 642 4988 scriptis
680 4921 999 4975 sententiam
1046 4930 1285 4977 vestram
1325 4921 1479 4976 nobis
1509 4930 1531 4959 ο
1566 4918 1867 4989 patefacere
1913 4916 2001 4985 ju-

426 5013 641 5068 beatis:
682 5019 742 5067 ut
763 5012 830 5074 si,
864 5011 974 5066 Deo
1002 5023 1309 5081 prestante,
1344 5012 1621 5067 catholicae
1652 5009 1774 5063 fidei
1804 5022 2001 5063 conve-

429 5106 584 5159 niens
624 5111 680 5159 et
722 5102 1033 5173 apostolicis
1077 5105 1452 5159 traditionibus
1491 5115 1674 5159 nostra
1716 5099 1854 5175 apud
1902 5112 2000 5153 vos

430 5201 593 5266 (sicut
625 5212 730 5252 non
760 5196 1074 5267 difﬁdimus)
1101 5197 1263 5251 fuerit
1312 5196 1579 5267 expositio
1628 5191 1995 5262 comprobata,

499 5346 523 5373 ο
557 5335 706 5401 Ant.,
734 5310 985 5387 Diacono.

498 5406 525 5445 δ
554 5398 1084 5475 Με.,’9ιονίο.ςαηιτιιιε
1116 5403 1481 5474 confessionem
1522 5402 1775 5456 credimus
1815 5398 2009 5452 dissen—

430 5488 679 5608 mgchlsq
736 5546 1229 5615 pate/ierijubeatis.

499 5616 526 5652 ά
557 5617 648 5669 Sic
674 5631 801 5682 ms.;
834 5618 960 5671 editi
991 5632 1140 5682 vero,
1169 5625 1214 5669 et
1236 5616 1413 5685 facile.

503 5696 526 5724 ο
561 5685 723 5752 Editi,
761 5687 848 5757 qui
894 5703 1007 5742 nos.
1045 5688 1150 5744 Sed
1183 5683 1371 5743 melius
1421 5685 1625 5744 videtur
1663 5683 1804 5756 quod
1843 5684 2001 5742 habet

2106 4363 2258 4433 quasi
2301 4363 2498 4432 aliquid
2548 4362 2689 4415 aliud
2731 4377 2888 4431 quam
2919 4362 3051 4416 duas
3098 4371 3315 4416 naturas
3345 4362 3683 4416 ineffabiliter

2108 4453 2299 4515 unitas,
2353 4468 2455 4507 uua
2500 4452 2594 4507 Dei
2640 4452 2798 4506 Verbi
2828 4462 3017 4506 natura
3068 4452 3340 4506 incarnata
3382 4452 3680 4526 significet;

2104 4545 2261 4598 beato
2289 4545 2490 4614 Cyrillo
2517 4543 2892 4598 Alexandrina:
2929 4542 3157 4597 civitatis
3187 4543 3423 4597 antistite
3449 4552 3474 4590 ε
3508 4543 3560 4596 iu
3592 4557 3680 4596 se-

2107 4633 2278 4687 cunda
2300 4634 2525 4700 epistola
2558 4633 2624 4687 ad
2655 4634 2972 4688 Successum
3002 4635 3311 4703 episcOpum
3366 4631 3682 4687 Diocesarias

2110 4726 2178 4778 ita
2207 4725 2474 4779 scribente
2504 4741 2517 4777 :
2558 4744 2575 4776 ‹
2607 4725 2662 4779 Si
2689 4725 2832 4779 enim
2879 4741 3035 4779 uuam
3057 4733 3299 4780 naturam
3317 4725 3553 4780 dicentes
3582 4724 3678 4780 Dei

2110 4817 2295 4882 Verbi,
2325 4817 2673 4871 tacuissemus
2705 4832 2811 4872 non
2863 4818 3150 4873 inferentes
3190 4818 3540 4881 incarnatam,
3583 4815 3681 4869 sed

2108 4911 2251 4965 velut
2289 4909 2600 4978 ahjicientrs
2636 4910 3119 4978 dispensationem;
3169 4920 3289 4965 erat
3318 4910 3425 4964 illis
3455 4909 3681 4964 forsitan

2109 5017 2215 5056 non
2262 5000 2626 5068 improbabilis
2668 5015 2868 5066 sermo,
2907 5002 3282 5057 simulantibus
3324 5002 3679 5069 interrogare,

2109 5095 2197 5149 ubi
2228 5103 2310 5149 est
2338 5094 2391 5147 in
2440 5092 2772 5149 humanitate
2800 5094 3096 5162 perfectio?
3139 5103 3231 5147 aut
3258 5092 3528 5162 quomodo
3557 5091 3682 5145 sub-

2105 5185 2298 5241 stantia
2326 5191 2507 5238 nostra
2555 5185 2837 5240 subsistit?
2868 5185 3129 5252 Quoniam
3158 5200 3285 5239 vero
3316 5192 3372 5239 et
3421 5183 3681 5252 perfectio

2113 5332 2240 5381 ms.,
2265 5317 2503 5389 quieos;
2529 5317 2650 5385 quia
2684 5317 2976 5389 episc0pos
3004 5318 3327 5388 compellant
3359 5319 3548 5374 exsilio
3583 5334 3681 5389 pro

2111 5388 2308 5444 Christi
2336 5387 2617 5442 divinitate
2646 5388 2927 5458 gloriosos.

2134 5548 2151 5591 ι
2185 5467 2204 5505 ί
2224 5468 2377 5589 tliditi
2397 5508 2411 5532 ,
2440 5467 2643 5524 Lovau.
2681 5483 2769 5521 an.
2799 5467 2936 5522 1556
2956 5476 3010 5522 et
3036 5467 3196 5523 Basil.
3229 5467 3425 5524 habent
3450 5469 3551 5523 sive
3569 5470 3689 5523 sul:-

2154 5556 2217 5591 an
2246 5556 2314 5590 la.

2106 5556 2314 5593 ειαηιια.

2183 5626 2206 5662 8
2240 5616 2551 5688 llaacverba
2580 5618 2630 5671 in
2658 5618 2876 5671 secunda
2913 5616 3126 5688 cpistola
3165 5618 3358 5674 absunt
3405 5617 3472 5671 ab
3499 5618 3677 5672 editis.

2106 5688 2351 5758 leguntur
2373 5687 2427 5742 in
2450 5702 2549 5742 ms.
