4040 6184
307 238 381 293 85
1183 229 1384 285 LIBER
1422 229 1508 285 DE
1543 227 2045 285 INCARNATIONE
2081 229 2171 287 ET
2210 234 2492 306 GRATIA,
2526 239 2675 294 ETC.
3513 242 3581 297 86

310 355 501 424 quaein
520 351 857 408 humanitate
882 359 1045 418 est,et
1064 352 1308 408 essentite
1322 360 1519 406 nostrze
1541 348 1901 404 manifestatio
1931 348 1979 407 A
2009 353 2299 421 composita
2331 371 2453 411 esse
2483 373 2588 413 non
2613 358 2782 429 possit
2810 376 2823 415 :
2860 373 2957 412 nec
2982 358 3203 427 cogitas,
3230 358 3370 427 quod
3402 361 3578 413 (“\inn

310 448 455 501 illata
481 455 568 502 est
589 488 606 511 ,
658 460 756 514 per
779 444 830 498 id
861 444 1004 515 quod
1042 443 1240 499 dictum
1272 454 1354 499 est
1409 444 1684 498 incarnata
1714 482 1730 507 ,
1782 442 1890 510 jam

310 550 337 579 ⁸
354 540 605 597 desinant
630 538 979 593 arundineam
999 537 1199 606 virgam
1231 536 1447 591 sibimet
1473 543 1888 605 supponentes.»

922 670 1143 725 CAPUT
1184 670 1267 724 III.

652 762 815 818 Beata
848 762 1004 835 Virgo
1028 765 1231 830 proprie
1258 761 1351 815 Dei
1376 772 1555 816 mater.

381 880 602 933 Beatam
633 893 765 932 vero
799 876 1053 945 virginem
1086 874 1303 929 Mariam
1332 889 1439 929 non
1469 885 1688 945 propter
1717 875 1897 946 digni-

298 981 468 1025 ,talem
496 968 732 1022 hominis
754 966 895 1020 illius
914 966 1001 1035 qui
1032 981 1096 1019 ex
1128 967 1238 1033 ipsa
1273 976 1428 1019 natus
1453 976 1540 1021 est
1567 967 1750 1035 (quem
1774 981 1900 1037 gra-

312 1067 376 1117 tia
408 1073 463 1117 et
492 1077 597 1116 non
627 1073 814 1113 natura
849 1061 1009 1113 Deum
1031 1059 1245 1128 quidam
1276 1061 1437 1128 impie
1463 1060 1759 1128 praedicare
1789 1075 1895 1114 non

311 1154 599 1222 metuunt),
629 1152 723 1206 sed
759 1152 972 1221 proprie
1003 1159 1058 1205 et
1084 1140 1379 1205 secundum
1408 1151 1691 1206 veritatem
1720 1151 1896 1206 credi-

311 1260 426 1298 mus
456 1245 723 1304 Θεοτὸκον.
749 1243 800 1296 id
824 1252 907 1296 est
940 1242 1032 1296 Dei
1064 1243 1402 1310 genitricem,
1431 1257 1497 1297 eo
1524 1243 1665 1312 quod
1691 1242 1896 1312 peperit

313 1352 435 1390 vere
466 1348 521 1390 et
549 1335 765 1404 proprie
790 1334 957 1388 Deum
984 1332 1219 1387 Verbum
1252 1334 1606 1400 incarnatum,
1640 1343 1694 1389 et
1721 1334 1896 1388 homi-

315 1444 431 1480 nem
458 1426 681 1491 fartum,
710 1434 871 1493 atque
892 1426 1251 1479 essentialitcr
1273 1426 1387 1479 sive
1402 1425 1719 1480 naturaliter
1744 1426 1894 1480 carni

316 1518 541 1570 unitum.
575 1518 862 1585 l’r0plerea
886 1515 1044 1569 etiam
1070 1517 1430 1583 essentialem,
1449 1518 1565 1572 sive
1593 1520 1893 1574 naturalem

315 1610 506 1662 factam
537 1620 846 1660 naturarum
881 1607 1173 1660 unitionetn
1204 1609 1525 1663 omnimodis
1551 1610 1889 1677 conﬁtemur;

314 1717 417 1755 non
447 1702 587 1755 sicut
610 1701 708 1764 illi,
739 1701 827 1768 qui
863 1708 1113 1769 tanquam
1142 1699 1193 1753 in
1225 1700 1503 1770 propheta,
1537 1704 1610 1755 ita
1644 1703 1697 1757 in
1729 1700 1887 1757 Cbri-
1926 1724 1973 1782 Β

312 1805 392 1846 stu
424 1793 451 1830 δ
501 1794 667 1847 Deum
712 1790 948 1845 Verbum
1000 1791 1311 1861 inoperasse
1346 1794 1692 1848 contendunt.
1747 1796 1895 1861 Quos

313 1885 590 1953 redarguit
643 1883 828 1937 beatus
871 1882 1177 1957 Gregorius
1214 1884 1580 1938 Nazianzenus
1608 1885 1674 1939 ad
1715 1884 1898 1940 Clido—

313 1978 482 2042 nium,
515 1974 701 2028 dicens
728 1995 742 2029 :
775 1992 792 2023 t
830 1972 888 2027 Si
918 1975 1035 2042 quis
1055 1974 1192 2027 sicut
1222 1974 1273 2027 in
1311 1974 1567 2043 propheta
1595 1975 1887 2029 secundum

312 2072 533 2136 gratiam
566 2066 699 2120 dicit
726 2066 1037 2133 imperasse
1069 2065 1233 2119 Deum
1288 2065 1540 2132 Verbum,
1590 2076 1646 2120 et
1672 2082 1775 2121 non
1813 2082 1898 2122 es-

311 2160 610 2213 sentialiter
657 2158 850 2211 factam
904 2157 1191 2211 conﬁtetur
1218 2157 1538 2225 unitionem,
1585 2160 1653 2212 sit
1697 2174 1896 2214 vacuus

315 2250 551 2305 melioris
582 2249 988 2317 inoperationis,
1022 2248 1190 2318 magis
1212 2258 1389 2303 autem
1423 2249 1615 2319 plenus
1646 2250 1717 2304 sit
1746 2252 1897 2306 dete-

315 2344 488 2396 rioris.
531 2360 551 2393 ι
584 2341 694 2396 Nec
719 2342 860 2394 sicut
891 2341 965 2394 illi
992 2342 1086 2410 qui
1130 2341 1422 2396 secundum
1453 2341 1892 2411 illustrationem,

312 2446 400 2489 aut
428 2435 775 2489 dilectionem
800 2443 890 2488 aut
916 2434 1271 2498 adfectionem,
1300 2438 1634 2503 personalem
1664 2439 1745 2492 vel
1768 2438 1894 2493 sub-

310 2524 684 2587 sistentialem,
703 2526 819 2578 sive
842 2524 1134 2579 secundum
1163 2525 1560 2590 auctoritatem,
1584 2537 1679 2581 aut
1706 2540 1894 2597 poten-

311 2622 453 2677 tiam,
505 2624 599 2668 aut
644 2615 1005 2682 aequalitatem
1063 2616 1302 2681 honoris,
1354 2615 1652 2671 unitionem
1685 2627 1894 2674 lentant

310 2715 551 2759 astruere
576 2712 912 2758 naturarum.
939 2704 1083 2772 Quos
1112 2705 1271 2774 paulo
1293 2708 1541 2775 superius
1565 2721 1889 2765 memoratus

311 2797 493 2851 beatus
536 2796 773 2865 Cyrillus
801 2796 1219 2850 anathematizat
1263 2798 1449 2853 dicens
1479 2811 1665 2853 contra
1694 2801 1883 2855 Nesto-

306 2892 440 2943 rium
467 2898 491 2926 ε
524 2903 541 2941 :
575 2907 595 2939 ι
633 2889 827 2957 Siquis
859 2890 909 2941 in
940 2903 1044 2942 uno
1086 2890 1298 2943 Christo
1327 2891 1517 2945 dividit
1564 2893 1890 2949 substantias

306 2978 471 3048 postd
523 2981 847 3043 unitionem,
879 2981 988 3033 sola
1030 2994 1125 3034 eas
1155 2984 1410 3036 societate
1453 2992 1778 3038 connectens
1802 3001 1889 3040 se-

2003 450 2262 519 sapientia
2288 450 2429 507 sicut
2456 462 2581 509 ante
2610 468 2767 524 quam
2800 467 2859 509 se
2884 453 3229 519 exinanisset,
3257 454 3577 509 indiminuta

2004 544 2333 610 permansit;
2368 545 2440 598 ita
2482 553 2540 600 et
2589 546 2640 599 in
2691 546 2793 601 hac
2824 545 3189 601 exinanitione
3212 560 3372 614 quam
3416 547 3584 615 gessit

2000 634 2446 701 misericorditer,
2496 636 2811 691 indiminuta
2853 648 3014 704 atque
3042 638 3445 692 indemutabilis
3490 652 3583 692 ex-

1998 727 2151 781 stitit.
2181 728 2247 782 Et
2278 730 2381 783 hoc
2410 729 2570 782 etiam
2615 729 2784 795 dicis,
2834 730 2974 799 quod
3016 730 3275 799 sapientia
3317 730 3585 783 habitaret

2001 819 2055 870 in
2082 834 2147 872 eo
2196 821 2335 873 sicut
2391 820 2693 874 habitamus
2724 829 2780 875 et
2809 836 2907 875 nos
2940 820 2991 874 in
3020 820 3265 876 domibus
3296 830 3320 858 ο
3360 830 3418 873 ιιι
3446 822 3583 875 alter

2007 913 2063 967 in
2090 913 2291 972 altero;
2324 912 2419 967 sed
2463 928 2639 982 neque
2687 928 2811 982 pars
2849 913 3042 966 domus
3083 928 3180 967 nos
3225 928 3434 977 sumus,
3482 927 3581 967 nee

1999 1004 2167 1059 nostri
2220 1020 2339 1072 pars
2405 1003 2598 1059 domus
2646 1014 2753 1058 est.
2804 1021 2824 1056 ι
2873 1004 3128 1058 Similiter
3172 1006 3333 1059 etiam
3391 1007 3580 1059 beatus

1999 1099 2321 1152 Athanasius
2357 1100 2407 1152 in
2442 1098 2622 1153 libello
2648 1098 2801 1166 cujus
2830 1106 2914 1153 est
2942 1097 3313 1163 titulus,Quod
3346 1114 3477 1152 unus
3512 1100 3577 1151 sit

1998 1190 2252 1252 Christus,
2283 1190 2655 1243 haereticorum
2688 1189 2974 1243 vanitatem
3004 1188 3265 1253 refutans,
3298 1201 3577 1259 postquam

1997 1281 2064 1336 de
2093 1280 2211 1335 Filii
2242 1282 2335 1336 Dei
2368 1281 2647 1336 divinitate
2666 1281 3041 1351 inquisitiones
3071 1297 3258 1336 eorum
3283 1283 3581 1350 superﬂuas

1996 1366 2383 1445 approbasset,
2406 1376 2472 1430 ita
2503 1376 2878 1445 prosequitur:
2914 1394 2933 1428 t
2962 1376 3073 1441 Sic,
3096 1376 3290 1446 inquit,
3322 1378 3481 1432 etiam
3509 1377 3579 1433 de

1997 1466 2365 1523 incarnatione
2399 1468 2705 1537 inquirunt:
2752 1468 3056 1535 Quomodo,
3101 1470 3367 1538 inquiunt,
3400 1469 3575 1526 incar-

1996 1564 2337 1621 naturDeus?
2351 1560 2620 1628 quomodo
2646 1561 3053 1629 incorporatur?
3072 1563 3342 1630 quomodo
3366 1576 3577 1629 compo-

1998 1650 2144 1703 nitur
2171 1650 2237 1703 ad
2269 1665 2486 1718 parvum
2512 1651 2888 1719 corpusculum
2920 1650 3268 1717 incapaiiili's?
3305 1652 3571 1722 quomodo

2002 1743 2187 1797 unitur
2244 1742 2513 1796 increatus
2559 1752 2762 1808 creato,
2818 1743 3312 1811 incircumscriptus
3345 1743 3575 1798 circum-

2001 1833 2235 1903 scripto?
2264 1842 2357 1887 aut
2384 1833 2652 1901 quomodo
2698 1834 2751 1887 in
2787 1843 2963 1902 partes
2991 1850 3214 1903 magnus
3241 1835 3348 1899 ille,
3384 1844 3434 1889 et
3469 1835 3571 1886 im—

2001 1940 2220 1981 mensus
2252 1934 2304 1979 et
2350 1924 2695 1980 individuus?
2729 1924 2786 1979 Si
2840 1934 3017 1980 autem
3050 1926 3360 1993 magnitudo
3386 1926 3473 1980 illa
3510 1926 3560 1983 in

2000 2032 2163 2085 parvo
2187 2018 2304 2071 loco
2332 2026 2606 2072 contracta
2627 2025 2730 2079 est,
2759 2027 2850 2071 aut
2872 2031 3090 2084 parvum
3122 2017 3251 2070 illud
3272 2017 3467 2072 factum
3489 2026 3574 2071 est

1999 2124 2271 2178 magnum,
2301 2118 2549 2176 autpars,
2570 2115 2754 2163 etnon
2785 2110 2959 2162 omnis
2984 2107 3232 2162 divinitas
3252 2107 3402 2162 carni
3427 2109 3575 2162 unita

1997 2212 2107 2265 est;
2139 2200 2280 2269 quod
2309 2210 2394 2254 est
2447 2200 2667 2269 ii'npium
2690 2199 2937 2255 credere.
2968 2200 3033 2252 Et
3072 2198 3304 2266 prolapsi
3333 2206 3461 2252 sunt
3499 2214 3569 2253 ex

1999 2293 2099 2346 huc
2128 2292 2270 2362 quod
2301 2292 2486 2347 dicunt
2512 2310 2525 2347 :
2580 2292 2878 2359 Quomodo,
2913 2300 2968 2345 et
2992 2292 3137 2360 quali
3173 2290 3365 2345 modo?
3391 2300 3444 2345 et
3467 2305 3570 2359 qua

1995 2383 2257 2438 sententia
2283 2394 2336 2439 et
2369 2383 2590 2448 perﬁdia
2618 2383 2778 2436 etiam
2808 2381 2895 2437 isti
2920 2392 2973 2438 et
3002 2382 3441 2437 inhabitationetn
3475 2396 3572 2452 pro

1994 2477 2362 2531 incarnatione
2390 2474 2409 2512 τ
2435 2475 2640 2545 Opinati
2670 2485 2814 2539 sunt,
2843 2485 2891 2530 et
2919 2490 3016 2544 pro
3042 2476 3246 2530 unitate
3274 2484 3328 2529 et
3356 2489 3572 2544 compo-

1991 2568 2190 2623 sitione
2215 2568 2638 2638 inoperationem
2660 2568 2966 2632 humanam,
2985 2577 3039 2622 et
3067 2583 3164 2637 pro
3188 2583 3289 2623 una
3319 2569 3570 2624 subman-

1994 2663 2061 2714 tia
2095 2660 2300 2714 Domini
2329 2661 2497 2715 nostri
2529 2659 2655 2715 Jesu
2682 2658 2905 2725 Chrisu,
2945 2658 3077 2714 duas
3105 2660 3478 2714 subsistentias
3516 2669 3571 2715 et

1992 2752 2125 2805 duas
2159 2769 2434 2821 personas,
2479 2764 2528 2806 et
2569 2770 2661 2821 pro
2694 2764 2872 2805 sancta
2903 2764 2956 2805 et
2996 2752 3250 2806 ineﬂ'abtli
3282 2752 3566 2814 Trinitatc,

1991 2844 2400 2912 quaternitatem
2433 2844 2743 2897 indecenter
2771 2844 3193 2912 dagmatizantes
3223 2852 3279 2897 et
3322 2845 3503 2912 impie.
3542 2861 3564 2895 ι

1992 2934 2196 2988 Rursus
2219 2934 2408 2988 beatus
2433 2933 2720 3003 Gregorius
2742 2934 2792 2987 in
2822 2934 3070 2988 sermohe
3090 2933 3156 2989 de
3187 2934 3353 2989 Filio:
3393 2954 3411 2986 ι
3452 2935 3569 2990 Uno

1996 3033 2194 3091 autem,
2224 3025 2418 3094 inquit,
2442 3025 2675 3093 capitqu
2702 3038 2842 3089 meo,
2871 3035 2929 3079 ut
2954 3024 3144 3079 altiora
3173 3025 3386 3093 quidem
3401 3027 3568 3080 ascri-

1488 3076 1803 3186 νοι,εηιί·ιιιιτ
1838 3088 1893 3134 ει
1921 3082 1966 3144 c
1997 3071 2842 3186 ἑξζᾶἰξηὶζῖἷξίῖξἐέῖιίἷέέέιίζὶἔέῖ
2863 3071 3567 3186 ιῑιεῑξεξέιοῑςιῖυςῑεῑιςέ-

307 3182 411 3220 non
444 3166 617 3233 magis
659 3164 1092 3234 conjunctiouem
1125 3180 1242 3232 quze
1273 3173 1354 3219 est
1385 3169 1677 3220 secundum
1713 3169 1886 3222 unita-

308 3270 415 3312 tem
468 3258 797 3322 naturalem,
848 3257 1129 3309 anathema
1172 3256 1262 3308 sit.
1318 3275 1337 3307 ι
1392 3257 1529 3310 Deus
1569 3257 1714 3312 enim
1760 3258 1891 3313 Ver-

308 3353 454 3412 bum,
487 3365 593 3403 non
619 3350 839 3402 nomine
865 3361 1055 3413 vacuo,
1106 3363 1210 3402 non
1240 3348 1495 3416 particula
1523 3350 1625 3417 sui,
1659 3352 1757 3405 sed
1796 3365 1891 3404 na-

309 3452 421 3494 tura
451 3442 596 3496 Deus
631 3447 833 3503 tantus,
865 3449 1097 3507 quantus
1144 3449 1198 3493 et
1228 3439 1389 3494 Pater
1413 3450 1517 3506 est,
1544 3443 1764 3510 aequalis
1797 3457 1891 3510 per

305 3537 485 3587 omnia
536 3532 705 3595 Patri,
740 3542 939 3599 praeter
970 3530 1071 3585 hoc
1095 3534 1468 3587 tantummodo
1496 3534 1638 3602 quod
1672 3534 1760 3588 ille
1790 3533 1890 3588 Pa-

305 3633 386 3679 ter
412 3636 514 3687 est,
539 3624 642 3678 iste
665 3622 860 3687 Filius,
887 3631 1090 3676 naturae
1117 3638 1177 3676 se
1205 3622 1451 3677 humana:
1472 3624 1685 3691 uniens,
1718 3625 1889 3680 factus

302 3726 386 3770 Cal
416 3716 603 3769 homo.
638 3715 771 3768 Hinc
796 3717 960 3768 etiam
988 3728 1017 3767 a
1063 3715 1266 3769 sanctis
1292 3715 1540 3770 Patribus
1567 3718 1889 3773 adunalione

300 3826 366 3864 ex
396 3808 681 3862 divinitate
707 3818 759 3860 et
790 3807 1115 3860 humanitate
1137 3807 1386 3862 Christus
1416 3807 1671 3862 Dominus
1702 3820 1889 3863 noster

300 3900 638 3964 compositus
668 3899 1008 3967 praedicatur.
1043 3898 1193 3963 Quod
1242 3898 1435 3953 nolens
1466 3899 1659 3953 Paulus
1700 3902 1888 3955 Samo-

299 4003 525 4045 satenus
554 3990 821 4052 contiteri,
867 3988 1148 4043 damnatus
1180 3999 1266 4044 est
1292 3990 1360 4042 ab
1389 3990 1727 4044 Antiocheuo
1752 4004 1887 4045 con-

300 4083 448 4147 cilio,
506 4080 811 4135 blalcltioue
863 4081 1176 4151 presbytero
1243 4082 1483 4149 ejusdem
1538 4082 1887 4137 Antiochenze

300 4172 583 4237 Ecclesia,
632 4173 747 4224 viro
800 4187 896 4239 per
934 4174 1113 4225 omnia
1154 4172 1537 4238 eruditissimo,
1578 4182 1633 4227 et
1670 4175 1738 4228 ab
1771 4176 1889 4228 uni-

299 4268 474 4318 versis
501 4262 874 4317 sacerdotibus
898 4266 983 4331 qui
1016 4274 1199 4318 contra
1230 4265 1483 4318 eumdum
1510 4265 1731 4319 Paulum
1754 4281 1887 4321 con-

298 4367 566 4411 venerant
627 4366 755 4410 tunc
808 4356 1002 4424 electo,
1036 4358 1127 4426 qui
1188 4373 1455 4411 summum
1505 4358 1886 4427 disputationis

1994 3227 2121 3283 pore
2144 3212 2399 3282 probatur
2422 3225 2543 3266 esse
2569 3210 2814 3279 superior
2839 3226 2853 3263 :
2880 3209 3166 3264 humiliora
3195 3224 3326 3264 vero
3351 3225 3569 3279 compo-

1991 3306 2097 3359 sito
2128 3304 2353 3368 tribuas,
2388 3303 2478 3372 qtti
2508 3312 2724 3372 propter
2758 3312 2808 3357 te
2846 3309 3018 3357 semet
3051 3301 3224 3372 ipsum
3253 3301 3565 3369 exinanivit,

1989 3406 2045 3451 ct
2090 3397 2397 3449 incarnatus
2447 3406 2549 3450 est.
2587 3415 2605 3445 ι
2643 3394 2777 3448 lliuc
2802 3409 2931 3462 ergo
2961 3394 3259 3448 rectissime
3300 3392 3569 3447 credimus
3610 3397 3618 3411 '

1991 3488 2131 3557 quod
2179 3492 2369 3557 plenus
2396 3498 2451 3541 et
2482 3485 2749 3555 perfectus
2782 3485 2921 3539 Deus
2963 3484 3220 3547 Verbum,
3253 3485 3412 3538 etiam
3450 3493 3570 3554 post

1990 3592 2317 3649 assumptam
2340 3594 2556 3634 carnem
2580 3579 2782 3633 nullum
2805 3586 3146 3647 augmentum
3165 3578 3569 3631 detrimentum-

1989 3690 2093 3744 que
2118 3674 2419 3742 pertulerit,
2447 3673 2556 3727 imo
2579 3671 2818 3725 unitione
2843 3684 2938 3724 sua
2978 3666 3302 3723 ineifabiletn
3342 3668 3567 3738 gloriam

1990 3766 2275 3822 contulerit
2300 3774 2587 3835 as»umptze
2614 3773 2837 3818 naturae.

2602 3895 2828 3951 CAPUT
2862 3893 2949 3949 IV.

1990 3990 2114 4045 Non
2156 4001 2232 4047 est
2275 3990 2415 4060 facta
2433 3989 2745 4060 quaternitas
2786 3989 2839 4067 in
2860 3987 3048 4039 deitate
3082 4001 3174 4056 per
3197 3984 3568 4038 incarnationis

2620 4068 2933 4127 mystertum.

2059 4174 2170 4228 llac
2199 4168 2267 4227 de
2305 4186 2463 4226 causa
2490 4169 2767 4225 Trinitatis
2814 4168 2975 4224 etiam
3026 4162 3147 4235 pos't
3185 4164 3567 4219 incarnationis

1986 4266 2298 4336 mysterium
2319 4264 2549 4318 Trinitas
2566 4262 2781 4321 man’sit.
2801 4259 2925 4329 quia
2954 4258 3093 4313 idem
3128 4251 3267 4310 Deus
3304 4255 3562 4321 Verbum,

1984 4360 2147 4414 etiam
2176 4372 2298 4413 cum
2326 4355 2541 4425 propria
2568 4368 2730 4407 carne
2757 4367 2893 4406 unus
2921 4360 3002 4405 est
3030 4366 3095 4404 ex
3124 4350 3383 4403 Trinitate
3408 4365 3421 4402 :
3458 4362 3564 4401 non

295 4461 578 4504 certamen
608 4462 637 4499 a
668 4447 900 4501 concilio
938 4458 1239 4503 memorato
1270 4451 1591 4515 suscipiens,
1625 4450 1701 4503 ita
1742 4464 1887 4504 enm-
1914 4457 1967 4517 υ
1992 4450 2131 4522 quod
2164 4464 2292 4504 caro
2311 4449 2430 4517 ejus
2468 4448 2538 4501 sit
2564 4445 2633 4501 de
2660 4444 2959 4500 substantia
2994 4442 3292 4505 Trinitatis,
3325 4439 3417 4495 sed
3442 4441 3564 4510 quia

295 4544 418 4595 dem
451 4539 765 4594 haereticum
797 4540 938 4593 inter
957 4549 1151 4594 caetera
1176 4539 1470 4610 redarguit,
1494 4541 1719 4597 dicens:
1755 4560 1771 4592 ι
1806 4543 1879 4596 Ex

296 4633 636 4703 simplicibus
679 4632 740 4685 ﬁt
780 4640 930 4686 certe
973 4632 1351 4701 compositum,
1399 4634 1537 4687 sicut
1567 4634 1621 4687 in
1666 4632 1882 4690 Christo

297 4726 445 4789 Jesu,
479 4727 568 4792 qui
621 4739 685 4779 ex
733 4724 845 4778 Deo
877 4722 1052 4777 Verbo
1086 4735 1140 4777 et
1184 4724 1420 4779 humano
1450 4739 1695 4794 corpore,
1740 4728 1879 4796 quod

298 4828 380 4871 est
424 4833 492 4871 ex
518 4817 726 4871 semine
773 4816 960 4879 David,
993 4830 1132 4869 unus
1177 4815 1349 4873 factus
1399 4824 1503 4880 est,
1538 4831 1876 4887 nequaquam

298 4909 520 4962 ulterius
548 4907 815 4961 divisione
844 4906 1043 4976 aliqua,
1075 4906 1167 4971 sed
1199 4906 1404 4961 unitate
1448 4907 1769 4963 subsistens.
1799 4910 1839 4963 Τ
1846 4926 1877 4964 ιι

294 5016 425 5053 vero
451 5000 646 5053 videris
672 4999 801 5053 mihi
814 4999 1104 5053 secundum
1134 5000 1236 5053 hoc
1268 4986 1412 5054 nolle
1431 5002 1876 5069 compositionem

293 5094 471 5161 fateri,
503 5106 559 5149 ut
605 5110 713 5150 non
756 5094 1056 5149 substantia
1103 5094 1176 5148 sit
1211 5096 1265 5148 in
1295 5108 1362 5147 eo
1408 5093 1582 5148 Filius
1620 5095 1735 5161 Dei,
1778 5096 1874 5150 sed

292 5188 555 5251 sapientia
585 5188 880 5241 secundum
929 5186 1416 5255 participationem.
1468 5186 1579 5241 Hoc
1624 5189 1766 5242 enim
1797 5188 1877 5242 di-

297 5276 443 5341 sisti,
489 5280 615 5346 quia
660 5277 924 5345 sapientia
981 5276 1323 5344 diSpendium
1357 5277 1616 5345 patiatur,
1650 5290 1700 5330 et
1744 5279 1868 5333 ideo

365 5439 389 5467 ⁸
414 5431 524 5499 AL,
558 5432 815 5485 deserant.

360 5500 385 5540 δ
414 5502 487 5556 Ita
513 5496 658 5566 νηιςά
684 5513 736 5556 at
758 5499 911 5564 edd.,
948 5496 1149 5552 Donum
1174 5500 1399 5554 verbum.

364 5583 383 5643 ἦ
412 5574 646 5643 Cyrillus
672 5575 947 5625 anathetn.
973 5570 1025 5622 5.

359 5639 383 5677 ά
421 5638 585 5708 Editi,
607 5652 725 5715 post
761 5642 1028 5707 anitatem,
1064 5638 1184 5709 Ms.,
1210 5648 1322 5713 post
1345 5640 1637 5693 unitioncm.

1986 4557 2113 4598 caro
2136 4539 2231 4597 Dei
2260 4539 2424 4594 Verbi
2455 4547 2559 4607 est,
2583 4537 2673 4607 qui
2701 4546 2784 4593 est
2836 4551 2970 4590 unus
2993 4550 3060 4591 ex
3088 4535 3373 4589 Trinitate.
3432 4531 3555 4603 Ipse

1983 4633 2127 4689 enim
2167 4631 2408 4697 omnino,
2458 4639 2512 4685 et
2558 4644 2665 4684 non
2718 4628 2853 4681 alius
2880 4627 3111 4681 ascendit
3145 4627 3199 4679 in
3227 4624 3429 4691 caelum,
3478 4626 3565 4695 qui

1982 4726 2242 4781 descendit
2270 4725 2333 4779 de
2361 4725 2505 4786 curto,
2523 4721 2571 4776 F
2572 4723 2692 4776 ilius
2712 4721 2935 4775 Itominis
2962 4722 3048 4787 qui
3074 4731 3147 4774 est
3176 4721 3228 4773 in
3246 4716 3561 4789 ctelo(Joan.

1982 4838 2063 4888 ιιι,
2089 4822 2202 4892 15).
2228 4821 2561 4888 Quapropter
2588 4825 2643 4871 et
2671 4816 2837 4869 Deum
2873 4814 3105 4868 Verbum
3140 4828 3351 4883 passum
3376 4828 3559 4879 carne,

1986 4924 2040 4967 et
2092 4912 2410 4966 crucilixum
2464 4922 2645 4970 carne,
2678 4913 2732 4960 et
2761 4905 3027 4974 sepultum
3062 4918 3224 4959 carne
3268 4903 3561 4959 secundum

1986 5004 2197 5057 beatum
2245 5001 2505 5071 Cyrillum
2536 5007 2560 5046 Β
2595 4998 2907 5067 prolitetnur
2934 4996 3201 5051 dicentem
3230 5013 3246 5051 :
3292 5014 3312 5047 ι
3357 4997 3413 5050 Si
3444 4996 3563 5065 quis

1987 5112 2090 5149 non
2119 5094 2402 5149 conﬁtetur
2443 5092 2607 5146 Deum
2656 5090 2885 5144 Verbum
2919 5104 3133 5159 passum
3166 5104 3351 5152 carne,
3387 5087 3561 5140 cruci.

1986 5189 2149 5241 litum
2180 5200 2361 5249 carne,
2393 5193 2449 5237 et
2490 5192 2715 5236 mortem
2748 5196 2909 5235 carne
2957 5192 3221 5251 gustasse,
3258 5181 3561 5245 factumque

1986 5278 2397 5349 primogenitum
2430 5292 2494 5330 ex
2526 5276 2772 5340 mortuis,
2817 5274 3113 5328 secundum
3145 5271 3286 5347 quod
3320 5278 3403 5325 est
3430 5271 3559 5334 vita,

2052 5448 2075 5474 ο
2106 5437 2243 5491 Editi
2274 5436 2400 5491 Lov.
2435 5443 2489 5488 et
2520 5433 2703 5499 Basil.,
2733 5442 2788 5487 ut
2814 5441 2940 5487 alter
2962 5430 3013 5483 in
3037 5429 3223 5482 altera.

2052 5507 2071 5546 ί
2105 5508 2268 5573 Edit.,
2303 5506 2519 5574 onerati.

2054 5588 2077 5627 κ
2106 5579 2266 5649 Cyril.
2297 5580 2479 5633 anath.
2515 5577 2597 5630 15.
