4040 6184
485 314 549 367 87
1157 260 1171 264 ⁷
1468 260 1469 263 Ἴ
1847 303 2043 359 PETRI
2085 302 2352 357 DIACONI
3672 307 3740 360 33

487 434 537 477 et
569 422 860 476 viviﬁcator
888 429 1135 488 tanquam
1169 420 1327 481 Deos,
1354 418 1635 471 anathema
1667 417 1753 469 sit.
1795 436 1811 465 ι
1848 416 2048 470 Simili—
2086 418 2129 470 A
2161 430 2257 469 nec
2292 431 2393 466 non
2424 415 2583 467 «tiam
2614 415 2943 483 Ephesinttm
2986 416 3233 484 primum,
3276 417 3361 470 cui
3407 417 3739 484 pra‘l‘nerunt

492 528 571 567 ter
594 517 751 567 etiam
785 513 1050 565 hominem
1078 510 1349 563 Christum
1370 510 1598 563 dicimus
1617 508 1846 561 Verbum
1870 521 2063 560 secun-

485 605 609 657 dum
657 602 783 656 illud
816 603 954 656 beati
1000 601 1249 655 Joannis:
1289 600 1438 663 Quod
1486 598 1579 665 {uit
1611 598 1674 650 ab
1704 598 1871 658 initio,
1924 595 2061 664 quod

486 693 789 754 audivimus,
839 692 973 757 quod
1004 692 1219 744 vidimus
1250 691 1414 742 oculis
1444 690 1650 749 nostris,
1696 687 1833 754 quod
1860 703 2063 755 perspe-

486 786 688 847 ximus,‘
720 792 766 834 et
811 800 989 834 manus
1018 791 1205 833 nostra:
1253 790 1595 833 tractaverunt
1644 781 1706 831 de
1740 778 1905 831 Verbo
1948 778 2063 829 vita:

487 874 537 941 (l
557 874 715 927 Joan.
740 889 777 935 ι,
809 873 884 941 1).
908 872 1088 940 Neque
1114 872 1254 925 enim
1286 871 1512 925 Verbum
1542 871 1831 924 secundum
1854 868 2064 921 deitatis

486 980 596 1017 sua:
627 976 867 1016 naturam
899 964 1115 1016 tractari
1141 963 1312 1031 potuit
1339 961 1612 1019 ,mauibus
1642 961 1912 1023 humanis,
1960 958 2061 1010 nisi

493 1060 645 1111 iteret
668 1059 847 1111 homo.
887 1038 983 1109 list
1015 1056 1172 1108 etiam
1197 1055 1380 1123 procul
1411 1054 1571 1107 dubio
1600 1068 1730 1121 puer
1760 1053 1873 1115 ille,
1901 1066 2060 1119 quem

490 1150 644 1202 beata
680 1148 839 1215 Virgo
867 1147 1071 1215 genuit,
1101 1160 1259 1213 quem
1288 1143 1478 1212 pannis
1518 1142 1765 1201 involvit,
1808 1154 1965 1209 quem
2009 1139 2060 1191 in

490 1241 749 1309 prteSopio
804 1238 1107 1302 colloc:tvit,
1140 1251 1297 1302 quem
1348 1244 1536 1288 oetam
1572 1234 1658 1286 die
1706 1231 2059 1289 circumcidit,

490 1346 649 1399 quem
675 1330 893 1385 Simeon
920 1328 1189 1395 virjustus
1209 1327 1439 1395 propriis
1468 1324 1800 1390 amplexatus
1828 1334 1913 1377 est
1941 1338 2061 1391 gre-

492 1420 636 1481 miis,
675 1432 835 1486 quem
871 1418 1172 1482 subjectum
1207 1415 1519 1482 parentibus
1559 1414 1905 1479 evangelista:
1932 1412 2065 1466 rele-

492 1521 619 1566 runt
644 1510 795 1581 (Luc.
821 1525 879 1572 tt,
904 1510 997 1576 5t)
1028 1522 1184 1576 quem
1224 1507 1512 1574 profecisse
1538 1513 1697 1557 aetate
1721 1514 1775 1557 et
1804 1504 2062 1571 sapientia

493 1611 883 1672 protestantur,
948 1610 1137 1652 natura
1184 1597 1340 1660 Deus,
1400 1611 1496 1665 per
1533 1610 1713 1665 quem
1747 1594 1885 1647 facta
1938 1604 2064 1647 sunt

495 1695 671 1748 omnia
700 1694 927 1747 visibilia
950 1702 1002 1745 et
1030 1690 1335 1753 invisibilia,
1369 1690 1672 1757 nnigenitus
1716 1702 1767 1742 et
1797 1690 2064 1757 primoge-

496 1738 671 1748 ..........
710 1738 927 1747 .....,,-___
954 1738 1002 1745 μ
1374 1738 1669 1757 γυνη-ψη-
1722 1738 1767 1742 vv
2323 1740 2334 1750 .

494 1786 662 1849 ηίιιιε,
693 1786 746 1837 in
781 1800 883 1853 quo
918 1783 1089 1836 omnia
1129 1790 1384 1848 constant,
1432 1780 1723 1835 secundum
1770 1780 2069 1845 apostolum
2103 1773 2147 1830 Β
2180 1738 2359 1804 Qua!"

493 1874 716 1929 Paulum
760 1873 895 1944 (Col.
939 1889 978 1935 ι,
1023 1870 1131 1941 16).
1184 1872 1249 1925 Ει
1299 1871 1399 1925 hoc
1440 1871 1610 1939 ipsum
1646 1869 1806 1925 claris
1854 1868 2075 1924 vocibus

492 1968 652 2021 etiam
682 1966 841 2020 Isaias
871 1965 1128 2031 prepheta
1155 1970 1480 2031 protestatur
1508 1963 1728 2015 dicens:
1769 1960 1903 2013 Puer
1924 1970 2073 2014 natus

494 2067 562 2109 est
585 2055 749 2119 nobis,
771 2064 817 2108 et
842 2052 1009 2107 Filius
1032 2057 1180 2106 datus
1202 2062 1271 2105 est
1301 2052 1465 2113 nobis,
1488 2054 1633 2121 cujus
1654 2061 1871 2121 potestas
1894 2051 1945 2103 in
1968 2051 2065 2103 hu—

495 2161 634 2199 mero
657 2153 790 2216 ejus,
813 2155 859 2198 et
882 2146 1141 2197 vocabitur
1176 2144 1343 2211 magni
1364 2142 1563 2195 consilii
1586 2143 1819 2212 angelus,
1844 2141 2073 2193 admira-

501 2238 638 2302 bilis,
662 2236 1007 2299 consiliarius,
1038 2234 1173 2287 Deus
1200 2234 1366 2298 fortis,
1394 2233 1680 2285 dominator
1701 2275 1716 2299 ,
1744 2242 1889 2299 pater
1911 2232 2074 2300 futuri

497 2327 687 2388 sa'culi,
722 2328 956 2394 princeps
999 2326 1139 2392 pacis
1194 2324 1355 2396 (Isai.
1402 2339 1475 2388 1x,
1520 2325 1599 2392 6).
1634 2324 1697 2379 Ει
1737 2324 1936 2378 idcirco
1976 2340 2069 2379 ae—

498 2422 877 2488 qniescendum
912 2419 1015 2472 illis
1044 2418 1344 2472 nullatenus
1373 2418 1661 2481 credimus,
1684 2417 1772 2485 qui
1805 2431 1970 2485 puero
1996 2416 2070 2470 illi

500 2512 666 2566 Deum
687 2514 873 2567 fortem
907 2513 1108 2566 unitum
1140 2522 1407 2571 asserunt,
1434 2525 1531 2564 nec
1566 2512 1727 2563 Deum
1759 2510 1953 2564 fortem
1987 2511 2070 2579 ip-

499 2618 618 2656 sum
648 2618 767 2657 esse
794 2618 1019 2671 puerum
1043 2603 1287 2661 credunt.
1323 2605 1621 2669 praesertim
1654 2618 1776 2657 cum
1806 2619 1913 2656 non
1938 2604 2071 2657 alte-

498 2696 609 2749 rius
664 2696 965 2765 cujuslibet,
1014 2696 1106 2749 sed
1155 2696 1271 2763 ejus
1300 2696 1519 2749 omnino
1566 2696 1839 2761 thronum,
1874 2696 1964 2765 qui
2001 2696 2071 2750 de

503 2787 702 2855 Spiritu
742 2801 925 2842 sancto
962 2798 1018 2843 et
1047 2789 1207 2841 Maria
1240 2789 1451 2857 Virgine
1491 2798 1647 2840 natus
1680 2798 1783 2852 est,
1827 2797 1987 2855 atque
2018 2788 2068 2839 in

499 2879 727 2932 Jordane
757 2894 785 2931 a
809 2880 1029 2939 Joanne,
1070 2889 1126 2932 ιιι
1163 2894 1328 2947 aquas
1365 2881 1744 2943 sanetilicaret,
1772 2880 2069 2947 baptizatus

504 2979 526 3003 ο
561 2979 663 3033 est,
696 2968 749 3022 itt
780 2971 1032 3023 saeculum
1058 2972 1237 3023 sicculi
1271 2970 1549 3025 Psalmism
1576 2979 1817 3033 testetur,
1843 2972 2066 3025 dicens:

500 3059 733 3114 Turonas
755 3072 869 3114 tuus
901 3059 1034 3113 Deus
1060 3062 1113 3114 in
1139 3062 1380 3115 saeculum
1403 3061 1608 3125 sa'culi;
1636 3064 1773 3131 uirga
1795 3064 2064 3131 tequitatis,

2166 506 2460 559 beatissimi
2490 507 2815 562 leestinus
2846 507 3123 562 Romanus
3162 517 3216 561 et
3249 509 3481 577 Cyrillus
3510 511 3742 565 Alexan-

2165 597 2353 652 drinus
2400 602 2694 659 antiSIites:
2739 612 2791 653 et
2839 610 3084 653 sanctum
3126 618 3189 655 ac
3232 603 3562 667 venerabile,
3600 606 3742 674 quod

2166 691 2303 756 apud
2327 690 2720 744 Chalcedonam
2752 691 3079 745 celebratum
3110 703 3216 747 est.
3248 692 3511 760 Epistulas
3532 711 3744 765 quoque

2169 780 2305 833 beati
2339 779 2534 834 Leonis
2565 782 2961 849 amplectimur,
2981 783 3496 838 anathematizautes
3528 788 3743 840 univcr-

2167 883 2258 922 sos
2287 870 2553 923 contraria
2586 870 2923 938 dogmatibus
2946 871 3202 925 Ecclesia:
3235 875 3551 938 sentientes,
3586 879 3745 931 simul

2166 968 2221 1013 et
2248 960 2431 1012 omnia
2470 960 2666 1027 scripta
2708 960 2971 1015 Theodori
3020 962 3367 1030 Mopsuestini
3417 974 3470 1019 et
3516 966 3746 1021 Nestorii

2165 1050 2410 1118 discipuli
2439 1051 2577 1117 ejus,
2602 1066 2893 1119 omnesque
2916 1053 3003 1119 qui
3038 1053 3143 1106 illis
3166 1053 3362 1108 similia
3386 1056 3601 1124 sapiunt
3622 1072 3740 1111 cum

2165 1142 2357 1195 eodem
2401 1142 2667 1204 Nestorio,
2705 1159 2930 1198 necnon
2961 1143 3122 1197 etiam
3163 1158 3355 1199 cuncta
3388 1150 3583 1217 scripta
3614 1152 3749 1205 duo-

2167 1234 2338 1288 decim
2365 1235 2701 1288 adversantia
2732 1236 2977 1303 capitulis
3008 1236 3151 1291 beati
3182 1236 3385 1308 Cyrilli,
3419 1256 3539 1309 qua:
3560 1252 3747 1297 contra

2165 1328 2411 1381 eumdem
2442 1328 2742 1384 Nestorium
2773 1329 2940 1383 edidit
2975 1347 2988 1384 :
3016 1331 3098 1384 his
3119 1332 3429 1400 adjicientes
3453 1335 3746 1405 Eutychem

2166 1429 2220 1472 et
2254 1420 2565 1474 Dioscorum
2601 1434 2721 1473 cum
2753 1424 2913 1475 sociis
2944 1438 3150 1489 eorum,
3184 1442 3477 1494 omnesque
3507 1444 3640 1495 quos
3667 1430 3747 1497 ju-

2166 1522 2247 1568 ste
2269 1529 2332 1567 ac
2359 1515 2675 1582 regulariter
2699 1516 2855 1571 sedes
2875 1519 3169 1585 apostolica
3202 1520 3601 1576 condemnavit.

2789 1650 3015 1706 CAPUT
3045 1653 3130 1706 Vl.

2387 1739 2537 1793 homo
2566 1752 2799 1804 creatus;
2822 1752 2870 1795 et
2898 1744 3065 1818 qualis
3092 1760 3206 1796 tum
3230 1761 3328 1798 sua
3352 1747 3640 1814 posteritate
3659 1762 3747 1818 per

2704 1823 2963 1877 peccatum
2991 1813 3215 1880 effectus.

2250 1924 2378 1978 Post
2409 1926 2522 1979 haec
2559 1940 2897 1996 consequens
2926 1938 3009 1981 est
3039 1931 3222 1997 etiam,
3257 1931 3485 1999 qualiter
3505 1931 3571 1986 de
3590 1930 3749 1987 Chri-

2176 2016 2244 2070 sti
2275 2018 2443 2086 gratia
2484 2019 2795 2085 sentiamus,
2826 2035 2927 2088 qua
2960 2036 3055 2074 nos
3092 2024 3230 2075 eruit
3267 2024 3333 2076 de
3363 2033 3627 2091 potestate
3654 2025 3749 2081 Sa-

2176 2119 2334 2174 tanae,
2378 2112 2671 2165 secundum
2714 2114 2855 2179 quod
2906 2114 3059 2167 nobis
3102 2125 3183 2167 est
3231 2115 3504 2177 traditum,
3558 2127 3752 2171 vestrae

2176 2202 2489 2257 beatitudini
2510 2204 2789 2257 declarare
2815 2222 2828 2255 :
2862 2206 2983 2269 quia
3013 2206 3172 2259 etiam
3202 2206 3254 2260 in
3283 2207 3379 2260 bac
3403 2218 3550 2273 parte
3570 2218 3752 2261 aucto.

2176 2296 2306 2349 ritas
2354 2306 2529 2348 veSIra
2581 2296 2734 2348 nobis
2784 2296 2936 2350 valde
2976 2307 3059 2350 est
3099 2299 3419 2351 necessaria.
3467 2298 3752 2355 Credimus

2176 2386 2377 2454 itaque,
2409 2385 2605 2438 bonum
2653 2394 2707 2439 et
2750 2387 2867 2439 sine
2913 2387 3017 2439 ulla
3059 2389 3234 2441 carnis
3266 2390 3686 2457 impugnatione,
3719 2407 3751 2445 ιι

2177 2478 2287 2532 Deo
2307 2486 2551 2533 creatore
2574 2480 2833 2542 omnium,
2866 2480 3061 2534 factum
3091 2482 3282 2547 Adam,
3304 2498 3597 2552 magnaque
3616 2500 3751 2553 prte-

2172 2570 2343 2623 ditum
2390 2570 2661 2636 libertate;
2697 2572 2764 2624 ita
2813 2582 2870 2626 ut
2909 2584 2959 2626 et
2994 2577 3188 2627 bunum
3223 2575 3398 2630 facere
3438 2577 3487 2629 in
3526 2580 3742 2645 propria

2175 2661 2431 2714 facultate
2462 2662 2706 2727 haberet,
2737 2671 2792 2716 et
2822 2664 3043 2727 malum,
3068 2666 3109 2717 si
3143 2667 3324 2729 vellet,
3346 2679 3524 2731 posset
3548 2669 3744 2721 admit-

2176 2762 2309 2807 tere.
2342 2755 2575 2822 Eratque
2607 2770 2749 2809 mors
2798 2766 2852 2809 et
2898 2757 3273 2812 immortalitas
3319 2762 3371 2813 in
3415 2762 3531 2828 ejus
3573 2763 3746 2831 posita

2170 2846 2567 2912 quodammodo
2624 2848 2829 2901 arbitrii
2890 2850 3155 2905 libertate.
3216 2852 3397 2921 Capax
3446 2856 3587 2908 enim
3633 2866 3751 2909 erat

2172 2936 2448 3006 utriusque
2476 2938 2575 3003 rei,
2609 2946 2670 2991 ut
2707 2940 2751 2992 si
2796 2951 3036 2994 servaret
3065 2954 3411 3011 praeceptum.
3439 2946 3555 3002 sine
3580 2964 3744 3015 expe-

2170 3028 2360 3082 rientia
2388 3030 2574 3083 mortis
2594 3030 2749 3085 fieret
2771 3031 3087 3087 immortalis
3109 3051 3121 3085 :
3142 3036 3184 3089 si
3210 3051 3339 3090 vero
3358 3048 3744 3107 contemneret,

497 3156 638 3221 virga
657 3156 801 3225 regni
822 3154 915 3205 tui.
937 3152 1173 3206 Dilexisti
1184 3154 1460 3225 justitiam,
1485 3164 1530 3206 et
1551 3154 1699 3206 odisti
1723 3155 2064 3220 iniquitatem;

2182 3133 2324 3170 mors
2347 3121 2602 3173 continuo
2614 3120 3050 3189 subsequeretur.
3076 3124 3253 3193 Itaque
3266 3129 3530 3195 serpentis
3548 3131 3746 3183 astutia

498 3253 765 3312 prejtterea
795 3243 937 3296 unxit
961 3259 1009 3295 te
1034 3242 1168 3296 Deus
1187 3254 1303 3296 tuus
1322 3243 1433 3295 oleo
1446 3243 1797 3296 exsultationis
1819 3260 1928 3312 pra:
1954 3260 2072 3313 par-

497 3335 728 3400 ticipibus
751 3335 868 3388 tuis.
893 3334 1171 3401 Quomodo
1193 3344 1369 3387 autem
1401 3336 1522 3403 ungi
1555 3343 1763 3402 poterat
1788 3335 1945 3399 Deus,
1972 3351 2070 3391 cu-

496 3426 581 3495 jus
614 3428 836 3481 thronus
863 3438 947 3481 est
974 3427 1023 3479 iu
1054 3426 1302 3480 sacculum
1334 3425 1541 3493 saeculi,
1566 3425 1664 3480 nisi
1696 3426 1848 3481 ﬁeret
1877 3427 2072 3481 homo?

1116 3560 1346 3617 CAPUT
1380 3562 1441 3614 V.

573 3658 708 3710 Dius
737 3657 903 3723 [actus
927 3667 998 3710 est
1026 3658 1195 3715 homo.
1231 3673 1330 3708 non
1362 3656 1512 3708 homo
1541 3657 1705 3725 [actas
1734 3667 1805 3710 est
1837 3654 1997 3710 Deus.

566 3771 866 3828 Secundum
910 3772 1045 3824 banc
1073 3785 1201 3838 ergo
1232 3771 1504 3839 propheta:
1551 3772 1889 3835 sententiam,
1930 3771 2070 3825 Deus

501 3865 667 3916 factus
697 3872 780 3916 est
820 3862 1084 3926 Christus,
1121 3877 1227 3913 non
1277 3870 1453 3913 autem
1485 3859 1729 3913 Christus
1780 3861 1948 3915 factus
1988 3874 2070 3916 est

501 3955 662 4014 Deus,
693 3952 1035 4007 sicutdicunt
1060 3952 1322 4014 ltzcrctici,
1356 3952 1446 4019 qui
1480 3967 1574 4016 per
1603 3961 1932 4019 provectum,
1961 3970 2065 4006 non

498 4061 593 4113 per
617 4053 859 4097 naturam
895 4044 1165 4097 Cbrismm
1201 4042 1365 4096 Deum
1393 4042 1589 4096 audent
1619 4057 1863 4098 asserere
1889 4061 1899 4095 :
1929 4045 2069 4099 Deus

495 4138 637 4190 enim
668 4145 859 4189 unctus
904 4146 1005 4199 εει,
1047 4134 1168 4204 quia
1220 4134 1333 4201 ipse
1384 4133 1554 4185 fat-tus
1600 4143 1681 4186 est
1733 4133 1912 4197 homo,
1962 4151 2064 4186 non

493 4228 635 4283 ettim
655 4227 791 4279 al'er
815 4239 888 4279 cs|
919 4225 1232 4287 Deus,altcr
1257 4225 1435 4285 Itmno,
1462 4224 1552 4275 sed
1580 4225 1716 4276 idem
1746 4226 1902 4283 licus.
1925 4224 2062 4277 idem

494 4324 669 4372 homo.
704 4322 801 4384 Qui
840 4323 981 4372 enim
1030 4320 1287 4370 naturalis
1331 4330 1410 4370 est
1456 4321 1593 4371 tilius
1642 4319 1884 4385 virginis,
1927 4319 2063 4370 idem

494 4412 747 4464 naturalis
776 4418 857 4463 est
874 4409 1034 4473 Filius
1060 4410 1174 4462 Dl'i.
1207 4411 1489 4475 l’ruptC'ea
1522 4410 1728 4461 tet-duas
1759 4409 2064 4464 nativitates

2177 3207 2517 3277 depravatus,
2550 3221 2741 3277 Sponte
2762 3212 2955 3268 divina:
2981 3215 3115 3283 legis
3138 3219 3510 3284 praevaricator
3530 3220 3753 3276 effectus

2174 3305 2285 3363 est;
2318 3307 2374 3351 et
2418 3300 2538 3354 ideo
2568 3304 2859 3356 secundum
2908 3306 3048 3368 quod
3094 3307 3143 3360 ei
3187 3308 3495 3374 praedictum
3545 3312 3737 3377 fuerat,

2170 3390 2315 3457 justo
2345 3391 2437 3445 Dei
2462 3393 2665 3460 judicio
2705 3399 2894 3452 mortis
2934 3414 3089 3468 paena
3130 3401 3433 3467 damnatur,
3465 3414 3735 3474 totusque,

2175 3484 2339 3537 idest
2380 3487 2673 3541 secundum
2725 3505 2921 3559 corpus
2967 3504 3019 3547 et
3067 3496 3368 3549 secundum
3414 3498 3646 3551 animam
3694 3502 3753 3554 in

2173 3577 2412 3633 deterius
2462 3590 2840 3649 commutatus,
2874 3585 3071 3638 amissa
3102 3588 3346 3642 libertate
3376 3591 3614 3657 propria,
3650 3591 3756 3645 sub

2174 3672 2375 3738 ret-cati
2409 3674 2630 3727 servitio
2661 3678 3015 3744 mancipatur.
3055 3680 3128 3731 Ex
3174 3680 3273 3733 hoc
3304 3681 3482 3736 nullus
3528 3692 3611 3738 est
3655 3682 3758 3738 [ιο-

2174 3763 2398 3828 tninum,
2429 3765 2516 3832 qui
2542 3779 2647 3817 non
2670 3765 2826 3834 hujus
2846 3770 3048 3835 peccati
3078 3770 3292 3824 vinculo
3318 3780 3569 3826 nascatur
3593 3777 3757 3827 astri-

2170 3864 2310 3922 ctus,
2345 3866 2543 3925 praeter
2573 3872 2693 3911 eum
2724 3859 2810 3926 qui
2853 3860 2916 3911 ad
2963 3860 3065 3914 hoc
3106 3862 3377 3917 vinculum
3410 3866 3614 3932 peccati
3645 3867 3757 3920 sol-

2172 3946 2424 4011 vendum,
2458 3961 2595 4000 novo
2619 3949 2979 4016 generationis
3007 3951 3168 4005 modo
3200 3964 3357 4007 natus
3378 3959 3749 4016 est,mediutor

2171 4043 2286 4106 Dei,
2314 4052 2359 4094 ct
2388 4042 2651 4095 hominum
2686 4042 2837 4095 homo
2878 4043 3106 4098 Christus
3146 4044 3297 4100 Jcsus
3321 4045 3371 4109 (Ι
3414 4047 3546 4101 Tim.
3577 4064 3636 4114 tt,
3668 4050 3750 4119 5).

2168 4135 2303 4203 Quid
2326 4136 2466 4190 enim
2497 4136 2638 4188 aliud
2666 4136 2837 4202 potuit
2858 4148 2948 4190 aut
2968 4148 3137 4205 potest
3170 4142 3311 4191 nasci
3342 4154 3408 4193 ex
3440 4153 3617 4205 servo,
3644 4142 3751 4196 nisi

2169 4226 2388 4280 servus?
2428 4226 2610 4291 Neque
2659 4228 2803 4280 enim
2856 4244 2976 4280 cum
3022 4242 3159 4281 esset
3207 4231 3343 4283 liber
3374 4231 3567 4294 Adam,
3611 4231 3753 4285 ﬁlios

2171 4319 2493 4388 procreavit,
2532 4319 2624 4372 sed
2658 4329 2938 4387 postquam
2971 4336 3159 4373 servus
3191 4322 3394 4389 peccati
3435 4323 3603 4376 factus
3641 4330 3749 4377 est.

2173 4411 2297 4465 ldco
2319 4412 2461 4465 sicut
2488 4409 2665 4465 omnis
2692 4411 2852 4463 homo
2873 4411 2939 4465 ab
2963 4410 3054 4465 illo
3080 4422 3184 4474 est,
3217 4412 3285 4465 ita
3315 4422 3366 4465 et
3389 4412 3565 4465 omnis
3589 4412 3753 4467 homo

495 4502 585 4553 Dei
621 4501 774 4553 Verbi
803 4501 1073 4553 thdinttts
1114 4502 1539 4551 etcentitemnr:
1575 4500 1624 4551 id
1657 4512 1739 4551 est
1765 4511 2067 4554 unamante
2093 4494 2145 4552 D
2170 4517 2360 4557 servus
2389 4501 2590 4570 peccati
2626 4515 2719 4567 per
2762 4502 2936 4567 ipsum
2983 4511 3087 4555 est.
3142 4502 3274 4555 Hinc
3318 4513 3375 4556 et
3422 4503 3750 4569 Apostolus:

491 4590 688 4643 saecula
719 4587 746 4626 δ
779 4605 805 4640 a
835 4590 992 4642 Patre
1025 4590 1317 4642 secundum
1360 4588 1715 4649 divinitatent,
1760 4592 1980 4643 alteram
2012 4592 2062 4645 in

490 4682 797 4735 novissimis
816 4680 1003 4735 diebus
1022 4696 1049 4734 a
1070 4682 1277 4747 virgine
1292 4689 1474 4732 sancta
1494 4681 1785 4733 secundum
1812 4697 2058 4736 carnem:

488 4782 827 4827 exsecrantes
854 4788 947 4827 eos
986 4774 1076 4839 qui
1110 4780 1305 4840 negant
1333 4771 1625 4823 secundum
1655 4786 1872 4825 carnem
1902 4773 2060 4828 Verbi

489 4865 581 4918 Dei
611 4864 962 4919 nativitatem.
996 4863 1095 4930 Qui
1127 4864 1286 4917 etiam
1317 4861 1585 4931 refugiunt
1616 4863 1769 4915 ttnius
1798 4863 2061 4931 ejusdem-

484 4974 588 5027 que
623 4956 739 5010 Filii
766 4956 858 5011 Dei
889 4956 1044 5010 fateri
1073 4954 1337 5008 mirabilia
1365 4966 1416 5008 et
1448 4954 1742 5022 passiones,
1774 4958 1913 5023 quod
1944 4973 2058 5010 om-

485 5050 570 5103 nis
605 5049 692 5101 Dei
725 5048 954 5101 Ecclesia
986 5045 1287 5099 contitetur.
1333 5046 1633 5106 Accipimus
1653 5054 1828 5098 autem
1850 5057 1901 5100 et
1930 5065 2060 5115 qua-

422 5158 431 5163 ·
484 5151 605 5193 tuor
655 5137 876 5192 concilia
929 5139 1220 5190 secundum
1267 5140 1407 5190 hunc
1454 5138 1803 5200 expositionis
1855 5150 2058 5195 nostra:

482 5247 696 5287 sensum
723 5247 736 5282 :
768 5230 1059 5291 Nicaenum,
1094 5236 1449 5281 trecentorum
1487 5228 1673 5280 decem
1705 5239 1758 5281 et
1792 5240 1915 5282 octo
1938 5233 2056 5299 epi-

484 5335 802 5391 sc0porum;
833 5318 1505 5385 Constantinopolitantnn.
1553 5329 1767 5373 centum
1806 5329 1860 5374 et
1902 5325 2057 5390 quin-

482 5414 733 5483 quaginta
760 5413 846 5481 qui
878 5410 1265 5465 damnaverunt
1291 5408 1486 5478 impios
1515 5409 2050 5480 P-neumatomachos,

555 5579 581 5607 ⁸
621 5572 816 5625 Locum
874 5572 1014 5625 hunc
1061 5569 1112 5622 in
1152 5569 1365 5630 excusis
1418 5566 1663 5620 mutilum
1724 5567 2057 5623 restituimus

483 5656 585 5707 ope
607 5658 705 5694 ms.
727 5644 999 5695 Portartnn
1020 5641 1087 5695 ab
1110 5640 1190 5694 his
1223 5641 1397 5692 verbis
1418 5641 1469 5691 in
1498 5639 1741 5690 sicculum
1768 5640 1941 5690 saeculi
1966 5655 2053 5692 us-

486 5728 589 5783 que
617 5712 679 5764 ad
712 5714 823 5767 hac
855 5714 985 5767 Deus
1013 5716 1061 5766 in
1091 5709 1349 5766 statutum.
1388 5710 1441 5764 ltt
1485 5709 1641 5763 liasil.
1689 5724 1814 5761 vero
1861 5710 2054 5775 legitur

2177 4594 2259 4647 Ex
2279 4610 2402 4659 uno,
2436 4594 2632 4660 inquit,
2654 4593 2707 4644 in
2736 4608 2905 4644 omnes
2946 4592 3176 4643 homines
3206 4593 3255 4643 in
3279 4590 3753 4645 condemnationem

2171 4684 2344 4753 (Rom.
2368 4700 2419 4747 v,
2444 4683 2553 4749 18).
2585 4683 2650 4734 Et
2670 4697 2854 4733 rursus
2880 4698 2892 4733 :
2922 4680 3022 4735 Per
3042 4698 3198 4734 unum
3215 4682 3465 4735 hominem
3488 4694 3753 4752 peccatum

2168 4780 2373 4830 intravit
2423 4776 2475 4827 in
2522 4775 2657 4826 hunc
2683 4776 2950 4834 itumitum,
2978 4786 3024 4827 et
3053 4792 3149 4843 per
3198 4786 3456 4842 peccatum
3504 4791 3660 4841 mors,
3701 4782 3751 4827 et

2167 4868 2240 4919 ita
2270 4868 2322 4918 in
2352 4881 2524 4917 omnes
2568 4863 2796 4916 homines
2825 4880 2957 4917 mors
2990 4865 3306 4933 pertransiit,
3340 4866 3394 4917 in
3431 4882 3532 4934 quo
3574 4881 3751 4919 omnes

2166 4964 2501 5027 peccaverunt
2530 4952 2717 5024 (Ibid.,
2766 4954 2881 5022 12),
2934 4955 3213 5010 Falluntur
3261 4973 3389 5025 ergo
3436 4958 3751 5011 omnimodo

2166 5049 2256 5116 qui
2291 5047 2474 5101 dicunt
2497 5055 2723 5101 ntortem
2750 5047 3064 5112 solam,non
3082 5052 3241 5102 etiam
3275 5058 3550 5117 peccatum
3581 5060 3751 5104 trans.

2172 5141 2298 5194 iisse
2331 5140 2381 5191 in
2423 5153 2590 5207 genus
2632 5138 2926 5192 humanum
2954 5156 2966 5191 :
2999 5155 3119 5192 cum
3139 5141 3451 5207 Apostolus,
3477 5149 3533 5194 et
3558 5154 3751 5208 pecca-

2167 5242 2298 5298 tum,
2324 5238 2379 5283 et
2408 5238 2634 5282 mortem
2664 5229 2864 5282 mundo
2897 5244 2990 5295 per
3010 5245 3132 5283 eum
3163 5240 3388 5284 testetur
3417 5232 3639 5284 illatam.
3662 5229 3751 5284 Ab

2166 5322 2265 5375 hac
2302 5320 2460 5389 igitur
2484 5319 2833 5373 damnatione
2860 5328 2915 5374 et
2944 5330 3115 5373 morte
3148 5321 3325 5375 nullus
3365 5322 3585 5374 omnino
3612 5321 3751 5375 libe-

2162 5426 2329 5479 ratur,
2364 5412 2463 5465 nisi
2489 5411 2657 5480 gratia
2683 5411 3092 5479 Redemptoris:
3123 5412 3213 5481 qui
3236 5426 3357 5466 cum
3389 5420 3534 5466 esset
3562 5411 3750 5466 Domi-

2161 5570 2250 5623 sed
2282 5570 2392 5639 ejus
2430 5570 2639 5623 omnino
2677 5569 3011 5626 thronus.
3048 5569 3114 5624 sit
3149 5570 3200 5623 in
3242 5570 3485 5623 saeculum
3526 5568 3746 5624 circuli:

2163 5642 2302 5707 virga
2330 5640 2604 5709 a-quitatis,
2636 5649 2739 5694 etc.

2233 5710 2259 5748 δ
2288 5710 2398 5777 ΑΙ.,
2422 5712 2470 5763 in
2498 5709 2667 5764 Patre.
