  <div class='ocr_page' id='page_1' title='image "/cluster/home/n/w/nwhite01/storage/ocr_20150623/62/hvd.32044054758693/050.png"; bbox 0 0 4040 6184; ppageno 0'>
   <div class='ocr_carea' id='block_1_1' title="bbox 300 278 3568 359">
    <p class='ocr_par' dir='ltr' id='par_1_1' title="bbox 300 278 3568 359">
     <span class='ocr_line' id='line_1_1' title="bbox 300 278 3568 359; baseline 0.002 -26"><span class='ocrx_word' id='word_1_1' title='bbox 300 281 370 333; x_wconf 82' lang='lat'><strong>89</strong></span> <span class='ocrx_word' id='word_1_2' title='bbox 759 318 775 332; x_wconf 84' lang='lat'><strong>.</strong></span> <span class='ocrx_word' id='word_1_3' title='bbox 1168 278 1362 333; x_wconf 75' lang='lat' dir='ltr'><strong>LIBER</strong></span> <span class='ocrx_word' id='word_1_4' title='bbox 1404 279 1489 333; x_wconf 79' lang='lat' dir='ltr'><strong>DF.</strong></span> <span class='ocrx_word' id='word_1_5' title='bbox 1529 279 2030 335; x_wconf 71' lang='lat' dir='ltr'><strong>INCARNATIONE</strong></span> <span class='ocrx_word' id='word_1_6' title='bbox 2070 280 2157 334; x_wconf 85' lang='lat' dir='ltr'><strong>ET</strong></span> <span class='ocrx_word' id='word_1_7' title='bbox 2194 282 2451 338; x_wconf 73' lang='lat' dir='ltr'><strong>GRATIA</strong></span> <span class='ocrx_word' id='word_1_8' title='bbox 2476 325 2490 350; x_wconf 96' lang='lat'><strong>,</strong></span> <span class='ocrx_word' id='word_1_9' title='bbox 2533 285 2685 341; x_wconf 86' lang='lat' dir='ltr'><strong>ETC.</strong></span> <span class='ocrx_word' id='word_1_10' title='bbox 3498 302 3568 359; x_wconf 70' lang='grc' dir='ltr'><strong>9ο</strong></span> 
     </span>
    </p>
   </div>
   <div class='ocr_carea' id='block_1_2' title="bbox 303 394 3576 475">
    <p class='ocr_par' dir='ltr' id='par_1_2' title="bbox 303 394 3576 475">
     <span class='ocr_line' id='line_1_2' title="bbox 303 394 3576 475; baseline 0.005 -26"><span class='ocrx_word' id='word_1_11' title='bbox 303 411 430 457; x_wconf 84' lang='lat' dir='ltr'><strong>nus,</strong></span> <span class='ocrx_word' id='word_1_12' title='bbox 462 404 647 460; x_wconf 80' lang='lat' dir='ltr'><strong>utpote</strong></span> <span class='ocrx_word' id='word_1_13' title='bbox 678 394 843 459; x_wconf 73' lang='lat' dir='ltr'><strong>licus,</strong></span> <span class='ocrx_word' id='word_1_14' title='bbox 880 408 931 449; x_wconf 83' lang='lat' dir='ltr'><strong>ut</strong></span> <span class='ocrx_word' id='word_1_15' title='bbox 973 412 1067 449; x_wconf 85' lang='lat' dir='ltr'><strong>nos</strong></span> <span class='ocrx_word' id='word_1_16' title='bbox 1094 415 1121 449; x_wconf 87' lang='lat' dir='ltr'><strong>a</strong></span> <span class='ocrx_word' id='word_1_17' title='bbox 1151 399 1404 450; x_wconf 78' lang='lat' dir='ltr'><strong>Servitute</strong></span> <span class='ocrx_word' id='word_1_18' title='bbox 1437 409 1773 475; x_wconf 65' lang='lat' dir='ltr'><strong>perpetuaet</strong></span> <span class='ocrx_word' id='word_1_19' title='bbox 1804 418 1894 468; x_wconf 84' lang='lat' dir='ltr'><strong>po-</strong></span> <span class='ocrx_word' id='word_1_20' title='bbox 1922 407 1968 462; x_wconf 76' lang='grc' dir='ltr'><strong>Α</strong></span> <span class='ocrx_word' id='word_1_21' title='bbox 2004 401 2117 462; x_wconf 86' lang='lat' dir='ltr'><strong>Dei,</strong></span> <span class='ocrx_word' id='word_1_22' title='bbox 2147 416 2211 455; x_wconf 78' lang='lat' dir='ltr'><strong>ex</strong></span> <span class='ocrx_word' id='word_1_23' title='bbox 2242 417 2344 455; x_wconf 90' lang='lat' dir='ltr'><strong>una</strong></span> <span class='ocrx_word' id='word_1_24' title='bbox 2377 420 2551 458; x_wconf 88' lang='lat' dir='ltr'><strong>massa</strong></span> <span class='ocrx_word' id='word_1_25' title='bbox 2585 406 2897 473; x_wconf 87' lang='lat' dir='ltr'><strong>pcr’ditiunis</strong></span> <span class='ocrx_word' id='word_1_26' title='bbox 2940 408 3076 461; x_wconf 87' lang='lat' dir='ltr'><strong>alios</strong></span> <span class='ocrx_word' id='word_1_27' title='bbox 3120 408 3314 463; x_wconf 89' lang='lat' dir='ltr'><strong>salvari</strong></span> <span class='ocrx_word' id='word_1_28' title='bbox 3345 411 3576 467; x_wconf 83' lang='lat' dir='ltr'><strong>dicimus</strong></span> 
     </span>
    </p>
   </div>
   <div class='ocr_carea' id='block_1_3' title="bbox 304 487 1890 559">
    <p class='ocr_par' dir='ltr' id='par_1_3' title="bbox 304 487 1890 559">
     <span class='ocr_line' id='line_1_3' title="bbox 304 487 1890 559; baseline 0.004 -19"><span class='ocrx_word' id='word_1_29' title='bbox 304 498 506 541; x_wconf 86' lang='lat' dir='ltr'><strong>testate</strong></span> <span class='ocrx_word' id='word_1_30' title='bbox 548 487 754 540; x_wconf 90' lang='lat' dir='ltr'><strong>diaboli</strong></span> <span class='ocrx_word' id='word_1_31' title='bbox 805 488 1059 542; x_wconf 92' lang='lat' dir='ltr'><strong>liberaret</strong></span> <span class='ocrx_word' id='word_1_32' title='bbox 1093 499 1254 559; x_wconf 85' lang='lat' dir='ltr'><strong>atque</strong></span> <span class='ocrx_word' id='word_1_33' title='bbox 1281 491 1343 542; x_wconf 91' lang='lat' dir='ltr'><strong>ad</strong></span> <span class='ocrx_word' id='word_1_34' title='bbox 1377 506 1554 543; x_wconf 70' lang='lat' dir='ltr'><strong>Veram</strong></span> <span class='ocrx_word' id='word_1_35' title='bbox 1589 492 1890 546; x_wconf 87' lang='lat' dir='ltr'><strong>libertatem</strong></span> 
     </span>
    </p>
   </div>
   <div class='ocr_carea' id='block_1_4' title="bbox 302 578 1891 648">
    <p class='ocr_par' dir='ltr' id='par_1_4' title="bbox 302 578 1891 648">
     <span class='ocr_line' id='line_1_4' title="bbox 302 578 1891 648; baseline 0.003 -17"><span class='ocrx_word' id='word_1_36' title='bbox 302 578 615 639; x_wconf 86' lang='lat' dir='ltr'><strong>reduceret,</strong></span> <span class='ocrx_word' id='word_1_37' title='bbox 659 578 831 631; x_wconf 84' lang='lat' dir='ltr'><strong>lactus</strong></span> <span class='ocrx_word' id='word_1_38' title='bbox 854 590 933 633; x_wconf 90' lang='lat' dir='ltr'><strong>est</strong></span> <span class='ocrx_word' id='word_1_39' title='bbox 969 593 1174 640; x_wconf 76' lang='lat' dir='ltr'><strong>Servus.</strong></span> <span class='ocrx_word' id='word_1_40' title='bbox 1206 581 1477 648; x_wconf 72' lang='lat' dir='ltr'><strong>accipiens</strong></span> <span class='ocrx_word' id='word_1_41' title='bbox 1502 580 1726 635; x_wconf 81' lang='lat' dir='ltr'><strong>formam</strong></span> <span class='ocrx_word' id='word_1_42' title='bbox 1751 584 1891 637; x_wconf 82' lang='lat' dir='ltr'><strong>servi</strong></span> 
     </span>
    </p>
   </div>
   <div class='ocr_carea' id='block_1_5' title="bbox 304 671 1894 742">
    <p class='ocr_par' dir='ltr' id='par_1_5' title="bbox 304 671 1894 742">
     <span class='ocr_line' id='line_1_5' title="bbox 304 671 1894 742; baseline 0.003 -19"><span class='ocrx_word' id='word_1_43' title='bbox 304 671 530 742; x_wconf 80' lang='lat' dir='ltr'><strong>(Philip.</strong></span> <span class='ocrx_word' id='word_1_44' title='bbox 570 688 629 736; x_wconf 89' lang='lat' dir='ltr'><strong>tt,</strong></span> <span class='ocrx_word' id='word_1_45' title='bbox 651 674 729 742; x_wconf 85' lang='lat'><strong>7).</strong></span> <span class='ocrx_word' id='word_1_46' title='bbox 760 674 893 727; x_wconf 79' lang='lat' dir='ltr'><strong>ilinc</strong></span> <span class='ocrx_word' id='word_1_47' title='bbox 920 675 1167 737; x_wconf 77' lang='lat' dir='ltr'><strong>estquod</strong></span> <span class='ocrx_word' id='word_1_48' title='bbox 1198 676 1326 728; x_wconf 89' lang='lat' dir='ltr'><strong>dicit</strong></span> <span class='ocrx_word' id='word_1_49' title='bbox 1356 677 1420 728; x_wconf 87' lang='lat' dir='ltr'><strong>ad</strong></span> <span class='ocrx_word' id='word_1_50' title='bbox 1464 675 1718 729; x_wconf 68' lang='lat' dir='ltr'><strong>Judceos:</strong></span> <span class='ocrx_word' id='word_1_51' title='bbox 1750 676 1894 728; x_wconf 83' lang='lat' dir='ltr'><strong>Tunc</strong></span> 
     </span>
    </p>
   </div>
   <div class='ocr_carea' id='block_1_6' title="bbox 300 766 1889 836">
    <p class='ocr_par' dir='ltr' id='par_1_6' title="bbox 300 766 1889 836">
     <span class='ocr_line' id='line_1_6' title="bbox 300 766 1889 836; baseline 0.001 -18"><span class='ocrx_word' id='word_1_52' title='bbox 300 782 413 820; x_wconf 77' lang='lat' dir='ltr'><strong>rere</strong></span> <span class='ocrx_word' id='word_1_53' title='bbox 430 767 582 819; x_wconf 77' lang='lat' dir='ltr'><strong>liberi</strong></span> <span class='ocrx_word' id='word_1_54' title='bbox 595 769 757 833; x_wconf 88' lang='lat' dir='ltr'><strong>eritis,</strong></span> <span class='ocrx_word' id='word_1_55' title='bbox 777 769 819 820; x_wconf 88' lang='lat' dir='ltr'><strong>si</strong></span> <span class='ocrx_word' id='word_1_56' title='bbox 840 784 926 820; x_wconf 79' lang='lat' dir='ltr'><strong>vos</strong></span> <span class='ocrx_word' id='word_1_57' title='bbox 947 766 1117 820; x_wconf 86' lang='lat' dir='ltr'><strong>Filius</strong></span> <span class='ocrx_word' id='word_1_58' title='bbox 1140 768 1419 820; x_wconf 70' lang='lat' dir='ltr'><strong>liberaverit</strong></span> <span class='ocrx_word' id='word_1_59' title='bbox 1444 767 1620 836; x_wconf 82' lang='lat' dir='ltr'><strong>(Joan.</strong></span> <span class='ocrx_word' id='word_1_60' title='bbox 1644 783 1752 835; x_wconf 59' lang='lat' dir='ltr'><strong>(ut.</strong></span> <span class='ocrx_word' id='word_1_61' title='bbox 1770 768 1861 836; x_wconf 85' lang='grc'><strong>’56)</strong></span> <span class='ocrx_word' id='word_1_62' title='bbox 1875 806 1889 820; x_wconf 91' lang='grc'><strong>.</strong></span> 
     </span>
    </p>
   </div>
   <div class='ocr_carea' id='block_1_7' title="bbox 304 857 1890 928">
    <p class='ocr_par' dir='ltr' id='par_1_7' title="bbox 304 857 1890 928">
     <span class='ocr_line' id='line_1_7' title="bbox 304 857 1890 928; baseline 0.003 -19"><span class='ocrx_word' id='word_1_63' title='bbox 304 857 576 911; x_wconf 87' lang='lat' dir='ltr'><strong>Putabant</strong></span> <span class='ocrx_word' id='word_1_64' title='bbox 603 858 750 911; x_wconf 90' lang='lat' dir='ltr'><strong>enim</strong></span> <span class='ocrx_word' id='word_1_65' title='bbox 783 874 842 912; x_wconf 90' lang='lat' dir='ltr'><strong>se</strong></span> <span class='ocrx_word' id='word_1_66' title='bbox 870 874 996 912; x_wconf 79' lang='lat' dir='ltr'><strong>vere</strong></span> <span class='ocrx_word' id='word_1_67' title='bbox 1021 858 1246 921; x_wconf 87' lang='lat' dir='ltr'><strong>liberos,</strong></span> <span class='ocrx_word' id='word_1_68' title='bbox 1271 863 1359 928; x_wconf 89' lang='lat' dir='ltr'><strong>qui</strong></span> <span class='ocrx_word' id='word_1_69' title='bbox 1390 861 1638 913; x_wconf 79' lang='lat' dir='ltr'><strong>humanis</strong></span> <span class='ocrx_word' id='word_1_70' title='bbox 1662 876 1890 927; x_wconf 80' lang='lat' dir='ltr'><strong>occupa-</strong></span> 
     </span>
    </p>
   </div>
   <div class='ocr_carea' id='block_1_8' title="bbox 306 950 1889 1021">
    <p class='ocr_par' dir='ltr' id='par_1_8' title="bbox 306 950 1889 1021">
     <span class='ocr_line' id='line_1_8' title="bbox 306 950 1889 1021; baseline 0.004 -22"><span class='ocrx_word' id='word_1_71' title='bbox 306 950 542 1002; x_wconf 83' lang='lat' dir='ltr'><strong>tionibus</strong></span> <span class='ocrx_word' id='word_1_72' title='bbox 577 950 880 1003; x_wconf 78' lang='lat' dir='ltr'><strong>intentione</strong></span> <span class='ocrx_word' id='word_1_73' title='bbox 934 952 1221 1003; x_wconf 85' lang='lat' dir='ltr'><strong>vanissima</strong></span> <span class='ocrx_word' id='word_1_74' title='bbox 1270 952 1598 1004; x_wconf 77' lang='lat' dir='ltr'><strong>serviebant.</strong></span> <span class='ocrx_word' id='word_1_75' title='bbox 1651 951 1718 1006; x_wconf 88' lang='lat' dir='ltr'><strong>Ut</strong></span> <span class='ocrx_word' id='word_1_76' title='bbox 1763 968 1889 1021; x_wconf 78' lang='lat' dir='ltr'><strong>ergo</strong></span> 
     </span>
    </p>
   </div>
   <div class='ocr_carea' id='block_1_9' title="bbox 306 1040 1887 1105">
    <p class='ocr_par' dir='ltr' id='par_1_9' title="bbox 306 1040 1887 1105">
     <span class='ocr_line' id='line_1_9' title="bbox 306 1040 1887 1105; baseline 0.003 -13"><span class='ocrx_word' id='word_1_77' title='bbox 306 1040 435 1093; x_wconf 77' lang='lat' dir='ltr'><strong>falsa</strong></span> <span class='ocrx_word' id='word_1_78' title='bbox 466 1042 693 1095; x_wconf 84' lang='lat' dir='ltr'><strong>libertas</strong></span> <span class='ocrx_word' id='word_1_79' title='bbox 723 1043 871 1096; x_wconf 83' lang='lat' dir='ltr'><strong>ﬁeret</strong></span> <span class='ocrx_word' id='word_1_80' title='bbox 902 1053 926 1077; x_wconf 70' lang='grc'><strong><em>⁸³</em></strong></span> <span class='ocrx_word' id='word_1_81' title='bbox 960 1057 1084 1095; x_wconf 84' lang='lat' dir='ltr'><strong>vera</strong></span> <span class='ocrx_word' id='word_1_82' title='bbox 1113 1042 1351 1105; x_wconf 85' lang='lat' dir='ltr'><strong>libertas,</strong></span> <span class='ocrx_word' id='word_1_83' title='bbox 1378 1045 1427 1095; x_wconf 89' lang='lat' dir='ltr'><strong>id</strong></span> <span class='ocrx_word' id='word_1_84' title='bbox 1462 1052 1624 1097; x_wconf 87' lang='lat' dir='ltr'><strong>estut</strong></span> <span class='ocrx_word' id='word_1_85' title='bbox 1661 1042 1887 1097; x_wconf 87' lang='lat' dir='ltr'><strong>humana</strong></span> 
     </span>
    </p>
   </div>
   <div class='ocr_carea' id='block_1_10' title="bbox 308 1131 1885 1197">
    <p class='ocr_par' dir='ltr' id='par_1_10' title="bbox 308 1131 1885 1197">
     <span class='ocr_line' id='line_1_10' title="bbox 308 1131 1885 1197; baseline 0.003 -15"><span class='ocrx_word' id='word_1_86' title='bbox 308 1131 530 1184; x_wconf 85' lang='lat' dir='ltr'><strong>libertas</strong></span> <span class='ocrx_word' id='word_1_87' title='bbox 562 1131 719 1186; x_wconf 75' lang='lat' dir='ltr'><strong>fieret</strong></span> <span class='ocrx_word' id='word_1_88' title='bbox 745 1133 1049 1186; x_wconf 86' lang='lat' dir='ltr'><strong>Christiana</strong></span> <span class='ocrx_word' id='word_1_89' title='bbox 1079 1134 1319 1197; x_wconf 87' lang='lat' dir='ltr'><strong>libertas,</strong></span> <span class='ocrx_word' id='word_1_90' title='bbox 1347 1136 1532 1188; x_wconf 88' lang='lat' dir='ltr'><strong>eadem</strong></span> <span class='ocrx_word' id='word_1_91' title='bbox 1565 1136 1786 1189; x_wconf 87' lang='lat' dir='ltr'><strong>libertas</strong></span> <span class='ocrx_word' id='word_1_92' title='bbox 1818 1134 1885 1187; x_wconf 87' lang='lat' dir='ltr'><strong>li-</strong></span> 
     </span>
    </p>
   </div>
   <div class='ocr_carea' id='block_1_11' title="bbox 304 1224 1887 1295">
    <p class='ocr_par' dir='ltr' id='par_1_11' title="bbox 304 1224 1887 1295">
     <span class='ocr_line' id='line_1_11' title="bbox 304 1224 1887 1295; baseline 0.002 -19"><span class='ocrx_word' id='word_1_93' title='bbox 304 1224 555 1279; x_wconf 83' lang='lat' dir='ltr'><strong>beratore</strong></span> <span class='ocrx_word' id='word_1_94' title='bbox 588 1226 835 1294; x_wconf 73' lang='lat' dir='ltr'><strong>indiguit,</strong></span> <span class='ocrx_word' id='word_1_95' title='bbox 892 1243 993 1295; x_wconf 89' lang='lat' dir='ltr'><strong>qua</strong></span> <span class='ocrx_word' id='word_1_96' title='bbox 1042 1238 1221 1293; x_wconf 72' lang='lat' dir='ltr'><strong>posset</strong></span> <span class='ocrx_word' id='word_1_97' title='bbox 1273 1243 1364 1294; x_wconf 88' lang='lat' dir='ltr'><strong>per</strong></span> <span class='ocrx_word' id='word_1_98' title='bbox 1407 1229 1522 1295; x_wconf 76' lang='lat' dir='ltr'><strong>ejus</strong></span> <span class='ocrx_word' id='word_1_99' title='bbox 1564 1227 1789 1295; x_wconf 71' lang='lat' dir='ltr'><strong>gratiam</strong></span> <span class='ocrx_word' id='word_1_100' title='bbox 1820 1227 1887 1280; x_wconf 92' lang='lat' dir='ltr'><strong>ab</strong></span> 
     </span>
    </p>
   </div>
   <div class='ocr_carea' id='block_1_12' title="bbox 304 1316 1885 1385">
    <p class='ocr_par' dir='ltr' id='par_1_12' title="bbox 304 1316 1885 1385">
     <span class='ocr_line' id='line_1_12' title="bbox 304 1316 1885 1385; baseline 0.001 -17"><span class='ocrx_word' id='word_1_101' title='bbox 304 1316 749 1381; x_wconf 76' lang='lat' dir='ltr'><strong>occupationibus</strong></span> <span class='ocrx_word' id='word_1_102' title='bbox 779 1317 1025 1371; x_wconf 78' lang='lat' dir='ltr'><strong>lttllltnnlS</strong></span> <span class='ocrx_word' id='word_1_103' title='bbox 1052 1334 1261 1383; x_wconf 89' lang='lat' dir='ltr'><strong>aversa,</strong></span> <span class='ocrx_word' id='word_1_104' title='bbox 1301 1332 1363 1372; x_wconf 87' lang='lat' dir='ltr'><strong>ea</strong></span> <span class='ocrx_word' id='word_1_105' title='bbox 1400 1321 1633 1385; x_wconf 73' lang='lat' dir='ltr'><strong>cngitare</strong></span> <span class='ocrx_word' id='word_1_106' title='bbox 1668 1330 1721 1372; x_wconf 90' lang='lat' dir='ltr'><strong>et</strong></span> <span class='ocrx_word' id='word_1_107' title='bbox 1744 1318 1885 1372; x_wconf 83' lang='lat' dir='ltr'><strong>desi-</strong></span> 
     </span>
    </p>
   </div>
   <div class='ocr_carea' id='block_1_13' title="bbox 303 1409 1884 1478">
    <p class='ocr_par' dir='ltr' id='par_1_13' title="bbox 303 1409 1884 1478">
     <span class='ocr_line' id='line_1_13' title="bbox 303 1409 1884 1478; baseline 0.003 -17"><span class='ocrx_word' id='word_1_108' title='bbox 303 1409 516 1473; x_wconf 87' lang='lat' dir='ltr'><strong>derare,</strong></span> <span class='ocrx_word' id='word_1_109' title='bbox 550 1428 671 1478; x_wconf 78' lang='lat' dir='ltr'><strong>quae</strong></span> <span class='ocrx_word' id='word_1_110' title='bbox 705 1412 975 1478; x_wconf 85' lang='lat' dir='ltr'><strong>pertinent</strong></span> <span class='ocrx_word' id='word_1_111' title='bbox 1004 1414 1069 1465; x_wconf 88' lang='lat' dir='ltr'><strong>ad</strong></span> <span class='ocrx_word' id='word_1_112' title='bbox 1113 1414 1271 1465; x_wconf 86' lang='lat' dir='ltr'><strong>vitam</strong></span> <span class='ocrx_word' id='word_1_113' title='bbox 1305 1423 1581 1467; x_wconf 57' lang='lat' dir='ltr'><strong>externam.</strong></span> <span class='ocrx_word' id='word_1_114' title='bbox 1626 1411 1752 1467; x_wconf 86' lang='lat' dir='ltr'><strong>Sine</strong></span> <span class='ocrx_word' id='word_1_115' title='bbox 1784 1412 1884 1465; x_wconf 87' lang='lat' dir='ltr'><strong>hac</strong></span> 
     </span>
    </p>
   </div>
   <div class='ocr_carea' id='block_1_14' title="bbox 304 1501 1884 1573">
    <p class='ocr_par' dir='ltr' id='par_1_14' title="bbox 304 1501 1884 1573">
     <span class='ocr_line' id='line_1_14' title="bbox 304 1501 1884 1573; baseline 0.003 -20"><span class='ocrx_word' id='word_1_116' title='bbox 304 1501 465 1569; x_wconf 79' lang='lat' dir='ltr'><strong>igitur</strong></span> <span class='ocrx_word' id='word_1_117' title='bbox 506 1503 684 1570; x_wconf 82' lang='lat' dir='ltr'><strong>gratia</strong></span> <span class='ocrx_word' id='word_1_118' title='bbox 736 1512 911 1570; x_wconf 83' lang='lat' dir='ltr'><strong>potest</strong></span> <span class='ocrx_word' id='word_1_119' title='bbox 953 1504 1167 1572; x_wconf 78' lang='lat' dir='ltr'><strong>quidem</strong></span> <span class='ocrx_word' id='word_1_120' title='bbox 1207 1506 1444 1573; x_wconf 83' lang='lat' dir='ltr'><strong>cogitare</strong></span> <span class='ocrx_word' id='word_1_121' title='bbox 1483 1516 1535 1557; x_wconf 91' lang='lat' dir='ltr'><strong>et</strong></span> <span class='ocrx_word' id='word_1_122' title='bbox 1577 1504 1884 1559; x_wconf 89' lang='lat' dir='ltr'><strong>desiderare</strong></span> 
     </span>
    </p>
   </div>
   <div class='ocr_carea' id='block_1_15' title="bbox 304 1593 1881 1665">
    <p class='ocr_par' dir='ltr' id='par_1_15' title="bbox 304 1593 1881 1665">
     <span class='ocr_line' id='line_1_15' title="bbox 304 1593 1881 1665; baseline 0.004 -20"><span class='ocrx_word' id='word_1_123' title='bbox 304 1593 558 1657; x_wconf 86' lang='lat' dir='ltr'><strong>humana,</strong></span> <span class='ocrx_word' id='word_1_124' title='bbox 602 1610 708 1647; x_wconf 91' lang='lat' dir='ltr'><strong>non</strong></span> <span class='ocrx_word' id='word_1_125' title='bbox 755 1607 935 1648; x_wconf 89' lang='lat' dir='ltr'><strong>autem</strong></span> <span class='ocrx_word' id='word_1_126' title='bbox 969 1608 1141 1664; x_wconf 47' lang='lat' dir='ltr'><strong>potest</strong></span> <span class='ocrx_word' id='word_1_127' title='bbox 1180 1599 1445 1665; x_wconf 84' lang='lat' dir='ltr'><strong>cogitare,</strong></span> <span class='ocrx_word' id='word_1_128' title='bbox 1484 1610 1573 1650; x_wconf 90' lang='lat' dir='ltr'><strong>aut</strong></span> <span class='ocrx_word' id='word_1_129' title='bbox 1602 1596 1757 1660; x_wconf 80' lang='lat' dir='ltr'><strong>velle,</strong></span> <span class='ocrx_word' id='word_1_130' title='bbox 1788 1612 1881 1651; x_wconf 87' lang='lat' dir='ltr'><strong>seu</strong></span> 
     </span>
    </p>
   </div>
   <div class='ocr_carea' id='block_1_16' title="bbox 302 1686 1880 1757">
    <p class='ocr_par' dir='ltr' id='par_1_16' title="bbox 302 1686 1880 1757">
     <span class='ocr_line' id='line_1_16' title="bbox 302 1686 1880 1757; baseline 0.001 -18"><span class='ocrx_word' id='word_1_131' title='bbox 302 1686 613 1740; x_wconf 70' lang='lat' dir='ltr'><strong>desiderare</strong></span> <span class='ocrx_word' id='word_1_132' title='bbox 639 1687 839 1754; x_wconf 80' lang='lat' dir='ltr'><strong>divina,</strong></span> <span class='ocrx_word' id='word_1_133' title='bbox 865 1704 1089 1756; x_wconf 88' lang='lat' dir='ltr'><strong>quorum</strong></span> <span class='ocrx_word' id='word_1_134' title='bbox 1110 1690 1335 1755; x_wconf 84' lang='lat' dir='ltr'><strong>primum</strong></span> <span class='ocrx_word' id='word_1_135' title='bbox 1366 1699 1449 1743; x_wconf 87' lang='lat' dir='ltr'><strong>est</strong></span> <span class='ocrx_word' id='word_1_136' title='bbox 1477 1698 1531 1744; x_wconf 89' lang='lat' dir='ltr'><strong>et</strong></span> <span class='ocrx_word' id='word_1_137' title='bbox 1561 1692 1880 1757; x_wconf 79' lang='lat' dir='ltr'><strong>pra-cipuum</strong></span> 
     </span>
    </p>
   </div>
   <div class='ocr_carea' id='block_1_17' title="bbox 2000 488 3576 569">
    <p class='ocr_par' dir='ltr' id='par_1_17' title="bbox 2000 488 3576 569">
     <span class='ocr_line' id='line_1_17' title="bbox 2000 488 3576 569; baseline 0.009 -29"><span class='ocrx_word' id='word_1_138' title='bbox 2000 488 2236 545; x_wconf 50' lang='lat' dir='ltr'><strong>bonitate</strong></span> <span class='ocrx_word' id='word_1_139' title='bbox 2265 500 2319 546; x_wconf 90' lang='lat' dir='ltr'><strong>et</strong></span> <span class='ocrx_word' id='word_1_140' title='bbox 2359 496 2527 561; x_wconf 83' lang='lat' dir='ltr'><strong>gratia</strong></span> <span class='ocrx_word' id='word_1_141' title='bbox 2560 496 2676 559; x_wconf 86' lang='lat' dir='ltr'><strong>Dei,</strong></span> <span class='ocrx_word' id='word_1_142' title='bbox 2709 497 2845 550; x_wconf 91' lang='lat' dir='ltr'><strong>alios</strong></span> <span class='ocrx_word' id='word_1_143' title='bbox 2877 497 3022 567; x_wconf 83' lang='lat' dir='ltr'><strong>justo</strong></span> <span class='ocrx_word' id='word_1_144' title='bbox 3050 507 3101 552; x_wconf 88' lang='lat' dir='ltr'><strong>et</strong></span> <span class='ocrx_word' id='word_1_145' title='bbox 3132 501 3345 554; x_wconf 86' lang='lat' dir='ltr'><strong>occulto</strong></span> <span class='ocrx_word' id='word_1_146' title='bbox 3370 503 3576 569; x_wconf 78' lang='lat' dir='ltr'><strong>judit-io</strong></span> 
     </span>
    </p>
   </div>
   <div class='ocr_carea' id='block_1_18' title="bbox 1996 576 3577 661">
    <p class='ocr_par' dir='ltr' id='par_1_18' title="bbox 1996 576 3577 661">
     <span class='ocr_line' id='line_1_18' title="bbox 1996 576 3577 661; baseline 0.01 -31"><span class='ocrx_word' id='word_1_147' title='bbox 1996 576 2317 649; x_wconf 85' lang='lat' dir='ltr'><strong>derelinqui.</strong></span> <span class='ocrx_word' id='word_1_148' title='bbox 2361 584 2612 652; x_wconf 84' lang='lat' dir='ltr'><strong>Alioquin</strong></span> <span class='ocrx_word' id='word_1_149' title='bbox 2661 587 2863 653; x_wconf 84' lang='lat' dir='ltr'><strong>dicant,</strong></span> <span class='ocrx_word' id='word_1_150' title='bbox 2905 590 2948 641; x_wconf 90' lang='lat' dir='ltr'><strong>si</strong></span> <span class='ocrx_word' id='word_1_151' title='bbox 2995 600 3236 657; x_wconf 88' lang='lat' dir='ltr'><strong>possunt,</strong></span> <span class='ocrx_word' id='word_1_152' title='bbox 3268 590 3319 644; x_wconf 89' lang='lat' dir='ltr'><strong>hi</strong></span> <span class='ocrx_word' id='word_1_153' title='bbox 3349 594 3435 661; x_wconf 87' lang='lat' dir='ltr'><strong>qni</strong></span> <span class='ocrx_word' id='word_1_154' title='bbox 3475 594 3577 646; x_wconf 88' lang='lat' dir='ltr'><strong>hoc</strong></span> 
     </span>
    </p>
   </div>
   <div class='ocr_carea' id='block_1_19' title="bbox 1996 670 3573 745">
    <p class='ocr_par' dir='ltr' id='par_1_19' title="bbox 1996 670 3573 745">
     <span class='ocr_line' id='line_1_19' title="bbox 1996 670 3573 745; baseline 0.01 -23"><span class='ocrx_word' id='word_1_155' title='bbox 1996 670 2190 727; x_wconf 63' lang='lat' dir='ltr'><strong>divinae</strong></span> <span class='ocrx_word' id='word_1_156' title='bbox 2210 677 2429 741; x_wconf 66' lang='lat' dir='ltr'><strong>iustitiae</strong></span> <span class='ocrx_word' id='word_1_157' title='bbox 2452 687 2506 731; x_wconf 92' lang='lat' dir='ltr'><strong>et</strong></span> <span class='ocrx_word' id='word_1_158' title='bbox 2530 681 2751 732; x_wconf 90' lang='lat' dir='ltr'><strong>bonitati</strong></span> <span class='ocrx_word' id='word_1_159' title='bbox 2775 684 3102 734; x_wconf 90' lang='lat' dir='ltr'><strong>contrarium</strong></span> <span class='ocrx_word' id='word_1_160' title='bbox 3145 682 3444 745; x_wconf 70' lang='lat' dir='ltr'><strong>mstimant;</strong></span> <span class='ocrx_word' id='word_1_161' title='bbox 3477 698 3573 737; x_wconf 89' lang='lat' dir='ltr'><strong>cur</strong></span> 
     </span>
    </p>
   </div>
   <div class='ocr_carea' id='block_1_20' title="bbox 1994 761 3569 844">
    <p class='ocr_par' dir='ltr' id='par_1_20' title="bbox 1994 761 3569 844">
     <span class='ocr_line' id='line_1_20' title="bbox 1994 761 3569 844; baseline 0.009 -29"><span class='ocrx_word' id='word_1_162' title='bbox 1994 761 2040 816; x_wconf 89' lang='lat' dir='ltr'><strong>is</strong></span> <span class='ocrx_word' id='word_1_163' title='bbox 2064 766 2150 832; x_wconf 92' lang='lat' dir='ltr'><strong>qui</strong></span> <span class='ocrx_word' id='word_1_164' title='bbox 2182 779 2370 819; x_wconf 89' lang='lat' dir='ltr'><strong>omnes</strong></span> <span class='ocrx_word' id='word_1_165' title='bbox 2397 767 2641 823; x_wconf 86' lang='lat' dir='ltr'><strong>homines</strong></span> <span class='ocrx_word' id='word_1_166' title='bbox 2665 770 2775 824; x_wconf 87' lang='lat' dir='ltr'><strong>vult</strong></span> <span class='ocrx_word' id='word_1_167' title='bbox 2805 772 2981 827; x_wconf 74' lang='lat' dir='ltr'><strong>salvos</strong></span> <span class='ocrx_word' id='word_1_168' title='bbox 3016 773 3129 826; x_wconf 83' lang='lat' dir='ltr'><strong>ﬁeri</strong></span> <span class='ocrx_word' id='word_1_169' title='bbox 3160 784 3211 827; x_wconf 89' lang='lat' dir='ltr'><strong>et</strong></span> <span class='ocrx_word' id='word_1_170' title='bbox 3242 774 3305 827; x_wconf 84' lang='lat' dir='ltr'><strong>ad</strong></span> <span class='ocrx_word' id='word_1_171' title='bbox 3342 775 3569 844; x_wconf 86' lang='lat' dir='ltr'><strong>agnitio-</strong></span> 
     </span>
    </p>
   </div>
   <div class='ocr_carea' id='block_1_21' title="bbox 1996 856 3570 925">
    <p class='ocr_par' dir='ltr' id='par_1_21' title="bbox 1996 856 3570 925">
     <span class='ocr_line' id='line_1_21' title="bbox 1996 856 3570 925; baseline 0.012 -23"><span class='ocrx_word' id='word_1_172' title='bbox 1996 867 2116 905; x_wconf 87' lang='lat' dir='ltr'><strong>nem</strong></span> <span class='ocrx_word' id='word_1_173' title='bbox 2162 856 2402 909; x_wconf 78' lang='lat' dir='ltr'><strong>veritatis</strong></span> <span class='ocrx_word' id='word_1_174' title='bbox 2445 863 2647 925; x_wconf 86' lang='lat' dir='ltr'><strong>venirc,</strong></span> <span class='ocrx_word' id='word_1_175' title='bbox 2697 870 2804 913; x_wconf 90' lang='lat' dir='ltr'><strong>tam</strong></span> <span class='ocrx_word' id='word_1_176' title='bbox 2848 862 3041 915; x_wconf 91' lang='lat' dir='ltr'><strong>multas</strong></span> <span class='ocrx_word' id='word_1_177' title='bbox 3086 866 3310 919; x_wconf 84' lang='lat' dir='ltr'><strong>virtutes</strong></span> <span class='ocrx_word' id='word_1_178' title='bbox 3353 866 3479 919; x_wconf 78' lang='lat' dir='ltr'><strong>fecit</strong></span> <span class='ocrx_word' id='word_1_179' title='bbox 3502 867 3570 921; x_wconf 82' lang='lat' dir='ltr'><strong>~in</strong></span> 
     </span>
    </p>
   </div>
   <div class='ocr_carea' id='block_1_22' title="bbox 1992 943 3569 1030">
    <p class='ocr_par' dir='ltr' id='par_1_22' title="bbox 1992 943 3569 1030">
     <span class='ocr_line' id='line_1_22' title="bbox 1992 943 3569 1030; baseline 0.013 -34"><span class='ocrx_word' id='word_1_180' title='bbox 1992 943 2268 1001; x_wconf 81' lang='lat' dir='ltr'><strong>Corozaim</strong></span> <span class='ocrx_word' id='word_1_181' title='bbox 2300 959 2351 1003; x_wconf 89' lang='lat' dir='ltr'><strong>et</strong></span> <span class='ocrx_word' id='word_1_182' title='bbox 2384 951 2686 1019; x_wconf 88' lang='lat' dir='ltr'><strong>Bethsaida,</strong></span> <span class='ocrx_word' id='word_1_183' title='bbox 2720 965 2771 1007; x_wconf 86' lang='lat' dir='ltr'><strong>et</strong></span> <span class='ocrx_word' id='word_1_184' title='bbox 2795 957 2994 1009; x_wconf 88' lang='lat' dir='ltr'><strong>nullam</strong></span> <span class='ocrx_word' id='word_1_185' title='bbox 3039 956 3224 1011; x_wconf 86' lang='lat' dir='ltr'><strong>harum</strong></span> <span class='ocrx_word' id='word_1_186' title='bbox 3260 960 3309 1012; x_wconf 90' lang='lat' dir='ltr'><strong>in</strong></span> <span class='ocrx_word' id='word_1_187' title='bbox 3334 961 3479 1030; x_wconf 80' lang='lat' dir='ltr'><strong>Tyro</strong></span> <span class='ocrx_word' id='word_1_188' title='bbox 3514 972 3569 1017; x_wconf 91' lang='lat' dir='ltr'><strong>ct</strong></span> 
     </span>
    </p>
   </div>
   <div class='ocr_carea' id='block_1_23' title="bbox 1993 1035 3569 1118">
    <p class='ocr_par' dir='ltr' id='par_1_23' title="bbox 1993 1035 3569 1118">
     <span class='ocr_line' id='line_1_23' title="bbox 1993 1035 3569 1118; baseline 0.01 -27"><span class='ocrx_word' id='word_1_189' title='bbox 1993 1035 2191 1093; x_wconf 87' lang='lat' dir='ltr'><strong>Sidone</strong></span> <span class='ocrx_word' id='word_1_190' title='bbox 2220 1041 2395 1095; x_wconf 78' lang='lat' dir='ltr'><strong>facere</strong></span> <span class='ocrx_word' id='word_1_191' title='bbox 2425 1044 2617 1109; x_wconf 88' lang='lat' dir='ltr'><strong>voluit,</strong></span> <span class='ocrx_word' id='word_1_192' title='bbox 2648 1047 2735 1099; x_wconf 90' lang='lat' dir='ltr'><strong>ubi</strong></span> <span class='ocrx_word' id='word_1_193' title='bbox 2765 1051 2806 1100; x_wconf 87' lang='lat' dir='ltr'><strong>si</strong></span> <span class='ocrx_word' id='word_1_194' title='bbox 2838 1050 2990 1101; x_wconf 74' lang='lat' dir='ltr'><strong>facta:</strong></span> <span class='ocrx_word' id='word_1_195' title='bbox 3016 1048 3258 1113; x_wconf 79' lang='lat' dir='ltr'><strong>fuissent,</strong></span> <span class='ocrx_word' id='word_1_196' title='bbox 3284 1053 3416 1106; x_wconf 82' lang='lat' dir='ltr'><strong>sicut</strong></span> <span class='ocrx_word' id='word_1_197' title='bbox 3450 1052 3569 1118; x_wconf 79' lang='lat' dir='ltr'><strong>ipse</strong></span> 
     </span>
    </p>
   </div>
   <div class='ocr_carea' id='block_1_24' title="bbox 1992 1132 3566 1212">
    <p class='ocr_par' dir='ltr' id='par_1_24' title="bbox 1992 1132 3566 1212">
     <span class='ocr_line' id='line_1_24' title="bbox 1992 1132 3566 1212; baseline 0.011 -35"><span class='ocrx_word' id='word_1_198' title='bbox 1992 1134 2235 1193; x_wconf 83' lang='lat' dir='ltr'><strong>testatur,</strong></span> <span class='ocrx_word' id='word_1_199' title='bbox 2269 1132 2482 1201; x_wconf 83' lang='lat' dir='ltr'><strong>forsitan</strong></span> <span class='ocrx_word' id='word_1_200' title='bbox 2512 1137 2563 1187; x_wconf 90' lang='lat' dir='ltr'><strong>in</strong></span> <span class='ocrx_word' id='word_1_201' title='bbox 2591 1136 2755 1190; x_wconf 79' lang='lat' dir='ltr'><strong>cinere</strong></span> <span class='ocrx_word' id='word_1_202' title='bbox 2785 1147 2831 1189; x_wconf 88' lang='lat' dir='ltr'><strong>et</strong></span> <span class='ocrx_word' id='word_1_203' title='bbox 2862 1138 3029 1190; x_wconf 83' lang='lat' dir='ltr'><strong>cilicio</strong></span> <span class='ocrx_word' id='word_1_204' title='bbox 3067 1141 3408 1208; x_wconf 69' lang='lat' dir='ltr'><strong>paenitentiam</strong></span> <span class='ocrx_word' id='word_1_205' title='bbox 3434 1142 3566 1212; x_wconf 86' lang='lat' dir='ltr'><strong>egis-</strong></span> 
     </span>
    </p>
   </div>
   <div class='ocr_carea' id='block_1_25' title="bbox 1987 1219 3563 1301">
    <p class='ocr_par' dir='ltr' id='par_1_25' title="bbox 1987 1219 3563 1301">
     <span class='ocr_line' id='line_1_25' title="bbox 1987 1219 3563 1301; baseline 0.01 -33"><span class='ocrx_word' id='word_1_206' title='bbox 1987 1228 2097 1270; x_wconf 86' lang='lat' dir='ltr'><strong>sent</strong></span> <span class='ocrx_word' id='word_1_207' title='bbox 2123 1219 2336 1289; x_wconf 82' lang='lat' dir='ltr'><strong>(Matt/tt.</strong></span> <span class='ocrx_word' id='word_1_208' title='bbox 2385 1239 2456 1289; x_wconf 81' lang='lat' dir='ltr'><strong>st,</strong></span> <span class='ocrx_word' id='word_1_209' title='bbox 2485 1224 2616 1291; x_wconf 69' lang='lat'><strong>2|)?</strong></span> <span class='ocrx_word' id='word_1_210' title='bbox 2666 1227 2770 1279; x_wconf 86' lang='lat' dir='ltr'><strong>Aut</strong></span> <span class='ocrx_word' id='word_1_211' title='bbox 2814 1242 2908 1280; x_wconf 89' lang='lat' dir='ltr'><strong>cur</strong></span> <span class='ocrx_word' id='word_1_212' title='bbox 2956 1228 3009 1280; x_wconf 90' lang='lat' dir='ltr'><strong>in</strong></span> <span class='ocrx_word' id='word_1_213' title='bbox 3053 1229 3179 1281; x_wconf 83' lang='lat' dir='ltr'><strong>Asia</strong></span> <span class='ocrx_word' id='word_1_214' title='bbox 3220 1239 3273 1283; x_wconf 89' lang='lat' dir='ltr'><strong>et</strong></span> <span class='ocrx_word' id='word_1_215' title='bbox 3316 1230 3563 1301; x_wconf 82' lang='lat' dir='ltr'><strong>Bithynia</strong></span> 
     </span>
    </p>
   </div>
   <div class='ocr_carea' id='block_1_26' title="bbox 1987 1313 3560 1391">
    <p class='ocr_par' dir='ltr' id='par_1_26' title="bbox 1987 1313 3560 1391">
     <span class='ocr_line' id='line_1_26' title="bbox 1987 1313 3560 1391; baseline 0.009 -29"><span class='ocrx_word' id='word_1_216' title='bbox 1987 1313 2302 1379; x_wconf 83' lang='lat' dir='ltr'><strong>Apostolum</strong></span> <span class='ocrx_word' id='word_1_217' title='bbox 2350 1318 2515 1370; x_wconf 88' lang='lat' dir='ltr'><strong>vetuit</strong></span> <span class='ocrx_word' id='word_1_218' title='bbox 2562 1319 2785 1370; x_wconf 84' lang='lat' dir='ltr'><strong>verbum</strong></span> <span class='ocrx_word' id='word_1_219' title='bbox 2837 1320 3026 1373; x_wconf 81' lang='lat' dir='ltr'><strong>salutis</strong></span> <span class='ocrx_word' id='word_1_220' title='bbox 3067 1324 3386 1376; x_wconf 88' lang='lat' dir='ltr'><strong>annnntiare</strong></span> <span class='ocrx_word' id='word_1_221' title='bbox 3425 1324 3560 1391; x_wconf 79' lang='lat' dir='ltr'><strong>(Art.</strong></span> 
     </span>
    </p>
   </div>
   <div class='ocr_carea' id='block_1_27' title="bbox 1987 1402 3562 1480">
    <p class='ocr_par' dir='ltr' id='par_1_27' title="bbox 1987 1402 3562 1480">
     <span class='ocr_line' id='line_1_27' title="bbox 1987 1402 3562 1480; baseline 0.011 -29"><span class='ocrx_word' id='word_1_222' title='bbox 1987 1414 2095 1464; x_wconf 74' lang='lat' dir='ltr'><strong>3m,</strong></span> <span class='ocrx_word' id='word_1_223' title='bbox 2129 1402 2180 1459; x_wconf 88' lang='lat'><strong>6.</strong></span> <span class='ocrx_word' id='word_1_224' title='bbox 2216 1404 2305 1471; x_wconf 84' lang='lat'><strong>7)?</strong></span> <span class='ocrx_word' id='word_1_225' title='bbox 2336 1407 2485 1468; x_wconf 84' lang='lat' dir='ltr'><strong>Quod</strong></span> <span class='ocrx_word' id='word_1_226' title='bbox 2514 1408 2557 1459; x_wconf 91' lang='lat' dir='ltr'><strong>si</strong></span> <span class='ocrx_word' id='word_1_227' title='bbox 2600 1407 2696 1460; x_wconf 83' lang='lat' dir='ltr'><strong>ista</strong></span> <span class='ocrx_word' id='word_1_228' title='bbox 2734 1420 3005 1477; x_wconf 82' lang='lat' dir='ltr'><strong>nequeunt</strong></span> <span class='ocrx_word' id='word_1_229' title='bbox 3035 1414 3441 1480; x_wconf 79' lang='lat' dir='ltr'><strong>comprehendi.</strong></span> <span class='ocrx_word' id='word_1_230' title='bbox 3474 1432 3562 1468; x_wconf 83' lang='lat' dir='ltr'><strong>re-</strong></span> 
     </span>
    </p>
   </div>
   <div class='ocr_carea' id='block_1_28' title="bbox 1986 1490 3561 1571">
    <p class='ocr_par' dir='ltr' id='par_1_28' title="bbox 1986 1490 3561 1571">
     <span class='ocr_line' id='line_1_28' title="bbox 1986 1490 3561 1571; baseline 0.013 -29"><span class='ocrx_word' id='word_1_231' title='bbox 1986 1490 2146 1546; x_wconf 77' lang='lat' dir='ltr'><strong>deant</strong></span> <span class='ocrx_word' id='word_1_232' title='bbox 2177 1496 2241 1545; x_wconf 87' lang='lat' dir='ltr'><strong>ad</strong></span> <span class='ocrx_word' id='word_1_233' title='bbox 2276 1510 2354 1557; x_wconf 87' lang='lat' dir='ltr'><strong>se,</strong></span> <span class='ocrx_word' id='word_1_234' title='bbox 2402 1509 2455 1550; x_wconf 92' lang='lat' dir='ltr'><strong>et</strong></span> <span class='ocrx_word' id='word_1_235' title='bbox 2509 1499 2840 1554; x_wconf 86' lang='lat' dir='ltr'><strong>invenientes</strong></span> <span class='ocrx_word' id='word_1_236' title='bbox 2891 1517 2948 1554; x_wconf 89' lang='lat' dir='ltr'><strong>se</strong></span> <span class='ocrx_word' id='word_1_237' title='bbox 3000 1503 3265 1571; x_wconf 86' lang='lat' dir='ltr'><strong>homines,</strong></span> <span class='ocrx_word' id='word_1_238' title='bbox 3314 1506 3561 1562; x_wconf 74' lang='lat' dir='ltr'><strong>desinant</strong></span> 
     </span>
    </p>
   </div>
   <div class='ocr_carea' id='block_1_29' title="bbox 1985 1588 3560 1657">
    <p class='ocr_par' dir='ltr' id='par_1_29' title="bbox 1985 1588 3560 1657">
     <span class='ocr_line' id='line_1_29' title="bbox 1985 1588 3560 1657; baseline 0.011 -25"><span class='ocrx_word' id='word_1_239' title='bbox 1985 1596 2229 1648; x_wconf 81' lang='lat' dir='ltr'><strong>qua-rere</strong></span> <span class='ocrx_word' id='word_1_240' title='bbox 2251 1602 2346 1639; x_wconf 89' lang='lat' dir='ltr'><strong>cur</strong></span> <span class='ocrx_word' id='word_1_241' title='bbox 2375 1588 2508 1642; x_wconf 87' lang='lat' dir='ltr'><strong>alios</strong></span> <span class='ocrx_word' id='word_1_242' title='bbox 2539 1589 2708 1641; x_wconf 88' lang='lat' dir='ltr'><strong>salvet</strong></span> <span class='ocrx_word' id='word_1_243' title='bbox 2739 1592 2968 1657; x_wconf 82' lang='lat' dir='ltr'><strong>gratuito</strong></span> <span class='ocrx_word' id='word_1_244' title='bbox 2985 1592 3146 1654; x_wconf 86' lang='lat' dir='ltr'><strong>dono.</strong></span> <span class='ocrx_word' id='word_1_245' title='bbox 3172 1594 3305 1647; x_wconf 88' lang='lat' dir='ltr'><strong>alios</strong></span> <span class='ocrx_word' id='word_1_246' title='bbox 3329 1596 3560 1649; x_wconf 89' lang='lat' dir='ltr'><strong>derelin-</strong></span> 
     </span>
    </p>
   </div>
   <div class='ocr_carea' id='block_1_30' title="bbox 1986 1675 3559 1749">
    <p class='ocr_par' dir='ltr' id='par_1_30' title="bbox 1986 1675 3559 1749">
     <span class='ocr_line' id='line_1_30' title="bbox 1986 1675 3559 1749; baseline 0.012 -28"><span class='ocrx_word' id='word_1_247' title='bbox 1986 1684 2112 1736; x_wconf 86' lang='lat' dir='ltr'><strong>quat</strong></span> <span class='ocrx_word' id='word_1_248' title='bbox 2139 1675 2282 1741; x_wconf 90' lang='lat' dir='ltr'><strong>justo</strong></span> <span class='ocrx_word' id='word_1_249' title='bbox 2310 1688 2361 1730; x_wconf 89' lang='lat' dir='ltr'><strong>et</strong></span> <span class='ocrx_word' id='word_1_250' title='bbox 2395 1679 2606 1731; x_wconf 88' lang='lat' dir='ltr'><strong>occulto</strong></span> <span class='ocrx_word' id='word_1_251' title='bbox 2631 1678 2853 1746; x_wconf 85' lang='lat' dir='ltr'><strong>judicio,</strong></span> <span class='ocrx_word' id='word_1_252' title='bbox 2896 1683 2983 1749; x_wconf 86' lang='lat' dir='ltr'><strong>qui</strong></span> <span class='ocrx_word' id='word_1_253' title='bbox 3037 1693 3350 1747; x_wconf 86' lang='lat' dir='ltr'><strong>potestatem</strong></span> <span class='ocrx_word' id='word_1_254' title='bbox 3401 1686 3559 1739; x_wconf 76' lang='lat' dir='ltr'><strong>habet</strong></span> 
     </span>
    </p>
   </div>
   <div class='ocr_carea' id='block_1_31' title="bbox 302 1764 1878 1848">
    <p class='ocr_par' dir='ltr' id='par_1_31' title="bbox 302 1776 1875 1848">
     <span class='ocr_line' id='line_1_31' title="bbox 302 1776 1875 1848; baseline 0.002 -18"><span class='ocrx_word' id='word_1_255' title='bbox 302 1776 726 1843; x_wconf 81' lang='lat' dir='ltr'><strong>lundatnentuut,</strong></span> <span class='ocrx_word' id='word_1_256' title='bbox 746 1791 797 1832; x_wconf 89' lang='lat' dir='ltr'><strong>et</strong></span> <span class='ocrx_word' id='word_1_257' title='bbox 822 1780 1037 1848; x_wconf 86' lang='lat' dir='ltr'><strong>crepido</strong></span> <span class='ocrx_word' id='word_1_258' title='bbox 1058 1781 1468 1848; x_wconf 88' lang='lat' dir='ltr'><strong>quodammodo,</strong></span> <span class='ocrx_word' id='word_1_259' title='bbox 1502 1781 1612 1835; x_wconf 87' lang='lat' dir='ltr'><strong>sive</strong></span> <span class='ocrx_word' id='word_1_260' title='bbox 1639 1781 1875 1835; x_wconf 86' lang='lat' dir='ltr'><strong>omnium</strong></span> 
     </span>
    </p>
   </div>
   <div class='ocr_carea' id='block_1_32' title="bbox 1982 1764 3557 1848">
    <p class='ocr_par' dir='ltr' id='par_1_32' title="bbox 1983 1767 3557 1837">
     <span class='ocr_line' id='line_1_32' title="bbox 1983 1767 3557 1837; baseline 0.009 -24"><span class='ocrx_word' id='word_1_261' title='bbox 1983 1776 2043 1813; x_wconf 65' lang='lat' dir='ltr'><strong>ex</strong></span> <span class='ocrx_word' id='word_1_262' title='bbox 2069 1767 2242 1815; x_wconf 82' lang='lat' dir='ltr'><strong>cadent</strong></span> <span class='ocrx_word' id='word_1_263' title='bbox 2280 1783 2447 1819; x_wconf 80' lang='lat' dir='ltr'><strong>massa</strong></span> <span class='ocrx_word' id='word_1_264' title='bbox 2482 1768 2627 1820; x_wconf 86' lang='lat' dir='ltr'><strong>aliud</strong></span> <span class='ocrx_word' id='word_1_265' title='bbox 2656 1784 2743 1820; x_wconf 83' lang='lat' dir='ltr'><strong>vas</strong></span> <span class='ocrx_word' id='word_1_266' title='bbox 2767 1772 2932 1836; x_wconf 78' lang='lat' dir='ltr'><strong>facere</strong></span> <span class='ocrx_word' id='word_1_267' title='bbox 2961 1773 3013 1823; x_wconf 89' lang='lat' dir='ltr'><strong>in</strong></span> <span class='ocrx_word' id='word_1_268' title='bbox 3045 1773 3306 1837; x_wconf 79' lang='lat' dir='ltr'><strong>honorem,</strong></span> <span class='ocrx_word' id='word_1_269' title='bbox 3330 1774 3477 1826; x_wconf 80' lang='lat' dir='ltr'><strong>aliud</strong></span> <span class='ocrx_word' id='word_1_270' title='bbox 3503 1776 3557 1827; x_wconf 85' lang='lat' dir='ltr'><strong>in</strong></span> 
     </span>
    </p>
   </div>
   <div class='ocr_carea' id='block_1_33' title="bbox 301 1868 1876 1941">
    <p class='ocr_par' dir='ltr' id='par_1_33' title="bbox 301 1868 1876 1941">
     <span class='ocr_line' id='line_1_33' title="bbox 301 1868 1876 1941; baseline 0.001 -20"><span class='ocrx_word' id='word_1_271' title='bbox 301 1868 565 1921; x_wconf 84' lang='lat' dir='ltr'><strong>bonorum</strong></span> <span class='ocrx_word' id='word_1_272' title='bbox 599 1872 774 1938; x_wconf 81' lang='lat' dir='ltr'><strong>origo,</strong></span> <span class='ocrx_word' id='word_1_273' title='bbox 805 1871 1029 1924; x_wconf 87' lang='lat' dir='ltr'><strong>credere</strong></span> <span class='ocrx_word' id='word_1_274' title='bbox 1063 1872 1118 1924; x_wconf 85' lang='lat' dir='ltr'><strong>in</strong></span> <span class='ocrx_word' id='word_1_275' title='bbox 1147 1870 1426 1924; x_wconf 88' lang='lat' dir='ltr'><strong>Dominum</strong></span> <span class='ocrx_word' id='word_1_276' title='bbox 1464 1873 1641 1941; x_wconf 79' lang='lat' dir='ltr'><strong>gloriw</strong></span> <span class='ocrx_word' id='word_1_277' title='bbox 1671 1872 1876 1939; x_wconf 83' lang='lat' dir='ltr'><strong>cruci/i-</strong></span> 
     </span>
    </p>
   </div>
   <div class='ocr_carea' id='block_1_34' title="bbox 302 1959 1877 2031">
    <p class='ocr_par' dir='ltr' id='par_1_34' title="bbox 302 1959 1877 2031">
     <span class='ocr_line' id='line_1_34' title="bbox 302 1959 1877 2031; baseline 0.003 -20"><span class='ocrx_word' id='word_1_278' title='bbox 302 1976 417 2011; x_wconf 69' lang='lat' dir='ltr'><strong>stum</strong></span> <span class='ocrx_word' id='word_1_279' title='bbox 446 1959 498 2023; x_wconf 85' lang='grc' dir='ltr'><strong>(Ἰ</strong></span> <span class='ocrx_word' id='word_1_280' title='bbox 528 1959 651 2015; x_wconf 87' lang='lat' dir='ltr'><strong>Cor.</strong></span> <span class='ocrx_word' id='word_1_281' title='bbox 688 1978 742 2026; x_wconf 86' lang='lat' dir='ltr'><strong>tt,</strong></span> <span class='ocrx_word' id='word_1_282' title='bbox 778 1961 851 2031; x_wconf 91' lang='lat'><strong>8).</strong></span> <span class='ocrx_word' id='word_1_283' title='bbox 881 1962 1030 2028; x_wconf 90' lang='lat' dir='ltr'><strong>Quod</strong></span> <span class='ocrx_word' id='word_1_284' title='bbox 1064 1964 1244 2030; x_wconf 91' lang='lat' dir='ltr'><strong>utique</strong></span> <span class='ocrx_word' id='word_1_285' title='bbox 1278 1979 1379 2016; x_wconf 87' lang='lat' dir='ltr'><strong>non</strong></span> <span class='ocrx_word' id='word_1_286' title='bbox 1411 1974 1488 2017; x_wconf 89' lang='lat' dir='ltr'><strong>est</strong></span> <span class='ocrx_word' id='word_1_287' title='bbox 1516 1981 1579 2017; x_wconf 85' lang='lat' dir='ltr'><strong>ex</strong></span> <span class='ocrx_word' id='word_1_288' title='bbox 1622 1964 1877 2016; x_wconf 80' lang='lat' dir='ltr'><strong>naturalis</strong></span> 
     </span>
    </p>
   </div>
   <div class='ocr_carea' id='block_1_35' title="bbox 302 2055 1877 2127">
    <p class='ocr_par' dir='ltr' id='par_1_35' title="bbox 302 2055 1877 2127">
     <span class='ocr_line' id='line_1_35' title="bbox 302 2055 1877 2127; baseline 0.004 -23"><span class='ocrx_word' id='word_1_289' title='bbox 302 2055 505 2107; x_wconf 85' lang='lat' dir='ltr'><strong>arbitrii</strong></span> <span class='ocrx_word' id='word_1_290' title='bbox 538 2055 813 2109; x_wconf 85' lang='lat' dir='ltr'><strong>libertate.</strong></span> <span class='ocrx_word' id='word_1_291' title='bbox 858 2055 989 2120; x_wconf 86' lang='lat' dir='ltr'><strong>Quia</strong></span> <span class='ocrx_word' id='word_1_292' title='bbox 1035 2073 1132 2109; x_wconf 86' lang='lat' dir='ltr'><strong>non</strong></span> <span class='ocrx_word' id='word_1_293' title='bbox 1185 2058 1280 2111; x_wconf 79' lang='lat' dir='ltr'><strong>hoc</strong></span> <span class='ocrx_word' id='word_1_294' title='bbox 1306 2074 1424 2110; x_wconf 88' lang='lat' dir='ltr'><strong>caro</strong></span> <span class='ocrx_word' id='word_1_295' title='bbox 1453 2069 1499 2111; x_wconf 90' lang='lat' dir='ltr'><strong>et</strong></span> <span class='ocrx_word' id='word_1_296' title='bbox 1534 2059 1756 2127; x_wconf 82' lang='lat' dir='ltr'><strong>sanguis,</strong></span> <span class='ocrx_word' id='word_1_297' title='bbox 1788 2058 1877 2110; x_wconf 81' lang='lat' dir='ltr'><strong>sed</strong></span> 
     </span>
    </p>
   </div>
   <div class='ocr_carea' id='block_1_36' title="bbox 301 2147 1877 2215">
    <p class='ocr_par' dir='ltr' id='par_1_36' title="bbox 301 2147 1877 2215">
     <span class='ocr_line' id='line_1_36' title="bbox 301 2147 1877 2215; baseline 0.005 -20"><span class='ocrx_word' id='word_1_298' title='bbox 301 2155 441 2214; x_wconf 67' lang='lat' dir='ltr'><strong>pater</strong></span> <span class='ocrx_word' id='word_1_299' title='bbox 469 2147 689 2199; x_wconf 74' lang='lat' dir='ltr'><strong>rwleslis</strong></span> <span class='ocrx_word' id='word_1_300' title='bbox 710 2148 901 2201; x_wconf 82' lang='lat' dir='ltr'><strong>revelat</strong></span> <span class='ocrx_word' id='word_1_301' title='bbox 928 2147 1141 2213; x_wconf 75' lang='lat' dir='ltr'><strong>(Matth.</strong></span> <span class='ocrx_word' id='word_1_302' title='bbox 1166 2164 1277 2213; x_wconf 79' lang='lat' dir='ltr'><strong>xvt,</strong></span> <span class='ocrx_word' id='word_1_303' title='bbox 1307 2149 1417 2215; x_wconf 82' lang='grc' dir='ltr'><strong>Π),</strong></span> <span class='ocrx_word' id='word_1_304' title='bbox 1441 2152 1525 2202; x_wconf 90' lang='lat' dir='ltr'><strong>cui</strong></span> <span class='ocrx_word' id='word_1_305' title='bbox 1547 2150 1877 2214; x_wconf 88' lang='lat' dir='ltr'><strong>voluerit,ad</strong></span> 
     </span>
    </p>
   </div>
   <div class='ocr_carea' id='block_1_37' title="bbox 302 2239 1878 2306">
    <p class='ocr_par' dir='ltr' id='par_1_37' title="bbox 302 2239 1878 2306">
     <span class='ocr_line' id='line_1_37' title="bbox 302 2239 1878 2306; baseline 0.005 -19"><span class='ocrx_word' id='word_1_306' title='bbox 302 2250 475 2289; x_wconf 55' lang='lat' dir='ltr'><strong>verum</strong></span> <span class='ocrx_word' id='word_1_307' title='bbox 500 2252 626 2291; x_wconf 90' lang='lat' dir='ltr'><strong>eum</strong></span> <span class='ocrx_word' id='word_1_308' title='bbox 654 2239 933 2293; x_wconf 87' lang='lat' dir='ltr'><strong>attrahens</strong></span> <span class='ocrx_word' id='word_1_309' title='bbox 956 2240 1278 2306; x_wconf 88' lang='lat' dir='ltr'><strong>libertatem,</strong></span> <span class='ocrx_word' id='word_1_310' title='bbox 1299 2257 1401 2295; x_wconf 93' lang='lat' dir='ltr'><strong>non</strong></span> <span class='ocrx_word' id='word_1_311' title='bbox 1436 2242 1665 2295; x_wconf 86' lang='lat' dir='ltr'><strong>violenta</strong></span> <span class='ocrx_word' id='word_1_312' title='bbox 1691 2256 1878 2295; x_wconf 77' lang='lat' dir='ltr'><strong>neres-</strong></span> 
     </span>
    </p>
   </div>
   <div class='ocr_carea' id='block_1_38' title="bbox 302 2330 1874 2402">
    <p class='ocr_par' dir='ltr' id='par_1_38' title="bbox 302 2330 1874 2402">
     <span class='ocr_line' id='line_1_38' title="bbox 302 2330 1874 2402; baseline 0.004 -21"><span class='ocrx_word' id='word_1_313' title='bbox 302 2331 476 2393; x_wconf 85' lang='lat' dir='ltr'><strong>sitate,</strong></span> <span class='ocrx_word' id='word_1_314' title='bbox 509 2330 607 2385; x_wconf 87' lang='lat' dir='ltr'><strong>sed</strong></span> <span class='ocrx_word' id='word_1_315' title='bbox 641 2330 972 2385; x_wconf 80' lang='lat' dir='ltr'><strong>infundendo</strong></span> <span class='ocrx_word' id='word_1_316' title='bbox 996 2333 1310 2386; x_wconf 81' lang='lat' dir='ltr'><strong>suavitatem</strong></span> <span class='ocrx_word' id='word_1_317' title='bbox 1345 2349 1438 2402; x_wconf 88' lang='lat' dir='ltr'><strong>per</strong></span> <span class='ocrx_word' id='word_1_318' title='bbox 1462 2333 1717 2399; x_wconf 89' lang='lat' dir='ltr'><strong>Spiritum</strong></span> <span class='ocrx_word' id='word_1_319' title='bbox 1747 2348 1874 2387; x_wconf 91' lang='lat' dir='ltr'><strong>san-</strong></span> 
     </span>
    </p>
   </div>
   <div class='ocr_carea' id='block_1_39' title="bbox 302 2424 1878 2493">
    <p class='ocr_par' dir='ltr' id='par_1_39' title="bbox 302 2424 1878 2493">
     <span class='ocr_line' id='line_1_39' title="bbox 302 2424 1878 2493; baseline 0.002 -17"><span class='ocrx_word' id='word_1_320' title='bbox 302 2432 460 2485; x_wconf 86' lang='lat' dir='ltr'><strong>ctum,</strong></span> <span class='ocrx_word' id='word_1_321' title='bbox 492 2433 551 2475; x_wconf 89' lang='lat' dir='ltr'><strong>ut</strong></span> <span class='ocrx_word' id='word_1_322' title='bbox 584 2439 707 2477; x_wconf 77' lang='lat' dir='ltr'><strong>mox</strong></span> <span class='ocrx_word' id='word_1_323' title='bbox 750 2424 1034 2479; x_wconf 87' lang='lat' dir='ltr'><strong>credentes</strong></span> <span class='ocrx_word' id='word_1_324' title='bbox 1077 2426 1321 2479; x_wconf 83' lang='lat' dir='ltr'><strong>dicamus</strong></span> <span class='ocrx_word' id='word_1_325' title='bbox 1358 2426 1479 2493; x_wconf 89' lang='lat' dir='ltr'><strong>quia</strong></span> <span class='ocrx_word' id='word_1_326' title='bbox 1530 2427 1775 2478; x_wconf 83' lang='lat' dir='ltr'><strong>Dominus</strong></span> <span class='ocrx_word' id='word_1_327' title='bbox 1803 2435 1878 2479; x_wconf 85' lang='lat' dir='ltr'><strong>est</strong></span> 
     </span>
    </p>
   </div>
   <div class='ocr_carea' id='block_1_40' title="bbox 301 2509 1878 2586">
    <p class='ocr_par' dir='ltr' id='par_1_40' title="bbox 301 2509 1878 2586">
     <span class='ocr_line' id='line_1_40' title="bbox 301 2509 1878 2586; baseline 0.006 -24"><span class='ocrx_word' id='word_1_328' title='bbox 301 2509 449 2564; x_wconf 84' lang='lat' dir='ltr'><strong>Jesus</strong></span> <span class='ocrx_word' id='word_1_329' title='bbox 480 2513 531 2579; x_wconf 91' lang='grc' dir='ltr'><strong>(Ι</strong></span> <span class='ocrx_word' id='word_1_330' title='bbox 560 2512 683 2567; x_wconf 85' lang='lat' dir='ltr'><strong>Cor.</strong></span> <span class='ocrx_word' id='word_1_331' title='bbox 716 2531 814 2577; x_wconf 71' lang='grc' dir='ltr'>χιι,</span> <span class='ocrx_word' id='word_1_332' title='bbox 841 2515 919 2586; x_wconf 83' lang='grc'><strong>5),</strong></span> <span class='ocrx_word' id='word_1_333' title='bbox 947 2516 1083 2583; x_wconf 88' lang='lat' dir='ltr'><strong>quod</strong></span> <span class='ocrx_word' id='word_1_334' title='bbox 1118 2531 1275 2571; x_wconf 89' lang='lat' dir='ltr'><strong>nemo</strong></span> <span class='ocrx_word' id='word_1_335' title='bbox 1299 2532 1391 2583; x_wconf 89' lang='lat' dir='ltr'><strong>per</strong></span> <span class='ocrx_word' id='word_1_336' title='bbox 1420 2519 1712 2571; x_wconf 87' lang='lat' dir='ltr'><strong>naturalem</strong></span> <span class='ocrx_word' id='word_1_337' title='bbox 1736 2518 1878 2571; x_wconf 88' lang='lat' dir='ltr'><strong>arbi-</strong></span> 
     </span>
    </p>
   </div>
   <div class='ocr_carea' id='block_1_41' title="bbox 301 2605 1873 2677">
    <p class='ocr_par' dir='ltr' id='par_1_41' title="bbox 301 2605 1873 2677">
     <span class='ocr_line' id='line_1_41' title="bbox 301 2605 1873 2677; baseline 0.006 -23"><span class='ocrx_word' id='word_1_338' title='bbox 301 2605 381 2655; x_wconf 92' lang='lat' dir='ltr'><strong>trii</strong></span> <span class='ocrx_word' id='word_1_339' title='bbox 409 2605 715 2659; x_wconf 85' lang='lat' dir='ltr'><strong>libertatem</strong></span> <span class='ocrx_word' id='word_1_340' title='bbox 750 2616 928 2673; x_wconf 87' lang='lat' dir='ltr'><strong>potest</strong></span> <span class='ocrx_word' id='word_1_341' title='bbox 955 2608 1155 2674; x_wconf 84' lang='lat' dir='ltr'><strong>dicere,</strong></span> <span class='ocrx_word' id='word_1_342' title='bbox 1205 2607 1304 2661; x_wconf 91' lang='lat' dir='ltr'><strong>nisi</strong></span> <span class='ocrx_word' id='word_1_343' title='bbox 1344 2610 1395 2663; x_wconf 92' lang='lat' dir='ltr'><strong>in</strong></span> <span class='ocrx_word' id='word_1_344' title='bbox 1433 2609 1635 2677; x_wconf 88' lang='lat' dir='ltr'><strong>Spiritu</strong></span> <span class='ocrx_word' id='word_1_345' title='bbox 1667 2620 1873 2664; x_wconf 87' lang='lat' dir='ltr'><strong>sancto.</strong></span> 
     </span>
    </p>
   </div>
   <div class='ocr_carea' id='block_1_42' title="bbox 301 2697 1878 2769">
    <p class='ocr_par' dir='ltr' id='par_1_42' title="bbox 301 2697 1878 2769">
     <span class='ocr_line' id='line_1_42' title="bbox 301 2697 1878 2769; baseline 0.004 -19"><span class='ocrx_word' id='word_1_346' title='bbox 301 2697 517 2752; x_wconf 83' lang='lat' dir='ltr'><strong>Frustra</strong></span> <span class='ocrx_word' id='word_1_347' title='bbox 564 2714 691 2767; x_wconf 84' lang='lat' dir='ltr'><strong>ergo</strong></span> <span class='ocrx_word' id='word_1_348' title='bbox 734 2701 980 2768; x_wconf 86' lang='lat' dir='ltr'><strong>garriunt</strong></span> <span class='ocrx_word' id='word_1_349' title='bbox 1016 2702 1101 2769; x_wconf 88' lang='lat' dir='ltr'><strong>qtti</strong></span> <span class='ocrx_word' id='word_1_350' title='bbox 1152 2702 1374 2755; x_wconf 88' lang='lat' dir='ltr'><strong>dicunt:</strong></span> <span class='ocrx_word' id='word_1_351' title='bbox 1406 2702 1577 2755; x_wconf 83' lang='lat' dir='ltr'><strong>Meum</strong></span> <span class='ocrx_word' id='word_1_352' title='bbox 1620 2711 1702 2756; x_wconf 89' lang='lat' dir='ltr'><strong>est</strong></span> <span class='ocrx_word' id='word_1_353' title='bbox 1740 2702 1878 2757; x_wconf 84' lang='lat' dir='ltr'><strong>velle</strong></span> 
     </span>
    </p>
   </div>
   <div class='ocr_carea' id='block_1_43' title="bbox 298 2790 1874 2862">
    <p class='ocr_par' dir='ltr' id='par_1_43' title="bbox 298 2790 1874 2862">
     <span class='ocr_line' id='line_1_43' title="bbox 298 2790 1874 2862; baseline 0.003 -18"><span class='ocrx_word' id='word_1_354' title='bbox 298 2791 542 2855; x_wconf 72' lang='lat' dir='ltr'><strong>credere,</strong></span> <span class='ocrx_word' id='word_1_355' title='bbox 574 2790 668 2844; x_wconf 86' lang='lat' dir='ltr'><strong>Dei</strong></span> <span class='ocrx_word' id='word_1_356' title='bbox 699 2802 879 2846; x_wconf 89' lang='lat' dir='ltr'><strong>autem</strong></span> <span class='ocrx_word' id='word_1_357' title='bbox 911 2795 1096 2862; x_wconf 82' lang='lat' dir='ltr'><strong>gratiae</strong></span> <span class='ocrx_word' id='word_1_358' title='bbox 1125 2791 1215 2847; x_wconf 85' lang='lat' dir='ltr'><strong>est</strong></span> <span class='ocrx_word' id='word_1_359' title='bbox 1239 2793 1525 2861; x_wconf 87' lang='lat' dir='ltr'><strong>adjuvare;</strong></span> <span class='ocrx_word' id='word_1_360' title='bbox 1557 2808 1676 2847; x_wconf 90' lang='lat' dir='ltr'><strong>cum</strong></span> <span class='ocrx_word' id='word_1_361' title='bbox 1713 2794 1874 2848; x_wconf 89' lang='lat' dir='ltr'><strong>etiam</strong></span> 
     </span>
    </p>
   </div>
   <div class='ocr_carea' id='block_1_44' title="bbox 297 2882 1875 2953">
    <p class='ocr_par' dir='ltr' id='par_1_44' title="bbox 297 2882 1875 2953">
     <span class='ocr_line' id='line_1_44' title="bbox 297 2882 1875 2953; baseline 0.003 -20"><span class='ocrx_word' id='word_1_362' title='bbox 297 2882 467 2949; x_wconf 85' lang='lat' dir='ltr'><strong>ipsum</strong></span> <span class='ocrx_word' id='word_1_363' title='bbox 495 2884 725 2947; x_wconf 86' lang='lat' dir='ltr'><strong>credere,</strong></span> <span class='ocrx_word' id='word_1_364' title='bbox 758 2884 900 2952; x_wconf 83' lang='lat' dir='ltr'><strong>quod</strong></span> <span class='ocrx_word' id='word_1_365' title='bbox 934 2894 1012 2938; x_wconf 89' lang='lat' dir='ltr'><strong>est</strong></span> <span class='ocrx_word' id='word_1_366' title='bbox 1034 2899 1353 2939; x_wconf 86' lang='lat' dir='ltr'><strong>consensum</strong></span> <span class='ocrx_word' id='word_1_367' title='bbox 1385 2884 1875 2953; x_wconf 71' lang='lat' dir='ltr'><strong>przcbere&#39;vcritati,</strong></span> 
     </span>
    </p>
   </div>
   <div class='ocr_carea' id='block_1_45' title="bbox 296 2974 1876 3047">
    <p class='ocr_par' dir='ltr' id='par_1_45' title="bbox 296 2974 1876 3047">
     <span class='ocr_line' id='line_1_45' title="bbox 296 2974 1876 3047; baseline 0.004 -22"><span class='ocrx_word' id='word_1_368' title='bbox 296 2974 447 3027; x_wconf 80' lang='lat' dir='ltr'><strong>nobis</strong></span> <span class='ocrx_word' id='word_1_369' title='bbox 478 2990 508 3027; x_wconf 90' lang='lat' dir='ltr'><strong>a</strong></span> <span class='ocrx_word' id='word_1_370' title='bbox 542 2976 655 3030; x_wconf 92' lang='lat' dir='ltr'><strong>Deo</strong></span> <span class='ocrx_word' id='word_1_371' title='bbox 694 2977 809 3030; x_wconf 91' lang='lat' dir='ltr'><strong>dari</strong></span> <span class='ocrx_word' id='word_1_372' title='bbox 856 2987 1083 3031; x_wconf 88' lang='lat' dir='ltr'><strong>testetur</strong></span> <span class='ocrx_word' id='word_1_373' title='bbox 1128 2978 1418 3047; x_wconf 87' lang='lat' dir='ltr'><strong>Apostolus</strong></span> <span class='ocrx_word' id='word_1_374' title='bbox 1458 2979 1683 3032; x_wconf 88' lang='lat' dir='ltr'><strong>dicens:</strong></span> <span class='ocrx_word' id='word_1_375' title='bbox 1724 2977 1876 3031; x_wconf 82' lang='lat' dir='ltr'><strong>Vobis</strong></span> 
     </span>
    </p>
   </div>
   <div class='ocr_carea' id='block_1_46' title="bbox 297 3068 1871 3135">
    <p class='ocr_par' dir='ltr' id='par_1_46' title="bbox 297 3068 1871 3135">
     <span class='ocr_line' id='line_1_46' title="bbox 297 3068 1871 3135; baseline 0.004 -16"><span class='ocrx_word' id='word_1_376' title='bbox 297 3069 430 3120; x_wconf 79' lang='lat' dir='ltr'><strong>enim</strong></span> <span class='ocrx_word' id='word_1_377' title='bbox 458 3071 641 3121; x_wconf 87' lang='lat' dir='ltr'><strong>datum</strong></span> <span class='ocrx_word' id='word_1_378' title='bbox 662 3080 735 3123; x_wconf 90' lang='lat' dir='ltr'><strong>est</strong></span> <span class='ocrx_word' id='word_1_379' title='bbox 765 3086 795 3121; x_wconf 92' lang='lat' dir='ltr'><strong>a</strong></span> <span class='ocrx_word' id='word_1_380' title='bbox 824 3068 1043 3135; x_wconf 84' lang='lat' dir='ltr'><strong>Christo,</strong></span> <span class='ocrx_word' id='word_1_381' title='bbox 1074 3087 1175 3125; x_wconf 90' lang='lat' dir='ltr'><strong>non</strong></span> <span class='ocrx_word' id='word_1_382' title='bbox 1200 3072 1369 3125; x_wconf 88' lang='lat' dir='ltr'><strong>solum</strong></span> <span class='ocrx_word' id='word_1_383' title='bbox 1398 3082 1452 3124; x_wconf 86' lang='lat' dir='ltr'><strong>ut</strong></span> <span class='ocrx_word' id='word_1_384' title='bbox 1474 3073 1526 3125; x_wconf 85' lang='lat' dir='ltr'><strong>in</strong></span> <span class='ocrx_word' id='word_1_385' title='bbox 1556 3090 1667 3124; x_wconf 88' lang='lat' dir='ltr'><strong>eum</strong></span> <span class='ocrx_word' id='word_1_386' title='bbox 1698 3075 1871 3125; x_wconf 80' lang='lat' dir='ltr'><strong>creda-</strong></span> 
     </span>
    </p>
   </div>
   <div class='ocr_carea' id='block_1_47' title="bbox 299 3135 1947 3232">
    <p class='ocr_par' dir='ltr' id='par_1_47' title="bbox 299 3135 1947 3232">
     <span class='ocr_line' id='line_1_47' title="bbox 299 3135 1947 3232; baseline 0.005 -23"><span class='ocrx_word' id='word_1_387' title='bbox 299 3158 383 3223; x_wconf 86' lang='lat' dir='ltr'><strong>tis,</strong></span> <span class='ocrx_word' id='word_1_388' title='bbox 413 3173 589 3212; x_wconf 73' lang='lat' dir='ltr'><strong>serum</strong></span> <span class='ocrx_word' id='word_1_389' title='bbox 627 3161 781 3213; x_wconf 87' lang='lat' dir='ltr'><strong>etiam</strong></span> <span class='ocrx_word' id='word_1_390' title='bbox 810 3172 863 3213; x_wconf 87' lang='lat' dir='ltr'><strong>ut</strong></span> <span class='ocrx_word' id='word_1_391' title='bbox 891 3178 985 3229; x_wconf 88' lang='lat' dir='ltr'><strong>pro</strong></span> <span class='ocrx_word' id='word_1_392' title='bbox 1012 3160 1101 3215; x_wconf 89' lang='lat' dir='ltr'><strong>illo</strong></span> <span class='ocrx_word' id='word_1_393' title='bbox 1137 3163 1407 3231; x_wconf 81' lang='lat' dir='ltr'><strong>patiamini</strong></span> <span class='ocrx_word' id='word_1_394' title='bbox 1442 3160 1663 3232; x_wconf 80' lang='lat' dir='ltr'><strong>(Philip.</strong></span> <span class='ocrx_word' id='word_1_395' title='bbox 1694 3178 1732 3227; x_wconf 89' lang='grc' dir='ltr'>ι,</span> <span class='ocrx_word' id='word_1_396' title='bbox 1755 3161 1869 3231; x_wconf 72' lang='grc'><strong>29).</strong></span> <span class='ocrx_word' id='word_1_397' title='bbox 1902 3135 1947 3195; x_wconf 75' lang='lat' dir='ltr'><strong>C</strong></span> 
     </span>
    </p>
   </div>
   <div class='ocr_carea' id='block_1_48' title="bbox 900 3293 1266 3348">
    <p class='ocr_par' dir='ltr' id='par_1_48' title="bbox 900 3293 1266 3348">
     <span class='ocr_line' id='line_1_48' title="bbox 900 3293 1266 3348; baseline -0.005 -1"><span class='ocrx_word' id='word_1_398' title='bbox 900 3293 1125 3348; x_wconf 78' lang='lat' dir='ltr'><strong>CAPUT</strong></span> <span class='ocrx_word' id='word_1_399' title='bbox 1157 3293 1266 3347; x_wconf 80' lang='lat' dir='ltr'><strong>VII.</strong></span> 
     </span>
    </p>
   </div>
   <div class='ocr_carea' id='block_1_49' title="bbox 297 3380 1876 3457">
    <p class='ocr_par' dir='ltr' id='par_1_49' title="bbox 297 3380 1876 3457">
     <span class='ocr_line' id='line_1_49' title="bbox 297 3380 1876 3457; baseline 0.003 -23"><span class='ocrx_word' id='word_1_400' title='bbox 297 3380 435 3436; x_wconf 83' lang='lat' dir='ltr'><strong>Deus</strong></span> <span class='ocrx_word' id='word_1_401' title='bbox 454 3384 584 3437; x_wconf 86' lang='lat' dir='ltr'><strong>alios</strong></span> <span class='ocrx_word' id='word_1_402' title='bbox 608 3384 728 3453; x_wconf 77' lang='lat' dir='ltr'><strong>facit</strong></span> <span class='ocrx_word' id='word_1_403' title='bbox 758 3387 961 3457; x_wconf 84' lang='lat' dir='ltr'><strong>credere</strong></span> <span class='ocrx_word' id='word_1_404' title='bbox 985 3401 1078 3437; x_wconf 88' lang='lat' dir='ltr'><strong>sua</strong></span> <span class='ocrx_word' id='word_1_405' title='bbox 1099 3386 1339 3457; x_wconf 84' lang='lat' dir='ltr'><strong>bonitate.</strong></span> <span class='ocrx_word' id='word_1_406' title='bbox 1372 3384 1501 3438; x_wconf 89' lang='lat' dir='ltr'><strong>alios</strong></span> <span class='ocrx_word' id='word_1_407' title='bbox 1530 3384 1715 3439; x_wconf 84' lang='lat' dir='ltr'><strong>deserit</strong></span> <span class='ocrx_word' id='word_1_408' title='bbox 1728 3388 1876 3457; x_wconf 80' lang='lat' dir='ltr'><strong>justo</strong></span> 
     </span>
    </p>
   </div>
   <div class='ocr_carea' id='block_1_50' title="bbox 791 3456 1385 3525">
    <p class='ocr_par' dir='ltr' id='par_1_50' title="bbox 791 3456 1385 3525">
     <span class='ocr_line' id='line_1_50' title="bbox 791 3456 1385 3525; baseline 0.003 -17"><span class='ocrx_word' id='word_1_409' title='bbox 791 3456 1016 3525; x_wconf 76' lang='lat' dir='ltr'><strong>judicio,</strong></span> <span class='ocrx_word' id='word_1_410' title='bbox 1046 3457 1134 3509; x_wconf 87' lang='lat' dir='ltr'><strong>sed</strong></span> <span class='ocrx_word' id='word_1_411' title='bbox 1164 3456 1385 3510; x_wconf 87' lang='lat' dir='ltr'><strong>occulto.</strong></span> 
     </span>
    </p>
   </div>
   <div class='ocr_carea' id='block_1_51' title="bbox 362 3566 1872 3633">
    <p class='ocr_par' dir='ltr' id='par_1_51' title="bbox 362 3566 1872 3633">
     <span class='ocr_line' id='line_1_51' title="bbox 362 3566 1872 3633; baseline 0.001 -13"><span class='ocrx_word' id='word_1_412' title='bbox 362 3566 469 3620; x_wconf 89' lang='lat' dir='ltr'><strong>Sed</strong></span> <span class='ocrx_word' id='word_1_413' title='bbox 494 3566 701 3633; x_wconf 89' lang='lat' dir='ltr'><strong>dicunt,</strong></span> <span class='ocrx_word' id='word_1_414' title='bbox 717 3568 763 3621; x_wconf 92' lang='lat' dir='ltr'><strong>si</strong></span> <span class='ocrx_word' id='word_1_415' title='bbox 782 3567 1025 3621; x_wconf 83' lang='lat' dir='ltr'><strong>nolentes</strong></span> <span class='ocrx_word' id='word_1_416' title='bbox 1042 3567 1184 3622; x_wconf 88' lang='lat' dir='ltr'><strong>Deus</strong></span> <span class='ocrx_word' id='word_1_417' title='bbox 1206 3568 1330 3621; x_wconf 81' lang='lat' dir='ltr'><strong>facit</strong></span> <span class='ocrx_word' id='word_1_418' title='bbox 1356 3577 1413 3621; x_wconf 92' lang='lat' dir='ltr'><strong>ut</strong></span> <span class='ocrx_word' id='word_1_419' title='bbox 1440 3566 1604 3621; x_wconf 92' lang='lat' dir='ltr'><strong>velint</strong></span> <span class='ocrx_word' id='word_1_420' title='bbox 1626 3567 1872 3633; x_wconf 89' lang='lat' dir='ltr'><strong>credere,</strong></span> 
     </span>
    </p>
   </div>
   <div class='ocr_carea' id='block_1_52' title="bbox 294 3660 1876 3729">
    <p class='ocr_par' dir='ltr' id='par_1_52' title="bbox 294 3660 1876 3729">
     <span class='ocr_line' id='line_1_52' title="bbox 294 3660 1876 3729; baseline 0 -16"><span class='ocrx_word' id='word_1_421' title='bbox 294 3660 471 3713; x_wconf 86' lang='lat' dir='ltr'><strong>nullus</strong></span> <span class='ocrx_word' id='word_1_422' title='bbox 500 3670 680 3714; x_wconf 91' lang='lat' dir='ltr'><strong>autem</strong></span> <span class='ocrx_word' id='word_1_423' title='bbox 713 3670 797 3714; x_wconf 89' lang='lat' dir='ltr'><strong>est</strong></span> <span class='ocrx_word' id='word_1_424' title='bbox 831 3661 919 3726; x_wconf 85' lang='lat' dir='ltr'><strong>qui</strong></span> <span class='ocrx_word' id='word_1_425' title='bbox 952 3661 1266 3714; x_wconf 87' lang='lat' dir='ltr'><strong>naturaliter</strong></span> <span class='ocrx_word' id='word_1_426' title='bbox 1300 3660 1380 3729; x_wconf 89' lang='grc' dir='ltr'>(ιιι</span> <span class='ocrx_word' id='word_1_427' title='bbox 1409 3660 1607 3726; x_wconf 85' lang='lat' dir='ltr'><strong>dicitis)</strong></span> <span class='ocrx_word' id='word_1_428' title='bbox 1640 3660 1667 3696; x_wconf 77' lang='grc' dir='ltr'>ι)</span> <span class='ocrx_word' id='word_1_429' title='bbox 1703 3660 1876 3726; x_wconf 76' lang='lat' dir='ltr'><strong>poSsit</strong></span> 
     </span>
    </p>
   </div>
   <div class='ocr_carea' id='block_1_53' title="bbox 295 3750 1878 3820">
    <p class='ocr_par' dir='ltr' id='par_1_53' title="bbox 295 3750 1878 3820">
     <span class='ocr_line' id='line_1_53' title="bbox 295 3750 1878 3820; baseline -0.001 -16"><span class='ocrx_word' id='word_1_430' title='bbox 295 3750 544 3814; x_wconf 88' lang='lat' dir='ltr'><strong>credere,</strong></span> <span class='ocrx_word' id='word_1_431' title='bbox 576 3759 671 3805; x_wconf 86' lang='lat' dir='ltr'><strong>aut</strong></span> <span class='ocrx_word' id='word_1_432' title='bbox 701 3750 901 3820; x_wconf 88' lang='lat' dir='ltr'><strong>aliquid</strong></span> <span class='ocrx_word' id='word_1_433' title='bbox 930 3751 1055 3806; x_wconf 89' lang='lat' dir='ltr'><strong>boni</strong></span> <span class='ocrx_word' id='word_1_434' title='bbox 1088 3751 1231 3805; x_wconf 86' lang='lat' dir='ltr'><strong>velle</strong></span> <span class='ocrx_word' id='word_1_435' title='bbox 1260 3750 1402 3820; x_wconf 88' lang='lat' dir='ltr'><strong>quod</strong></span> <span class='ocrx_word' id='word_1_436' title='bbox 1440 3753 1669 3819; x_wconf 88' lang='lat' dir='ltr'><strong>pertinet</strong></span> <span class='ocrx_word' id='word_1_437' title='bbox 1697 3752 1761 3802; x_wconf 89' lang='lat' dir='ltr'><strong>ad</strong></span> <span class='ocrx_word' id='word_1_438' title='bbox 1795 3752 1878 3802; x_wconf 86' lang='lat' dir='ltr'><strong>vi-</strong></span> 
     </span>
    </p>
   </div>
   <div class='ocr_carea' id='block_1_54' title="bbox 296 3844 1872 3914">
    <p class='ocr_par' dir='ltr' id='par_1_54' title="bbox 296 3844 1872 3914">
     <span class='ocr_line' id='line_1_54' title="bbox 296 3844 1872 3914; baseline -0.001 -17"><span class='ocrx_word' id='word_1_439' title='bbox 296 3853 404 3897; x_wconf 85' lang='lat' dir='ltr'><strong>tam</strong></span> <span class='ocrx_word' id='word_1_440' title='bbox 434 3852 732 3908; x_wconf 71' lang='lat' dir='ltr'><strong>teternam;</strong></span> <span class='ocrx_word' id='word_1_441' title='bbox 763 3860 859 3898; x_wconf 91' lang='lat' dir='ltr'><strong>cur</strong></span> <span class='ocrx_word' id='word_1_442' title='bbox 882 3859 1010 3914; x_wconf 86' lang='lat' dir='ltr'><strong>ergo</strong></span> <span class='ocrx_word' id='word_1_443' title='bbox 1042 3859 1145 3899; x_wconf 91' lang='lat' dir='ltr'><strong>non</strong></span> <span class='ocrx_word' id='word_1_444' title='bbox 1178 3844 1307 3899; x_wconf 82' lang='lat' dir='ltr'><strong>facit</strong></span> <span class='ocrx_word' id='word_1_445' title='bbox 1327 3860 1515 3899; x_wconf 89' lang='lat' dir='ltr'><strong>omnes</strong></span> <span class='ocrx_word' id='word_1_446' title='bbox 1550 3844 1727 3898; x_wconf 85' lang='lat' dir='ltr'><strong>velle?</strong></span> <span class='ocrx_word' id='word_1_447' title='bbox 1753 3859 1872 3897; x_wconf 86' lang='lat' dir='ltr'><strong>cum</strong></span> 
     </span>
    </p>
   </div>
   <div class='ocr_carea' id='block_1_55' title="bbox 293 3933 1872 4003">
    <p class='ocr_par' dir='ltr' id='par_1_55' title="bbox 293 3933 1872 4003">
     <span class='ocr_line' id='line_1_55' title="bbox 293 3933 1872 4003; baseline -0.001 -16"><span class='ocrx_word' id='word_1_448' title='bbox 293 3947 398 3987; x_wconf 89' lang='lat' dir='ltr'><strong>non</strong></span> <span class='ocrx_word' id='word_1_449' title='bbox 423 3933 496 3986; x_wconf 87' lang='lat' dir='ltr'><strong>sit</strong></span> <span class='ocrx_word' id='word_1_450' title='bbox 526 3948 882 4001; x_wconf 90' lang='lat' dir='ltr'><strong>personarum</strong></span> <span class='ocrx_word' id='word_1_451' title='bbox 909 3936 1151 4003; x_wconf 88' lang='lat' dir='ltr'><strong>acceptio</strong></span> <span class='ocrx_word' id='word_1_452' title='bbox 1179 3935 1319 4003; x_wconf 84' lang='lat' dir='ltr'><strong>apud</strong></span> <span class='ocrx_word' id='word_1_453' title='bbox 1352 3934 1872 4003; x_wconf 79' lang='lat' dir='ltr'><strong>Deum,.pracsertim</strong></span> 
     </span>
    </p>
   </div>
   <div class='ocr_carea' id='block_1_56' title="bbox 295 4027 1873 4094">
    <p class='ocr_par' dir='ltr' id='par_1_56' title="bbox 295 4027 1873 4094">
     <span class='ocr_line' id='line_1_56' title="bbox 295 4027 1873 4094; baseline 0 -13"><span class='ocrx_word' id='word_1_454' title='bbox 295 4043 416 4081; x_wconf 88' lang='lat' dir='ltr'><strong>cum</strong></span> <span class='ocrx_word' id='word_1_455' title='bbox 446 4028 516 4081; x_wconf 90' lang='lat' dir='ltr'><strong>de</strong></span> <span class='ocrx_word' id='word_1_456' title='bbox 549 4027 668 4094; x_wconf 91' lang='lat' dir='ltr'><strong>ipso</strong></span> <span class='ocrx_word' id='word_1_457' title='bbox 695 4029 956 4093; x_wconf 88' lang='lat' dir='ltr'><strong>scriptum</strong></span> <span class='ocrx_word' id='word_1_458' title='bbox 988 4029 1098 4083; x_wconf 87' lang='lat' dir='ltr'><strong>sit:</strong></span> <span class='ocrx_word' id='word_1_459' title='bbox 1132 4029 1232 4093; x_wconf 83' lang='lat' dir='ltr'><strong>Qui</strong></span> <span class='ocrx_word' id='word_1_460' title='bbox 1286 4032 1389 4082; x_wconf 85' lang='lat' dir='ltr'><strong>vult</strong></span> <span class='ocrx_word' id='word_1_461' title='bbox 1435 4045 1607 4081; x_wconf 88' lang='lat' dir='ltr'><strong>omnes</strong></span> <span class='ocrx_word' id='word_1_462' title='bbox 1650 4029 1873 4081; x_wconf 84' lang='lat' dir='ltr'><strong>homines</strong></span> 
     </span>
    </p>
   </div>
   <div class='ocr_carea' id='block_1_57' title="bbox 291 4115 1870 4188">
    <p class='ocr_par' dir='ltr' id='par_1_57' title="bbox 291 4115 1870 4188">
     <span class='ocr_line' id='line_1_57' title="bbox 291 4115 1870 4188; baseline 0.001 -19"><span class='ocrx_word' id='word_1_463' title='bbox 291 4119 457 4170; x_wconf 71' lang='lat' dir='ltr'><strong>salvos</strong></span> <span class='ocrx_word' id='word_1_464' title='bbox 490 4118 628 4185; x_wconf 80' lang='lat' dir='ltr'><strong>ﬁeri,</strong></span> <span class='ocrx_word' id='word_1_465' title='bbox 670 4128 716 4170; x_wconf 90' lang='lat' dir='ltr'><strong>et</strong></span> <span class='ocrx_word' id='word_1_466' title='bbox 746 4119 813 4170; x_wconf 90' lang='lat' dir='ltr'><strong>ad</strong></span> <span class='ocrx_word' id='word_1_467' title='bbox 840 4119 1156 4188; x_wconf 80' lang='lat' dir='ltr'><strong>agnitionem</strong></span> <span class='ocrx_word' id='word_1_468' title='bbox 1186 4118 1409 4171; x_wconf 85' lang='lat' dir='ltr'><strong>veritatis</strong></span> <span class='ocrx_word' id='word_1_469' title='bbox 1452 4118 1619 4170; x_wconf 81' lang='lat' dir='ltr'><strong>venire</strong></span> <span class='ocrx_word' id='word_1_470' title='bbox 1652 4115 1703 4187; x_wconf 88' lang='lat' dir='ltr'><strong>(I</strong></span> <span class='ocrx_word' id='word_1_471' title='bbox 1732 4116 1870 4171; x_wconf 86' lang='lat' dir='ltr'><strong>Tim.</strong></span> 
     </span>
    </p>
   </div>
   <div class='ocr_carea' id='block_1_58' title="bbox 293 4208 1873 4280">
    <p class='ocr_par' dir='ltr' id='par_1_58' title="bbox 293 4208 1873 4280">
     <span class='ocr_line' id='line_1_58' title="bbox 293 4208 1873 4280; baseline 0.002 -19"><span class='ocrx_word' id='word_1_472' title='bbox 293 4223 353 4273; x_wconf 85' lang='lat' dir='ltr'><strong>ll,</strong></span> <span class='ocrx_word' id='word_1_473' title='bbox 384 4208 463 4275; x_wconf 69' lang='lat'><strong>4).</strong></span> <span class='ocrx_word' id='word_1_474' title='bbox 499 4210 607 4262; x_wconf 86' lang='lat' dir='ltr'><strong>Aut</strong></span> <span class='ocrx_word' id='word_1_475' title='bbox 650 4210 793 4263; x_wconf 89' lang='lat' dir='ltr'><strong>enim</strong></span> <span class='ocrx_word' id='word_1_476' title='bbox 834 4213 965 4277; x_wconf 84' lang='lat' dir='ltr'><strong>vult,</strong></span> <span class='ocrx_word' id='word_1_477' title='bbox 1010 4220 1065 4265; x_wconf 90' lang='lat' dir='ltr'><strong>et</strong></span> <span class='ocrx_word' id='word_1_478' title='bbox 1114 4225 1217 4265; x_wconf 86' lang='lat' dir='ltr'><strong>non</strong></span> <span class='ocrx_word' id='word_1_479' title='bbox 1250 4219 1449 4280; x_wconf 87' lang='lat' dir='ltr'><strong>potest,</strong></span> <span class='ocrx_word' id='word_1_480' title='bbox 1483 4220 1575 4263; x_wconf 88' lang='lat' dir='ltr'><strong>aut</strong></span> <span class='ocrx_word' id='word_1_481' title='bbox 1617 4211 1873 4264; x_wconf 88' lang='lat' dir='ltr'><strong>mentitur</strong></span> 
     </span>
    </p>
   </div>
   <div class='ocr_carea' id='block_1_59' title="bbox 292 4298 1872 4372">
    <p class='ocr_par' dir='ltr' id='par_1_59' title="bbox 292 4298 1872 4372">
     <span class='ocr_line' id='line_1_59' title="bbox 292 4298 1872 4372; baseline 0.002 -19"><span class='ocrx_word' id='word_1_482' title='bbox 292 4298 573 4367; x_wconf 85' lang='lat' dir='ltr'><strong>Scriptura</strong></span> <span class='ocrx_word' id='word_1_483' title='bbox 622 4301 823 4355; x_wconf 82' lang='lat' dir='ltr'><strong>divina.</strong></span> <span class='ocrx_word' id='word_1_484' title='bbox 854 4302 1003 4369; x_wconf 85' lang='lat' dir='ltr'><strong>Quod</strong></span> <span class='ocrx_word' id='word_1_485' title='bbox 1048 4304 1092 4357; x_wconf 89' lang='lat' dir='ltr'><strong>si</strong></span> <span class='ocrx_word' id='word_1_486' title='bbox 1132 4303 1322 4357; x_wconf 88' lang='lat' dir='ltr'><strong>horum</strong></span> <span class='ocrx_word' id='word_1_487' title='bbox 1365 4303 1645 4372; x_wconf 89' lang='lat' dir='ltr'><strong>quodlibet</strong></span> <span class='ocrx_word' id='word_1_488' title='bbox 1670 4303 1872 4357; x_wconf 88' lang='lat' dir='ltr'><strong>sentire</strong></span> 
     </span>
    </p>
   </div>
   <div class='ocr_carea' id='block_1_60' title="bbox 291 4394 1866 4461">
    <p class='ocr_par' dir='ltr' id='par_1_60' title="bbox 291 4394 1866 4461">
     <span class='ocr_line' id='line_1_60' title="bbox 291 4394 1866 4461; baseline 0.002 -16"><span class='ocrx_word' id='word_1_489' title='bbox 291 4402 372 4446; x_wconf 85' lang='lat' dir='ltr'><strong>est</strong></span> <span class='ocrx_word' id='word_1_490' title='bbox 418 4394 668 4461; x_wconf 88' lang='lat' dir='ltr'><strong>impium,</strong></span> <span class='ocrx_word' id='word_1_491' title='bbox 718 4404 883 4448; x_wconf 89' lang='lat' dir='ltr'><strong>restat</strong></span> <span class='ocrx_word' id='word_1_492' title='bbox 932 4405 985 4448; x_wconf 91' lang='lat' dir='ltr'><strong>ut</strong></span> <span class='ocrx_word' id='word_1_493' title='bbox 1040 4411 1143 4450; x_wconf 91' lang='lat' dir='ltr'><strong>non</strong></span> <span class='ocrx_word' id='word_1_494' title='bbox 1176 4396 1267 4451; x_wconf 91' lang='lat' dir='ltr'><strong>ille</strong></span> <span class='ocrx_word' id='word_1_495' title='bbox 1308 4398 1499 4449; x_wconf 79' lang='lat' dir='ltr'><strong>excitet</strong></span> <span class='ocrx_word' id='word_1_496' title='bbox 1534 4396 1866 4448; x_wconf 85' lang='lat' dir='ltr'><strong>voluntatem</strong></span> 
     </span>
    </p>
   </div>
   <div class='ocr_carea' id='block_1_61' title="bbox 1982 1854 3556 1928">
    <p class='ocr_par' dir='ltr' id='par_1_61' title="bbox 1982 1854 3556 1928">
     <span class='ocr_line' id='line_1_61' title="bbox 1982 1854 3556 1928; baseline 0.011 -26"><span class='ocrx_word' id='word_1_497' title='bbox 1982 1854 2339 1907; x_wconf 84' lang='lat' dir='ltr'><strong>contumeliam</strong></span> <span class='ocrx_word' id='word_1_498' title='bbox 2383 1856 2557 1925; x_wconf 77' lang='lat' dir='ltr'><strong>(Rom.</strong></span> <span class='ocrx_word' id='word_1_499' title='bbox 2592 1874 2665 1922; x_wconf 76' lang='lat' dir='ltr'><strong>tx,</strong></span> <span class='ocrx_word' id='word_1_500' title='bbox 2702 1858 2833 1928; x_wconf 70' lang='lat'><strong>2|):</strong></span> <span class='ocrx_word' id='word_1_501' title='bbox 2870 1869 2924 1913; x_wconf 92' lang='lat' dir='ltr'><strong>et</strong></span> <span class='ocrx_word' id='word_1_502' title='bbox 2961 1862 3191 1915; x_wconf 87' lang='lat' dir='ltr'><strong>clament</strong></span> <span class='ocrx_word' id='word_1_503' title='bbox 3229 1880 3334 1917; x_wconf 85' lang='lat' dir='ltr'><strong>una</strong></span> <span class='ocrx_word' id='word_1_504' title='bbox 3376 1866 3556 1918; x_wconf 85' lang='lat' dir='ltr'><strong>nobis-</strong></span> 
     </span>
    </p>
   </div>
   <div class='ocr_carea' id='block_1_62' title="bbox 1981 1945 3557 2017">
    <p class='ocr_par' dir='ltr' id='par_1_62' title="bbox 1981 1945 3557 2017">
     <span class='ocr_line' id='line_1_62' title="bbox 1981 1945 3557 2017; baseline 0.009 -25"><span class='ocrx_word' id='word_1_505' title='bbox 1981 1954 2139 2007; x_wconf 74' lang='lat' dir='ltr'><strong>cum,</strong></span> <span class='ocrx_word' id='word_1_506' title='bbox 2192 1945 2297 1999; x_wconf 83' lang='lat' dir='ltr'><strong>into</strong></span> <span class='ocrx_word' id='word_1_507' title='bbox 2336 1947 2484 2013; x_wconf 81' lang='lat' dir='ltr'><strong>juxta</strong></span> <span class='ocrx_word' id='word_1_508' title='bbox 2526 1950 2876 2017; x_wconf 84' lang='lat' dir='ltr'><strong>Apostolum:</strong></span> <span class='ocrx_word' id='word_1_509' title='bbox 2911 1952 2954 2001; x_wconf 80' lang='grc' dir='ltr'><em>Ο</em></span> <span class='ocrx_word' id='word_1_510' title='bbox 2994 1954 3214 2004; x_wconf 86' lang='lat' dir='ltr'><strong>a&#39;tituda</strong></span> <span class='ocrx_word' id='word_1_511' title='bbox 3270 1954 3557 2006; x_wconf 82' lang='lat' dir='ltr'><strong>divitiarum</strong></span> 
     </span>
    </p>
   </div>
   <div class='ocr_carea' id='block_1_63' title="bbox 1984 2032 3557 2112">
    <p class='ocr_par' dir='ltr' id='par_1_63' title="bbox 1984 2032 3557 2112">
     <span class='ocr_line' id='line_1_63' title="bbox 1984 2032 3557 2112; baseline 0.009 -31"><span class='ocrx_word' id='word_1_512' title='bbox 1984 2032 2246 2097; x_wconf 69' lang='lat' dir='ltr'><strong>sapientia:</strong></span> <span class='ocrx_word' id='word_1_513' title='bbox 2262 2046 2307 2086; x_wconf 91' lang='lat' dir='ltr'><strong>et</strong></span> <span class='ocrx_word' id='word_1_514' title='bbox 2333 2037 2559 2089; x_wconf 75' lang='lat' dir='ltr'><strong>scientia:</strong></span> <span class='ocrx_word' id='word_1_515' title='bbox 2580 2036 2675 2090; x_wconf 87' lang='lat' dir='ltr'><strong>Dei</strong></span> <span class='ocrx_word' id='word_1_516' title='bbox 2695 2038 2714 2089; x_wconf 85' lang='lat'><strong>.&#39;</strong></span> <span class='ocrx_word' id='word_1_517' title='bbox 2747 2038 2911 2102; x_wconf 86' lang='lat' dir='ltr'><strong>Quam</strong></span> <span class='ocrx_word' id='word_1_518' title='bbox 2962 2041 3311 2093; x_wconf 88' lang='lat' dir='ltr'><strong>inscrutabilia</strong></span> <span class='ocrx_word' id='word_1_519' title='bbox 3339 2053 3454 2095; x_wconf 86' lang='lat' dir='ltr'><strong>sunt</strong></span> <span class='ocrx_word' id='word_1_520' title='bbox 3467 2047 3557 2112; x_wconf 87' lang='lat' dir='ltr'><strong>ju-</strong></span> 
     </span>
    </p>
   </div>
   <div class='ocr_carea' id='block_1_64' title="bbox 1980 2120 3554 2202">
    <p class='ocr_par' dir='ltr' id='par_1_64' title="bbox 1980 2120 3554 2202">
     <span class='ocr_line' id='line_1_64' title="bbox 1980 2120 3554 2202; baseline 0.008 -32"><span class='ocrx_word' id='word_1_521' title='bbox 1980 2120 2114 2173; x_wconf 70' lang='lat' dir='ltr'><strong>dicia</strong></span> <span class='ocrx_word' id='word_1_522' title='bbox 2142 2126 2274 2192; x_wconf 85' lang='lat' dir='ltr'><strong>ejus,</strong></span> <span class='ocrx_word' id='word_1_523' title='bbox 2291 2133 2335 2177; x_wconf 90' lang='lat' dir='ltr'><strong>et</strong></span> <span class='ocrx_word' id='word_1_524' title='bbox 2360 2125 2727 2195; x_wconf 77' lang='lat' dir='ltr'><strong>investigabiles</strong></span> <span class='ocrx_word' id='word_1_525' title='bbox 2758 2128 2851 2179; x_wconf 78' lang='lat' dir='ltr'><strong>vite</strong></span> <span class='ocrx_word' id='word_1_526' title='bbox 2875 2129 3018 2197; x_wconf 85' lang='lat' dir='ltr'><strong>ejus!</strong></span> <span class='ocrx_word' id='word_1_527' title='bbox 3049 2129 3175 2192; x_wconf 81' lang='lat' dir='ltr'><strong>Quis</strong></span> <span class='ocrx_word' id='word_1_528' title='bbox 3199 2132 3332 2183; x_wconf 88' lang='lat' dir='ltr'><strong>enim</strong></span> <span class='ocrx_word' id='word_1_529' title='bbox 3365 2147 3554 2202; x_wconf 84' lang='lat' dir='ltr'><strong>cogno-</strong></span> 
     </span>
    </p>
   </div>
   <div class='ocr_carea' id='block_1_65' title="bbox 1979 2214 3557 2290">
    <p class='ocr_par' dir='ltr' id='par_1_65' title="bbox 1979 2214 3557 2290">
     <span class='ocr_line' id='line_1_65' title="bbox 1979 2214 3557 2290; baseline 0.006 -26"><span class='ocrx_word' id='word_1_530' title='bbox 1979 2214 2047 2265; x_wconf 80' lang='lat' dir='ltr'><strong>vit</strong></span> <span class='ocrx_word' id='word_1_531' title='bbox 2076 2232 2281 2269; x_wconf 85' lang='lat' dir='ltr'><strong>sensum</strong></span> <span class='ocrx_word' id='word_1_532' title='bbox 2326 2215 2574 2272; x_wconf 85' lang='lat' dir='ltr'><strong>Domini?</strong></span> <span class='ocrx_word' id='word_1_533' title='bbox 2604 2227 2689 2270; x_wconf 90' lang='lat' dir='ltr'><strong>aut</strong></span> <span class='ocrx_word' id='word_1_534' title='bbox 2716 2218 2799 2287; x_wconf 85' lang='lat' dir='ltr'><strong>qui</strong></span> <span class='ocrx_word' id='word_1_535' title='bbox 2821 2220 3145 2273; x_wconf 76' lang='lat' dir='ltr'><strong>consiliarius</strong></span> <span class='ocrx_word' id='word_1_536' title='bbox 3174 2224 3284 2290; x_wconf 86' lang='lat' dir='ltr'><strong>ejus</strong></span> <span class='ocrx_word' id='word_1_537' title='bbox 3307 2221 3443 2288; x_wconf 76' lang='lat' dir='ltr'><strong>fuit?</strong></span> <span class='ocrx_word' id='word_1_538' title='bbox 3468 2229 3557 2274; x_wconf 87' lang='lat' dir='ltr'><strong>aut</strong></span> 
     </span>
    </p>
   </div>
   <div class='ocr_carea' id='block_1_66' title="bbox 1977 2306 3553 2380">
    <p class='ocr_par' dir='ltr' id='par_1_66' title="bbox 1977 2306 3553 2380">
     <span class='ocr_line' id='line_1_66' title="bbox 1977 2306 3553 2380; baseline 0.005 -25"><span class='ocrx_word' id='word_1_539' title='bbox 1977 2307 2090 2373; x_wconf 84' lang='lat' dir='ltr'><strong>quis</strong></span> <span class='ocrx_word' id='word_1_540' title='bbox 2120 2309 2260 2375; x_wconf 88' lang='lat' dir='ltr'><strong>prior</strong></span> <span class='ocrx_word' id='word_1_541' title='bbox 2288 2306 2427 2359; x_wconf 82' lang='lat' dir='ltr'><strong>dedit</strong></span> <span class='ocrx_word' id='word_1_542' title='bbox 2448 2308 2547 2369; x_wconf 85' lang='lat' dir='ltr'><strong>illi,</strong></span> <span class='ocrx_word' id='word_1_543' title='bbox 2573 2320 2620 2361; x_wconf 91' lang='lat' dir='ltr'><strong>et</strong></span> <span class='ocrx_word' id='word_1_544' title='bbox 2643 2309 2946 2360; x_wconf 88' lang='lat' dir='ltr'><strong>retribuetur</strong></span> <span class='ocrx_word' id='word_1_545' title='bbox 2963 2309 3047 2361; x_wconf 85' lang='lat' dir='ltr'><strong>ei?</strong></span> <span class='ocrx_word' id='word_1_546' title='bbox 3066 2313 3307 2376; x_wconf 87' lang='lat' dir='ltr'><strong>quoniam</strong></span> <span class='ocrx_word' id='word_1_547' title='bbox 3336 2326 3399 2363; x_wconf 79' lang='lat' dir='ltr'><strong>ea:</strong></span> <span class='ocrx_word' id='word_1_548' title='bbox 3418 2311 3553 2380; x_wconf 83' lang='lat' dir='ltr'><strong>ipso,</strong></span> 
     </span>
    </p>
   </div>
   <div class='ocr_carea' id='block_1_67' title="bbox 1986 2397 3554 2471">
    <p class='ocr_par' dir='ltr' id='par_1_67' title="bbox 1986 2397 3554 2471">
     <span class='ocr_line' id='line_1_67' title="bbox 1986 2397 3554 2471; baseline 0.006 -25"><span class='ocrx_word' id='word_1_549' title='bbox 1986 2404 2033 2446; x_wconf 91' lang='lat' dir='ltr'><strong>et</strong></span> <span class='ocrx_word' id='word_1_550' title='bbox 2062 2412 2151 2462; x_wconf 86' lang='lat' dir='ltr'><strong>per</strong></span> <span class='ocrx_word' id='word_1_551' title='bbox 2176 2397 2360 2466; x_wconf 84' lang='lat' dir='ltr'><strong>ipsum,</strong></span> <span class='ocrx_word' id='word_1_552' title='bbox 2392 2408 2439 2450; x_wconf 87' lang='lat' dir='ltr'><strong>et</strong></span> <span class='ocrx_word' id='word_1_553' title='bbox 2466 2398 2517 2450; x_wconf 86' lang='lat' dir='ltr'><strong>in</strong></span> <span class='ocrx_word' id='word_1_554' title='bbox 2548 2399 2661 2465; x_wconf 84' lang='lat' dir='ltr'><strong>ipso</strong></span> <span class='ocrx_word' id='word_1_555' title='bbox 2690 2407 2806 2451; x_wconf 87' lang='lat' dir='ltr'><strong>sunt</strong></span> <span class='ocrx_word' id='word_1_556' title='bbox 2833 2399 3026 2452; x_wconf 84' lang='lat' dir='ltr'><strong>omnia.</strong></span> <span class='ocrx_word' id='word_1_557' title='bbox 3060 2398 3172 2469; x_wconf 86' lang='lat' dir='ltr'><strong>Ipsi</strong></span> <span class='ocrx_word' id='word_1_558' title='bbox 3193 2401 3361 2471; x_wconf 82' lang='lat' dir='ltr'><strong>gloria</strong></span> <span class='ocrx_word' id='word_1_559' title='bbox 3388 2402 3441 2454; x_wconf 82' lang='lat' dir='ltr'><strong>in</strong></span> <span class='ocrx_word' id='word_1_560' title='bbox 3461 2418 3554 2455; x_wconf 76' lang='lat' dir='ltr'><strong>ste-</strong></span> 
     </span>
    </p>
   </div>
   <div class='ocr_carea' id='block_1_68' title="bbox 1979 2484 3554 2557">
    <p class='ocr_par' dir='ltr' id='par_1_68' title="bbox 1979 2484 3554 2557">
     <span class='ocr_line' id='line_1_68' title="bbox 1979 2484 3554 2557; baseline 0.006 -22"><span class='ocrx_word' id='word_1_561' title='bbox 1979 2485 2097 2536; x_wconf 86' lang='lat' dir='ltr'><strong>cula</strong></span> <span class='ocrx_word' id='word_1_562' title='bbox 2123 2484 2445 2538; x_wconf 78' lang='lat' dir='ltr'><strong>swculorum.</strong></span> <span class='ocrx_word' id='word_1_563' title='bbox 2514 2489 2671 2541; x_wconf 79' lang='lat' dir='ltr'><strong>Amen</strong></span> <span class='ocrx_word' id='word_1_564' title='bbox 2702 2488 2878 2555; x_wconf 86' lang='lat' dir='ltr'><strong>(Rom.</strong></span> <span class='ocrx_word' id='word_1_565' title='bbox 2923 2505 2978 2552; x_wconf 90' lang='lat' dir='ltr'><strong>I,</strong></span> <span class='ocrx_word' id='word_1_566' title='bbox 3019 2489 3233 2557; x_wconf 75' lang='lat'><strong>55-56).</strong></span> <span class='ocrx_word' id='word_1_567' title='bbox 3274 2490 3554 2545; x_wconf 69' lang='lat' dir='ltr'><strong>Manifesta</strong></span> 
     </span>
    </p>
   </div>
   <div class='ocr_carea' id='block_1_69' title="bbox 1980 2578 3553 2651">
    <p class='ocr_par' dir='ltr' id='par_1_69' title="bbox 1980 2578 3553 2651">
     <span class='ocr_line' id='line_1_69' title="bbox 1980 2578 3553 2651; baseline 0.004 -22"><span class='ocrx_word' id='word_1_568' title='bbox 1980 2591 2108 2644; x_wconf 84' lang='lat' dir='ltr'><strong>ergo</strong></span> <span class='ocrx_word' id='word_1_569' title='bbox 2136 2578 2419 2644; x_wconf 87' lang='lat' dir='ltr'><strong>nonnobis,</strong></span> <span class='ocrx_word' id='word_1_570' title='bbox 2452 2580 2539 2632; x_wconf 84' lang='lat' dir='ltr'><strong>sed</strong></span> <span class='ocrx_word' id='word_1_571' title='bbox 2567 2581 2808 2649; x_wconf 85' lang='lat' dir='ltr'><strong>Apostolo</strong></span> <span class='ocrx_word' id='word_1_572' title='bbox 2834 2581 3057 2634; x_wconf 90' lang='lat' dir='ltr'><strong>omnino</strong></span> <span class='ocrx_word' id='word_1_573' title='bbox 3100 2582 3318 2650; x_wconf 90' lang='lat' dir='ltr'><strong>resistit,</strong></span> <span class='ocrx_word' id='word_1_574' title='bbox 3352 2583 3441 2651; x_wconf 90' lang='lat' dir='ltr'><strong>qui</strong></span> <span class='ocrx_word' id='word_1_575' title='bbox 3472 2583 3553 2636; x_wconf 86' lang='lat' dir='ltr'><strong>di-</strong></span> 
     </span>
    </p>
   </div>
   <div class='ocr_carea' id='block_1_70' title="bbox 1980 2668 3549 2739">
    <p class='ocr_par' dir='ltr' id='par_1_70' title="bbox 1980 2668 3549 2739">
     <span class='ocr_line' id='line_1_70' title="bbox 1980 2668 3549 2739; baseline 0.001 -18"><span class='ocrx_word' id='word_1_576' title='bbox 1980 2672 2053 2721; x_wconf 92' lang='lat' dir='ltr'><strong>cit</strong></span> <span class='ocrx_word' id='word_1_577' title='bbox 2080 2686 2092 2719; x_wconf 88' lang='lat'>:</span> <span class='ocrx_word' id='word_1_578' title='bbox 2123 2668 2232 2722; x_wconf 86' lang='lat' dir='ltr'><strong>Nisi</strong></span> <span class='ocrx_word' id='word_1_579' title='bbox 2262 2684 2367 2737; x_wconf 80' lang='lat' dir='ltr'><strong>ego</strong></span> <span class='ocrx_word' id='word_1_580' title='bbox 2397 2671 2544 2739; x_wconf 90' lang='lat' dir='ltr'><strong>prius</strong></span> <span class='ocrx_word' id='word_1_581' title='bbox 2571 2671 2811 2736; x_wconf 87' lang='lat' dir='ltr'><strong>voluero,</strong></span> <span class='ocrx_word' id='word_1_582' title='bbox 2835 2672 3002 2737; x_wconf 75' lang='lat' dir='ltr'><strong>gratia</strong></span> <span class='ocrx_word' id='word_1_583' title='bbox 3032 2673 3096 2724; x_wconf 90' lang='lat' dir='ltr'><strong>ad</strong></span> <span class='ocrx_word' id='word_1_584' title='bbox 3134 2688 3218 2724; x_wconf 89' lang='lat' dir='ltr'><strong>me</strong></span> <span class='ocrx_word' id='word_1_585' title='bbox 3249 2687 3353 2724; x_wconf 93' lang='lat' dir='ltr'><strong>non</strong></span> <span class='ocrx_word' id='word_1_586' title='bbox 3384 2672 3549 2725; x_wconf 82' lang='lat' dir='ltr'><strong>venit.</strong></span> 
     </span>
    </p>
   </div>
   <div class='ocr_carea' id='block_1_71' title="bbox 1980 2762 3555 2830">
    <p class='ocr_par' dir='ltr' id='par_1_71' title="bbox 1980 2762 3555 2830">
     <span class='ocr_line' id='line_1_71' title="bbox 1980 2762 3555 2830; baseline 0.001 -14"><span class='ocrx_word' id='word_1_587' title='bbox 1980 2764 2134 2829; x_wconf 89' lang='lat' dir='ltr'><strong>Quod</strong></span> <span class='ocrx_word' id='word_1_588' title='bbox 2164 2766 2383 2817; x_wconf 90' lang='lat' dir='ltr'><strong>omnino</strong></span> <span class='ocrx_word' id='word_1_589' title='bbox 2414 2764 2546 2817; x_wconf 90' lang='lat' dir='ltr'><strong>nihil</strong></span> <span class='ocrx_word' id='word_1_590' title='bbox 2575 2763 2717 2817; x_wconf 87' lang='lat' dir='ltr'><strong>aliud</strong></span> <span class='ocrx_word' id='word_1_591' title='bbox 2752 2774 2835 2818; x_wconf 88' lang='lat' dir='ltr'><strong>est</strong></span> <span class='ocrx_word' id='word_1_592' title='bbox 2855 2765 3057 2827; x_wconf 90' lang='lat' dir='ltr'><strong>dicere,</strong></span> <span class='ocrx_word' id='word_1_593' title='bbox 3105 2764 3206 2817; x_wconf 91' lang='lat' dir='ltr'><strong>nisi</strong></span> <span class='ocrx_word' id='word_1_594' title='bbox 3252 2763 3397 2830; x_wconf 88' lang='lat' dir='ltr'><strong>prius</strong></span> <span class='ocrx_word' id='word_1_595' title='bbox 3424 2762 3555 2817; x_wconf 88' lang='lat' dir='ltr'><strong>dare</strong></span> 
     </span>
    </p>
   </div>
   <div class='ocr_carea' id='block_1_72' title="bbox 1980 2852 2663 2921">
    <p class='ocr_par' dir='ltr' id='par_1_72' title="bbox 1980 2852 2663 2921">
     <span class='ocr_line' id='line_1_72' title="bbox 1980 2852 2663 2921; baseline -0.006 -12"><span class='ocrx_word' id='word_1_596' title='bbox 1980 2853 2113 2921; x_wconf 87' lang='lat' dir='ltr'><strong>Deo,</strong></span> <span class='ocrx_word' id='word_1_597' title='bbox 2137 2866 2192 2909; x_wconf 91' lang='lat' dir='ltr'><strong>ut</strong></span> <span class='ocrx_word' id='word_1_598' title='bbox 2215 2854 2538 2908; x_wconf 85' lang='lat' dir='ltr'><strong>retribuatur</strong></span> <span class='ocrx_word' id='word_1_599' title='bbox 2565 2852 2663 2906; x_wconf 90' lang='lat' dir='ltr'><strong>illi.</strong></span> 
     </span>
    </p>
   </div>
   <div class='ocr_carea' id='block_1_73' title="bbox 2574 2984 2959 3040">
    <p class='ocr_par' dir='ltr' id='par_1_73' title="bbox 2574 2984 2959 3040">
     <span class='ocr_line' id='line_1_73' title="bbox 2574 2984 2959 3040; baseline 0.003 -2"><span class='ocrx_word' id='word_1_600' title='bbox 2574 2984 2797 3040; x_wconf 81' lang='lat' dir='ltr'><strong>CAPUT</strong></span> <span class='ocrx_word' id='word_1_601' title='bbox 2825 2984 2959 3039; x_wconf 73' lang='lat' dir='ltr'><strong>Vlll.</strong></span> 
     </span>
    </p>
   </div>
   <div class='ocr_carea' id='block_1_74' title="bbox 2223 3073 3308 3129">
    <p class='ocr_par' dir='ltr' id='par_1_74' title="bbox 2223 3073 3308 3129">
     <span class='ocr_line' id='line_1_74' title="bbox 2223 3073 3308 3129; baseline -0.002 -2"><span class='ocrx_word' id='word_1_602' title='bbox 2223 3074 2400 3128; x_wconf 88' lang='lat' dir='ltr'><strong>Omnis</strong></span> <span class='ocrx_word' id='word_1_603' title='bbox 2430 3086 2593 3129; x_wconf 84' lang='lat' dir='ltr'><strong>motus</strong></span> <span class='ocrx_word' id='word_1_604' title='bbox 2624 3076 2764 3129; x_wconf 76' lang='lat' dir='ltr'><strong>bona:</strong></span> <span class='ocrx_word' id='word_1_605' title='bbox 2786 3074 3057 3128; x_wconf 86' lang='lat' dir='ltr'><strong>voluntatis</strong></span> <span class='ocrx_word' id='word_1_606' title='bbox 3089 3090 3151 3127; x_wconf 82' lang='lat' dir='ltr'><strong>ea:</strong></span> <span class='ocrx_word' id='word_1_607' title='bbox 3183 3073 3308 3127; x_wconf 91' lang='lat' dir='ltr'><strong>Deo.</strong></span> 
     </span>
    </p>
   </div>
   <div class='ocr_carea' id='block_1_75' title="bbox 2054 3183 3554 3256">
    <p class='ocr_par' dir='ltr' id='par_1_75' title="bbox 2054 3183 3554 3256">
     <span class='ocr_line' id='line_1_75' title="bbox 2054 3183 3554 3256; baseline 0 -15"><span class='ocrx_word' id='word_1_608' title='bbox 2054 3183 2161 3241; x_wconf 90' lang='lat' dir='ltr'><strong>Sed</strong></span> <span class='ocrx_word' id='word_1_609' title='bbox 2192 3200 2292 3240; x_wconf 92' lang='lat' dir='ltr'><strong>nos</strong></span> <span class='ocrx_word' id='word_1_610' title='bbox 2316 3197 2603 3255; x_wconf 90' lang='lat' dir='ltr'><strong>sequentes</strong></span> <span class='ocrx_word' id='word_1_611' title='bbox 2630 3187 2876 3242; x_wconf 86' lang='lat' dir='ltr'><strong>eumdem</strong></span> <span class='ocrx_word' id='word_1_612' title='bbox 2907 3188 3206 3256; x_wconf 82' lang='lat' dir='ltr'><strong>apostolum</strong></span> <span class='ocrx_word' id='word_1_613' title='bbox 3231 3202 3445 3242; x_wconf 79' lang='lat' dir='ltr'><strong>munem</strong></span> <span class='ocrx_word' id='word_1_614' title='bbox 3469 3188 3554 3241; x_wconf 93' lang='lat' dir='ltr'><strong>bo-</strong></span> 
     </span>
    </p>
   </div>
   <div class='ocr_carea' id='block_1_76' title="bbox 1981 3278 3549 3347">
    <p class='ocr_par' dir='ltr' id='par_1_76' title="bbox 1981 3278 3549 3347">
     <span class='ocr_line' id='line_1_76' title="bbox 1981 3278 3549 3347; baseline 0.002 -17"><span class='ocrx_word' id='word_1_615' title='bbox 1981 3289 2167 3330; x_wconf 90' lang='lat' dir='ltr'><strong>narum</strong></span> <span class='ocrx_word' id='word_1_616' title='bbox 2219 3279 2602 3345; x_wconf 83' lang='lat' dir='ltr'><strong>cogitationum</strong></span> <span class='ocrx_word' id='word_1_617' title='bbox 2635 3279 2920 3347; x_wconf 84' lang='lat' dir='ltr'><strong>originem,</strong></span> <span class='ocrx_word' id='word_1_618' title='bbox 2965 3288 2986 3316; x_wconf 76' lang='grc' dir='ltr'>ε</span> <span class='ocrx_word' id='word_1_619' title='bbox 3028 3278 3549 3346; x_wconf 88' lang='lat' dir='ltr'><strong>consensionemque</strong></span> 
     </span>
    </p>
   </div>
   <div class='ocr_carea' id='block_1_77' title="bbox 1980 3369 3557 3438">
    <p class='ocr_par' dir='ltr' id='par_1_77' title="bbox 1980 3369 3557 3438">
     <span class='ocr_line' id='line_1_77' title="bbox 1980 3369 3557 3438; baseline 0.003 -17"><span class='ocrx_word' id='word_1_620' title='bbox 1980 3382 2188 3433; x_wconf 91' lang='lat' dir='ltr'><strong>earum,</strong></span> <span class='ocrx_word' id='word_1_621' title='bbox 2221 3377 2274 3422; x_wconf 92' lang='lat' dir='ltr'><strong>et</strong></span> <span class='ocrx_word' id='word_1_622' title='bbox 2299 3369 2624 3424; x_wconf 87' lang='lat' dir='ltr'><strong>voluntatem</strong></span> <span class='ocrx_word' id='word_1_623' title='bbox 2645 3384 2710 3424; x_wconf 80' lang='lat' dir='ltr'><strong>ex</strong></span> <span class='ocrx_word' id='word_1_624' title='bbox 2746 3370 2853 3423; x_wconf 89' lang='lat' dir='ltr'><strong>Deo</strong></span> <span class='ocrx_word' id='word_1_625' title='bbox 2885 3377 2938 3423; x_wconf 87' lang='lat' dir='ltr'><strong>et</strong></span> <span class='ocrx_word' id='word_1_626' title='bbox 2968 3384 3061 3438; x_wconf 91' lang='lat' dir='ltr'><strong>per</strong></span> <span class='ocrx_word' id='word_1_627' title='bbox 3083 3370 3248 3423; x_wconf 87' lang='lat' dir='ltr'><strong>Deum</strong></span> <span class='ocrx_word' id='word_1_628' title='bbox 3282 3381 3335 3423; x_wconf 89' lang='lat' dir='ltr'><strong>et</strong></span> <span class='ocrx_word' id='word_1_629' title='bbox 3365 3372 3416 3423; x_wconf 91' lang='lat' dir='ltr'><strong>in</strong></span> <span class='ocrx_word' id='word_1_630' title='bbox 3448 3371 3557 3425; x_wconf 91' lang='lat' dir='ltr'><strong>Deo</strong></span> 
     </span>
    </p>
   </div>
   <div class='ocr_carea' id='block_1_78' title="bbox 1978 3456 3556 3527">
    <p class='ocr_par' dir='ltr' id='par_1_78' title="bbox 1978 3456 3556 3527">
     <span class='ocr_line' id='line_1_78' title="bbox 1978 3456 3556 3527; baseline 0.002 -16"><span class='ocrx_word' id='word_1_631' title='bbox 1978 3456 2231 3525; x_wconf 89' lang='lat' dir='ltr'><strong>dicimus,</strong></span> <span class='ocrx_word' id='word_1_632' title='bbox 2263 3460 2352 3527; x_wconf 88' lang='lat' dir='ltr'><strong>qui</strong></span> <span class='ocrx_word' id='word_1_633' title='bbox 2380 3475 2566 3527; x_wconf 89' lang='lat' dir='ltr'><strong>pravas</strong></span> <span class='ocrx_word' id='word_1_634' title='bbox 2599 3459 2873 3513; x_wconf 86' lang='lat' dir='ltr'><strong>hominum</strong></span> <span class='ocrx_word' id='word_1_635' title='bbox 2903 3459 3209 3515; x_wconf 86' lang='lat' dir='ltr'><strong>voluntates</strong></span> <span class='ocrx_word' id='word_1_636' title='bbox 3239 3469 3293 3514; x_wconf 90' lang='lat' dir='ltr'><strong>et</strong></span> <span class='ocrx_word' id='word_1_637' title='bbox 3326 3462 3556 3515; x_wconf 89' lang='lat' dir='ltr'><strong>terrenis</strong></span> 
     </span>
    </p>
   </div>
   <div class='ocr_carea' id='block_1_79' title="bbox 1980 3548 3552 3621">
    <p class='ocr_par' dir='ltr' id='par_1_79' title="bbox 1980 3548 3552 3621">
     <span class='ocr_line' id='line_1_79' title="bbox 1980 3548 3552 3621; baseline 0.001 -16"><span class='ocrx_word' id='word_1_638' title='bbox 1980 3552 2187 3605; x_wconf 87' lang='lat' dir='ltr'><strong>actibus</strong></span> <span class='ocrx_word' id='word_1_639' title='bbox 2217 3552 2540 3621; x_wconf 88' lang='lat' dir='ltr'><strong>implicatas,</strong></span> <span class='ocrx_word' id='word_1_640' title='bbox 2576 3568 2669 3620; x_wconf 86' lang='lat' dir='ltr'><strong>per</strong></span> <span class='ocrx_word' id='word_1_641' title='bbox 2714 3553 3038 3606; x_wconf 78' lang='lat' dir='ltr'><strong>inlusionem</strong></span> <span class='ocrx_word' id='word_1_642' title='bbox 3082 3560 3135 3605; x_wconf 84' lang='lat' dir='ltr'><strong>et</strong></span> <span class='ocrx_word' id='word_1_643' title='bbox 3161 3548 3187 3588; x_wconf 73' lang='grc' dir='ltr'>ἀ</span> <span class='ocrx_word' id='word_1_644' title='bbox 3222 3550 3552 3619; x_wconf 89' lang='lat' dir='ltr'><strong>in0peratio-</strong></span> 
     </span>
    </p>
   </div>
   <div class='ocr_carea' id='block_1_80' title="bbox 1982 3642 3554 3711">
    <p class='ocr_par' dir='ltr' id='par_1_80' title="bbox 1982 3642 3554 3711">
     <span class='ocr_line' id='line_1_80' title="bbox 1982 3642 3554 3711; baseline -0.003 -14"><span class='ocrx_word' id='word_1_645' title='bbox 1982 3659 2102 3697; x_wconf 91' lang='lat' dir='ltr'><strong>nem</strong></span> <span class='ocrx_word' id='word_1_646' title='bbox 2136 3644 2464 3697; x_wconf 81' lang='lat' dir='ltr'><strong>intrinsecus</strong></span> <span class='ocrx_word' id='word_1_647' title='bbox 2495 3644 2661 3695; x_wconf 79' lang='lat' dir='ltr'><strong>sancti</strong></span> <span class='ocrx_word' id='word_1_648' title='bbox 2696 3642 2927 3711; x_wconf 85' lang='lat' dir='ltr'><strong>Spiritus</strong></span> <span class='ocrx_word' id='word_1_649' title='bbox 2966 3642 3200 3695; x_wconf 90' lang='lat' dir='ltr'><strong>absolvit</strong></span> <span class='ocrx_word' id='word_1_650' title='bbox 3230 3652 3282 3695; x_wconf 90' lang='lat' dir='ltr'><strong>et</strong></span> <span class='ocrx_word' id='word_1_651' title='bbox 3314 3642 3554 3711; x_wconf 81' lang='lat' dir='ltr'><strong>corrigit,</strong></span> 
     </span>
    </p>
   </div>
   <div class='ocr_carea' id='block_1_81' title="bbox 1979 3732 3557 3803">
    <p class='ocr_par' dir='ltr' id='par_1_81' title="bbox 1979 3732 3557 3803">
     <span class='ocr_line' id='line_1_81' title="bbox 1979 3732 3557 3803; baseline -0.002 -13"><span class='ocrx_word' id='word_1_652' title='bbox 1979 3736 2120 3790; x_wconf 73' lang='lat' dir='ltr'><strong>sicut</strong></span> <span class='ocrx_word' id='word_1_653' title='bbox 2169 3736 2425 3803; x_wconf 84' lang='lat' dir='ltr'><strong>scriptum</strong></span> <span class='ocrx_word' id='word_1_654' title='bbox 2473 3745 2590 3788; x_wconf 88' lang='lat' dir='ltr'><strong>est:</strong></span> <span class='ocrx_word' id='word_1_655' title='bbox 2628 3734 2963 3802; x_wconf 78' lang='lat' dir='ltr'><strong>Prwparatur</strong></span> <span class='ocrx_word' id='word_1_656' title='bbox 2989 3734 3223 3787; x_wconf 87' lang='lat' dir='ltr'><strong>voluntas</strong></span> <span class='ocrx_word' id='word_1_657' title='bbox 3265 3744 3295 3785; x_wconf 79' lang='grc' dir='ltr'><em>α</em></span> <span class='ocrx_word' id='word_1_658' title='bbox 3338 3732 3557 3787; x_wconf 85' lang='lat' dir='ltr'><strong>Domino</strong></span> 
     </span>
    </p>
   </div>
   <div class='ocr_carea' id='block_1_82' title="bbox 1981 3827 3547 3900">
    <p class='ocr_par' dir='ltr' id='par_1_82' title="bbox 1981 3827 3547 3900">
     <span class='ocr_line' id='line_1_82' title="bbox 1981 3827 3547 3900; baseline -0.003 -17"><span class='ocrx_word' id='word_1_659' title='bbox 1981 3830 2165 3900; x_wconf 87' lang='lat' dir='ltr'><strong>(Prov.</strong></span> <span class='ocrx_word' id='word_1_660' title='bbox 2197 3846 2307 3891; x_wconf 84' lang='lat' dir='ltr'><strong>\tll,</strong></span> <span class='ocrx_word' id='word_1_661' title='bbox 2342 3830 2429 3887; x_wconf 73' lang='lat'><strong>55,</strong></span> <span class='ocrx_word' id='word_1_662' title='bbox 2460 3846 2559 3882; x_wconf 80' lang='lat' dir='ltr'><strong>sec.</strong></span> <span class='ocrx_word' id='word_1_663' title='bbox 2596 3827 2787 3895; x_wconf 72' lang='lat' dir='ltr'><strong>LXX).</strong></span> <span class='ocrx_word' id='word_1_664' title='bbox 2824 3828 2954 3881; x_wconf 89' lang='lat' dir='ltr'><strong>Hinc</strong></span> <span class='ocrx_word' id='word_1_665' title='bbox 2978 3829 3134 3881; x_wconf 86' lang='lat' dir='ltr'><strong>etiam</strong></span> <span class='ocrx_word' id='word_1_666' title='bbox 3181 3828 3368 3880; x_wconf 87' lang='lat' dir='ltr'><strong>beatus</strong></span> <span class='ocrx_word' id='word_1_667' title='bbox 3399 3827 3547 3880; x_wconf 80' lang='lat' dir='ltr'><strong>Basi-</strong></span> 
     </span>
    </p>
   </div>
   <div class='ocr_carea' id='block_1_83' title="bbox 1980 3920 3555 3988">
    <p class='ocr_par' dir='ltr' id='par_1_83' title="bbox 1980 3920 3555 3988">
     <span class='ocr_line' id='line_1_83' title="bbox 1980 3920 3555 3988; baseline -0.002 -13"><span class='ocrx_word' id='word_1_668' title='bbox 1980 3922 2081 3976; x_wconf 91' lang='lat' dir='ltr'><strong>lius</strong></span> <span class='ocrx_word' id='word_1_669' title='bbox 2103 3922 2447 3975; x_wconf 69' lang='lat' dir='ltr'><strong>Caesariensis</strong></span> <span class='ocrx_word' id='word_1_670' title='bbox 2476 3922 2780 3988; x_wconf 81' lang='lat' dir='ltr'><strong>episcopus,</strong></span> <span class='ocrx_word' id='word_1_671' title='bbox 2813 3920 2865 3974; x_wconf 93' lang='lat' dir='ltr'><strong>in</strong></span> <span class='ocrx_word' id='word_1_672' title='bbox 2899 3922 3139 3973; x_wconf 88' lang='lat' dir='ltr'><strong>oratione</strong></span> <span class='ocrx_word' id='word_1_673' title='bbox 3180 3920 3317 3973; x_wconf 87' lang='lat' dir='ltr'><strong>sacri</strong></span> <span class='ocrx_word' id='word_1_674' title='bbox 3348 3920 3555 3985; x_wconf 86' lang='lat' dir='ltr'><strong>altaris,</strong></span> 
     </span>
    </p>
   </div>
   <div class='ocr_carea' id='block_1_84' title="bbox 1983 4013 3556 4085">
    <p class='ocr_par' dir='ltr' id='par_1_84' title="bbox 1983 4013 3556 4085">
     <span class='ocr_line' id='line_1_84' title="bbox 1983 4013 3556 4085; baseline -0.002 -17"><span class='ocrx_word' id='word_1_675' title='bbox 1983 4031 2141 4083; x_wconf 91' lang='lat' dir='ltr'><strong>quam</strong></span> <span class='ocrx_word' id='word_1_676' title='bbox 2193 4031 2329 4085; x_wconf 87' lang='lat' dir='ltr'><strong>pene</strong></span> <span class='ocrx_word' id='word_1_677' title='bbox 2371 4014 2653 4068; x_wconf 76' lang='lat' dir='ltr'><strong>universus</strong></span> <span class='ocrx_word' id='word_1_678' title='bbox 2704 4013 3007 4082; x_wconf 73' lang='lat' dir='ltr'><strong>frequentat</strong></span> <span class='ocrx_word' id='word_1_679' title='bbox 3037 4014 3249 4073; x_wconf 86' lang='lat' dir='ltr'><strong>Oriens.</strong></span> <span class='ocrx_word' id='word_1_680' title='bbox 3280 4013 3419 4065; x_wconf 92' lang='lat' dir='ltr'><strong>inter</strong></span> <span class='ocrx_word' id='word_1_681' title='bbox 3448 4026 3556 4065; x_wconf 78' lang='lat' dir='ltr'><strong>ca:-</strong></span> 
     </span>
    </p>
   </div>
   <div class='ocr_carea' id='block_1_85' title="bbox 1981 4105 3556 4173">
    <p class='ocr_par' dir='ltr' id='par_1_85' title="bbox 1981 4105 3556 4173">
     <span class='ocr_line' id='line_1_85' title="bbox 1981 4105 3556 4173; baseline -0.004 -12"><span class='ocrx_word' id='word_1_682' title='bbox 1981 4117 2127 4161; x_wconf 88' lang='lat' dir='ltr'><strong>tera:</strong></span> <span class='ocrx_word' id='word_1_683' title='bbox 2168 4127 2186 4159; x_wconf 78' lang='grc' dir='ltr'><strong>ι</strong></span> <span class='ocrx_word' id='word_1_684' title='bbox 2225 4108 2393 4169; x_wconf 89' lang='lat' dir='ltr'><strong>Dona,</strong></span> <span class='ocrx_word' id='word_1_685' title='bbox 2424 4106 2610 4173; x_wconf 86' lang='lat' dir='ltr'><strong>inquit,</strong></span> <span class='ocrx_word' id='word_1_686' title='bbox 2642 4105 2885 4168; x_wconf 75' lang='lat' dir='ltr'><strong>Dotitine,</strong></span> <span class='ocrx_word' id='word_1_687' title='bbox 2911 4106 3161 4156; x_wconf 72' lang='lat' dir='ltr'><strong>virtutem</strong></span> <span class='ocrx_word' id='word_1_688' title='bbox 3191 4117 3253 4155; x_wconf 89' lang='lat' dir='ltr'><strong>ac</strong></span> <span class='ocrx_word' id='word_1_689' title='bbox 3286 4111 3556 4156; x_wconf 55' lang='lat' dir='ltr'><strong>tutamen.</strong></span> 
     </span>
    </p>
   </div>
   <div class='ocr_carea' id='block_1_86' title="bbox 1977 4194 3556 4267">
    <p class='ocr_par' dir='ltr' id='par_1_86' title="bbox 1977 4194 3556 4267">
     <span class='ocr_line' id='line_1_86' title="bbox 1977 4194 3556 4267; baseline -0.006 -12"><span class='ocrx_word' id='word_1_690' title='bbox 1977 4211 2085 4255; x_wconf 89' lang='lat' dir='ltr'><strong>ttttn</strong></span> <span class='ocrx_word' id='word_1_691' title='bbox 2114 4215 2128 4251; x_wconf 88' lang='lat'><strong>:</strong></span> <span class='ocrx_word' id='word_1_692' title='bbox 2162 4199 2330 4252; x_wconf 88' lang='lat' dir='ltr'><strong>malos</strong></span> <span class='ocrx_word' id='word_1_693' title='bbox 2358 4213 2664 4267; x_wconf 74' lang='lat' dir='ltr'><strong>qnmsumus</strong></span> <span class='ocrx_word' id='word_1_694' title='bbox 2696 4197 2865 4250; x_wconf 90' lang='lat' dir='ltr'><strong>bonos</strong></span> <span class='ocrx_word' id='word_1_695' title='bbox 2904 4196 3087 4260; x_wconf 80' lang='lat' dir='ltr'><strong>facito,</strong></span> <span class='ocrx_word' id='word_1_696' title='bbox 3122 4196 3289 4248; x_wconf 83' lang='lat' dir='ltr'><strong>honos</strong></span> <span class='ocrx_word' id='word_1_697' title='bbox 3320 4196 3369 4247; x_wconf 91' lang='lat' dir='ltr'><strong>in</strong></span> <span class='ocrx_word' id='word_1_698' title='bbox 3401 4194 3556 4248; x_wconf 88' lang='lat' dir='ltr'><strong>boni-</strong></span> 
     </span>
    </p>
   </div>
   <div class='ocr_carea' id='block_1_87' title="bbox 1976 4283 3554 4350">
    <p class='ocr_par' dir='ltr' id='par_1_87' title="bbox 1976 4283 3554 4350">
     <span class='ocr_line' id='line_1_87' title="bbox 1976 4283 3554 4350; baseline -0.005 -6"><span class='ocrx_word' id='word_1_699' title='bbox 1976 4300 2085 4344; x_wconf 89' lang='lat' dir='ltr'><strong>tate</strong></span> <span class='ocrx_word' id='word_1_700' title='bbox 2114 4302 2405 4343; x_wconf 73' lang='lat' dir='ltr'><strong>conserva:</strong></span> <span class='ocrx_word' id='word_1_701' title='bbox 2439 4284 2617 4339; x_wconf 88' lang='lat' dir='ltr'><strong>omnia</strong></span> <span class='ocrx_word' id='word_1_702' title='bbox 2649 4285 2792 4338; x_wconf 82' lang='lat' dir='ltr'><strong>enim</strong></span> <span class='ocrx_word' id='word_1_703' title='bbox 2847 4294 3021 4350; x_wconf 89' lang='lat' dir='ltr'><strong>potes,</strong></span> <span class='ocrx_word' id='word_1_704' title='bbox 3072 4293 3125 4336; x_wconf 91' lang='lat' dir='ltr'><strong>et</strong></span> <span class='ocrx_word' id='word_1_705' title='bbox 3178 4299 3283 4335; x_wconf 83' lang='lat' dir='ltr'><strong>non</strong></span> <span class='ocrx_word' id='word_1_706' title='bbox 3334 4295 3411 4335; x_wconf 92' lang='lat' dir='ltr'><strong>est</strong></span> <span class='ocrx_word' id='word_1_707' title='bbox 3465 4283 3554 4350; x_wconf 87' lang='lat' dir='ltr'><strong>qni</strong></span> 
     </span>
    </p>
   </div>
   <div class='ocr_carea' id='block_1_88' title="bbox 1974 4372 3555 4441">
    <p class='ocr_par' dir='ltr' id='par_1_88' title="bbox 1974 4372 3555 4441">
     <span class='ocr_line' id='line_1_88' title="bbox 1974 4372 3555 4441; baseline -0.008 -5"><span class='ocrx_word' id='word_1_708' title='bbox 1974 4380 2303 4436; x_wconf 85' lang='lat' dir='ltr'><strong>contradicat</strong></span> <span class='ocrx_word' id='word_1_709' title='bbox 2336 4378 2427 4431; x_wconf 92' lang='lat' dir='ltr'><strong>tibi</strong></span> <span class='ocrx_word' id='word_1_710' title='bbox 2462 4398 2474 4432; x_wconf 91' lang='lat'><strong>:</strong></span> <span class='ocrx_word' id='word_1_711' title='bbox 2505 4391 2627 4430; x_wconf 89' lang='lat' dir='ltr'><strong>cum</strong></span> <span class='ocrx_word' id='word_1_712' title='bbox 2658 4376 2799 4429; x_wconf 90' lang='lat' dir='ltr'><strong>enim</strong></span> <span class='ocrx_word' id='word_1_713' title='bbox 2830 4375 3063 4428; x_wconf 86' lang='lat' dir='ltr'><strong>volueris</strong></span> <span class='ocrx_word' id='word_1_714' title='bbox 3085 4373 3280 4441; x_wconf 84' lang='lat' dir='ltr'><strong>salvas,</strong></span> <span class='ocrx_word' id='word_1_715' title='bbox 3305 4372 3555 4427; x_wconf 87' lang='lat' dir='ltr'><strong>etnullus</strong></span> 
     </span>
    </p>
   </div>
   <div class='ocr_carea' id='block_1_89' title="bbox 294 4467 1878 4555">
    <p class='ocr_par' dir='ltr' id='par_1_89' title="bbox 294 4482 1868 4555">
     <span class='ocr_line' id='line_1_89' title="bbox 294 4482 1868 4555; baseline 0.002 -20"><span class='ocrx_word' id='word_1_716' title='bbox 294 4482 609 4546; x_wconf 87' lang='lat' dir='ltr'><strong>humanam,</strong></span> <span class='ocrx_word' id='word_1_717' title='bbox 639 4485 733 4538; x_wconf 89' lang='lat' dir='ltr'><strong>sed</strong></span> <span class='ocrx_word' id='word_1_718' title='bbox 758 4500 877 4539; x_wconf 90' lang='lat' dir='ltr'><strong>eam</strong></span> <span class='ocrx_word' id='word_1_719' title='bbox 907 4494 1183 4555; x_wconf 82' lang='lat' dir='ltr'><strong>exspectet</strong></span> <span class='ocrx_word' id='word_1_720' title='bbox 1210 4486 1277 4539; x_wconf 90' lang='lat' dir='ltr'><strong>ab</strong></span> <span class='ocrx_word' id='word_1_721' title='bbox 1306 4487 1543 4550; x_wconf 85' lang='lat' dir='ltr'><strong>homine,</strong></span> <span class='ocrx_word' id='word_1_722' title='bbox 1574 4493 1631 4539; x_wconf 92' lang='lat' dir='ltr'><strong>ut</strong></span> <span class='ocrx_word' id='word_1_723' title='bbox 1661 4502 1868 4554; x_wconf 66' lang='lat' dir='ltr'><strong>mquunt</strong></span> 
     </span>
    </p>
   </div>
   <div class='ocr_carea' id='block_1_90' title="bbox 1982 4467 3556 4555">
    <p class='ocr_par' dir='ltr' id='par_1_90' title="bbox 1982 4467 3556 4536">
     <span class='ocr_line' id='line_1_90' title="bbox 1982 4467 3556 4536; baseline -0.004 -9"><span class='ocrx_word' id='word_1_724' title='bbox 1982 4472 2180 4529; x_wconf 88' lang='lat' dir='ltr'><strong>resistit</strong></span> <span class='ocrx_word' id='word_1_725' title='bbox 2200 4470 2460 4524; x_wconf 88' lang='lat' dir='ltr'><strong>voluntati</strong></span> <span class='ocrx_word' id='word_1_726' title='bbox 2494 4479 2618 4523; x_wconf 74' lang='lat' dir='ltr'><strong>tuae.</strong></span> <span class='ocrx_word' id='word_1_727' title='bbox 2659 4488 2678 4521; x_wconf 71' lang='grc' dir='ltr'><strong>ι</strong></span> <span class='ocrx_word' id='word_1_728' title='bbox 2718 4468 2857 4522; x_wconf 86' lang='lat' dir='ltr'><strong>Ecce</strong></span> <span class='ocrx_word' id='word_1_729' title='bbox 2885 4479 3042 4536; x_wconf 87' lang='lat' dir='ltr'><strong>quam</strong></span> <span class='ocrx_word' id='word_1_730' title='bbox 3083 4467 3338 4532; x_wconf 89' lang='lat' dir='ltr'><strong>breviter,</strong></span> <span class='ocrx_word' id='word_1_731' title='bbox 3368 4482 3556 4535; x_wconf 92' lang='lat' dir='ltr'><strong>quam-</strong></span> 
     </span>
    </p>
   </div>
   <div class='ocr_carea' id='block_1_91' title="bbox 293 4572 1872 4645">
    <p class='ocr_par' dir='ltr' id='par_1_91' title="bbox 293 4572 1872 4645">
     <span class='ocr_line' id='line_1_91' title="bbox 293 4572 1872 4645; baseline 0.003 -20"><span class='ocrx_word' id='word_1_732' title='bbox 293 4572 363 4625; x_wconf 88' lang='lat' dir='ltr'><strong>sit</strong></span> <span class='ocrx_word' id='word_1_733' title='bbox 392 4574 443 4627; x_wconf 89' lang='lat' dir='ltr'><strong>in</strong></span> <span class='ocrx_word' id='word_1_734' title='bbox 474 4574 782 4629; x_wconf 87' lang='lat' dir='ltr'><strong>volentibus</strong></span> <span class='ocrx_word' id='word_1_735' title='bbox 813 4578 1178 4644; x_wconf 72' lang='lat' dir='ltr'><strong>praemium,in</strong></span> <span class='ocrx_word' id='word_1_736' title='bbox 1198 4578 1503 4631; x_wconf 86' lang='lat' dir='ltr'><strong>nolentibus</strong></span> <span class='ocrx_word' id='word_1_737' title='bbox 1529 4587 1706 4631; x_wconf 89' lang='lat' dir='ltr'><strong>autem</strong></span> <span class='ocrx_word' id='word_1_738' title='bbox 1730 4577 1872 4645; x_wconf 68' lang='lat' dir='ltr'><strong>justa</strong></span> 
     </span>
    </p>
   </div>
   <div class='ocr_carea' id='block_1_92' title="bbox 294 4661 1866 4733">
    <p class='ocr_par' dir='ltr' id='par_1_92' title="bbox 294 4661 1866 4733">
     <span class='ocr_line' id='line_1_92' title="bbox 294 4661 1866 4733; baseline 0.002 -18"><span class='ocrx_word' id='word_1_739' title='bbox 294 4661 584 4715; x_wconf 81' lang='lat' dir='ltr'><strong>damnatio.</strong></span> <span class='ocrx_word' id='word_1_740' title='bbox 638 4664 762 4719; x_wconf 73' lang='lat' dir='ltr'><strong>[hec</strong></span> <span class='ocrx_word' id='word_1_741' title='bbox 820 4665 862 4717; x_wconf 84' lang='lat' dir='ltr'><strong>si</strong></span> <span class='ocrx_word' id='word_1_742' title='bbox 918 4669 983 4718; x_wconf 87' lang='lat' dir='ltr'><strong>ita</strong></span> <span class='ocrx_word' id='word_1_743' title='bbox 1028 4676 1172 4728; x_wconf 90' lang='lat' dir='ltr'><strong>sunt,</strong></span> <span class='ocrx_word' id='word_1_744' title='bbox 1210 4676 1267 4718; x_wconf 91' lang='grc' dir='ltr'><strong>ιιι</strong></span> <span class='ocrx_word' id='word_1_745' title='bbox 1307 4665 1547 4719; x_wconf 82' lang='lat' dir='ltr'><strong>lncretici</strong></span> <span class='ocrx_word' id='word_1_746' title='bbox 1599 4664 1866 4733; x_wconf 72' lang='lat' dir='ltr'><strong>iactitant,</strong></span> 
     </span>
    </p>
   </div>
   <div class='ocr_carea' id='block_1_93' title="bbox 296 4756 1867 4823">
    <p class='ocr_par' dir='ltr' id='par_1_93' title="bbox 296 4756 1867 4823">
     <span class='ocr_line' id='line_1_93' title="bbox 296 4756 1867 4823; baseline 0.004 -20"><span class='ocrx_word' id='word_1_747' title='bbox 296 4756 655 4821; x_wconf 77' lang='lat' dir='ltr'><strong>comprehensa</strong></span> <span class='ocrx_word' id='word_1_748' title='bbox 695 4766 814 4807; x_wconf 84' lang='lat' dir='ltr'><strong>sunt</strong></span> <span class='ocrx_word' id='word_1_749' title='bbox 855 4756 923 4809; x_wconf 89' lang='lat' dir='ltr'><strong>ab</strong></span> <span class='ocrx_word' id='word_1_750' title='bbox 968 4757 1095 4823; x_wconf 85' lang='lat' dir='ltr'><strong>ipsis</strong></span> <span class='ocrx_word' id='word_1_751' title='bbox 1138 4757 1529 4819; x_wconf 67' lang='lat' dir='ltr'><strong>inscrutabilia,</strong></span> <span class='ocrx_word' id='word_1_752' title='bbox 1582 4764 1636 4811; x_wconf 89' lang='lat' dir='ltr'><strong>et</strong></span> <span class='ocrx_word' id='word_1_753' title='bbox 1665 4760 1867 4811; x_wconf 86' lang='lat' dir='ltr'><strong>incom-</strong></span> 
     </span>
    </p>
   </div>
   <div class='ocr_carea' id='block_1_94' title="bbox 294 4845 1866 4915">
    <p class='ocr_par' dir='ltr' id='par_1_94' title="bbox 294 4845 1866 4915">
     <span class='ocr_line' id='line_1_94' title="bbox 294 4845 1866 4915; baseline 0.002 -21"><span class='ocrx_word' id='word_1_754' title='bbox 294 4845 674 4910; x_wconf 78' lang='lat' dir='ltr'><strong>prehensibilia</strong></span> <span class='ocrx_word' id='word_1_755' title='bbox 708 4846 803 4899; x_wconf 88' lang='lat' dir='ltr'><strong>Dei</strong></span> <span class='ocrx_word' id='word_1_756' title='bbox 829 4846 1053 4913; x_wconf 80' lang='lat' dir='ltr'><strong>judicia.</strong></span> <span class='ocrx_word' id='word_1_757' title='bbox 1107 4848 1162 4902; x_wconf 88' lang='lat' dir='ltr'><strong>Si</strong></span> <span class='ocrx_word' id='word_1_758' title='bbox 1211 4848 1374 4910; x_wconf 91' lang='lat' dir='ltr'><strong>enim,</strong></span> <span class='ocrx_word' id='word_1_759' title='bbox 1427 4857 1483 4900; x_wconf 91' lang='grc' dir='ltr'><strong>ιιι</strong></span> <span class='ocrx_word' id='word_1_760' title='bbox 1522 4847 1617 4915; x_wconf 82' lang='lat' dir='ltr'><strong>ipsi</strong></span> <span class='ocrx_word' id='word_1_761' title='bbox 1661 4847 1866 4908; x_wconf 89' lang='lat' dir='ltr'><strong>volunt,</strong></span> 
     </span>
    </p>
   </div>
   <div class='ocr_carea' id='block_1_95' title="bbox 292 4936 1869 5000">
    <p class='ocr_par' dir='ltr' id='par_1_95' title="bbox 292 4936 1869 5000">
     <span class='ocr_line' id='line_1_95' title="bbox 292 4936 1869 5000; baseline 0 -12"><span class='ocrx_word' id='word_1_762' title='bbox 292 4937 535 4990; x_wconf 81' lang='lat' dir='ltr'><strong>nolentes</strong></span> <span class='ocrx_word' id='word_1_763' title='bbox 576 4936 817 4999; x_wconf 89' lang='lat' dir='ltr'><strong>damnat,</strong></span> <span class='ocrx_word' id='word_1_764' title='bbox 864 4938 1035 4990; x_wconf 78' lang='lat' dir='ltr'><strong>salvat</strong></span> <span class='ocrx_word' id='word_1_765' title='bbox 1079 4947 1255 4990; x_wconf 91' lang='lat' dir='ltr'><strong>autem</strong></span> <span class='ocrx_word' id='word_1_766' title='bbox 1290 4938 1565 5000; x_wconf 87' lang='lat' dir='ltr'><strong>volentes;</strong></span> <span class='ocrx_word' id='word_1_767' title='bbox 1619 4936 1745 4990; x_wconf 88' lang='lat' dir='ltr'><strong>nihil</strong></span> <span class='ocrx_word' id='word_1_768' title='bbox 1788 4945 1869 4989; x_wconf 90' lang='lat' dir='ltr'><strong>est</strong></span> 
     </span>
    </p>
   </div>
   <div class='ocr_carea' id='block_1_96' title="bbox 289 5028 1868 5098">
    <p class='ocr_par' dir='ltr' id='par_1_96' title="bbox 289 5028 1868 5098">
     <span class='ocr_line' id='line_1_96' title="bbox 289 5028 1868 5098; baseline 0 -18"><span class='ocrx_word' id='word_1_769' title='bbox 289 5029 509 5081; x_wconf 87' lang='lat' dir='ltr'><strong>omnino</strong></span> <span class='ocrx_word' id='word_1_770' title='bbox 551 5033 693 5097; x_wconf 65' lang='lat' dir='ltr'><strong>Quod</strong></span> <span class='ocrx_word' id='word_1_771' title='bbox 740 5040 1015 5098; x_wconf 65' lang='lat' dir='ltr'><strong>quaeratur</strong></span> <span class='ocrx_word' id='word_1_772' title='bbox 1062 5032 1309 5083; x_wconf 87' lang='lat' dir='ltr'><strong>ulterius.</strong></span> <span class='ocrx_word' id='word_1_773' title='bbox 1361 5030 1446 5093; x_wconf 84' lang='lat' dir='ltr'><strong>Et,</strong></span> <span class='ocrx_word' id='word_1_774' title='bbox 1497 5038 1754 5097; x_wconf 90' lang='lat' dir='ltr'><strong>quantum</strong></span> <span class='ocrx_word' id='word_1_775' title='bbox 1803 5028 1868 5081; x_wconf 92' lang='lat' dir='ltr'><strong>ad</strong></span> 
     </span>
    </p>
   </div>
   <div class='ocr_carea' id='block_1_97' title="bbox 288 5118 1872 5190">
    <p class='ocr_par' dir='ltr' id='par_1_97' title="bbox 288 5118 1872 5190">
     <span class='ocr_line' id='line_1_97' title="bbox 288 5118 1872 5190; baseline 0.001 -23"><span class='ocrx_word' id='word_1_776' title='bbox 288 5118 449 5184; x_wconf 80' lang='lat' dir='ltr'><strong>ipsos,</strong></span> <span class='ocrx_word' id='word_1_777' title='bbox 484 5118 619 5171; x_wconf 83' lang='lat' dir='ltr'><strong>fallit</strong></span> <span class='ocrx_word' id='word_1_778' title='bbox 656 5120 932 5188; x_wconf 85' lang='lat' dir='ltr'><strong>Scriptura</strong></span> <span class='ocrx_word' id='word_1_779' title='bbox 963 5120 1168 5185; x_wconf 83' lang='lat' dir='ltr'><strong>divina,</strong></span> <span class='ocrx_word' id='word_1_780' title='bbox 1195 5136 1312 5189; x_wconf 71' lang='lat' dir='ltr'><strong>qum</strong></span> <span class='ocrx_word' id='word_1_781' title='bbox 1342 5119 1872 5190; x_wconf 80' lang='lat' dir='ltr'><strong>incomprehensibilia</strong></span> 
     </span>
    </p>
   </div>
   <div class='ocr_carea' id='block_1_98' title="bbox 285 5206 1871 5279">
    <p class='ocr_par' dir='ltr' id='par_1_98' title="bbox 285 5206 1871 5279">
     <span class='ocr_line' id='line_1_98' title="bbox 285 5206 1871 5279; baseline 0.001 -19"><span class='ocrx_word' id='word_1_782' title='bbox 285 5206 380 5260; x_wconf 82' lang='lat' dir='ltr'><strong>Dei</strong></span> <span class='ocrx_word' id='word_1_783' title='bbox 411 5211 863 5279; x_wconf 82' lang='lat' dir='ltr'><strong>testaturjudicia</strong></span> <span class='ocrx_word' id='word_1_784' title='bbox 886 5210 1062 5279; x_wconf 82' lang='lat' dir='ltr'><strong>(Rom.</strong></span> <span class='ocrx_word' id='word_1_785' title='bbox 1090 5227 1163 5272; x_wconf 80' lang='grc' dir='ltr'>ιιι.</span> <span class='ocrx_word' id='word_1_786' title='bbox 1183 5210 1299 5278; x_wconf 79' lang='lat'><strong>55).</strong></span> <span class='ocrx_word' id='word_1_787' title='bbox 1333 5210 1439 5262; x_wconf 81' lang='lat' dir='ltr'><strong>Nos</strong></span> <span class='ocrx_word' id='word_1_788' title='bbox 1470 5220 1647 5263; x_wconf 85' lang='lat' dir='ltr'><strong>autem</strong></span> <span class='ocrx_word' id='word_1_789' title='bbox 1674 5210 1871 5262; x_wconf 85' lang='lat' dir='ltr'><strong>incom-</strong></span> 
     </span>
    </p>
   </div>
   <div class='ocr_carea' id='block_1_99' title="bbox 285 5298 1865 5366">
    <p class='ocr_par' dir='ltr' id='par_1_99' title="bbox 285 5298 1865 5366">
     <span class='ocr_line' id='line_1_99' title="bbox 285 5298 1865 5366; baseline 0.002 -16"><span class='ocrx_word' id='word_1_790' title='bbox 285 5298 670 5366; x_wconf 84' lang='lat' dir='ltr'><strong>prehensibilia</strong></span> <span class='ocrx_word' id='word_1_791' title='bbox 725 5302 1011 5356; x_wconf 86' lang='lat' dir='ltr'><strong>credentes</strong></span> <span class='ocrx_word' id='word_1_792' title='bbox 1066 5312 1120 5357; x_wconf 89' lang='lat' dir='ltr'><strong>et</strong></span> <span class='ocrx_word' id='word_1_793' title='bbox 1174 5302 1612 5355; x_wconf 82' lang='lat' dir='ltr'><strong>demonstrantes</strong></span> <span class='ocrx_word' id='word_1_794' title='bbox 1672 5302 1865 5360; x_wconf 81' lang='lat' dir='ltr'><strong>indicia</strong></span> 
     </span>
    </p>
   </div>
   <div class='ocr_carea' id='block_1_100' title="bbox 356 5458 1861 5522">
    <p class='ocr_par' dir='ltr' id='par_1_100' title="bbox 356 5458 1861 5522">
     <span class='ocr_line' id='line_1_100' title="bbox 356 5458 1861 5522; baseline -0.001 -11"><span class='ocrx_word' id='word_1_795' title='bbox 356 5467 381 5494; x_wconf 70' lang='grc' dir='ltr'>δ</span> <span class='ocrx_word' id='word_1_796' title='bbox 412 5460 650 5514; x_wconf 84' lang='lat' dir='ltr'><strong>Aberant</strong></span> <span class='ocrx_word' id='word_1_797' title='bbox 677 5459 746 5514; x_wconf 91' lang='lat' dir='ltr'><strong>ab</strong></span> <span class='ocrx_word' id='word_1_798' title='bbox 767 5458 924 5513; x_wconf 85' lang='lat' dir='ltr'><strong>editis</strong></span> <span class='ocrx_word' id='word_1_799' title='bbox 952 5475 1070 5512; x_wconf 84' lang='lat' dir='ltr'><strong>vera</strong></span> <span class='ocrx_word' id='word_1_800' title='bbox 1097 5459 1332 5521; x_wconf 81' lang='lat' dir='ltr'><strong>libertas;</strong></span> <span class='ocrx_word' id='word_1_801' title='bbox 1356 5459 1408 5511; x_wconf 87' lang='lat' dir='ltr'><strong>id</strong></span> <span class='ocrx_word' id='word_1_802' title='bbox 1434 5467 1527 5522; x_wconf 87' lang='lat' dir='ltr'><strong>est,</strong></span> <span class='ocrx_word' id='word_1_803' title='bbox 1561 5466 1614 5511; x_wconf 85' lang='lat' dir='ltr'><strong>ut</strong></span> <span class='ocrx_word' id='word_1_804' title='bbox 1637 5458 1861 5511; x_wconf 85' lang='lat' dir='ltr'><strong>humana</strong></span> 
     </span>
    </p>
   </div>
   <div class='ocr_carea' id='block_1_101' title="bbox 286 5530 1595 5598">
    <p class='ocr_par' dir='ltr' id='par_1_101' title="bbox 286 5530 1595 5598">
     <span class='ocr_line' id='line_1_101' title="bbox 286 5530 1595 5598; baseline 0.004 -18"><span class='ocrx_word' id='word_1_805' title='bbox 286 5530 485 5583; x_wconf 64' lang='lat' dir='ltr'><strong>libertas</strong></span> <span class='ocrx_word' id='word_1_806' title='bbox 511 5531 693 5598; x_wconf 80' lang='lat' dir='ltr'><strong>ﬁeret;</strong></span> <span class='ocrx_word' id='word_1_807' title='bbox 720 5540 776 5584; x_wconf 89' lang='lat' dir='ltr'><strong>at</strong></span> <span class='ocrx_word' id='word_1_808' title='bbox 803 5531 1085 5584; x_wconf 89' lang='lat' dir='ltr'><strong>substituta</strong></span> <span class='ocrx_word' id='word_1_809' title='bbox 1116 5540 1237 5583; x_wconf 84' lang='lat' dir='ltr'><strong>sunt</strong></span> <span class='ocrx_word' id='word_1_810' title='bbox 1258 5530 1374 5583; x_wconf 68' lang='lat' dir='ltr'><strong>haec</strong></span> <span class='ocrx_word' id='word_1_811' title='bbox 1397 5546 1459 5583; x_wconf 81' lang='lat' dir='ltr'><strong>es</strong></span> <span class='ocrx_word' id='word_1_812' title='bbox 1494 5546 1595 5586; x_wconf 85' lang='lat' dir='ltr'><strong>ms.</strong></span> 
     </span>
    </p>
   </div>
   <div class='ocr_carea' id='block_1_102' title="bbox 355 5599 1860 5667">
    <p class='ocr_par' dir='ltr' id='par_1_102' title="bbox 355 5599 1860 5667">
     <span class='ocr_line' id='line_1_102' title="bbox 355 5599 1860 5667; baseline -0.003 -12"><span class='ocrx_word' id='word_1_813' title='bbox 355 5606 379 5637; x_wconf 68' lang='grc' dir='ltr'><strong><em>υ</em></strong></span> <span class='ocrx_word' id='word_1_814' title='bbox 412 5601 571 5663; x_wconf 83' lang='lat' dir='ltr'><strong>Editi,</strong></span> <span class='ocrx_word' id='word_1_815' title='bbox 599 5612 764 5667; x_wconf 83' lang='lat' dir='ltr'><strong>potest</strong></span> <span class='ocrx_word' id='word_1_816' title='bbox 795 5602 994 5653; x_wconf 78' lang='lat' dir='ltr'><strong>credere</strong></span> <span class='ocrx_word' id='word_1_817' title='bbox 1022 5604 1073 5653; x_wconf 84' lang='lat' dir='ltr'><strong>in</strong></span> <span class='ocrx_word' id='word_1_818' title='bbox 1102 5599 1242 5653; x_wconf 83' lang='lat' dir='ltr'><strong>Filio</strong></span> <span class='ocrx_word' id='word_1_819' title='bbox 1273 5601 1387 5653; x_wconf 84' lang='lat' dir='ltr'><strong>Dei.</strong></span> <span class='ocrx_word' id='word_1_820' title='bbox 1431 5604 1501 5655; x_wconf 80' lang='lat' dir='ltr'><strong>At</strong></span> <span class='ocrx_word' id='word_1_821' title='bbox 1542 5616 1668 5667; x_wconf 69' lang='lat' dir='ltr'><strong>ms.,</strong></span> <span class='ocrx_word' id='word_1_822' title='bbox 1702 5599 1860 5667; x_wconf 81' lang='lat' dir='ltr'><strong>possit</strong></span> 
     </span>
    </p>
   </div>
   <div class='ocr_carea' id='block_1_103' title="bbox 284 5668 1455 5740">
    <p class='ocr_par' dir='ltr' id='par_1_103' title="bbox 284 5668 1455 5740">
     <span class='ocr_line' id='line_1_103' title="bbox 284 5668 1455 5740; baseline 0.001 -17"><span class='ocrx_word' id='word_1_823' title='bbox 284 5672 479 5726; x_wconf 75' lang='lat' dir='ltr'><strong>credere</strong></span> <span class='ocrx_word' id='word_1_824' title='bbox 503 5684 592 5726; x_wconf 87' lang='lat' dir='ltr'><strong>aut</strong></span> <span class='ocrx_word' id='word_1_825' title='bbox 622 5672 777 5740; x_wconf 67' lang='lat' dir='ltr'><strong>velle,</strong></span> <span class='ocrx_word' id='word_1_826' title='bbox 803 5673 1062 5738; x_wconf 83' lang='lat' dir='ltr'><strong>abestque</strong></span> <span class='ocrx_word' id='word_1_827' title='bbox 1085 5673 1137 5726; x_wconf 86' lang='lat' dir='ltr'><strong>in</strong></span> <span class='ocrx_word' id='word_1_828' title='bbox 1166 5670 1304 5725; x_wconf 86' lang='lat' dir='ltr'><strong>Filio</strong></span> <span class='ocrx_word' id='word_1_829' title='bbox 1338 5668 1455 5725; x_wconf 85' lang='lat' dir='ltr'><strong>Dei.</strong></span> 
     </span>
    </p>
   </div>
   <div class='ocr_carea' id='block_1_104' title="bbox 1975 4558 3555 4634">
    <p class='ocr_par' dir='ltr' id='par_1_104' title="bbox 1975 4558 3555 4634">
     <span class='ocr_line' id='line_1_104' title="bbox 1975 4558 3555 4634; baseline -0.002 -18"><span class='ocrx_word' id='word_1_830' title='bbox 1975 4581 2077 4634; x_wconf 88' lang='lat' dir='ltr'><strong>que</strong></span> <span class='ocrx_word' id='word_1_831' title='bbox 2103 4563 2346 4618; x_wconf 79' lang='lat' dir='ltr'><strong>diStricte</strong></span> <span class='ocrx_word' id='word_1_832' title='bbox 2374 4561 2562 4615; x_wconf 90' lang='lat' dir='ltr'><strong>doctor</strong></span> <span class='ocrx_word' id='word_1_833' title='bbox 2591 4562 2840 4630; x_wconf 80' lang='lat' dir='ltr'><strong>egregius</strong></span> <span class='ocrx_word' id='word_1_834' title='bbox 2864 4561 2991 4613; x_wconf 91' lang='lat' dir='ltr'><strong>olim</strong></span> <span class='ocrx_word' id='word_1_835' title='bbox 3026 4559 3149 4613; x_wconf 90' lang='lat' dir='ltr'><strong>huic</strong></span> <span class='ocrx_word' id='word_1_836' title='bbox 3169 4558 3555 4613; x_wconf 76' lang='lat' dir='ltr'><strong>controversia:</strong></span> 
     </span>
    </p>
   </div>
   <div class='ocr_carea' id='block_1_105' title="bbox 1975 4651 3551 4723">
    <p class='ocr_par' dir='ltr' id='par_1_105' title="bbox 1975 4651 3551 4723">
     <span class='ocr_line' id='line_1_105' title="bbox 1975 4651 3551 4723; baseline -0.003 -13"><span class='ocrx_word' id='word_1_837' title='bbox 1975 4658 2132 4710; x_wconf 84' lang='lat' dir='ltr'><strong>tinem</strong></span> <span class='ocrx_word' id='word_1_838' title='bbox 2166 4655 2581 4722; x_wconf 89' lang='lat' dir='ltr'><strong>posuit,docens</strong></span> <span class='ocrx_word' id='word_1_839' title='bbox 2610 4667 2702 4723; x_wconf 89' lang='lat' dir='ltr'><strong>per</strong></span> <span class='ocrx_word' id='word_1_840' title='bbox 2725 4653 2865 4706; x_wconf 87' lang='lat' dir='ltr'><strong>hanc</strong></span> <span class='ocrx_word' id='word_1_841' title='bbox 2888 4666 3124 4720; x_wconf 86' lang='lat' dir='ltr'><strong>precem,</strong></span> <span class='ocrx_word' id='word_1_842' title='bbox 3151 4667 3254 4704; x_wconf 91' lang='lat' dir='ltr'><strong>non</strong></span> <span class='ocrx_word' id='word_1_843' title='bbox 3273 4667 3303 4705; x_wconf 89' lang='lat' dir='ltr'><strong>a</strong></span> <span class='ocrx_word' id='word_1_844' title='bbox 3321 4667 3379 4706; x_wconf 90' lang='lat' dir='ltr'><strong>se</strong></span> <span class='ocrx_word' id='word_1_845' title='bbox 3404 4651 3551 4719; x_wconf 86' lang='lat' dir='ltr'><strong>ipsis,</strong></span> 
     </span>
    </p>
   </div>
   <div class='ocr_carea' id='block_1_106' title="bbox 1980 4742 3555 4805">
    <p class='ocr_par' dir='ltr' id='par_1_106' title="bbox 1980 4742 3555 4805">
     <span class='ocr_line' id='line_1_106' title="bbox 1980 4742 3555 4805; baseline -0.004 -3"><span class='ocrx_word' id='word_1_846' title='bbox 1980 4748 2075 4803; x_wconf 90' lang='lat' dir='ltr'><strong>sed</strong></span> <span class='ocrx_word' id='word_1_847' title='bbox 2107 4764 2133 4800; x_wconf 89' lang='lat' dir='ltr'><strong>a</strong></span> <span class='ocrx_word' id='word_1_848' title='bbox 2167 4747 2276 4800; x_wconf 90' lang='lat' dir='ltr'><strong>Deo</strong></span> <span class='ocrx_word' id='word_1_849' title='bbox 2307 4746 2475 4799; x_wconf 91' lang='lat' dir='ltr'><strong>malos</strong></span> <span class='ocrx_word' id='word_1_850' title='bbox 2502 4744 2745 4798; x_wconf 86' lang='lat' dir='ltr'><strong>homines</strong></span> <span class='ocrx_word' id='word_1_851' title='bbox 2784 4743 2952 4796; x_wconf 89' lang='lat' dir='ltr'><strong>bonos</strong></span> <span class='ocrx_word' id='word_1_852' title='bbox 2996 4744 3129 4805; x_wconf 87' lang='lat' dir='ltr'><strong>tieri,</strong></span> <span class='ocrx_word' id='word_1_853' title='bbox 3179 4757 3279 4796; x_wconf 89' lang='lat' dir='ltr'><strong>nec</strong></span> <span class='ocrx_word' id='word_1_854' title='bbox 3324 4750 3418 4795; x_wconf 77' lang='lat' dir='ltr'><strong>so’a</strong></span> <span class='ocrx_word' id='word_1_855' title='bbox 3450 4742 3555 4796; x_wconf 82' lang='lat' dir='ltr'><strong>vir-</strong></span> 
     </span>
    </p>
   </div>
   <div class='ocr_carea' id='block_1_107' title="bbox 1979 4835 3556 4905">
    <p class='ocr_par' dir='ltr' id='par_1_107' title="bbox 1979 4835 3556 4905">
     <span class='ocr_line' id='line_1_107' title="bbox 1979 4835 3556 4905; baseline -0.001 -11"><span class='ocrx_word' id='word_1_856' title='bbox 1979 4849 2114 4903; x_wconf 89' lang='lat' dir='ltr'><strong>tute,</strong></span> <span class='ocrx_word' id='word_1_857' title='bbox 2145 4838 2237 4892; x_wconf 92' lang='lat' dir='ltr'><strong>sed</strong></span> <span class='ocrx_word' id='word_1_858' title='bbox 2268 4837 2681 4905; x_wconf 74' lang='lat' dir='ltr'><strong>divinzegratiae</strong></span> <span class='ocrx_word' id='word_1_859' title='bbox 2713 4835 3004 4903; x_wconf 84' lang='lat' dir='ltr'><strong>adjutorio,</strong></span> <span class='ocrx_word' id='word_1_860' title='bbox 3049 4835 3104 4889; x_wconf 90' lang='lat' dir='ltr'><strong>in</strong></span> <span class='ocrx_word' id='word_1_861' title='bbox 3154 4835 3267 4903; x_wconf 86' lang='lat' dir='ltr'><strong>ipsa</strong></span> <span class='ocrx_word' id='word_1_862' title='bbox 3316 4835 3556 4892; x_wconf 85' lang='lat' dir='ltr'><strong>bonitate</strong></span> 
     </span>
    </p>
   </div>
   <div class='ocr_carea' id='block_1_108' title="bbox 1979 4926 3555 5000">
    <p class='ocr_par' dir='ltr' id='par_1_108' title="bbox 1979 4926 3555 5000">
     <span class='ocr_line' id='line_1_108' title="bbox 1979 4926 3555 5000; baseline -0.003 -15"><span class='ocrx_word' id='word_1_863' title='bbox 1979 4943 2343 5000; x_wconf 89' lang='lat' dir='ltr'><strong>perseverare.</strong></span> <span class='ocrx_word' id='word_1_864' title='bbox 2373 4928 2632 4982; x_wconf 89' lang='lat' dir='ltr'><strong>Similiter</strong></span> <span class='ocrx_word' id='word_1_865' title='bbox 2662 4926 2847 4979; x_wconf 82' lang='lat' dir='ltr'><strong>beatus</strong></span> <span class='ocrx_word' id='word_1_866' title='bbox 2879 4926 3218 4981; x_wconf 85' lang='lat' dir='ltr'><strong>Innocentius</strong></span> <span class='ocrx_word' id='word_1_867' title='bbox 3248 4928 3555 4987; x_wconf 72' lang='lat' dir='ltr'><strong>ai-ostolicze</strong></span> 
     </span>
    </p>
   </div>
   <div class='ocr_carea' id='block_1_109' title="bbox 1974 5017 3561 5087">
    <p class='ocr_par' dir='ltr' id='par_1_109' title="bbox 1974 5017 3561 5087">
     <span class='ocr_line' id='line_1_109' title="bbox 1974 5017 3561 5087; baseline -0.004 -9"><span class='ocrx_word' id='word_1_868' title='bbox 1974 5023 2119 5078; x_wconf 89' lang='lat' dir='ltr'><strong>sedis</strong></span> <span class='ocrx_word' id='word_1_869' title='bbox 2165 5020 2409 5087; x_wconf 89' lang='lat' dir='ltr'><strong>antistes,</strong></span> <span class='ocrx_word' id='word_1_870' title='bbox 2453 5020 2505 5072; x_wconf 91' lang='lat' dir='ltr'><strong>in</strong></span> <span class='ocrx_word' id='word_1_871' title='bbox 2559 5018 2783 5086; x_wconf 90' lang='lat' dir='ltr'><strong>epistola</strong></span> <span class='ocrx_word' id='word_1_872' title='bbox 2834 5017 2900 5071; x_wconf 90' lang='lat' dir='ltr'><strong>ad</strong></span> <span class='ocrx_word' id='word_1_873' title='bbox 2956 5018 3242 5071; x_wconf 91' lang='lat' dir='ltr'><strong>concilium</strong></span> <span class='ocrx_word' id='word_1_874' title='bbox 3298 5018 3561 5072; x_wconf 83' lang='lat' dir='ltr'><strong>Milevita-</strong></span> 
     </span>
    </p>
   </div>
   <div class='ocr_carea' id='block_1_110' title="bbox 1978 5111 3555 5178">
    <p class='ocr_par' dir='ltr' id='par_1_110' title="bbox 1978 5111 3555 5178">
     <span class='ocr_line' id='line_1_110' title="bbox 1978 5111 3555 5178; baseline -0.003 -11"><span class='ocrx_word' id='word_1_875' title='bbox 1978 5130 2102 5168; x_wconf 90' lang='lat' dir='ltr'><strong>num</strong></span> <span class='ocrx_word' id='word_1_876' title='bbox 2135 5123 2197 5166; x_wconf 73' lang='grc' dir='ltr'><em>’τ</em></span> <span class='ocrx_word' id='word_1_877' title='bbox 2237 5131 2254 5162; x_wconf 81' lang='grc' dir='ltr'><strong>ι</strong></span> <span class='ocrx_word' id='word_1_878' title='bbox 2293 5111 2502 5171; x_wconf 88' lang='lat' dir='ltr'><strong>Omnia,</strong></span> <span class='ocrx_word' id='word_1_879' title='bbox 2538 5111 2728 5178; x_wconf 84' lang='lat' dir='ltr'><strong>inquit,</strong></span> <span class='ocrx_word' id='word_1_880' title='bbox 2776 5111 2950 5163; x_wconf 83' lang='lat' dir='ltr'><strong>studia</strong></span> <span class='ocrx_word' id='word_1_881' title='bbox 2999 5118 3054 5164; x_wconf 89' lang='lat' dir='ltr'><strong>et</strong></span> <span class='ocrx_word' id='word_1_882' title='bbox 3091 5111 3268 5163; x_wconf 85' lang='lat' dir='ltr'><strong>omnia</strong></span> <span class='ocrx_word' id='word_1_883' title='bbox 3299 5125 3461 5177; x_wconf 91' lang='lat' dir='ltr'><strong>opera</strong></span> <span class='ocrx_word' id='word_1_884' title='bbox 3494 5123 3555 5162; x_wconf 88' lang='lat' dir='ltr'><strong>ac</strong></span> 
     </span>
    </p>
   </div>
   <div class='ocr_carea' id='block_1_111' title="bbox 1979 5198 3554 5268">
    <p class='ocr_par' dir='ltr' id='par_1_111' title="bbox 1979 5198 3554 5268">
     <span class='ocr_line' id='line_1_111' title="bbox 1979 5198 3554 5268; baseline -0.005 -9"><span class='ocrx_word' id='word_1_885' title='bbox 1979 5205 2166 5259; x_wconf 84' lang='lat' dir='ltr'><strong>merita</strong></span> <span class='ocrx_word' id='word_1_886' title='bbox 2196 5212 2503 5256; x_wconf 88' lang='lat' dir='ltr'><strong>sanctorum</strong></span> <span class='ocrx_word' id='word_1_887' title='bbox 2562 5202 2626 5253; x_wconf 89' lang='lat' dir='ltr'><strong>ad</strong></span> <span class='ocrx_word' id='word_1_888' title='bbox 2661 5202 2749 5255; x_wconf 80' lang='lat' dir='ltr'><strong>Dei</strong></span> <span class='ocrx_word' id='word_1_889' title='bbox 2792 5201 3016 5268; x_wconf 81' lang='lat' dir='ltr'><strong>gloriam</strong></span> <span class='ocrx_word' id='word_1_890' title='bbox 3067 5201 3388 5268; x_wconf 82' lang='lat' dir='ltr'><strong>laudemque</strong></span> <span class='ocrx_word' id='word_1_891' title='bbox 3416 5198 3554 5251; x_wconf 79' lang='lat' dir='ltr'><strong>rele-</strong></span> 
     </span>
    </p>
   </div>
   <div class='ocr_carea' id='block_1_112' title="bbox 1981 5293 3555 5363">
    <p class='ocr_par' dir='ltr' id='par_1_112' title="bbox 1981 5293 3555 5363">
     <span class='ocr_line' id='line_1_112' title="bbox 1981 5293 3555 5363; baseline -0.003 -12"><span class='ocrx_word' id='word_1_892' title='bbox 1981 5298 2143 5352; x_wconf 89' lang='lat' dir='ltr'><strong>renda</strong></span> <span class='ocrx_word' id='word_1_893' title='bbox 2170 5304 2296 5349; x_wconf 91' lang='lat' dir='ltr'><strong>sunt</strong></span> <span class='ocrx_word' id='word_1_894' title='bbox 2325 5312 2336 5347; x_wconf 75' lang='grc' dir='ltr'>ε</span> <span class='ocrx_word' id='word_1_895' title='bbox 2371 5295 2495 5363; x_wconf 89' lang='lat' dir='ltr'><strong>quia</strong></span> <span class='ocrx_word' id='word_1_896' title='bbox 2525 5308 2683 5348; x_wconf 90' lang='lat' dir='ltr'><strong>nemo</strong></span> <span class='ocrx_word' id='word_1_897' title='bbox 2710 5296 2758 5348; x_wconf 90' lang='lat' dir='ltr'><strong>ei</strong></span> <span class='ocrx_word' id='word_1_898' title='bbox 2787 5294 3004 5348; x_wconf 83' lang='lat' dir='ltr'><strong>aliunde</strong></span> <span class='ocrx_word' id='word_1_899' title='bbox 3031 5294 3225 5363; x_wconf 82' lang='lat' dir='ltr'><strong>placet,</strong></span> <span class='ocrx_word' id='word_1_900' title='bbox 3254 5293 3353 5345; x_wconf 90' lang='lat' dir='ltr'><strong>nisi</strong></span> <span class='ocrx_word' id='word_1_901' title='bbox 3390 5306 3454 5346; x_wconf 83' lang='lat' dir='ltr'><strong>ex</strong></span> <span class='ocrx_word' id='word_1_902' title='bbox 3488 5308 3555 5346; x_wconf 88' lang='lat' dir='ltr'><strong>co</strong></span> 
     </span>
    </p>
   </div>
   <div class='ocr_carea' id='block_1_113' title="bbox 2046 5446 3551 5523">
    <p class='ocr_par' dir='ltr' id='par_1_113' title="bbox 2046 5446 3551 5523">
     <span class='ocr_line' id='line_1_113' title="bbox 2046 5446 3551 5523; baseline -0.002 -15"><span class='ocrx_word' id='word_1_903' title='bbox 2046 5464 2067 5491; x_wconf 74' lang='grc' dir='ltr'><strong><em>ο</em></strong></span> <span class='ocrx_word' id='word_1_904' title='bbox 2104 5453 2270 5518; x_wconf 90' lang='lat' dir='ltr'><strong>Editi,</strong></span> <span class='ocrx_word' id='word_1_905' title='bbox 2302 5467 2575 5521; x_wconf 88' lang='lat' dir='ltr'><strong>earumque</strong></span> <span class='ocrx_word' id='word_1_906' title='bbox 2612 5455 3010 5523; x_wconf 75' lang='lat' dir='ltr'><strong>confessionem;</strong></span> <span class='ocrx_word' id='word_1_907' title='bbox 3054 5450 3144 5504; x_wconf 81' lang='lat' dir='ltr'><strong>Sed</strong></span> <span class='ocrx_word' id='word_1_908' title='bbox 3193 5446 3391 5503; x_wconf 89' lang='lat' dir='ltr'><strong>rectius</strong></span> <span class='ocrx_word' id='word_1_909' title='bbox 3422 5465 3551 5516; x_wconf 87' lang='lat' dir='ltr'><strong>ms.,</strong></span> 
     </span>
    </p>
   </div>
   <div class='ocr_carea' id='block_1_114' title="bbox 1970 5526 2675 5592">
    <p class='ocr_par' dir='ltr' id='par_1_114' title="bbox 1970 5526 2675 5592">
     <span class='ocr_line' id='line_1_114' title="bbox 1970 5526 2675 5592; baseline -0.001 -14"><span class='ocrx_word' id='word_1_910' title='bbox 1970 5526 2447 5592; x_wconf 84' lang='lat' dir='ltr'><strong>consensionemque</strong></span> <span class='ocrx_word' id='word_1_911' title='bbox 2475 5539 2675 5578; x_wconf 84' lang='lat' dir='ltr'><strong>eorum.</strong></span> 
     </span>
    </p>
   </div>
   <div class='ocr_carea' id='block_1_115' title="bbox 2042 5594 3244 5662">
    <p class='ocr_par' dir='ltr' id='par_1_115' title="bbox 2042 5594 3244 5662">
     <span class='ocr_line' id='line_1_115' title="bbox 2042 5594 3244 5662; baseline -0.005 -11"><span class='ocrx_word' id='word_1_912' title='bbox 2042 5595 2068 5632; x_wconf 71' lang='grc' dir='ltr'>ά</span> <span class='ocrx_word' id='word_1_913' title='bbox 2093 5596 2183 5651; x_wconf 88' lang='lat' dir='ltr'><strong>Sic</strong></span> <span class='ocrx_word' id='word_1_914' title='bbox 2201 5610 2328 5658; x_wconf 87' lang='lat' dir='ltr'><strong>ms.;</strong></span> <span class='ocrx_word' id='word_1_915' title='bbox 2360 5604 2415 5647; x_wconf 86' lang='lat' dir='ltr'><strong>at</strong></span> <span class='ocrx_word' id='word_1_916' title='bbox 2444 5594 2494 5647; x_wconf 92' lang='lat' dir='ltr'><strong>in</strong></span> <span class='ocrx_word' id='word_1_917' title='bbox 2524 5595 2764 5655; x_wconf 84' lang='lat' dir='ltr'><strong>excusis,</strong></span> <span class='ocrx_word' id='word_1_918' title='bbox 2799 5604 2845 5646; x_wconf 88' lang='lat' dir='ltr'><strong>et</strong></span> <span class='ocrx_word' id='word_1_919' title='bbox 2877 5594 3244 5662; x_wconf 85' lang='lat' dir='ltr'><strong>operationem.</strong></span> 
     </span>
    </p>
   </div>
   <div class='ocr_carea' id='block_1_116' title="bbox 2042 5665 2846 5731">
    <p class='ocr_par' dir='ltr' id='par_1_116' title="bbox 2042 5665 2846 5731">
     <span class='ocr_line' id='line_1_116' title="bbox 2042 5665 2846 5731; baseline -0.009 -6"><span class='ocrx_word' id='word_1_920' title='bbox 2042 5676 2064 5703; x_wconf 72' lang='grc' dir='ltr'><strong>ε</strong></span> <span class='ocrx_word' id='word_1_921' title='bbox 2097 5667 2226 5724; x_wconf 81' lang='lat' dir='ltr'><strong>Vide</strong></span> <span class='ocrx_word' id='word_1_922' title='bbox 2249 5668 2302 5722; x_wconf 88' lang='lat' dir='ltr'><strong>in</strong></span> <span class='ocrx_word' id='word_1_923' title='bbox 2332 5665 2607 5724; x_wconf 71' lang='lat' dir='ltr'><strong>leestini</strong></span> <span class='ocrx_word' id='word_1_924' title='bbox 2644 5679 2762 5731; x_wconf 87' lang='lat' dir='ltr'><strong>cap.</strong></span> <span class='ocrx_word' id='word_1_925' title='bbox 2791 5668 2846 5718; x_wconf 75' lang='lat'><strong>8.</strong></span> 
     </span>
    </p>
   </div>
  </div>
