4040 6184
439 247 499 303 91
1014 227 1212 283 PETRI
1252 225 1520 283 DIACONI
1560 225 1762 280 LIBER
1800 224 1889 280 DE
1926 219 2428 279 INCARNATIONE
2465 220 2552 275 ET
2591 217 2887 284 GRATIA,
2927 213 3080 270 ETC.
3624 212 3698 266 92

428 343 568 410 quod
601 343 714 413 ipse
743 342 1044 398 donaverit.
1071 361 1089 395 ι
1112 342 1265 410 Quod
1295 341 1625 408 diligentius,
1648 337 2010 392 tuanifestius-
2037 338 2087 397 Α
2115 336 2207 389 lilii
2236 336 2476 391 caritatis
2503 350 2613 388 suae
2662 331 2801 402 (Col.
2833 347 2871 385 ι.
2902 328 3015 399 15),
3064 336 3118 383 et
3160 340 3226 381 ex
3268 324 3410 379 vasis
3443 325 3537 379 ira:
3568 323 3693 379 facit

429 452 532 506 que
580 439 631 490 in
678 436 1029 505 epistola‘sua
1061 445 1087 472 ει
1116 435 1183 489 ad
1221 450 1408 502 papam
1448 432 1722 487 Zozimum
1757 472 1773 497 ,
1840 429 2006 498 repli-

430 527 625 592 cando,
680 528 845 593 ipsius
902 540 1050 596 papa:
1094 527 1417 580 sententiam
1449 523 1719 592 explicant
1762 520 2008 575 Africana

431 617 662 672 concilia
692 616 958 671 dicendo:
994 616 1128 670 Illud
1167 626 1349 670 autem
1395 615 1536 683 quod
1569 614 1622 667 in
1654 612 1846 666 litteris
1876 623 2009 681 quas

431 709 498 763 ad
523 709 802 763 universas
831 706 1139 777 provincias
1183 705 1385 759 curasti
1416 718 1537 758 esse
1565 701 1877 766 mittendas,
1911 714 2010 770 po-

432 800 608 865 suisti,
654 798 877 852 dicens:
915 816 934 847 ι
968 796 1075 850 Nos
1118 804 1295 849 tamen
1344 795 1604 848 instinctu
1654 792 1750 846 Dei
1804 791 2010 861 (omnia

433 892 572 943 enim
601 894 733 944 bona
757 891 820 943 ad
854 900 1126 944 auctorem
1172 905 1326 943 suum
1358 888 1643 943 referenda
1690 896 1837 955 sunt,
1872 886 2013 940 unde

436 982 744 1051 nascuntur)
780 982 846 1035 ad
886 980 1110 1036 fratrum
1142 989 1198 1036 et
1228 980 1675 1049 coepiscoporum
1708 987 2014 1036 nostrorum

436 1074 820 1128 conscientiam
853 1076 1108 1128 universa
1139 1074 1421 1128 retulimus
1448 1091 1461 1126 :
1493 1075 1571 1127 sic
1615 1072 1909 1141 accipimus
1934 1073 2017 1126 di-

437 1180 605 1234 ctum,
633 1178 691 1223 ut
720 1171 838 1223 illos
866 1170 957 1239 qui
986 1178 1172 1224 contra
1224 1169 1319 1223 Dei
1381 1167 1703 1236 adjutorium
1750 1166 2017 1221 extollunt

437 1260 641 1314 arbitrii
686 1260 1006 1324 libertatem,
1057 1260 1307 1313 districto
1355 1258 1533 1327 gladio
1579 1256 1821 1311 veritatis
1872 1256 2017 1311 velut

440 1353 636 1405 cursim
669 1351 938 1405 transiens
965 1362 1291 1419 amputares.
1334 1350 1469 1416 Quid
1500 1349 1645 1404 enim
1687 1358 1795 1402 tam
1847 1348 2017 1403 libero

440 1443 609 1498 fecisti
654 1442 899 1506 arbitrio,
929 1458 1088 1511 quam
1140 1442 1282 1510 quod
1336 1441 1585 1495 universa
1617 1439 1670 1493 in
1699 1438 2019 1495 humilitatis

440 1544 639 1588 nostra:
662 1533 1045 1586 conscientiam
1078 1532 1340 1587 retulisti?
1369 1542 1423 1587 et
1446 1542 1625 1586 tamen
1649 1533 1900 1588 instinctu
1920 1532 2017 1588 Dei

440 1626 629 1679 factum
665 1624 895 1678 fideliter
916 1624 1297 1693 sapienterque
1326 1624 1522 1689 vidisti,
1556 1626 1824 1680 veraciter
1851 1625 2017 1681 fiden-

2113 441 2241 482 vasa
2284 425 2670 481 misericordia:
2703 424 2880 493 (Hom.
2906 436 2980 486 ιι,
3010 419 3103 483 2'2,
3130 417 3242 487 25).
3273 417 3427 484 Quod
3450 416 3587 471 adeo
3613 424 3695 469 to-

2113 526 2223 573 tum
2252 516 2418 571 divini
2446 514 2627 584 cperis
2649 528 2772 568 esse
2802 511 3049 574 sentitur,
3084 518 3143 563 ut
3164 507 3278 563 haec
3303 506 3559 561 cfficienti
3582 506 3694 561 Deo

2111 609 2405 678 gratiarum
2437 619 2655 672 semper
2679 604 2817 657 actio
2846 600 3123 668 laudisque
3152 595 3421 652 confessio
3453 610 3547 665 pro
3570 595 3694 649 illu-

2117 698 2414 753 minatione
2452 696 2660 761 talium,
2692 692 2780 747 vel
2810 690 3148 745 correctione
3170 686 3450 741 referatur.
3493 705 3510 736 ι
3551 684 3692 738 Rur-

2114 804 2207 843 sus
2237 798 2355 858 post
2391 800 2593 855 pauca:
2633 803 2651 836 ι
2692 793 2715 820 ε
2748 784 2842 836 llis
2872 796 3022 850 ergo,
3074 778 3265 847 inquit,
3311 777 3694 833 ecclesiasticis

2115 879 2309 949 regulis
2337 888 2389 931 et
2415 892 2480 932 ex
2505 877 2687 930 divina
2718 873 2947 942 sumptis
2978 871 3298 924 auctoritate
3332 868 3690 936 documentis,

2116 974 2186 1027 ita
2220 971 2507 1039 adjuvante
2530 967 2756 1023 Domino
2785 965 3086 1021 confirmati
3116 976 3324 1028 sumus,
3358 971 3414 1015 ut
3450 961 3693 1015 omnium

2116 1064 2377 1118 bonorum
2407 1060 2689 1116 affectuum
2735 1068 2895 1126 atque
2933 1070 3179 1125 operum,
3212 1064 3264 1108 et
3295 1054 3535 1108 omnium
3580 1061 3694 1105 stu~

2117 1155 2326 1210 diorum
2370 1154 2715 1221 omniumque
2760 1150 3037 1211 virtutum,
3071 1147 3263 1217 quibus
3292 1146 3360 1199 ab
3391 1146 3543 1199 initio
3571 1144 3693 1198 fit‘ei

2119 1251 2184 1305 ad
2210 1249 2377 1303 Deum
2413 1247 2666 1310 tenditur,
2701 1244 2869 1298 Deum
2900 1240 3248 1310 profiteamur
3293 1245 3603 1301 auctorem;
3636 1245 3691 1289 et

2118 1357 2221 1395 non
2243 1340 2525 1393 dubitemus
2557 1338 2622 1392 ab
2651 1336 2819 1405 ipsius
2847 1334 3017 1404 gratia
3045 1330 3220 1385 omnis
3253 1330 3485 1384 hominis
3507 1332 3694 1383 merita

2119 1431 2424 1503 prmveniri,
2460 1445 2551 1498 per
2579 1444 2735 1498 quem
2770 1426 2828 1480 fit
2856 1435 2912 1480 ut
2933 1425 3130 1495 aliquid
3162 1424 3284 1478 boni
3322 1432 3376 1477 et
3401 1422 3535 1477 velle
3562 1421 3693 1475 inri-

2119 1525 2348 1593 piamus,
2376 1531 2431 1575 et
2458 1521 2654 1593 facere.
2680 1518 2798 1585 Quo
2824 1517 3008 1583 utique
3026 1515 3245 1579 auxilio,
3277 1523 3332 1569 et
3360 1527 3581 1567 munere
3602 1512 3694 1569 Dei

2120 1632 2223 1671 non
2252 1615 2484 1684 aufertur
2527 1588 2741 1666 liberum
2769 1609 3060 1674 arbitrium,
3090 1607 3178 1661 sed
3218 1607 3495 1669 liberatur;
3534 1613 3595 1659 ut
3628 1605 3695 1659 de

441 1726 627 1787 terque
649 1718 853 1783 dixisti,
882 1717 1004 1772 ideo
1036 1719 1215 1783 utique
1237 1719 1357 1785 quia
1391 1726 1712 1787 prmparatur
1735 1718 1967 1773 voluntas
1987 1736 2019 1773 a

2127 1705 2412 1760 tenebroso
2464 1702 2721 1768 lucidum,
2753 1699 2818 1753 de
2847 1713 3012 1767 pravo
3056 1708 3282 1762 rectum,
3331 1696 3397 1750 de
3448 1695 3696 1763 languido

442 1809 661 1862 Domino
685 1807 899 1879 (Ibid.),
932 1817 986 1863 et
1014 1818 1075 1862 ut
1110 1809 1233 1863 boni
1258 1807 1459 1878 aliquid
1488 1820 1643 1877 agant
1674 1811 1910 1880 paternis
1935 1812 2019 1865 itt-

440 1901 824 1967 spirationibus
877 1902 1098 1955 suorum
1148 1901 1261 1967 ipse
1312 1899 1479 1968 tangit
1526 1902 1690 1955 corda
1738 1902 2017 1956 filiorum:

447 1993 703 2058 Quotquot
741 1992 871 2045 enim
913 1992 1097 2061 spiritu
1146 1991 1243 2044 Dei
1289 2002 1534 2061 aguntur,
1568 1992 1621 2045 hi
1652 1993 1747 2060 ﬁlii
1773 2000 1893 2045 sunt
1925 1993 2020 2046 Dei

442 2084 628 2152 (Rom.
672 2099 786 2148 vm,
827 2082 954 2151 54);
990 2093 1046 2136 ttt
1077 2097 1175 2136 nec
1204 2092 1448 2138 nostrum
1479 2082 1674 2137 deesse
1724 2084 2020 2139 sentiamus

441 2177 743 2243 arbitrium,
776 2185 830 2231 et
860 2176 911 2228 itt
938 2175 1089 2229 bonis
1127 2176 1431 2244 quibusque
1459 2176 1748 2230 voluntatis
1773 2176 2018 2232 humanae

443 2267 667 2335 singulis
714 2266 973 2330 motibus,
1007 2265 1178 2335 magis
1222 2266 1365 2320 illius
1403 2268 1704 2335 praevenire
1733 2283 1838 2321 non
1867 2268 2021 2323 dubi-

444 2364 619 2411 temus
648 2359 904 2427 gratiam;
934 2359 1074 2426 quod
1100 2359 1169 2412 ita
1196 2358 1336 2413 Deus
1367 2360 1419 2413 in
1446 2359 1703 2414 cordibus
1720 2360 2017 2431 hominum,

444 2459 603 2520 atque
628 2451 683 2505 in
715 2451 833 2519 ipso
860 2450 1032 2505 libero
1070 2460 1325 2519 operetur
1358 2451 1598 2515 arbitrio,
1633 2462 1689 2506 ttt
1716 2464 1897 2506 sancta
1929 2468 2020 2509 co-

442 2543 649 2611 gitatio,
683 2544 825 2611 pium
860 2544 1162 2610 consilium,
1195 2545 1476 2612 omnisque
1520 2557 1696 2598 motus
1740 2544 1894 2598 bona:
1931 2559 2023 2600 vo-

444 2634 664 2688 luntatis
684 2649 749 2688 ex
788 2634 899 2689 Deo
926 2635 1018 2699 sit,
1047 2636 1171 2702 quia
1206 2649 1303 2703 per
1331 2634 1479 2689 illum
1510 2635 1708 2704 aliquid
1744 2635 1869 2690 boni
1903 2651 2025 2704 pos-

444 2738 665 2788 sumus;
720 2724 838 2777 sine
887 2739 994 2793 quo
1043 2725 1175 2778 nihil
1229 2740 1532 2793 possumus.
1580 2745 1599 2777 r
1643 2726 1735 2780 llis
1786 2741 2023 2796 congrue

378 2826 385 2843 '
444 2815 787 2869 beatissimus
811 2815 1134 2870 leestinus
1160 2818 1213 2870 in
1243 2816 1467 2885 epistola
1498 2818 1566 2873 ad
1596 2817 1778 2874 Gallos
1799 2819 1922 2873 data
1944 2818 1972 2857 ι)
2005 2838 2019 2874 :

452 2924 471 2957 ‹
508 2906 639 2960 Cum
676 2908 845 2971 enim,
890 2908 1084 2978 inquit,
1135 2918 1441 2964 sanctarum
1488 2910 1722 2979 plebium
1768 2914 2024 2979 praesules

449 2999 698 3053 mandata
745 3000 847 3053 sibi
906 3000 1172 3069 legatione
1207 3012 1231 3041 ο
1265 3002 1558 3072 funguntur
1603 3003 1743 3071 apud
1790 3003 2023 3059 divinam

447 3090 815 3159 clementiam,
850 3091 1064 3145 humani
1103 3093 1315 3161 generis
1347 3105 1513 3162 agunt
1562 3110 1800 3161 causam,
1830 3107 1883 3149 et
1916 3107 2020 3151 tota
2054 3064 2099 3126 C

449 3194 630 3234 secum
651 3180 886 3234 Ecclesia
907 3183 1335 3251 congetniscente
1364 3184 1632 3252 postulant
1649 3196 1701 3240 et
1720 3196 2024 3253 precantur,

452 3280 509 3324 ut
540 3271 842 3327 infidelibus
871 3273 1097 3328 donetur
1129 3275 1282 3342 fides,
1315 3286 1370 3329 ut
1395 3277 1692 3333 idololatra:
1712 3279 1778 3333 ab
1802 3281 2026 3334 infideli-

448 3359 571 3414 tatis
597 3375 707 3414 suae
734 3361 1028 3417 liberentur
1053 3365 1359 3431 erroribus;
1386 3379 1442 3421 ut
1469 3367 1688 3436 Judazis,
1711 3370 1886 3423 ablato
1907 3384 2028 3426 cor-

449 3450 531 3504 dis
567 3452 851 3517 velamine,
900 3453 986 3507 lux
1040 3456 1279 3509 veritatis
1324 3466 1611 3525 appareat;
1654 3468 1712 3513 ut
1757 3458 2020 3529 bmrelici,

450 3545 727 3597 catholicae
760 3546 882 3600 fidei
912 3547 1255 3616 perceptione
1302 3552 1639 3619 resipiscam,
1680 3559 1740 3605 ut
1766 3551 2029 3605 schisma-

449 3633 543 3687 tici
585 3634 829 3701 spiritum
871 3638 1123 3692 rediviva:
1165 3639 1405 3693 caritatis
1447 3642 1730 3709 accipiant,
1777 3652 1836 3698 ut
1866 3644 2030 3713 lapsis

452 3726 781 3793 ptenitentiae
815 3728 1049 3783 remedia
1090 3730 1458 3797 conferantur,
1508 3741 1569 3787 ut
1611 3733 1843 3804 denique
1885 3749 2032 3790 cate-

451 3814 735 3869 chumenis
780 3818 846 3871 ad
888 3820 1308 3887 regenerationis
1357 3834 1693 3877 sacramenta
1735 3824 2030 3893 perductis,

450 3907 685 3961 caelestis
713 3909 1096 3964 misericordiae
1123 3914 1239 3965 aula
1266 3924 1556 3966 reseretur.
1581 3913 1705 3969 Haec
1721 3926 1897 3969 autem
1923 3933 2027 3970 non

452 3996 834 4065 perfunctorie,
870 4014 1042 4069 neque
1084 4000 1313 4055 inaniter
1335 4017 1363 4055 a
1396 4001 1627 4056 Domino
1657 4004 1761 4072 peti
1793 4004 1819 4040 ά
1850 4021 2028 4059 rerum

450 4088 685 4157 ipsarum
717 4101 978 4145 monstrat
1008 4091 1261 4158 effectus;
1296 4095 1729 4165 quandoquidem
1758 4111 1827 4152 ex
1877 4112 2021 4152 Otum

451 4194 691 4235 errorum
733 4198 932 4253 genere
967 4183 1231 4253 plurimos
1262 4185 1846 4256 dignatur-attrahere,
1897 4206 2034 4259 quos

451 4288 647 4330 eruens
677 4276 743 4331 de
764 4284 1027 4345 potestate
1048 4279 1410 4349 tenebrarum,
1437 4280 1693 4337 transfert
1719 4282 1773 4337 in
1805 4298 2032 4353 regnum

2121 1812 2330 1861 sanum,
2361 1796 2429 1849 de
2459 1792 2781 1863 imprudenti
2810 1792 2877 1844 sit
2908 1788 3207 1858 providum.
3249 1806 3267 1838 ι
3303 1786 3579 1840 Terminat
3603 1801 3697 1840 au-

2124 1900 2228 1944 tem
2258 1890 2398 1943 idem
2432 1887 2685 1956 magister
2715 1884 2852 1938 lianc
2880 1884 3048 1951 ipsam
3077 1878 3359 1949 epistolam
3382 1887 3540 1946 atque
3569 1893 3698 1933 con—

2123 1981 2289 2037 cludit
2315 1981 2408 2045 ita,
2437 1980 2655 2033 dicens:
2693 1974 2712 2013 f
2753 1994 2772 2026 ‹
2810 1974 2943 2041 Quia
2974 1972 3039 2026 ad
3071 1972 3427 2026 confitendam
3469 1970 3695 2038 gratiam

2123 2072 2242 2139 Dei,
2267 2070 2422 2140 cujus
2463 2070 2612 2139 operi
2640 2082 2701 2123 ac
2729 2065 3021 2133 dignationi
3065 2064 3195 2118 nihil
3229 2063 3447 2132 penitus
3485 2062 3695 2115 subtra-

2122 2160 2358 2216 hendum
2394 2168 2497 2224 est,
2523 2158 2653 2212 satis
2680 2156 2931 2211 sufﬁcere
2973 2153 3267 2217 credimus,
3324 2150 3579 2220 quidquid
3614 2165 3697 2204 se.

2122 2253 2357 2307 cundum
2384 2250 2666 2321 prmdictas
2695 2247 2906 2317 regulas
2933 2244 3242 2316 apostolica:
3271 2242 3414 2296 sedis
3447 2256 3542 2294 nos
3565 2241 3697 2296 scri-

2124 2355 2211 2415 pta
2236 2344 2555 2406 docuerunt,
2582 2351 2638 2394 ut
2666 2354 2883 2410 prorsus
2912 2353 3016 2391 non
3048 2336 3330 2404 opinemur
3353 2332 3697 2394 catholicum,

2123 2440 2264 2506 quod
2280 2434 2831 2508 apparueritpraefixis
2844 2433 3124 2488 sententiis
3151 2446 3271 2485 esse
3294 2430 3640 2485 contrarium.
3674 2446 3693 2478 ι

2124 2533 2270 2601 Haec,
2300 2530 2645 2589 sanctissimi,
2678 2542 2783 2579 non
2825 2525 2975 2594 quasi
3020 2522 3388 2593 ignorantibus
3413 2534 3699 2590 suggerere

2124 2624 2483 2680 necessarium
2498 2620 2903 2683 mstimavimus,
2921 2616 3011 2671 sed
3031 2614 3096 2668 ad
3111 2614 3239 2669 conf
3240 2612 3491 2669 utandum
3516 2626 3699 2665 eorutn

2124 2716 2437 2781 amentiam,
2466 2713 2554 2784 qui
2588 2727 2649 2767 ca
2680 2720 2736 2764 ut
2764 2725 2903 2765 nova
2934 2708 3199 2777 dogmata,
3235 2715 3289 2760 et
3319 2714 3343 2751 8
3371 2704 3583 2772 penitus
3604 2702 3701 2756 Ec-

2124 2810 2305 2867 clesiis
2355 2806 2588 2863 inaudita
2620 2803 2911 2874 refugiunt,
2958 2802 3079 2855 huic
3109 2798 3384 2869 parvitatis
3406 2805 3602 2851 nostra:
3633 2794 3701 2848 li-

2127 2904 2270 2960 bello
2318 2902 2559 2957 inserere
2592 2898 2719 2952 utile
2757 2895 3130 2964 judicavimus.
3184 2892 3415 2957 Quarum
3462 2890 3701 2943 omnium

2129 3002 2435 3049 sanctorum
2465 2991 2683 3045 Patrum
2735 2987 2922 3041 imbuti
2969 2985 3247 3050 doctrinis,
3282 2981 3703 3036 anathematiza-

2133 3100 2251 3139 mus
2294 3082 2563 3152 Pelagium
2609 3089 2664 3134 et
2689 3077 3025 3137 leestium,
3051 3074 3211 3129 simul
3250 3071 3409 3124 etiam
3439 3070 3704 3124 Julianum

2135 3176 2511 3237 Eclaneusem,
2540 3183 2594 3227 et
2620 3171 2708 3239 qui
2762 3170 2865 3223 illis
2915 3166 3109 3221 similia
3153 3164 3394 3230 sapiunt;
3442 3161 3706 3231 prtecipue

2136 3269 2302 3324 libros
2329 3265 2510 3321 Fausti
2538 3264 2834 3319 Galliarum
2873 3257 3133 3329 episcopi,
3165 3258 3255 3326 qui
3286 3256 3352 3309 de
3384 3253 3708 3307 monasterio

2135 3360 2403 3416 Lirinensi
2444 3366 2726 3428 provectus
2758 3365 2861 3419 est,
2892 3367 3029 3423 quos
3056 3363 3243 3407 contra
3277 3346 3707 3418 prmdestiuatio-

2135 3454 2217 3509 nis
2246 3451 2567 3507 sententiam
2599 3448 2829 3517 scriptos
2859 3459 2977 3499 esse
3006 3459 3110 3496 non
3135 3440 3352 3496 dubium
3380 3448 3480 3493 est.
3516 3436 3570 3490 In
3595 3434 3710 3504 qui-

2135 3548 2235 3602 bus
2266 3561 2372 3600 non
2419 3544 2594 3598 solum
2638 3552 2827 3594 contra
2877 3536 3067 3590 horum
3114 3532 3352 3587 omnium
3404 3536 3710 3582 sanctorum

2134 3644 2375 3707 Patrum,
2407 3652 2589 3693 verum
2616 3634 2773 3689 etiam
2801 3639 2985 3686 contra
3018 3627 3187 3696 ipsius
3216 3622 3457 3694 Apostoli
3488 3620 3514 3659 ιι
3547 3619 3711 3674 tradi-

2138 3736 2338 3789 tionem
2389 3730 2647 3794 veniens,
2702 3726 2938 3777 humano
2989 3718 3157 3773 labori
3209 3715 3480 3783 subiungit
3528 3712 3713 3781 gratia:

2137 3822 2485 3893 adiutorium,
2529 3827 2688 3885 atque
2737 3822 2899 3869 totam
2942 3810 3164 3866 omnino
3211 3797 3407 3862 Christi
3448 3818 3713 3859 evacuans

2138 3914 2385 3986 gratiam,
2407 3910 2657 3978 antiquos
2700 3915 2914 3960 sanctos
2942 3918 3046 3957 non
3076 3918 3139 3955 ea
3169 3900 3337 3969 gratia
3364 3911 3471 3966 qua
3505 3903 3558 3949 et
3589 3908 3710 3956 nos,

2140 4004 2429 4061 secundum
2472 3998 2614 4069 quod
2647 3999 2804 4051 docet
2830 3994 3173 4049 beatissimus
3202 3991 3397 4044 Petrus
3442 3986 3716 4055 apostolus

2146 4097 2279 4166 (Act.
2310 4109 2401 4159 xv,
2434 4090 2541 4161 ll),
2565 4088 2655 4143 sed
2690 4095 2892 4140 natura:
2921 4083 3275 4154 possibilitate
3297 4080 3533 4133 salvatos
3556 4075 3719 4145 impie

2142 4188 2444 4260 profitetur.

522 4480 548 4508 ι
580 4470 741 4537 Editi,
771 4473 839 4527 ad
881 4491 1067 4546 papam
1097 4474 1415 4532 Romanum.
1452 4477 1575 4543 313.,
1608 4479 1677 4532 ad
1713 4479 2036 4550 papam.Zo—
2062 4480 2113 4541 D
2140 4495 2301 4549 neque
2325 4476 2546 4531 inaniter
2575 4491 2606 4528 α
2634 4471 2862 4550 Domino
2896 4469 3022 4538 peti,
3063 4466 3154 4521 sed
3175 4463 3463 4535 efﬁcariter,
3488 4459 3721 4528 ipsarum

451 4542 653 4595 simum.

521 4631 549 4669 δ
575 4632 796 4707 Ctelest.
828 4648 948 4705 cap.
971 4637 1027 4690 2.

527 4734 549 4761 ε
582 4723 741 4789 Edtti,
764 4731 1061 4797 fungantur.

525 4811 552 4852 ⁸
580 4816 669 4874 Sic
712 4834 815 4875 ms.
861 4831 915 4877 et
960 4823 1087 4878 editi
1128 4834 1319 4895 praeter
1359 4826 1548 4897 Basil.,
1585 4826 1640 4884 in
1686 4843 1793 4901 quo
1822 4830 2024 4902 legitur

2141 4544 2349 4621 precum
2366 4555 2626 4621 monstrat
2655 4544 2887 4621 effectus.

2216 4632 2237 4657 ο
2266 4619 2484 4673 leest.
2518 4631 2638 4682 cap.
2675 4614 2764 4669 l2.

2216 4690 2233 4728 ί
2270 4690 2439 4752 Idem,
2464 4701 2588 4754 cap.
2624 4685 2711 4738 1⁸5.

2210 4770 2236 4808 8
2264 4759 2372 4823 AL,
2401 4772 2548 4825 pene.

2209 4828 2235 4868 ¹ι
2265 4816 2503 4890 8ἱόιὶιε.;
2534 4823 2661 4879 editi
2693 4832 2893 4891 autem,
2919 4816 3396 4875 contradictionem.
