4040 6184
1285 191 1573 248 VIGILIUS
1612 191 2000 247 TAPSENSIS.
2049 191 2411 248 PROLEGOM
2422 195 2616 254 ΕΝΟΝ.

3482 205 3557 266 94

621 320 3541 359 m__

274 315 600 357 :___———._._
596 320 940 346 ___._-—-—-‘-

3312 348 3536 369 -η

1536 407 1702 450 ANNO
1746 407 1975 451 DONINI
2020 408 2250 451 DXVHI.

645 507 1720 672 VIGILIUS
1852 508 3190 675 TAPSENSIS.

1398 834 1876 913 ΝΟΤΙΤΙΛ
1942 836 2078 913 EX
2146 838 2439 916 CAVE.

338 971 595 1042 Vigilius,
620 983 782 1044 gente
811 973 960 1038 Afer,
990 973 1279 1042 Tapsensis
1312 975 1424 1028 sive
1448 973 1769 1043 Tapsitanus
1800 973 1853 1028 in
1882 976 1937 1035 A
2034 976 2183 1033 Liber
2210 980 2271 1032 de
2304 979 2511 1035 Unilale
2537 981 2799 1036 Trinitatis
2844 987 2911 1037 ad
2952 984 3214 1051 Optatum.
3256 988 3367 1042 sive
3419 990 3537 1044 Dia-

271 1065 544 1132 prm'incia
576 1066 860 1135 Byzacena
892 1067 1195 1136 episeopus,
1218 1067 1411 1119 claruit
1436 1083 1574 1119 anno
1598 1067 1726 1133 484,
1750 1082 1856 1133 quo

271 1157 560 1210 llunnerici
602 1158 748 1225 regis
780 1167 1047 1226 praecepto
1075 1156 1445 1226 Carthaginem
1490 1167 1761 1223 evocatus,
1800 1166 1857 1211 ut

270 1248 533 1302 rationem
566 1249 694 1302 lidei
726 1264 837 1303 sua:
876 1250 1144 1315 redderet,
1177 1251 1394 1317 Eugenii
1427 1250 1855 1319 Carthaginensis

274 1340 589 1407 professiooi
624 1341 749 1395 ﬁdei
807 1341 1145 1409 subscripsit,
1177 1352 1227 1395 et
1268 1356 1386 1394 cum
1414 1357 1478 1395 eo
1511 1356 1606 1409 pro
1638 1339 1739 1395 fide
1767 1354 1856 1393 ca-

273 1432 467 1486 tholica
489 1441 807 1486 constanter
831 1432 1097 1486 militavit.
1121 1432 1474 1487 vaientibus
1494 1434 1544 1485 in
1563 1432 1855 1486 catholiciis

274 1525 526 1580 Vandalis
571 1526 789 1580 Arianis
829 1526 1048 1595 patriam
1093 1539 1241 1578 suam
1286 1525 1585 1579 deseruisse
1620 1524 1847 1579 videtur.

271 1613 771 1686 Constantinopolin
816 1615 1113 1685 profectum
1162 1630 1280 1671 esse
1312 1656 1326 1681 ,
1367 1630 1524 1684 atque
1574 1614 1643 1671 ibi
1687 1615 1853 1670 libros

273 1716 454 1760 contra
510 1707 811 1778 Eutycbem
857 1706 1196 1772 condidisse,
1253 1706 1428 1775 prodit
1469 1706 1852 1774 Theodulphus

272 1797 674 1852 Aurelianensis
698 1841 714 1865 ,
748 1807 800 1850 et
826 1795 1027 1852 Encas
1055 1797 1394 1851 Parisiensis.
1446 1796 1691 1865 Vigilium
1725 1812 1852 1852 sane

270 1891 406 1946 inter
427 1889 652 1944 Graecos
680 1890 895 1945 demum
927 1897 1190 1944 versatum
1218 1903 1335 1944 esse
1365 1904 1433 1943 ex
1475 1890 1645 1956 primo
1675 1890 1852 1957 operis

271 1980 420 2034 istius
450 1981 591 2035 libro
615 1997 720 2035 non
744 1983 972 2037 obscure
1002 1981 1286 2051 colligitur.
1312 1981 1596 2049 Perperam
1620 1996 1739 2034 cum
1762 1980 1853 2035 Vi-

270 2072 392 2141 gilio
418 2073 740 2128 Tridentino
760 2074 1045 2139 confusus;
1074 2072 1406 2138 Scriptorum
1436 2072 1587 2127 istius
1608 2087 1669 2126 ac
1695 2086 1853 2140 supe-

271 2162 424 2218 rioris
453 2164 558 2218 teri
593 2164 837 2218 notitiam
869 2163 959 2218 diu
987 2162 1140 2234 fugit.
1168 2161 1323 2217 Certe
1352 2162 1547 2230 scripta
1576 2163 1690 2230 ejus
1711 2162 1850 2217 inter

272 2250 491 2307 aliorum
519 2264 681 2321 opera
714 2254 1068 2317 delituerant,
1110 2254 1208 2308 sub
1245 2253 1469 2308 aliorum
1502 2251 1726 2307 fortasse
1753 2267 1848 2307 no-

1962 1064 2114 1135 logus
2146 1068 2285 1122 inter
2314 1070 2371 1123 S.
2418 1070 2769 1140 Augnsunum
2809 1082 2863 1128 et
2914 1075 3234 1129 Felicianum
3279 1080 3529 1133 Arianum

1956 1172 1985 1210 a
2030 1158 2222 1227 Vigilio
2262 1163 2554 1218 conllctus:
2603 1165 2744 1219 inter
2794 1164 3076 1235 Augustini
3135 1184 3295 1239 σιεγε
3348 1171 3534 1227 haberi

1956 1248 2112 1301 solet.

2028 1338 2106 1392 De
2134 1339 2381 1395 Trinitate
2411 1344 2653 1398 adversus
2704 1346 3055 1413 Varimadum,
3093 1365 3185 1404 seu
3233 1352 3528 1408 litterarum

1956 1428 2234 1485 Metathesi
2281 1433 2628 1501 Marivadum,
2671 1448 2831 1490 secta:
2868 1440 3075 1492 Arianae
3124 1441 3429 1506 diaconum,
3476 1456 3531 1498 et

1954 1519 2258 1575 llunnerico
2299 1525 2408 1591 regi
2454 1525 2739 1578 admodum
2790 1529 3101 1596 gratiosum,
3136 1530 3253 1584 libri
3289 1540 3396 1586 tres
3430 1536 3529 1587 sub

1956 1608 2110 1666 ldacii
2134 1611 2272 1667 Clari
2298 1616 2511 1669 nomine
2531 1632 2559 1668 a
2591 1616 2778 1684 Vigilio
2798 1618 2922 1671 olim
2944 1621 3366 1689 evulgati,etsub
3386 1625 3529 1692 ejus-

1956 1701 2078 1757 dem
2105 1703 2317 1757 nomine
2342 1704 2479 1773 typis
2509 1706 2705 1772 saepius
2731 1707 2997 1774 impressi.

2022 1791 2171 1846 Liber
2192 1804 2368 1847 contra
2393 1794 2692 1849 Palladium
2720 1798 2967 1851 Arionem
2987 1798 3299 1868 episcopum,
3322 1802 3527 1857 duabus

1950 1896 2205 1940 constans
2251 1888 2511 1955 partibus,
2554 1904 2779 1957 quarum
2812 1892 2955 1957 prior
3000 1907 3094 1956 pro
3123 1894 3331 1947 concilii
3363 1895 3528 1963 Aqui-

1952 1978 2163 2033 leiensis
2193 1994 2318 2033 ann.
2344 1981 2440 2035 581
2471 1982 2634 2035 habiti
2656 1984 2787 2037 actis
2813 1984 3047 2038 exhibita
3071 1997 3150 2039 est
3179 1987 3231 2040 in
3260 1988 3528 2043 collectio-

1952 2071 2105 2124 nibus
2125 2073 2498 2138 conciliorum,
2523 2090 2641 2140 quin
2664 2084 2783 2142 post
2800 2090 2997 2130 annum
3023 2077 3159 2133 1550
3182 2079 3523 2147 prodierunt;

1950 2161 2115 2215 altera
2158 2162 2309 2215 binas
2347 2164 2507 2217 habet
2534 2165 2819 2229 editiones,
2863 2174 3164 2235 utramque,
3198 2180 3255 2222 ut
3293 2170 3521 2233 videtur,

1954 2269 1978 2307 a
1996 2253 2182 2323 Vigilio
2202 2296 2217 2319 ,
2242 2255 2559 2324 evulgalam.
2594 2257 2769 2311 Prima
2795 2256 2981 2313 eadem
3010 2269 3094 2314 est
3122 2275 3240 2314 cum
3259 2262 3525 2317 Ambrosii

270 2344 410 2398 mine
436 2344 506 2398 ab
528 2346 646 2415 ipso
674 2344 868 2415 Vigilio
901 2347 1126 2415 primum
1158 2345 1298 2400 edita
1329 2360 1391 2400 ac
1421 2344 1714 2415 supposita,
1740 2345 1840 2400 bac
1870 2329 1917 2391 Β
1947 2344 2083 2398 libro
2110 2345 2172 2398 de
2193 2344 2327 2399 Fide
2343 2362 2433 2399 seu
2471 2348 2534 2400 de
2572 2345 3101 2403 Consubstantialitate
3135 2348 3260 2403 Filii
3280 2367 3392 2403 cum
3418 2349 3526 2403 ιά-

269 2434 455 2488 saltem
498 2436 731 2499 ratione,
775 2437 851 2490 uti
892 2448 1136 2491 accurate
1173 2434 1387 2504 conjicit
1425 2435 1745 2503 Chirlletius,
1789 2445 1846 2491 ut

267 2527 591 2581 Arianorum
630 2527 811 2581 odium
842 2539 1001 2597 atque
1039 2527 1289 2581 invidiam
1317 2527 1542 2598 fugeret.
1580 2527 1844 2598 tantisque

267 2617 569 2670 numinibus
602 2619 881 2686 praetensis
926 2619 1026 2672 sibi
1055 2617 1338 2687 suﬂ'ugium
1368 2661 1383 2686 ,
1421 2619 1631 2686 scriptis
1660 2628 1843 2673 aucto-

270 2708 477 2761 ritatem
503 2718 736 2777 pareret.
766 2709 1001 2764 Tandem
1025 2724 1185 2779 Opera
1203 2710 1317 2778 ejus
1344 2710 1574 2778 undique
1593 2711 1834 2779 quaesita,

264 2805 312 2851 et
330 2801 538 2853 auctori
569 2814 669 2852 suo
697 2800 984 2864 vindicata,
1026 2801 1246 2870 collegit
1274 2800 1588 2855 Franciscns
1625 2800 1841 2856 Cbillle-

264 2890 360 2943 tius
388 2905 555 2959 supra
598 2891 842 2946 laudatus
869 2932 885 2958 ,
914 2902 967 2948 et
993 2892 1235 2961 sequenti
1266 2891 1453 2946 ordine
1479 2892 1762 2959 disposuit.

324 2986 587 3041 Adversus
618 2986 918 3041 Nestorium
946 2995 992 3041 et
1022 2985 1303 3056 Eutychem
1330 2986 1444 3040 libri
1476 2985 1517 3038 V
1544 3002 1636 3057 pro
1665 2987 1839 3055 defen-

261 3077 393 3130 sione
412 3078 602 3147 synodi
630 3076 1075 3143 Chalcedonensis,
1102 3078 1191 3146 qui
1214 3075 1311 3131 sub
1335 3076 1511 3146 Vigilii
1535 3076 1834 3131 Tridentiui

262 3168 473 3223 nomine
495 3169 782 3235 aliquoties
808 3168 1139 3236 prodierunt,
1170 3165 1371 3237 Tiguri,
1409 3166 1567 3234 1559,
1593 3166 1785 3221 deinde
1805 3181 1835 3220 a

260 3258 562 3315 Cassandro
590 3261 720 3315 editi
758 3261 973 3322 Colon..
1015 3261 1183 3323 1575,
1225 3260 1393 3322 in-8",
1423 3267 1478 3314 et
1507 3262 1647 3314 inter
1672 3274 1834 3326 opera

260 3347 561 3415 Cassandri,
594 3367 648 3421 p.
682 3350 807 3416 514,
847 3350 1240 3405 emendatiores
1264 3357 1317 3403 et
1341 3348 1603 3404 auctiores
1633 3362 1663 3402 a
1689 3348 1834 3404 Josia

260 3442 487 3498 Simlero
512 3443 643 3497 editi
678 3444 919 3510 Basileae,
952 3442 1109 3507 1571,
1141 3449 1302 3510 atque
1329 3441 1477 3496 alibi.

318 3536 603 3590 Altercatio
642 3535 734 3589 sub
779 3536 982 3588 nomine
1017 3534 1290 3587 Athanasii
1329 3534 1572 3586 adversus
1610 3532 1789 3585 Arium
1813 3575 1827 3601 ,

256 3629 358 3684 sive
387 3628 598 3697 Dialogi
621 3628 726 3681 duo
755 3628 808 3682 in
832 3627 1055 3682 concilio
1074 3626 1291 3681 Niczeuo
1312 3626 1454 3681 inter
1480 3624 1827 3681 Athanasium

256 3728 302 3776 et
318 3720 507 3775 Arium
541 3720 729 3786 habiti,
751 3720 923 3774 Probo
948 3718 1146 3789 judice.

316 3810 531 3881 Dialogi
554 3811 657 3895 sive
678 3810 1040 3863 Altercationes
1071 3806 1192 3873 III,
1220 3806 1289 3862 ab
1320 3807 1610 3862 Athanasio
1642 3816 1827 3861 contra

256 3901 431 3956 Arium
453 3942 468 3965 ,
502 3902 795 3958 Sthenium
826 3912 877 3955 et
908 3900 1190 3954 Photinum
1235 3914 1418 3953 coram
1452 3898 1624 3953 Probo
1647 3897 1826 3967 judice

256 3994 471 4050 habitas.
516 3993 663 4049 Idem
687 4009 807 4047 cum
840 3993 1013 4062 priore
1040 4006 1175 4061 Opus
1214 3991 1539 4046 censendum
1571 3998 1653 4045 est
1675 4030 1691 4054 ,
1723 3990 1825 4045 'noc

256 4095 454 4139 tantum
485 4084 797 4140 discrimine
834 4084 1139 4138 distinctum
1173 4098 1187 4139 :
1216 4083 1357 4152 quod
1389 4085 1536 4151 prius
1566 4084 1617 4137 in
1647 4082 1823 4137 Alrica

255 4175 516 4246 aVigilio,
565 4176 692 4230 dum
735 4174 1006 4229 Vandalus
1042 4174 1215 4228 adhuc
1260 4174 1502 4251 timeret,
1542 4183 1597 4228 et
1641 4173 1710 4227 ab
1756 4172 1823 4228 iis

256 4269 465 4337 agnosci
493 4268 682 4333 nollet,
713 4267 965 4337 scriptum
990 4266 1178 4331 fuerit;
1209 4278 1273 4320 ac
1314 4265 1381 4319 ab
1407 4264 1580 4319 Africa
1608 4278 1823 4333 egresso

255 4362 459 4415 demum
492 4359 826 4429 recognitum
849 4357 1162 4428 praefatione
1195 4356 1517 4421 mutilatum,
1549 4355 1681 4410 locis
1710 4354 1821 4423 ple-

256 4450 429 4519 risque
461 4450 762 4513 elimatum,
783 4458 841 4503 et
868 4448 1073 4518 integro
1100 4446 1235 4500 libro
1266 4444 1425 4500 tertio
1456 4444 1608 4499 Probi
1627 4443 1821 4513 judicis

256 4543 564 4596 sententiam
611 4541 898 4609 complexu
942 4548 1177 4593 auctum.
1222 4536 1516 4604 Utrumque
1556 4537 1609 4590 in
1657 4550 1819 4590 unum

256 4649 379 4701 opus
408 4634 838 4703 compaginaium
888 4632 988 4687 sub
1035 4631 1205 4698 Vigilii
1250 4628 1553 4683 Tridentini
1606 4628 1821 4683 nomine

254 4728 415 4781 edidit
434 4728 630 4795 Georg.
658 4724 960 4779 Cassander
988 4740 1088 4779 una
1120 4738 1240 4777 cum
1271 4721 1416 4775 libris
1438 4720 1690 4775 adversus
1718 4720 1822 4773 Eu-

256 4818 520 4889 tycheten,
543 4816 757 4879 Colon.,
789 4815 952 4878 1575,
985 4822 1040 4868 et
1068 4815 1206 4867 inter
1232 4826 1395 4881 opera
1425 4825 1519 4865 sua
1547 4825 1668 4880 pag.
1691 4809 1817 4865 460.

256 4910 449 4980 Dialogi
478 4910 682 4978 priores
702 4910 809 4963 duo
840 4909 979 4963 inter
1001 4906 1273 4962 Athanasii
1296 4919 1458 4975 opera
1482 4905 1654 4960 locum
1682 4902 1821 4959 male

252 5002 488 5055 obtinere
515 5001 708 5054 solent.

314 5090 392 5143 De
413 5091 675 5153 Trinitale,
708 5092 811 5144 sive
839 5090 905 5142 de
934 5090 1077 5141 unita
1105 5087 1357 5141 Trinitate
1398 5086 1612 5140 Deitatis
1640 5096 1818 5140 contra

255 5176 566 5235 nmmum
598 5182 846 5235 Arianum
875 5183 989 5233 libri
1017 5179 1155 5233 XII.
1189 5180 1403 5247 Neapoli
1431 5181 1479 5231 in
1524 5180 1815 5245 Campania

253 5276 448 5339 scripti,
478 5284 533 5328 et
574 5274 866 5327 Athanasio
896 5271 1189 5338 suppositi;
1220 5273 1319 5325 sub
1348 5272 1498 5336 cujus
1529 5273 1687 5324 etiam
1721 5286 1816 5322 no-

254 5368 384 5421 mine
402 5376 607 5435 septem
639 5366 851 5435 priores
882 5364 1002 5417 libri
1032 5364 1084 5416 in
1127 5364 1360 5416 editione
1392 5363 1665 5415 Athanasii
1696 5362 1818 5416 1Ιεὶ-

253 5456 571 5526 delbergensi
625 5456 975 5525 prodierunt;
1028 5453 1219 5522 integri
1268 5467 1395 5506 vero
1435 5452 1713 5506 duodecim
1762 5452 1815 5506 in

254 5548 469 5604 editione
502 5548 819 5610 Parisiensi,
867 5545 918 5597 in
963 5544 1207 5599 undecim
1240 5551 1415 5598 tamen
1461 5543 1599 5597 male
1632 5542 1809 5611 divisi,

253 5637 441 5696 duobus
464 5639 858 5710 posterioribus
884 5636 1035 5691 libris
1062 5636 1114 5691 iu
1136 5650 1297 5691 unum
1326 5633 1586 5689 conﬂatis.

1946 2441 2057 2495 tre:
2085 2436 2336 2499 secunda,
2358 2453 2478 2505 quae
2500 2439 2709 2494 auctior
2731 2450 2832 2503 est,
2860 2441 3047 2495 eadem
3068 2452 3149 2495 est
3171 2457 3292 2496 cum
3317 2441 3522 2511 Grego-

1944 2525 2010 2581 rii
2048 2526 2363 2582 Nazianzeni
2398 2529 2641 2584 Oratione
2677 2531 2768 2585 59.
2806 2531 2965 2601 Operi
3007 2532 3360 2601 subjiciuntur
3400 2533 3522 2589 dua:

1942 2617 2155 2672 concilii
2205 2620 2562 2687 Aquileiensis
2613 2624 2885 2690 epistolae,
2937 2625 3102 2679 altera
3151 2626 3218 2678 ad
3263 2628 3521 2697 episcopos

1944 2706 2150 2773 Galliae,
2174 2709 2339 2764 altera
2367 2711 2435 2763 ad
2463 2710 2766 2765 Gratianum
2793 2724 2846 2767 et
2888 2714 3299 2767 Valentinianum
3330 2717 3515 2785 impp.,

1941 2815 2062 2869 qua:
2090 2802 2301 2855 concilii
2322 2804 2458 2856 actis
2488 2806 2902 2859 annumerandte
2928 2816 3071 2859 sunt.
3104 2806 3252 2871 Quod
3271 2807 3336 2859 ad
3369 2809 3515 2875 prio-

1942 2905 2053 2946 rem
2084 2893 2293 2957 attinet,
2325 2896 2607 2949 conﬁctam
2652 2911 2772 2951 esse
2811 2912 2840 2951 a
2886 2898 3072 2965 Vigilio
3114 2899 3249 2952 hanc
3278 2899 3517 2968 disputa-

1939 2982 2138 3037 tionem
2184 2984 2284 3039 sub
2325 2993 2564 3039 actorum
2613 2987 2804 3056 synodi
2847 2988 3205 3057 Aquileiensis
3262 2993 3511 3063 nomine,

1938 3073 2097 3143 longo
2134 3074 2587 3144 conjecturarum,
2646 3078 2822 3146 potius
2857 3096 3013 3146 quam
3056 3091 3511 3148 argumentorum,

1937 3166 2149 3232 agmine
2179 3167 2454 3221 contendit
2480 3167 2781 3223 Cbil‘llelius
2816 3188 2828 3222 :
2861 3169 3002 3239 quod
3026 3171 3239 3240 quidem
3274 3171 3398 3224 mihi
3426 3188 3512 3226 nes

1937 3271 2201 3325 quaquam
2222 3258 2515 3314 verisimile
2545 3259 2790 3315 videtur:
2826 3278 2998 3330 neque
3023 3272 3180 3316 tanta:
3208 3272 3352 3326 sunt,
3377 3280 3509 3331 quas

1935 3346 2112 3413 aﬂ‘ert,
2141 3349 2482 3413 ratiunculas;
2526 3360 2585 3406 ut
2618 3353 2670 3405 in
2710 3352 2774 3406 iis
2801 3353 3109 3409 refellendis
3134 3342 3505 3412 immoiemnr.

1935 3437 2094 3492 Certe
2114 3440 2375 3506 genuinus
2399 3440 2545 3497 hisce
2565 3443 2776 3497 concilii
2799 3444 3155 3512 Aquileiensis
3178 3446 3323 3499 Actis
3348 3462 3507 3499 nemo

1936 3529 2172 3585 movebit
2202 3530 2373 3596 litem,
2401 3534 2526 3597 quin
2564 3533 2750 3589 eadem
2790 3534 3028 3601 ratione,
3071 3544 3125 3588 et
3168 3535 3353 3588 iisdem
3397 3536 3506 3590 fere

1934 3620 2260 3688 argumentis
2289 3619 2513 3676 aliarum
2553 3624 2878 3695 synodorum
2912 3628 3039 3678 Acta
3071 3626 3123 3677 in
3164 3625 3378 3679 dubium
3411 3642 3505 3680 vo-

1854 3692 1902 3756 C
1931 3724 2055 3765 care
2083 3711 2270 3781 possit.
2586 3692 2597 3695 ⁷
3173 3722 3208 3752 ο

2002 3800 2293 3857 Solutiones
2317 3802 2657 3872 objectionum
2683 3804 3011 3865 Arianorum,
3035 3820 3167 3873 quas
3190 3805 3360 3874 primo
3384 3806 3503 3859 Dia-

1926 3892 2049 3960 logo
2078 3894 2178 3946 sub
2203 3892 2417 3946 nomine
2446 3894 2718 3947 Athanasii
2752 3905 2940 3949 contra
2971 3896 3205 3949 Arianos
3231 3910 3258 3946 a
3285 3894 3501 3963 Vigilio,

1924 3995 2210 4052 antequam
2253 3985 2540 4039 secundam
2586 3986 2919 4053 dialogorum
2952 3988 3175 4041 istorum
3207 3988 3499 4042 editionem

1927 4075 2222 4139 moliretur,
2250 4077 2488 4143 adjectas
2512 4090 2632 4131 esse
2660 4077 2877 4143 conjicit
2903 4075 3224 4131 Chil’lletius.

1992 4167 2164 4234 Opera
2198 4166 2298 4221 ista
2326 4182 2485 4235 supra
2525 4177 2833 4221 enumerata
2874 4168 2923 4219 in
2966 4184 3128 4221 unum
3161 4168 3407 4237 collegit,
3437 4184 3504 4222 ac

1923 4258 2065 4312 notis
2090 4266 2143 4312 et
2167 4256 2632 4312 dissertationibus
2663 4256 2920 4311 illustrata
2952 4257 3316 4314 edidit-Petrus
3335 4260 3503 4313 Fran-

1920 4348 2093 4402 ciscus
2117 4347 2435 4411 Chillletius,
2471 4347 2712 4414 Divione,
2758 4348 2916 4415 1664,
2963 4347 3126 4401 iii-4°.
3176 4348 3380 4404 Exinde
3403 4349 3499 4403 ba-

1919 4438 2114 4494 bentur
2144 4437 2483 4493 Biblimbecte
2506 4438 2649 4491 Patr.
2674 4446 2807 4492 tom.
2838 4436 2971 4501 Vlll,
3004 4453 3057 4507 p.
3088 4439 3210 4492 722.

1994 4528 2268 4583 Altercatia
2291 4529 2394 4582 sive
2417 4528 2666 4597 Dialogus
2688 4528 2745 4584 S.
2773 4530 3054 4598 Augustini
3082 4546 3194 4582 cum
3232 4529 3506 4583 Pascentio

1921 4619 2113 4673 Ariano
2134 4635 2305 4671 coram
2331 4619 2500 4685 iudice
2525 4618 2820 4685 Laurentio,
2837 4634 2866 4672 a
2885 4620 3076 4689 Vigilio
3105 4620 3362 4685 conficta,
3387 4630 3440 4674 et
3468 4638 3506 4675 λ

1921 4712 2171 4770 Patribus
2201 4714 2558 4768 Benedictiuis
2576 4714 2879 4767 novissima:
2904 4728 3123 4781 operum
3145 4714 3201 4767 S.
3221 4715 3505 4783 Augustin“.

1921 4805 2175 4860 editionis
2204 4805 2543 4861 curatoribus
2573 4806 2800 4873 primum
2836 4806 2885 4858 in
2916 4806 3086 4860 lucem
3116 4817 3289 4871 eruta,
3315 4816 3368 4861 et
3387 4808 3500 4875 cpi.

1920 4898 2177 4952 stolarum
2204 4897 2321 4965 ejus
2341 4896 2621 4965 appendici
2651 4897 2912 4951 subnexa.

1992 4987 2294 5056 Symbolum
2315 4988 2437 5056 ﬁdei
2459 4988 2552 5041 sub
2590 4986 2858 5041 Athanasii
2887 4989 3087 5042 nomine
3119 4990 3494 5053 circumlatum,

1921 5087 1974 5132 et
2018 5078 2154 5131 inter
2195 5078 2340 5131 illius
2377 5092 2538 5146 opera
2572 5080 2865 5147 vulgatum.
2907 5079 2959 5132 Id
3008 5080 3218 5149 Vigilio,
3267 5096 3362 5133 nos
3392 5096 3501 5132 non

1922 5169 2107 5232 invita,
2129 5168 2203 5222 uti
2225 5168 2518 5234 credimus,
2536 5170 3171 5236 veriuite,ascribetiditni
3194 5184 3496 5224 censemus.

1925 5260 2056 5315 Vide
2080 5261 2227 5329 plura
2258 5260 2310 5314 in
2334 5261 2645 5316 Athanasio.

1991 5356 2254 5411 Caeterum
2276 5370 2306 5409 a
2338 5356 2537 5425 Vigilio
2566 5355 2819 5425 quodam.
2848 5356 3098 5411 Africano
3118 5354 3386 5421 episcopo,
3414 5351 3498 5404 Iu-

1920 5448 2192 5504 culeulum
2216 5447 2279 5500 de
2305 5447 2445 5500 mille
2465 5463 2739 5512 annorum,
2771 5448 2857 5517 qui
2890 5447 2941 5498 in
2981 5443 3285 5511 Apocalypsi
3313 5444 3496 5513 pardi-

1922 5548 2127 5604 cuntur,
2170 5536 2505 5606 intelligentia
2543 5547 2813 5591 tractatum
2851 5534 3148 5589 confectum
3177 5548 3297 5587 esse
3329 5535 3501 5601 prodit

1921 5630 2274 5689 Cassiodorus
2306 5630 2327 5701 (
2355 5629 2530 5686 Divin.
2559 5628 2707 5685 Lect.
2742 5628 2777 5684 ι.
2823 5644 2861 5694 ι,
2890 5641 2938 5681 c.
2970 5625 3048 5697 0).
3077 5624 3264 5699 Litium
3292 5627 3335 5682 is
3366 5626 3513 5696 Vigio
