4040 6184
525 253 595 310 95
1845 240 2065 296 VIGILII
2105 240 2470 297 TAPSENSIS
3718 238 3792 293 96

524 369 625 422 lius
645 374 825 421 noster
847 364 1008 420 fuerit
1031 365 1188 434 plane
1215 363 1476 418 incertum
1497 369 1597 415 cst.
1618 358 1671 413 ld
1691 367 1917 424 certum,
1943 371 2100 426 opus,
2131 361 2179 434 ᾼ
2208 357 2396 422 sciam,
2425 359 2633 414 ratione
2663 359 2875 426 ductus,
2909 356 3108 413 nullius
3148 357 3466 414 auctoritate
3491 356 3672 412 fultus.
3705 355 3788 410 De

522 461 891 528 q-ia'ecnnque
915 456 1092 519 fuerit,
1125 455 1412 509 interiisse.

597 550 836 617 Denique
860 550 1039 601 mirari
1065 549 1210 614 licet,
1239 547 1362 616 quid
1389 545 1490 600 sibi
1522 544 1648 599 velit
1671 542 1968 597 Casimirus
1993 541 2102 595 0n-

524 643 636 705 din,
667 642 754 710 qui
777 657 881 695 non
914 657 1019 694 uno
1053 657 1102 693 In
1134 642 1251 693 loco
1275 638 1496 692 Arnobii
1527 637 1763 690 Junioris
1793 650 1914 687 cum
1939 634 2100 686 Sera-

526 736 681 801 pione
721 733 1025 786 conﬂictum
1060 731 1251 800 Vigilio
1289 739 1470 782 nostro
1501 730 1720 793 tribuat,
1766 727 1930 789 nulla,
1962 725 2106 794 quod

2209 448 2308 502 hac
2327 449 2469 502 enim
2499 464 2555 504 re
2587 466 2653 504 ne
2687 455 2782 525 ’γρύ
2814 451 3028 521 quidem
3061 449 3243 519 habet,
3273 451 3370 518 qui,
3393 449 3573 504 omnia
3609 447 3787 516 Vigilii

2206 554 2370 608 opera
2387 544 2638 607 corrasit,
2662 559 2803 611 saepe
2825 544 2999 599 dictus
3017 542 3344 608 (lbiﬂletius;
3369 542 3614 612 quamvis
3634 542 3789 596 illum

2208 633 2259 685 in
2285 643 2461 700 partes
2488 647 2679 688 vocare
2701 636 2838 708 velle
2868 635 3131 690 videatur.

1173 1011 1956 1124 VIGILII
2052 1009 3159 1129 TAPSENSIS

986 1193 1857 1325 CONTRA
1990 1193 3349 1326 EUTYCHETEM

1749 1386 2016 1464 LIBRI
2074 1387 2566 1482 QUINQUE.

1979 1552 2306 1566 ﬂ

1546 1655 2028 1763 LIBER
2101 1657 2542 1763 PBL/VI
2555 1659 2768 1765 US.

591 1833 636 1900 ι
672 1830 709 1882 Ι.
752 1827 992 1895 Magnum
1021 1833 1075 1881 et
1117 1839 1278 1895 grave
1326 1824 1446 1878 ﬁdei
1488 1824 1802 1892 periculum,
1833 1823 1973 1892 quod
2003 1836 2102 1876 nec
2132 1825 2178 1882 B
2207 1822 2461 1876 sitionum
2503 1823 2707 1890 laqueis
2738 1825 2944 1877 animas
2969 1824 3153 1879 venari
3189 1826 3540 1882 Christianas.
3569 1828 3680 1885 Sed
3703 1831 3798 1885 ni-

519 1923 670 1977 facile
717 1921 942 1982 sentiri,
1003 1933 1102 1972 nec
1150 1916 1303 1971 facile
1361 1931 1391 1970 a
1443 1916 1709 1984 plerisque
1763 1917 1937 1971 valeat
1988 1916 2100 1970 evi-

519 2017 617 2069 tari
664 2012 956 2084 (quoniam
1028 2018 1111 2065 est
1183 2009 1394 2076 pietatis
1439 2008 1617 2076 specie
1674 2007 2098 2076 obumbratum)

518 2122 613 2176 per
640 2108 830 2161 multas
859 2106 1094 2160 Orientis
1127 2107 1390 2161 Ecclesias
1427 2103 1719 2160 domestica
1757 2106 2100 2160 contentione

517 2199 749 2265 grassari
781 2199 1175 2264 comperimus;
1209 2208 1275 2273 et,
1295 2214 1360 2252 eo
1399 2213 1568 2266 usque
1601 2198 1855 2266 pertinaci
1895 2198 2100 2253 animo-

516 2304 633 2342 rum
665 2288 988 2352 obstination
1011 2307 1021 2323 ι
1043 2289 1278 2352 defendi,
1303 2297 1358 2342 ut
1389 2304 1486 2342 nec
1515 2290 1853 2358 antiquorum
1882 2288 2096 2342 Patrum

517 2381 889 2434 traditionibus
921 2423 934 2444 ,
983 2394 1078 2434 nec
1127 2381 1494 2449 religiosorum
1549 2381 1846 2448 principum
1895 2381 2100 2436 severis

516 2471 880 2524 sanctionibus
918 2473 1086 2539 possit
1108 2472 1189 2526 vel
1220 2473 1448 2540 potuerit
1475 2473 1761 2539 amputari.
1791 2473 2099 2527 Prmventus

519 2564 658 2617 enim
708 2564 852 2618 falsre
889 2565 1155 2632 opinionis
1190 2580 1377 2619 errore
1431 2566 1694 2620 humanus
1739 2565 1973 2633 auditus,
2031 2565 2098 2620 ad

517 2654 628 2707 veri
659 2656 919 2709 rationem
953 2655 1350 2724 percipiendam
1381 2656 1544 2727 durus
1567 2666 1622 2711 et
1663 2656 1991 2723 perdiflicilis
2020 2656 2100 2710 in-

517 2747 763 2808 venitur,
817 2749 1240 2818 quantiscunque
1297 2749 1520 2803 testibus
1568 2759 1838 2818 urgeatur.
1899 2749 2100 2802 Mavult

517 2838 660 2891 enim
695 2841 837 2904 pravi
867 2839 1130 2908 dogmatis
1158 2842 1496 2905 sententiam,
1541 2857 1642 2910 qua
1675 2841 1841 2895 semel
1872 2840 2099 2896 infectus

519 2941 620 2993 est,
653 2935 956 2998 perversius
977 2932 1268 2997 vindicare,
1305 2947 1460 3002 quam
1499 2933 1635 2988 hanc
1661 2934 1905 2988 eamdem
1939 2936 2098 2990 tantis

519 3021 810 3075 divinarum
844 3023 1303 3092 humanarumque
1350 3025 1520 3094 legum
1570 3027 1974 3080 auctoritatibus
2017 3043 2099 3080 re-

521 3114 738 3169 l'utatam
781 3116 1046 3171 salubrius
1093 3118 1395 3171 immutare.
1463 3119 1587 3171 llzcc
1637 3134 1764 3186 ergo
1812 3118 2094 3188 perniciei

2201 1911 2273 1966 hil
2303 1929 2520 1976 novum,
2548 1916 2679 1968 nihil
2702 1918 3041 1986 peregrinum
3067 1917 3323 1973 Ecclesiae
3345 1919 3599 1975 fortitudo
3624 1937 3798 1992 expe-

2200 2007 2356 2069 ritur,
2391 2007 2581 2060 talibus
2614 2023 2746 2074 pene
2775 2008 2842 2062 ab
2861 2010 3122 2064 universis
3148 2011 3411 2067 litereticis
3431 2015 3792 2083 quaestionum

2203 2099 2499 2154 turbinibus
2518 2101 2744 2171 agitata;
2771 2103 3094 2170 triumphum
3121 2105 3187 2157 de
3202 2106 3502 2171 contrariis,
3520 2117 3573 2162 et
3594 2108 3794 2162 immo-

2205 2193 2465 2248 bilitatem
2496 2195 2686 2248 sortita
2710 2196 2777 2249 de
2798 2195 3059 2251 adversis.
3089 2197 3219 2252 Nam
3251 2199 3375 2252 dum
3407 2215 3465 2254 se
3485 2210 3668 2255 contra
3700 2202 3798 2256 Sa-

2201 2272 2421 2338 bellium
2454 2285 2720 2354 armigero
2744 2288 3036 2342 certamine
3067 2297 3297 2354 aptaret,
3323 2289 3439 2343 Filii
3479 2301 3637 2353 atque
3666 2291 3795 2361 Spi-

2201 2374 2334 2428 ritus
2350 2376 2518 2428 sancti
2541 2390 2891 2441 personarum
2908 2379 3445 2435 exstantiasvindicat
3461 2398 3474 2444 ;
3493 2383 3632 2451 quod
3651 2383 3797 2439 alius

2200 2468 2269 2520 sit
2299 2467 2387 2531 qui
2415 2469 2601 2536 gignit,
2647 2480 2700 2521 et
2739 2470 2873 2522 alius
2909 2472 3275 2541 quigignitur;
3307 2483 3359 2528 et
3387 2473 3520 2527 alius
3565 2476 3629 2529 sit
3662 2491 3794 2546 pro-

2200 2560 2417 2625 cedens,
2471 2561 2605 2614 alius
2635 2561 2700 2615 de
2730 2577 2836 2628 quo
2880 2565 3147 2632 procedit;
3197 2567 3335 2622 alius
3368 2567 3602 2635 mittens,
3651 2569 3794 2623 alius

2201 2651 2426 2713 missus;
2455 2652 2590 2704 alios
2627 2652 2764 2706 Dens
2797 2653 3027 2708 Verbum
3057 2658 3147 2726 qui
3183 2657 3250 2711 de
3280 2656 3494 2727 Virgine
3525 2661 3792 2727 nascitur,

2201 2743 2335 2796 alius
2363 2743 2517 2797 Pater
2543 2744 2628 2811 qui
2663 2757 2938 2812 permanet
2968 2763 3181 2818 semper
3236 2750 3490 2815 innatus;
3525 2752 3660 2807 alius
3696 2755 3792 2822 qui

2202 2847 2300 2900 per
2321 2833 2774 2902 diSpensationem
2808 2838 3006 2902 carnis,
3039 2850 3228 2894 cuncta
3261 2852 3454 2895 nostra:
3489 2842 3792 2911 fragilitatis

2203 2926 2376 2980 ol'licia
2408 2928 2608 2995 cvplet,
2659 2931 2798 2984 alius
2829 2933 2986 2985 Pater
3009 2933 3101 3002 qui
3147 2934 3263 2988 sine
3296 2935 3377 2988 his
3406 2937 3653 2991 omnibus
3678 2953 3793 2993 ma-

2203 3031 2312 3072 net.
2344 3020 2535 3074 Videas
2564 3022 2704 3076 illico
2730 3023 2913 3077 Arium
2953 3036 3198 3093 tanquam
3244 3027 3577 3093 triumphalis
3619 3030 3798 3085 victo-

2202 3112 2294 3166 rire
2317 3123 2560 3181 suscepta
2603 3117 2821 3170 materia
2845 3105 3036 3172 clatius
3063 3119 3338 3184 insultare,
3362 3131 3414 3173 et
3437 3121 3536 3174 sub
3551 3120 3792 3176 detesta-

519 3207 846 3260 discriminis
895 3209 1105 3262 lethalis
1151 3220 1204 3262 et
1248 3209 1516 3262 mortifera
1560 3210 1726 3278 pestis
1773 3209 1910 3263 intra
1944 3225 2105 3265 vene-
2131 3207 2176 3269 C
2214 3205 2304 3258 ltili
2339 3207 2572 3272 perﬁdiae
2599 3222 2709 3261 suae
2756 3208 2904 3276 jugo,
2931 3211 3164 3264 ﬁdelium
3196 3211 3333 3265 velle
3351 3212 3487 3266 colla
3517 3212 3795 3282 subigere.

523 3298 719 3353 randos
753 3299 1006 3353 Ecclesiae
1038 3301 1212 3353 aditus
1233 3302 1300 3352 ita
1327 3311 1516 3356 cuncta
1545 3301 1774 3356 ferocius
1800 3302 2100 3370 populatur,

520 3399 578 3442 ut
618 3405 683 3444 eo
733 3391 850 3459 plus
895 3401 1105 3455 noceat,
1136 3408 1242 3460 quo
1286 3394 1462 3447 minus
1515 3409 1708 3448 nocere
1768 3394 2101 3463 intelligitur.

521 3483 610 3536 Sic
639 3485 778 3538 enim
811 3485 1063 3536 teterrimi
1104 3485 1289 3553 anguis
1311 3487 1494 3539 edocta
1528 3487 1853 3555 magisterio,
1887 3486 2105 3540 insidia-

522 3590 638 3627 rum
671 3591 882 3628 suarum
917 3577 1174 3640 ancipites
1202 3580 1415 3644 laqueos
1444 3577 1627 3632 dextra
1665 3579 1903 3646 Isimque
1932 3586 2106 3631 teten-

523 3668 621 3730 dit,
653 3679 708 3720 ut
741 3679 1124 3736 perangustum
1158 3680 1212 3723 ct
1245 3671 1401 3723 nimis
1430 3671 1651 3724 arduum
1683 3673 2106 3726 commeantibus

522 3757 728 3813 itineris
748 3745 936 3814 callem
966 3761 1261 3829 reliquerit.
1297 3764 1349 3816 Si
1377 3764 1516 3814 enim
1543 3763 1808 3831 paululum
1834 3765 1883 3816 in
1907 3773 2110 3816 utram-

523 3865 625 3916 que
648 3861 848 3918 partem
881 3853 1118 3905 nutantia
1150 3853 1384 3908 volueris
1429 3851 1628 3908 inferre
1667 3855 1905 3922 vestigia,
1966 3854 2108 3910 illico

523 3944 767 4012 capieris.

596 4036 659 4090 ll.
713 4036 856 4090 Inter
899 4035 1130 4090 Nestorii
1179 4051 1307 4105 ergo
1356 4035 1623 4104 quendam
1673 4036 1928 4090 Ecclesiae
1969 4038 2108 4091 Con-

524 4131 1030 4200 stantinopolitanm,
1078 4147 1182 4184 non
1225 4133 1446 4184 rectoris
1488 4132 1579 4184 sed
1611 4129 1969 4198 dissipatoris,
2004 4145 2112 4183 non

529 4222 756 4291 pastoris
784 4223 877 4277 scd
907 4222 1220 4292 praedatoris
1249 4222 1563 4291 sacrilegum
1605 4221 1819 4292 dogma,
1853 4231 1906 4276 et
1947 4223 2112 4292 Euty-

527 4314 694 4365 che-tis
737 4311 992 4367 nefariam
1040 4321 1093 4364 ct
1139 4311 1504 4365 detestabilem
1535 4315 1831 4382 gsectam,
1890 4313 1960 4366 ita
1993 4327 2112 4366 ser-

529 4406 763 4472 pentina:
789 4402 1135 4470 grassationis
1183 4418 1301 4455 sese
1347 4402 1614 4455 calliditas
1658 4403 2004 4470 temperavit,
2056 4411 2114 4456 ut

532 4502 816 4559 utrumque
845 4494 963 4544 sine
989 4491 1264 4556 utriusque
1290 4493 1522 4557 periculo
1545 4492 1783 4561 plerique
1810 4493 1977 4546 vitare
2007 4509 2109 4547 non

2207 3297 2522 3367 Cognoscite
2553 3299 2814 3366 inquiens,
2849 3302 3108 3369 potiorem
3136 3317 3256 3357 esse
3281 3304 3371 3372 qui
3404 3305 3565 3358 mittit
3593 3321 3658 3358 eo
3685 3307 3782 3374 qui

2208 3389 2472 3444 mittitur:
2506 3388 2811 3443 inferiorem
2843 3405 2962 3445 esse
2994 3392 3084 3460 qui
3125 3392 3458 3462 obsequitur,
3489 3393 3796 3464 digniorem

2212 3481 2296 3533 cui
2327 3481 2687 3534 munificentia
2717 3481 3019 3536 exhibetur.

2283 3573 2366 3627 ΙΙΙ.
2407 3573 2751 3627 Manicheum
2783 3574 2971 3628 itidem
3014 3591 3133 3630 cum
3176 3575 3243 3630 de
3271 3577 3498 3632 veritate
3537 3576 3798 3634 dominici

2210 3666 2451 3732 corporis
2487 3665 2746 3732 obtundo,
2789 3666 2928 3735 quod
2976 3682 3080 3720 non
3127 3666 3303 3721 fallaci
3347 3667 3685 3724 simulatione
3739 3679 3799 3724 et

2213 3755 2527 3822 quibusdam
2580 3756 2884 3810 illusionnm
2935 3758 3220 3825 praestigiis
3253 3758 3412 3812 fuerit
3457 3768 3801 3826 susceptum,

2213 3854 2504 3899 tumentem
2537 3845 2767 3915 Virginis
2798 3847 2972 3899 alvum
3015 3848 3222 3917 allego;
3257 3849 3542 3915 priestolati
3583 3845 3802 3917 tempo-

2215 3937 2288 3990 ris
2320 3951 2514 4000 moras,
2555 3951 2687 4005 quas
2733 3938 2930 3991 diutius
2965 3940 3100 3992 intra
3147 3940 3377 3994 materni
3429 3941 3562 3994 uteri
3615 3940 3805 4009 hospi-

2214 4027 2367 4090 tium,
2397 4042 2566 4094 usque
2595 4027 2656 4079 ad
2691 4027 2981 4096 legitimum
3029 4037 3209 4096 partus
3239 4030 3380 4083 diem
3408 4031 3608 4100 peregit
3636 4031 3686 4100 3
3713 4032 3806 4084 in-

2213 4117 2367 4170 sinuo
2401 4134 2414 4170 :
2450 4120 2714 4187 puerperii
2741 4134 2924 4184 conas,
2953 4121 3185 4188 vagitum
3216 4121 3449 4182 iurantis.
3475 4121 3648 4175 aetatis
3674 4138 3810 4191 pro—

2215 4209 2433 4272 fectum,
2460 4209 2525 4263 ad
2551 4209 2789 4263 ultimum
2825 4211 3089 4278 passionis
3115 4212 3364 4278 ludibria,
3394 4215 3569 4267 cruc‘s
3598 4212 3810 4280 patibu-

2216 4303 2350 4367 lum,
2390 4301 2722 4356 conlixiones
2767 4303 3058 4370 clavorum,
3107 4304 3274 4372 aperti
3324 4304 3505 4358 lateris
3548 4321 3807 4361 cruorem

2215 4395 2375 4448 simul
2401 4403 2454 4448 et
2494 4396 2730 4462 laticem,
2767 4395 3193 4459 descensionem,
3231 4398 3584 4465 sepulturam,
3612 4414 3810 4455 resur—

2217 4485 2530 4553 rectionem,
2561 4497 2614 4539 et
2647 4486 2788 4555 quod
2816 4487 2930 4555 ipse
2955 4502 3165 4557 quoque
3196 4488 3452 4545 Dominus
3480 4493 3588 4544 ait:
3629 4491 3811 4548 Vultis

530 4585 777 4656 possint;
821 4584 946 4635 dum
999 4583 1043 4635 si
1093 4582 1211 4650 quis
1263 4581 1490 4635 Nestorii
1538 4583 1811 4648 perﬁdiam
1867 4584 2107 4648 damnat,
2134 4587 2186 4646 D
2212 4599 2289 4636 me
2311 4584 2564 4648 occidere,
2594 4583 2852 4637 hominem
2891 4589 2980 4653 qui
3002 4586 3260 4638 veritatem
3290 4584 3488 4640 locutus
3513 4602 3624 4640 sum
3663 4588 3812 4644 vobis

531 4675 842 4745 Eutychetis
871 4683 1085 4743 putatur
1115 4674 1284 4727 errori
1312 4673 1683 4728 succumbere.
1718 4673 1945 4728 Rursum
1981 4674 2107 4728 dum

531 4769 877 4836 Eutychianae
930 4766 1151 4819 bmrcsis
1199 4765 1525 4831 impietatem
1574 4763 1824 4830 destruit,
1877 4765 2110 4819 Nestorii

531 4860 769 4930 arguitur
791 4860 981 4927 dogma
1010 4859 1234 4926 erigere.
1265 4855 1369 4910 Sed
1394 4855 1489 4908 has
1533 4855 1766 4909 inanium
1811 4857 2111 4910 accusatio-

531 4968 656 5007 num
687 4952 906 5005 nebulas
938 4950 1011 5002 illi
1044 4949 1322 5001 oll'undunt
1353 4950 1639 5018 prmcipue,
1670 4948 1757 5016 qni
1782 4957 1872 5001 aut
1898 4949 2110 5016 imperi-

533 5046 620 5098 tia:
649 5043 798 5105 vitio,
831 5054 920 5094 aut
947 5042 1320 5095 contentionis
1351 5041 1539 5095 morbo
1576 5047 1871 5109 mgrntant;
1903 5048 1957 5093 et
1983 5038 2109 5092 dum

533 5138 818 5206 pctulantis
845 5135 1004 5187 animi
1041 5134 1328 5203 supercilio
1357 5135 1653 5204 eriguntur,
1682 5133 1975 5202 antiquitus
2005 5141 2113 5185 tra-

529 5229 670 5283 ditas
709 5244 737 5280 a
781 5225 1023 5279 Patribus
1051 5224 1170 5277 fidei
1215 5225 1424 5293 regulas
1467 5225 1538 5279 ob
1582 5225 1684 5278 hoc
1731 5224 1904 5278 solum
1928 5224 2110 5291 despi-

528 5327 701 5387 ciunt,
735 5331 792 5375 ut
829 5321 966 5375 male
1008 5328 1294 5387 conceptas
1327 5318 1620 5370 novitatum
1651 5331 1864 5370 suarum
1894 5327 2107 5371 senten-

528 5416 630 5470 tias
663 5413 912 5467 Ecclesia:
955 5411 1327 5465 intromittaut.
1359 5410 1441 5464 ου
1487 5411 1534 5463 id
1565 5412 1723 5464 etiam
1768 5411 1943 5477 nobis,
1992 5419 2109 5463 tan-

527 5520 685 5572 quam
725 5503 1017 5558 dialectica:
1063 5501 1194 5555 artis
1246 5501 1506 5570 magistri,
1560 5516 1662 5552 non
1708 5511 1954 5569 tanquam
1987 5516 2112 5555 vere

529 5595 729 5649 Christi
777 5596 1044 5666 discipuli,
1075 5594 1322 5666 ancipitis
1352 5593 1716 5662 responsionis
1749 5591 2109 5646 inevitabilem

529 5688 894 5757 syllogismum
925 5689 1168 5756 tendunt,
1202 5687 1522 5744 arbitrantes
1551 5699 1709 5755 posse
1731 5697 1789 5740 se
1817 5683 1899 5737 his
1922 5697 2112 5753 propo-

2213 4673 2392 4745 (Joan.
2423 4690 2544 4738 vnt,
2570 4674 2684 4742 40).
2714 4675 2777 4728 Et
2801 4677 3088 4745 Apostolus
3112 4694 3125 4730 :
3156 4676 3302 4730 Sicut
3330 4694 3418 4748 per
3447 4695 3608 4731 unum
3636 4678 3811 4734 homi-

2214 4780 2328 4816 nem
2355 4781 2512 4827 mors,
2557 4765 2628 4818 ita
2655 4775 2699 4819 et
2741 4782 2830 4836 per
2865 4783 3023 4819 unum
3049 4767 3302 4821 hominem
3325 4771 3626 4823 resurrectio
3660 4786 3810 4822 mor-

2217 4854 2493 4923 tuorum“
2534 4854 2654 4908 Cor.
2686 4873 2774 4925 xv,
2823 4856 2940 4927 2|).
2998 4857 3277 4913 Etzlhtus
3320 4860 3570 4912 mediator
3615 4860 3712 4914 Dei
3759 4873 3810 4916 et

2214 4946 2471 4998 hominum
2503 4947 2652 4999 homo
2699 4947 2929 5002 Christus
2971 4947 3122 5003 Jesus
3154 4949 3208 5022 (Ι
3261 4951 3393 5005 Tim.
3423 4966 3490 5012 tt,
3537 4952 3617 5020 5).
3678 4952 3811 5008 "me

2217 5053 2302 5089 me
2327 5046 2510 5091 contra
2539 5036 2888 5092 Manicliaeum
2927 5048 3287 5109 perorantem,
3340 5041 3600 5095 Photinus
3631 5050 3811 5099 t0tum

2213 5130 2356 5184 velut
2387 5140 2736 5199 praeparatum
2767 5131 2964 5195 cibum,
2997 5133 3328 5187 avidioribus
3353 5134 3593 5202 perﬁdia:
3634 5134 3810 5190 fauci-

2216 5221 2313 5273 bus
2339 5222 2525 5274 nititur
2550 5231 2908 5275 lransvorare.
2940 5222 3146 5276 ltursus
3189 5238 3309 5277 cum
3353 5239 3440 5277 me
3464 5234 3648 5278 contra
3678 5240 3808 5281 eum

2215 5315 2379 5368 armis
2403 5315 2626 5368 vivilicze
2657 5315 2898 5369 lectionis
2923 5315 3244 5382 instruxero,
3279 5325 3333 5370 et
3362 5319 3523 5371 multa
3556 5320 3807 5374 testimo-

2217 5406 2422 5460 niorum
2450 5406 2623 5473 j-ncula
2645 5447 2659 5470 ,
2700 5405 2888 5459 Filium
2935 5405 3029 5459 Dei
3065 5407 3226 5460 Deum
3258 5423 3445 5462 vcrum
3473 5423 3595 5463 esse
3620 5422 3809 5464 conte-

2217 5499 2410 5551 stantia
2442 5499 2742 5564 vibravero,
2777 5513 2996 5553 necesse
3032 5499 3200 5554 habeo
3249 5502 3386 5554 inter
3425 5513 3616 5556 caetera
3641 5503 3808 5558 etiam

2218 5589 2344 5645 illud
2375 5605 2668 5659 opponere,
2697 5589 2835 5660 quod
2864 5591 2916 5643 in
2937 5591 3324 5645 similitudinem
3347 5592 3610 5646 hominum
3637 5593 3808 5662 factus

2220 5682 2314 5751 sit,
2344 5691 2390 5736 et
2421 5681 2600 5736 habitu
2630 5682 2859 5736 inventus
2892 5693 2945 5737 ut
2976 5687 3122 5738 homo
3145 5682 3370 5754 (Philip.
3404 5701 3472 5752 tt,
3505 5686 3579 5753 7).
3618 5685 3672 5739 In
3701 5698 3807 5752 quo
