4040 6184
208 347 276 405 97
1337 347 1609 404 CONTRA
1646 350 2114 411 EUTYCHETEM
2154 357 2280 411 LIB.
2325 360 2363 413 ι.
3406 378 3473 432 98

205 477 296 517 me
326 459 443 513 loco
489 455 820 511 Manichzeus
868 457 1182 525 strangulat,
1212 467 1267 513 et
1316 460 1382 514 ad
1434 475 1493 515 se
1520 477 1797 518 recursum
1824 472 1875 530 Α
1903 482 2088 523 rursus
2110 470 2163 545 in
2185 473 2369 527 eadem
2392 477 2634 544 corporis
2662 479 2830 537 forma
2849 492 3324 559 compungentium
3348 509 3475 549 ocu-

207 551 407 607 feeisse
428 564 551 604 cum
578 555 687 601 tota
715 546 932 601 ovantis
951 547 1112 601 animi
1136 548 1491 606 exsultatione
1517 552 1795 608 vociferat.

207 643 315 700 Sed
354 642 577 696 multum
601 649 705 703 eSI,
729 648 786 693 et
814 639 976 694 nimis
1000 653 1306 707 operosum,
1342 641 1465 695 talia
1499 646 1799 698 sententia-

210 749 330 788 rum
364 730 625 788 tendicula
648 729 954 794 revolvere,
984 730 1175 799 quibus
1206 729 1470 786 haeretica:
1525 733 1799 789 machina-

213 825 377 880 tionis
420 823 761 878 fraudulenta
799 821 1071 892 subreptio
1108 822 1407 878 libertatem
1435 824 1710 881 catholicae
1738 827 1800 880 fi-

215 917 300 971 dei
330 917 516 970 nititur
546 914 843 983 captivare.

288 1007 376 1064 lV.
423 1008 491 1062 Et
519 1007 774 1075 quoniam
819 1013 1001 1059 contra
1051 1004 1148 1057 has
1191 1019 1379 1058 onmcs
1421 1004 1797 1060 haereticorum

219 1111 393 1169 pestes
419 1096 735 1168 plenissime
758 1111 789 1149 a
822 1095 1019 1150 nostris
1043 1097 1335 1163 majoribus
1362 1099 1689 1163 disputatum
1718 1108 1800 1153 est

220 1191 375 1259 (quod
405 1190 570 1244 etiam
606 1188 651 1242 si
690 1188 742 1240 in
773 1188 974 1242 erroris
1002 1201 1187 1241 eorum
1217 1186 1634 1240 destructionem
1668 1189 1795 1241 nulli

221 1283 579 1337 conderentur
627 1281 774 1347 libri,
804 1281 907 1334 hoc
949 1280 1120 1349 ipsum
1153 1280 1324 1333 solum
1363 1280 1503 1347 quod
1548 1280 1798 1334 haeretici

220 1386 335 1429 sunt
347 1375 706 1437 pronuntiati,
729 1373 1150 1427 orthodoxorum
1177 1372 1451 1426 securitati
1479 1371 1797 1437 sufficeret),

221 1478 351 1518 nunc
381 1465 517 1517 istos
549 1463 826 1516 videamus
848 1476 1073 1531 quorum
1118 1472 1351 1516 mentem
1381 1464 1572 1530 anguis
1610 1465 1697 1516 itte
1722 1473 1799 1516 tc-

221 1556 469 1610 terrimus
506 1569 539 1607 a
580 1555 827 1608 castitate
855 1553 1000 1618 fidei,
1036 1568 1155 1623 quae
1203 1563 1284 1607 est
1319 1554 1371 1606 in
1402 1553 1615 1607 Christo
1649 1553 1797 1619 Jesn,

222 1648 284 1701 ita
313 1646 583 1712 corrupit,
622 1654 681 1698 ut
730 1644 783 1697 in
823 1653 1064 1713 apertum
1104 1644 1351 1698 nefanda:
1401 1644 1800 1712 praedicationis

221 1738 537 1791 adulterium
580 1737 810 1790 frontem
848 1749 1034 1789 eorum
1084 1733 1427 1801 impudentia:
1456 1736 1594 1788 callo
1624 1734 1797 1786 obdu-

1905 560 1972 613 lis
2010 562 2062 615 in
2101 569 2564 625 consummatione
2605 576 2861 642 temporis
2908 593 3030 635 sese
3065 582 3473 644 demonstrabit.

1900 651 2032 706 Nam
2061 654 2105 706 si
2137 654 2324 710 harum
2355 658 2576 714 duarum
2605 678 2708 716 una
2736 669 2993 723 exstincta
3029 672 3113 726 vel
3144 675 3320 741 potius
3348 691 3478 730 con-

1899 755 2133 813 sumpta,
2159 748 2342 802 relicta
2374 761 2458 805 est
2477 769 2609 822 una;
2640 756 2691 810 id
2715 773 3047 830 consequens
3078 766 3182 819 erit
3209 775 3266 820 nt
3298 768 3478 822 Domi-

1900 848 2000 888 nus
2039 834 2196 890 Jesus
2232 836 2501 907 Christus,
2535 852 2628 897 aut
2676 846 2817 901 Deus
2850 854 3237 920 tantummodo,
3282 871 3387 911 non
3424 868 3478 912 et

1900 920 2063 976 homo
2116 925 2277 993 idem,
2319 939 2411 982 aut
2453 929 2615 984 homo
2659 938 3048 1004 tantummodo,
3095 959 3201 997 non
3246 955 3300 999 et
3336 946 3479 1001 Deus

1902 1011 2041 1111 idem
2074 1015 2388 1083 impiissime
2419 1026 2757 1091 praedicetur.
2795 1029 2910 1083 Non
2942 1031 3117 1102 itaque
3139 1036 3397 1093 debemus
3425 1042 3475 1111 5

1902 1120 1997 1173 per
2026 1105 2161 1159 hanc
2190 1109 2364 1164 stulta:
2385 1114 2781 1181 prmdicationis
2813 1119 3098 1185 insaniam,
3131 1105 3475 1195 dignationis,

1900 1197 2279 1270 dignitatisque
2300 1218 2515 1261 cassare
2537 1211 2871 1276 mysterium.
2892 1212 3224 1279 Dignationis
3250 1220 3475 1285 scilicet,

1900 1288 2021 1355 quia
2055 1289 2194 1344 Deus
2222 1292 2471 1360 dignatus
2497 1306 2579 1350 est
2603 1298 2715 1352 ﬁeri
2748 1300 2928 1356 homo.
2965 1304 3244 1373 Dignitatis
3274 1318 3472 1375 autem,

1900 1380 2020 1447 quia
2053 1382 2209 1437 Verbi
2237 1398 2423 1440 natura
2455 1389 2503 1441 in
2531 1392 2711 1444 carnis
2736 1394 3056 1452 adunationc
3075 1400 3475 1456 immutabiliter

1904 1484 2269 1537 permanente,
2303 1491 2396 1543 per
2428 1481 2581 1531 unius
2603 1496 2845 1547 persona.-
2877 1500 3125 1541 arcanum
3152 1490 3291 1544 idem
3317 1494 3476 1546 homo

1902 1572 1986 1614 est
2018 1564 2174 1617 Dens.
2202 1567 2266 1618 Et
2295 1566 2382 1620 hic
2408 1584 2600 1623 sensus
2625 1572 2918 1630 catholicus
2944 1584 3333 1637 naturarumin
3357 1601 3476 1641 sese

1902 1658 2207 1709 coeuntium
2230 1660 2606 1715 adnnationem
2637 1681 2741 1717 non
2772 1676 2976 1722 naturae
3008 1671 3255 1727 unionem
3287 1676 3477 1730 admit-

1907 1745 1997 1807 tit;
2031 1744 2154 1798 dum
2186 1763 2251 1802 ex
2281 1749 2487 1806 duabus
2510 1754 2775 1822 adunatis,
2801 1758 3095 1830 iisdemque
3115 1770 3473 1831 manentibus,

222 1841 348 1883 ctam
380 1826 700 1889 armaverit,
731 1835 789 1879 ut
812 1824 933 1893 jure
962 1825 1014 1876 in
1030 1823 1106 1927 eis
1131 1823 1500 1891 propheticum
1525 1824 1651 1877 illud
1681 1839 1802 1877 ora-
1833 1832 1879 1889 Β
1909 1853 2044 1889 unus
2084 1840 2221 1894 Deus
2263 1837 2508 1911 idemque
2552 1850 2711 1901 homo
2758 1823 3293 1910 credimr'cmisms.
3342 1823 3474 1927 Qui;

221 1920 387 1973 culum
420 1918 599 1970 valeat
653 1912 953 1969 redundare
982 1926 995 1965 :
1021 1910 1206 1966 Facies
1239 1914 1511 1967 meretricis
1552 1916 1688 1981 facta
1726 1923 1799 1965 est

219 2006 457 2077 tibi(.ler.
493 2022 577 2069 tn,
613 2006 693 2073 ὅ).
728 2004 859 2058 Nam
888 2005 932 2058 si
980 2017 1086 2056 non
1124 2002 1197 2055 ita
1237 2013 1339 2067 est,
1382 2002 1507 2070 quid
1540 2004 1639 2057 sibi
1671 2018 1799 2071 ergo

220 2101 322 2150 vult
357 2098 507 2164 quod
560 2110 661 2149 nec
692 2095 853 2148 tantis
889 2092 1236 2147 conciliorum
1269 2093 1519 2157 decretis,
1552 2109 1651 2147 nec
1692 2105 1797 2146 tuttt

223 2186 460 2255 plurimis
498 2186 845 2253 antiquorum
888 2182 1103 2235 Patrum
1135 2181 1417 2235 sententiis
1447 2182 1675 2235 cedunt?
1698 2183 1803 2237 Ac-

221 2286 405 2330 cusant
451 2275 617 2344 igitur
656 2288 755 2328 nos
793 2272 917 2326 dum
950 2272 1224 2339 utriusque
1274 2283 1473 2327 naturm
1525 2273 1798 2328 Christum

222 2369 468 2434 fatemur,
502 2379 757 2437 tanquam
782 2366 916 2423 duos
941 2366 1201 2432 Christos,
1234 2384 1396 2422 unum
1438 2369 1626 2432 Deum,
1671 2370 1804 2423 alte-

224 2476 337 2514 rum
369 2460 669 2522 hominem,
696 2459 849 2527 juxta
876 2458 1150 2512 infandum
1180 2457 1412 2513 Nestorii
1439 2472 1678 2512 errorem
1708 2476 1802 2527 per

218 2552 532 2608 dualitatem
562 2562 767 2607 natura:
792 2552 1068 2607 videamur
1093 2567 1357 2607 asserere.
1387 2552 1489 2607 Sed
1518 2568 1613 2607 nos
1639 2570 1803 2608 unum

220 2641 407 2707 Deum,
432 2642 792 2711 eumdemque
820 2642 1012 2696 Filium
1040 2642 1153 2706 Dei,
1179 2651 1234 2696 et
1260 2644 1491 2698 hominis
1513 2643 1566 2714 4
1588 2644 1801 2709 Filium,

218 2746 319 2784 non
343 2732 485 2786 duos
513 2731 869 2800 profitemur:
902 2742 956 2786 et
1006 2733 1080 2786 ita
1121 2734 1354 2788 Verbum
1396 2735 1534 2789 intra
1581 2737 1802 2804 virginei

218 2821 348 2876 uteri
374 2831 608 2885 secreta,
645 2822 827 2877 carnis
858 2822 960 2876 sibi
990 2823 1138 2877 initia
1165 2826 1495 2891 consevisse,
1530 2826 1580 2879 id
1609 2835 1694 2880 est
1718 2828 1802 2880 in-

218 2921 496 2964 earnatum
529 2910 715 2976 fuisse,
736 2922 804 2971 ,ω
829 2920 1007 2966 tamen
1041 2912 1198 2967 Verbi
1247 2923 1435 2967 natura
1483 2929 1588 2967 non
1632 2926 1806 2967 muta-

219 3009 362 3053 retur
404 3004 456 3052 in
506 3016 750 3055 carnem.
801 3001 1040 3070 Itemque
1083 3002 1258 3055 carnis
1302 3013 1541 3056 naturam
1589 3006 1659 3057 ita
1710 3020 1802 3072 per

220 3090 564 3159 suscipientis
589 3089 1026 3145 commixtionem
1059 3092 1111 3145 in
1146 3092 1304 3146 Verbi
1335 3096 1592 3149 transisse
1620 3110 1804 3161 perso-

220 3194 358 3244 nam,
384 3191 445 3233 ut
472 3197 582 3235 non
606 3190 782 3235 tamen
814 3182 971 3237 fuerit
996 3184 1048 3236 in
1070 3184 1245 3239 Verbo
1269 3197 1601 3256 consumpta.
1628 3188 1805 3242 Manet
1830 3196 1876 3257 ο
1909 3213 2232 3282 intelligam,
2265 3213 2316 3266 in
2346 3214 2468 3267 (Ἀπί

218 3273 355 3326 enim
387 3285 641 3341 utraque,
674 3276 724 3327 id
753 3285 837 3329 est
878 3276 1033 3330 Verbi
1069 3278 1353 3345 carnisque
1400 3289 1608 3341 natura,
1640 3288 1695 3333 et
1734 3295 1802 3334 ex

218 3364 295 3416 llis
324 3364 539 3418 duabus
568 3364 832 3433 hodieque
881 3366 1221 3421 manentibus
1259 3383 1393 3421 unus
1423 3377 1505 3421 est
1534 3370 1801 3434 Christus,

218 3471 429 3523 unaque
461 3471 711 3521 persona.
748 3458 875 3524 Quis
903 3459 1043 3511 enim
1074 3462 1327 3529 sacrilega
1364 3463 1618 3529 Opinione
1645 3463 1801 3516 indu-

218 3555 297 3598 tus
324 3562 570 3615 eousque
595 3548 862 3614 desipiat?
885 3553 1013 3614 Quis
1046 3550 1097 3602 iu
1138 3557 1243 3601 tam
1290 3552 1570 3618 abruptum
1603 3553 1802 3606 erroris

219 3638 489 3688 baratrum
520 3641 873 3704 semetipsum
925 3639 1149 3703 injiciat,
1187 3650 1237 3690 nt
1286 3640 1475 3691 Filium
1522 3640 1638 3705 Dei,
1686 3642 1804 3695 sine

218 3738 307 3777 sua
345 3742 423 3793 pri
450 3725 565 3793 pria
590 3740 774 3789 cirne,
800 3743 955 3794 quam
975 3746 1024 3780 ιιι
1055 3742 1221 3782 Sacra:
1244 3728 1469 3797 Virginis
1492 3744 1645 3783 utero
1667 3730 1797 3785 inef-

217 3814 353 3867 fabili
403 3816 683 3868 societatis
730 3815 1087 3884 permixtione
1142 3819 1211 3870 ita
1263 3818 1475 3872 sibimet
1526 3820 1799 3885 adunavit,

220 3916 272 3955 ut
300 3903 543 3958 Verbum
564 3904 751 3969 homo,
776 3916 831 3959 et
862 3905 1021 3958 homo
1047 3907 1206 3971 Dens,
1239 3910 1483 3976 idemque
1508 3924 1662 3972 unus,
1696 3926 1799 3963 non

218 3996 433 4047 mutatis
463 4004 779 4048 naturarum
823 3996 1110 4064 generibus
1137 3998 1305 4060 ﬁeret,
1342 4009 1497 4067 neget
1540 4001 1696 4055 hodie
1718 4017 1803 4055 se-

214 4083 336 4138 dere
357 4084 425 4138 ad
450 4086 732 4139 dexteram
755 4086 950 4151 Patris,
970 4098 1358 4157 venturumque
1382 4089 1625 4157 judicare
1654 4092 1801 4145 vivos

213 4185 262 4226 et
282 4184 561 4239 mortuos;
580 4191 702 4229 cum
726 4178 896 4244 ipsum
915 4178 1196 4233 Dominum
1217 4181 1419 4235 dixisse
1444 4197 1546 4234 non
1575 4184 1799 4249 nesciat,

213 4263 335 4318 Cum
366 4269 563 4319 venerit
589 4264 757 4322 Filius
782 4270 999 4323 hominis
1021 4272 1072 4322 in
1095 4273 1258 4341 gloria
1284 4271 1455 4325 Patris
1479 4274 1558 4324 sui
1582 4272 1798 4339 (Matth.

214 4368 316 4417 xvi,
343 4357 478 4424 27)?
502 4355 620 4411 Non
652 4360 815 4427 quod,
841 4368 899 4413 ut
926 4374 1068 4430 Saepe
1097 4360 1350 4425 diximus,
1383 4362 1516 4415 alius
1542 4364 1610 4417 sit
1638 4362 1802 4416 Filius

214 4443 466 4510 heroinis,
494 4449 635 4501 alius
661 4448 827 4503 Filius
856 4450 949 4504 Dei
977 4468 990 4503 :
1028 4452 1119 4506 sed
1149 4466 1313 4522 usque
1354 4452 1489 4507 adeo
1516 4452 1802 4508 ostendere

213 4535 375 4588 voluit
405 4538 582 4590 nostri
623 4540 834 4608 generis
865 4550 1108 4593 naturam
1153 4556 1245 4610 per
1284 4542 1679 4595 commixtionis
1722 4543 1800 4595 in-
1826 4553 1878 4611 Ι)

220 4626 485 4679 dividuum
522 4630 780 4682 unitatem
824 4644 928 4681 non
983 4630 1148 4684 fuisse
1186 4641 1581 4699 consumptam,
1632 4644 1687 4686 ut
1738 4647 1797 4687 se

213 4715 370 4768 etiam
401 4718 456 4770 in
479 4718 621 4771 caalo
654 4720 881 4786 positum
925 4720 1116 4774 Filium
1151 4722 1383 4776 hominis
1411 4723 1573 4788 dicat,
1616 4732 1673 4777 ut
1703 4738 1796 4792 per

210 4808 319 4859 veri
350 4808 762 4875 appellationem
792 4812 1043 4876 nominis,
1070 4812 1346 4864 veritatem
1397 4827 1652 4880 agnoscas
1696 4829 1791 4864 na-

209 4906 341 4950 tura:
375 4900 662 4953 manentis.
691 4901 744 4952 Si
770 4915 899 4968 ergo
929 4917 1069 4954 nunc
1097 4917 1264 4969 usque
1299 4912 1475 4955 manet
1504 4900 1665 4955 Verbi
1707 4902 1790 4953 in-

209 5000 467 5042 temerata
516 5003 726 5057 natura,
760 5000 942 5045 manet
970 4992 1156 5055 etiam,
1188 5006 1344 5060 quam
1385 4992 1522 5044 idem
1569 4992 1683 5045 sine
1710 4992 1789 5045 sui

204 5082 505 5135 mutatione
531 5085 789 5150 suscepit,
822 5081 1171 5135 humanitatis
1200 5082 1405 5135 illibata
1434 5091 1644 5135 natura.

269 5170 338 5223 Υ,
375 5172 653 5238 Quomodo
699 5172 1002 5227 defenditur
1048 5173 1205 5226 hodie
1258 5188 1359 5225 una
1405 5186 1522 5226 esse
1558 5182 1789 5226 tantum-

198 5264 363 5316 modo
391 5264 590 5318 Christi
623 5265 849 5317 natura?
878 5264 931 5318 Si
958 5265 1035 5318 sic
1062 5274 1144 5318 est
1172 5279 1187 5317 :
1234 5263 1474 5331 profecto
1516 5263 1675 5331 igitur
1721 5280 1787 5317 ex

200 5361 409 5410 duabus
439 5359 633 5413 abolita
667 5370 749 5413 est
778 5374 903 5413 una.
931 5361 1187 5426 Quaznam
1221 5358 1416 5427 igitur?
1446 5357 1500 5411 Si
1530 5357 1783 5421 humana,

198 5450 306 5500 sola
332 5460 417 5501 est
442 5465 572 5520 ergo
605 5449 769 5503 Verbi
800 5459 1012 5513 natura,
1038 5458 1093 5502 et
1122 5447 1315 5502 falsum
1355 5446 1457 5500 erit
1485 5446 1607 5515 quia
1634 5445 1787 5499 Chri-

196 5555 309 5596 stus
340 5545 498 5599 Jesus
518 5546 600 5599 sic
630 5544 813 5598 veniet
840 5541 1294 5611 quemadmodum
1341 5540 1486 5592 visus
1516 5548 1599 5592 est
1629 5538 1705 5591 ire
1735 5537 1787 5590 in

194 5639 410 5691 emtum.
432 5636 745 5707 Corporeus
770 5650 996 5705 namque
1016 5650 1109 5704 per
1134 5634 1299 5689 nostri
1321 5633 1532 5703 generis
1552 5631 1785 5701 speciem

196 5734 517 5787 intuentium
566 5730 742 5787 oculis
788 5728 927 5783 idem
983 5726 1242 5783 Dominus
1281 5723 1601 5796 apparebat;
1648 5722 1784 5776 sicut

1902 1929 2192 1984 secundum
2240 1933 2370 1985 istos
2405 1937 2491 2002 qui
2539 1953 2693 1990 unam
2739 1946 3104 1998 tantummodo
3150 1952 3478 2006 contendunt

1902 2038 2022 2077 esse
2065 2036 2328 2095 naturam,
2369 2039 2458 2081 aut
2492 2030 2650 2084 Verbi
2704 2044 2900 2089 mutata
2944 2048 3027 2091 est
3069 2041 3121 2094 in
3152 2057 3387 2109 carnem,
3422 2059 3478 2100 ut

1904 2114 2054 2168 fieret
2082 2132 2218 2181 una;
2248 2128 2340 2171 aut
2361 2121 2537 2174 curuis
2569 2123 2619 2175 in
2645 2122 2821 2178 Verbo
2845 2141 3157 2199 consumpta
3180 2144 3279 2198 est,
3313 2145 3364 2188 ut
3392 2152 3478 2191 cx-

1902 2208 2151 2261 stantiam
2196 2211 2276 2261 sui
2318 2226 2411 2277 per
2454 2212 2536 2265 sui
2582 2213 2925 2271 abolitionem
2974 2223 3225 2276 amittens
3260 2228 3479 2280 omnino

1902 2314 2021 2352 esse
2054 2314 2158 2351 non
2196 2303 2379 2367 possit.
2416 2313 2472 2356 nt
2507 2306 2621 2357 sola
2654 2306 2811 2361 Verbi
2856 2323 3128 2366 remaneat
3167 2329 3290 2367 una.
3324 2318 3477 2381 Quod

1903 2404 2059 2457 quam
2090 2390 2161 2441 sit
2198 2391 2437 2457 impium,
2476 2408 2741 2463 quamque
2781 2400 3096 2469 sacrilegum
3143 2407 3481 2471 apertissime

1904 2478 2035 2532 mihi
2077 2493 2398 2548 cognoscere
2441 2484 2665 2550 videtur,
2723 2489 2967 2558 quisquis
3012 2495 3304 2562 apostolica
3355 2498 3481 2566 dag-

1905 2579 2067 2633 mata,
2113 2585 2217 2624 non
2253 2571 2482 2627 humana
2532 2588 2833 2630 commenta
2874 2591 3131 2635 sectatur.
3179 2586 3310 2650 Quia
3352 2602 3480 2640 vero

1905 2659 2044 2714 idem
2078 2660 2216 2714 Deus
2252 2662 2413 2715 homo
2460 2674 2561 2727 est,
2613 2673 2668 2718 et
2710 2668 2847 2721 idem
2898 2670 3056 2725 homo
3096 2673 3237 2728 Deus
3282 2686 3385 2738 est,
3414 2694 3477 2731 ex

1906 2760 2129 2817 utroque
2157 2750 2474 2815 subsistens,
2509 2763 2731 2823 utroque
2756 2772 2860 2810 non
2881 2774 3091 2825 carens,
3120 2774 3339 2831 apparet
3359 2782 3478 2820 eunt

1904 2841 2181 2909 utriusque
2203 2856 2324 2895 esse
2348 2852 2574 2909 naturze,
2597 2846 2716 2912 quia
2741 2860 2986 2903 neutrum
3012 2863 3185 2918 potest
3213 2859 3479 2911 amittere.

1978 2932 2063 2985 Vl.
2097 2933 2203 2985 Cur
2232 2943 2408 2987 autem
2431 2933 2540 2997 isti,
2566 2938 2644 2989 vel
2678 2941 2944 3003 quomodo
2975 2942 3026 2993 in
3050 2945 3307 2999 ambabus
3329 2959 3479 3001 natu-

1904 3021 1979 3075 ris
1998 3024 2338 3091 proprietatis
2360 3041 2552 3079 nomen
2572 3027 2856 3095 refugiunt,
2883 3032 3062 3086 nescio
3084 3050 3209 3088 num
3232 3052 3296 3089 eo
3319 3052 3481 3106 uSque

1906 3115 2142 3183 perfidia:
2172 3116 2433 3169 velamine
2468 3118 2824 3187 obducuntur,
2864 3131 2922 3176 ut
2965 3139 3068 3178 non
3109 3127 3342 3193 videant,
3377 3146 3480 3187 non

2484 3233 2555 3265 ςιυ
2578 3217 2720 3269 aliud
2750 3217 3033 3283 divinitati,
3064 3223 3209 3277 aliud
3239 3226 3481 3278 humaui-

1908 3306 2139 3374 tati-ejus
2160 3321 2473 3372 congruere,
2509 3311 2633 3364 licet
2652 3312 2717 3364 sit
2755 3321 3033 3383 utrumque
3059 3330 3361 3374 commune.
3393 3322 3481 3375 Ait

1906 3411 2136 3465 namque
2177 3396 2452 3464 discipulis
2479 3402 2623 3453 suis:
2653 3402 2713 3454 Si
2746 3403 3025 3472 diligeretis
3065 3423 3143 3460 me
3170 3410 3481 3477 gauderetis,

1903 3490 2023 3556 quia
2046 3489 2174 3540 vado
2200 3491 2268 3542 ad
2300 3488 2525 3555 Patrem,
2559 3494 2676 3560 quia
2708 3492 2867 3547 Pater
2893 3497 3059 3565 major
3090 3514 3167 3550 me
3206 3510 3279 3551 est
3300 3500 3480 3568 (Joau.

1906 3597 2011 3645 xw,
2029 3581 2141 3651 28).
2172 3583 2233 3636 Et
2255 3584 2443 3636 iterum
2472 3602 2482 3636 :
2519 3584 2738 3652 Expedit
2765 3589 2901 3641 vobis
2924 3600 2975 3642 ut
2998 3608 3088 3660 ego
3108 3608 3217 3645 eam
3238 3610 3256 3658 ;
3281 3596 3324 3647 si
3349 3596 3482 3646 enim

1906 3689 2004 3724 non
2022 3674 2210 3737 abiero,
2234 3672 2531 3726 Paracletus
2554 3678 2621 3727 ad
2649 3693 2732 3729 vos
2755 3693 2853 3731 non
2879 3682 3036 3733 veniet
3062 3681 3240 3751 (Joan.
3269 3699 3378 3747 xw,
3405 3684 3478 3752 7).

1905 3763 1972 3817 Et
1997 3772 2142 3818 certe
2174 3765 2403 3819 Verbum
2434 3767 2545 3831 Dei,
2576 3769 2747 3821 virtus
2771 3770 2886 3834 Dei,
2915 3773 3172 3839 sapientia
3205 3774 3317 3839 Dei,
3344 3790 3481 3827 seni-

1906 3869 2003 3921 per
2028 3853 2168 3922 apud
2212 3856 2422 3910 Patrem
2459 3868 2513 3911 et
2551 3858 2602 3910 in
2648 3858 2803 3913 Patri:
2838 3860 2955 3925 fuit,
2987 3865 3146 3916 etiam
3186 3866 3399 3933 quando
3431 3868 3480 3920 in

1907 3945 2059 4001 nobis
2083 3948 2358 4001 nobiscum
2392 3949 2509 4004 fuit.
2542 3950 2724 4019 Neque
2764 3955 2905 4005 enim
2936 3968 3054 4007 cum
3089 3966 3293 4007 terrena
3324 3962 3479 4009 misc-

1907 4041 2187 4094 ricorditcr
2228 4041 2472 4107 incoluit,
2513 4044 2579 4096 de
2615 4046 2819 4097 cmlesti
2865 4045 3191 4099 habitatione
3240 4048 3478 4099 recessit.

1904 4130 2035 4183 Cum
2081 4131 2235 4184 Patre
2288 4132 2429 4184 enim
2478 4134 2671 4200 ubique
2726 4144 2807 4188 est
2853 4144 2995 4186 totus
3031 4136 3140 4202 pati
3181 4135 3475 4198 divinitate,

1904 4239 2063 4292 quam
2106 4224 2279 4278 nullus
2304 4226 2541 4278 continet
2582 4226 2746 4278 locus.
2787 4225 2954 4279 Plena
2988 4234 3114 4279 sunt
3141 4227 3336 4294 quippe
3366 4242 3479 4281 om.

1906 4318 1991 4368 nia
2042 4316 2193 4377 Filio,
2224 4330 2322 4368 nec
2348 4325 2431 4368 est
2469 4316 2657 4384 aliquis
2696 4316 2845 4369 locus
2872 4316 3172 4369 divinitatis
3199 4316 3315 4384 ejus
3347 4333 3478 4384 pra:-

1905 4407 2072 4460 sentia
2106 4421 2322 4460 vacuus.
2348 4406 2498 4463 Unde
2518 4420 2663 4475 ergo,
2694 4417 2745 4459 et
2773 4420 2878 4474 quo
2902 4420 2960 4459 se
2984 4405 3180 4459 iturum
3207 4405 3369 4461 dicit?
3389 4417 3478 4461 aut

1906 4502 2173 4569 quomodo
2218 4518 2274 4555 se
2309 4502 2375 4555 ad
2412 4503 2617 4555 Patrem
2649 4512 3013 4568 perrecturum
3051 4502 3263 4567 asserit,
3308 4518 3336 4556 a
3377 4519 3479 4572 quo

1904 4597 2019 4649 sine
2063 4596 2225 4651 dubio
2254 4611 2520 4665 nunquam
2566 4596 2821 4650 recessit?
2867 4596 2970 4651 Sed
3024 4594 3122 4649 hoc
3165 4607 3274 4649 erat
3309 4597 3385 4652 ire
3414 4599 3476 4649 ad

1902 4685 2111 4740 Patrem
2146 4699 2196 4742 et
2227 4691 2481 4743 recedere
2512 4703 2538 4738 a
2581 4686 2752 4745 nobis.
2786 4686 2997 4740 auferre
3028 4687 3095 4740 de
3134 4686 3232 4740 hoc
3279 4690 3480 4741 mundo

1902 4789 2142 4833 naturam
2169 4779 2223 4848 6
2258 4795 2412 4849 quam
2460 4789 2770 4846 susceperat
2814 4794 2879 4832 ex
2932 4778 3103 4830 nobis.
3152 4777 3308 4831 Vides
3352 4794 3478 4846 ergo

1900 4873 2074 4926 eidem
2105 4887 2305 4925 uatum:
2329 4872 2601 4942 proprium
2633 4871 2797 4924 fuisse
2826 4882 2881 4924 ttt
2909 4870 3211 4925 auferretur
3233 4880 3287 4923 et
3309 4870 3476 4923 abiret

1900 4982 1927 5019 a
1961 4965 2131 5027 nobis,
2170 4980 2287 5032 tunc
2332 4965 2381 5015 in
2418 4965 2520 5015 ﬁne
2558 4972 2855 5030 temporum
2889 4962 3156 5015 reddenda
3196 4971 3275 5015 est
3302 4961 3474 5024 nobis,

1898 5062 2191 5121 secundum
2227 5055 2588 5111 attestantium
2628 5070 2811 5110 vocem
2859 5055 3205 5125 angelorum:
3246 5054 3341 5106 llic
3380 5052 3474 5107 Je-

1896 5170 1978 5207 διις
2006 5153 2093 5219 qui
2120 5160 2349 5217 receptus
2379 5160 2447 5201 est
2478 5165 2508 5200 a
2539 5146 2695 5208 vobis,
2730 5149 2802 5199 sic
2841 5148 3025 5211 veniet,
3049 5144 3473 5211 quemadmodum

1896 5246 2091 5298 vidistis
2120 5259 2231 5295 eum
2264 5251 2462 5294 euntem
2500 5243 2553 5293 in
2584 5240 2762 5292 emtum
2804 5237 2938 5306 (Art.
2975 5253 3009 5299 ι,
3051 5238 3157 5302 ιι).
3198 5235 3324 5289 Nam
3354 5232 3472 5284 vide

1898 5336 2236 5395 miraculum,
2257 5333 2377 5385 vide
2398 5333 2673 5399 utriusque
2697 5340 2897 5384 naturae
2922 5328 3473 5399 proprietatismystc-

1896 5431 2056 5486 rium.
2095 5426 2188 5480 Dei
2234 5425 2395 5479 Filius
2444 5423 2735 5477 secundum
2768 5423 3147 5476 humanitatem
3196 5431 3345 5470 suam
3386 5428 3471 5468 re-

1896 5523 2057 5579 cessit
2079 5540 2106 5577 a
2137 5520 2310 5585 nobis,
2340 5516 2634 5573 secundum
2668 5513 2995 5567 divinitatem
3015 5523 3161 5562 suam
3185 5507 3255 5559 ait
3277 5505 3431 5559 nobis
3456 5523 3469 5558 :

1902 5618 2031 5673 Ecce
2056 5634 2145 5688 ego
2172 5616 2424 5668 vobiscum
2462 5628 2575 5665 sum
2608 5610 2841 5663 omnibus
2872 5604 3045 5656 diebus
3073 5615 3229 5670 usque
3259 5599 3326 5651 ad
3352 5613 3472 5651 rori-

1894 5710 2279 5768 summationem
2309 5705 2482 5760 sweuli
2504 5701 2716 5775 (Matth.
2760 5712 2947 5759 xxvm,
2969 5694 3083 5765 ΞΟ).
3115 5694 3170 5749 Si
3197 5690 3473 5747 nobiscum
