4044 6184
501 346 569 405 99
1160 370 1163 377 .
1814 326 2035 385 VlGlLil
2073 324 2440 384 TAPSENSIS

3649 316 3757 374 100

503 469 611 527 est,
648 450 918 526 quomodo
956 451 1210 508 recessit?
1238 450 1295 505 Si
1343 448 1619 503 nobiscum
1667 452 1769 508 cst,
1804 440 2073 511 quomodo
2103 438 2319 506 Aquod
2365 437 2553 506 crevit,
2604 452 2709 492 non
2769 436 2886 503 Dei,
2937 435 3027 504 qui
3075 433 3243 488 nostri
3297 431 3510 502 gener's
3538 442 3757 484 carnem

505 526 612 604 ait:
644 545 858 600 Venicat
893 544 999 597 dies
1023 542 1230 612 quando
1274 538 1568 591 desidentis
1607 535 1739 587 diem
1766 545 1925 585 unum
1956 526 2085 588 Filii

2184 528 2509 593 assumpsit?
2532 528 2587 584 Si
2617 530 2671 582 in
2700 528 2785 581 illa
2813 525 3197 596 gloriosissima
3228 522 3475 591 passione
3506 516 3763 573 Dominus

510 638 748 702 hominis,
779 647 948 689 etnon
973 606 1201 687 videbitis
1243 628 1394 697 (Luc.
1440 642 1572 688 xvn,
1603 625 1733 693 2i)?
1773 620 1878 679 Sed
1908 630 1962 676 et
1990 634 2090 673 no-
2185 615 2341 670 Jesus
2363 616 2607 671 Christus
2644 626 2734 670 aut
2760 616 2935 683 capite
2964 615 3311 682 plecteretur,
3337 620 3428 663 aut
3466 606 3766 677 quibusque

511 732 712 784 hiscum
744 735 847 791 est,
878 734 931 780 et
961 738 1063 777 non
1093 731 1177 776 est
1209 720 1511 773 nobiscum.
1540 716 1677 781 Quia
1710 729 1845 783 quos
1877 710 2091 780 reliquit

510 832 564 876 et
591 836 621 875 a
652 819 845 889 quibus
888 815 1132 869 discessit
1172 811 1501 864 humanitate
1543 820 1659 870 sua,
1696 819 1807 858 non
1853 800 2090 870 reliquit,

512 929 613 969 nec
632 910 865 966 deseruit
888 905 1175 960 divinitate
1201 918 1315 955 sua.
1352 900 1455 954 Per
1488 898 1713 952 fortnam
1757 895 1897 949 enim
1930 890 2091 953 servi,

515 1019 671 1072 quam
701 999 917 1054 abstulit
944 1012 973 1048 a
1008 994 1163 1048 nobis
1205 994 1257 1046 in
1291 993 1513 1053 costum,
1548 989 1744 1041 absens
1782 994 1861 1038 est
1898 982 2091 1036 nobis:

515 1111 611 1164 per
651 1094 873 1145 formam
912 1087 1025 1152 Dei,
1056 1101 1160 1155 qua
1200 1099 1310 1137 non
1334 1080 1535 1135 recedit
1564 1092 1594 1130 a
1649 1075 1824 1143 nobis,
1858 1075 1911 1127 in
1940 1072 2097 1126 terris

516 1162 751 1250 prresens
780 1191 861 1234 est
882 1179 1038 1232 nobis
1068 1194 1080 1228 :
1114 1186 1295 1228 tamen
1328 1183 1381 1227 et
1408 1184 1645 1242 praesens
1674 1175 1726 1221 et
1764 1165 1959 1219 absens
1986 1162 2100 1230 ipse

517 1288 655 1327 unus
684 1274 931 1339 idemque
958 1279 1040 1322 est
1067 1266 1247 1319 nobis.

590 1363 700 1418 Vll.
731 1361 866 1416 Audi
893 1367 948 1415 et
977 1358 1135 1411 aliam
1159 1357 1433 1423 utriusque
1456 1359 1666 1405 natura:
1698 1347 2099 1417 proprietatem.

520 1459 798 1526 Sepultum
833 1454 923 1507 Dei
963 1452 1156 1505 Filium
1190 1463 1381 1501 omnes
1424 1446 1673 1514 legimus,
1704 1455 1893 1494 omnes
1931 1438 2107 1493 ert-di-

523 1564 661 1611 inus,
712 1560 898 1600 omnes
934 1543 1130 1612 pariter
1182 1540 1556 1608 praedicamus,
1603 1549 1703 1588 nec
1748 1532 1889 1585 ullus
1944 1529 2108 1582 audet

520 1640 793 1706 attrbigere
814 1633 1168 1689 Christianus.
1194 1630 1307 1683 iam
1336 1629 1443 1693 hic,
1470 1629 1512 1678 si
1536 1626 1727 1694 placet,
1753 1620 1969 1689 paciﬁca
1994 1632 2109 1672 mo-

520 1731 797 1785 deratione
851 1736 1168 1789 tractemus,
1218 1721 1343 1788 quid
1401 1719 1519 1787 ejus
1575 1724 1811 1785 potuer.t
1862 1710 2102 1780 sepeliri,

2188 709 2305 761 aliis
2342 710 2704 763 membrorum
2741 705 3158 762 abscissionibus
3189 702 3561 763 mulctaretur;
3610 704 3765 766 puta-

2192 814 2381 853 musne
2411 800 2493 853 isti
2521 799 2781 861 dicerent,
2812 808 3016 865 partem
3044 793 3198 848 Verbi
3224 806 3347 845 cum
3378 787 3553 857 capite
3579 800 3767 853 ampu-

2195 900 2380 951 tatam,
2405 900 2459 944 et
2487 891 2642 943 aliam
2687 900 2889 955 partem
2920 900 3040 939 eum
3080 883 3327 936 manibus
3351 873 3765 945 detruncatant!

2197 980 2261 1032 Et
2305 979 2425 1047 quia
2458 978 2805 1033 circumcisus
2843 985 2948 1039 est,
2987 971 3283 1027 cavendum
3321 978 3405 1024 est
3452 980 3523 1021 ne
3562 973 3768 1033 partem

2199 1068 2358 1123 Verbi
2388 1082 2508 1123 cum
2536 1068 2625 1122 illa
2650 1067 2874 1123 membri
2904 1065 3293 1133 exspoliatione
3319 1062 3605 1129 opinentur
3630 1055 3772 1124 pari-

2199 1167 2283 1213 ter
2312 1168 2668 1227 amputatam;
2691 1156 2835 1226 quod
2867 1170 2966 1210 nec
2991 1154 3151 1210 hodie
3178 1153 3247 1209 de
3270 1151 3526 1208 truncatis
3550 1146 3773 1202 homini-

2202 1251 2301 1303 bus
2324 1265 2507 1303 verum
2530 1250 2672 1303 dicat
2708 1249 2945 1316 quisquis
2979 1246 3247 1301 salubrius
3284 1252 3341 1299 et
3374 1243 3574 1298 rectius
3611 1240 3772 1309 sapit.

2204 1338 2388 1408 Neque
2419 1342 2561 1392 enim
2593 1339 2675 1393 fas
2706 1347 2791 1393 est
2816 1338 3049 1407 opinari,
3081 1336 3223 1404 quod
3256 1348 3375 1389 cum
3405 1333 3635 1387 hominis
3662 1345 3775 1385 ma-

2207 1442 2307 1480 nus
2338 1427 2713 1489 absciduntur,
2760 1427 2963 1495 pariter
3006 1427 3200 1478 anima:
3254 1424 3426 1492 portio
3472 1421 3773 1475 desecetur.

2208 1520 2412 1575 Lumen
2443 1536 2654 1591 quoque
2684 1519 2823 1574 istud
2849 1519 3057 1573 visibiie
3089 1533 3181 1587 per
3210 1516 3472 1585 quaslibet
3499 1515 3774 1567 oculorum

2209 1613 2487 1680 passiones
2512 1610 2751 1665 aufertur
2770 1610 2838 1663 ab
2864 1609 3109 1670 homine;
3130 1608 3190 1677 8
3218 1619 3313 1659 nec
3342 1613 3519 1657 tamen
3544 1601 3672 1655 illud
3698 1600 3775 1654 lu~

2211 1718 2333 1756 men
2382 1702 2619 1756 aufertur
2664 1701 2732 1755 ab
2770 1701 2968 1764 anima,
3013 1713 3119 1767 quo
3156 1696 3295 1749 valet
3341 1694 3482 1748 inter
3522 1690 3778 1761 justitiam

526 1833 701 1876 utrum
731 1820 980 1881 Verbum,
1015 1830 1083 1869 an
1110 1816 1307 1878 anima,
1337 1826 1405 1864 an
1434 1823 1654 1877 corpus,
1686 1822 1757 1860 an
1788 1804 1945 1859 simul
1976 1818 2094 1855 om-
2126 1793 2175 1853 Β
2200 1790 2641 1861 iniquitatemque
2677 1791 3005 1846 discernere.
3060 1788 3232 1845 Unum
3294 1786 3438 1842 enim
3491 1782 3736 1854 corporis
3762 1819 3779 1848 ,

525 1913 648 1965 nia?
678 1910 783 1965 Sed
813 1905 1198 1978 perabsurdum
1221 1911 1326 1965 est,
1350 1909 1442 1954 aut
1462 1899 1713 1961 Verbum,
1748 1904 1841 1949 aut
1868 1895 2101 1948 animam

529 2002 709 2054 dicere
739 1997 919 2051 linteis
948 1994 1220 2049 obvoluta.
1250 1992 1437 2044 Restat
1466 2002 1595 2057 ergo
1619 1996 1676 2041 ut
1703 1985 1878 2039 solum
1909 1994 2105 2049 corpus

533 2094 670 2163 quod
694 2090 939 2146 exanime
960 2097 1092 2151 erat,
1116 2084 1257 2153 quod
1278 2084 1440 2138 etiam
1464 2078 1832 2149 sepeliendum
1861 2073 2107 2128 manibus

529 2184 821 2245 ferebatur,
854 2180 1013 2234 fuerit
1038 2178 1093 2231 in
1130 2174 1355 2230 sindone
1396 2170 1781 2228 circumdatum
1829 2177 1884 2221 et
1926 2167 1980 2220 in
2023 2179 2108 2217 se-

534 2272 701 2341 pulcri
729 2270 931 2340 gremio
961 2268 1299 2322 collocatum.
1334 2264 1464 2317 Nam
1506 2263 1591 2315 hic
1613 2256 1971 2329 argumentari
2000 2269 2108 2309 non

529 2378 667 2432 opus
690 2373 795 2426 est,
824 2362 911 2415 ubi
937 2375 996 2415 se
1016 2360 1127 2426 ipsa
1149 2357 1346 2411 veritas
1374 2353 1709 2409 manifestius
1742 2350 1940 2420 prodit.
1984 2349 2110 2404 Ver-

534 2459 660 2511 bum
685 2458 773 2511 Dei
805 2455 1178 2522 exsequiarum
1199 2449 1378 2503 oflicio
1410 2462 1516 2501 non
1543 2446 1718 2514 eguit:
1751 2443 1928 2496 anima
1955 2456 2110 2510 sepe-

535 2550 617 2602 liri
644 2564 749 2602 non
786 2549 954 2615 potuit
987 2562 1000 2597 :
1048 2543 1163 2595 sola
1210 2541 1372 2609 igitur
1396 2553 1522 2592 caro
1556 2537 1847 2605 sepulturae
1873 2532 2108 2588 officium

536 2641 735 2693 habuit.
780 2638 846 2691 Et
876 2649 1052 2690 tamen
1096 2634 1378 2687 Dominum
1408 2631 1591 2685 Jesum
1625 2628 1894 2682 Christum
1933 2624 2106 2692 sepul-

537 2741 647 2784 tum
671 2728 958 2798 aposmiica
983 2724 1271 2779 auctoritas
1295 2722 1495 2775 docuit.
1514 2720 1699 2773 Cernis
1722 2730 1848 2785 ergo
1868 2729 1987 2769 esse
2010 2713 2111 2766 ali-

534 2820 661 2888 quid
695 2819 966 2888 proprimn
1011 2815 1188 2870 carnis
1220 2812 1361 2881 quod
1408 2810 1564 2863 Verbi
1610 2823 1728 2863 esse
1760 2822 1865 2860 non
1902 2805 2109 2873 possit;

538 2914 633 2967 sed
679 2912 800 2966 ideo
826 2910 987 2964 etiam
1018 2904 1179 2960 Verbi
1216 2918 1356 2966 esse,
1391 2902 1513 2970 quia
1548 2899 1703 2955 Verbi
1745 2910 1826 2953 est
1869 2898 1957 2953 illa
1986 2912 2112 2951 caro

532 3007 619 3059 icui
653 3011 874 3071 possunt
898 3000 1011 3053 haec
1040 2997 1215 3052 omnia
1244 2996 1418 3063 aptius
1446 2992 1756 3047 convenire.

609 3093 745 3150 Vill.
775 3092 1022 3147 Crevisse
1050 3098 1197 3143 certe
1227 3101 1322 3155 per
1349 3084 1524 3139 aetatis
1550 3082 1839 3145 curricula,
1866 3088 1918 3133 et
1946 3093 2113 3147 usque

542 3188 607 3239 ad
632 3186 847 3241 robusta
874 3179 1125 3250 juvenilis
1152 3176 1396 3245 corporis
1420 3173 1658 3227 membra
1687 3172 1993 3240 pervenisse
2019 3169 2115 3222 Do-

547 3264 753 3331 minnm
778 3273 960 3328 Jesum
1000 3270 1049 3339 7
1078 3268 1347 3322 Christum
1380 3263 1662 3333 Evangelia
1696 3261 1933 3316 tradunt.
1961 3264 2004 3314 0
2035 3270 2113 3325 ιιι,

546 3373 634 3437 qui
652 3368 781 3423 nihil
812 3367 895 3420 vis
912 3374 1030 3419 esse
1053 3365 1327 3431 proprium
1350 3358 1548 3422 carnis,
1575 3366 1797 3424 putasne
1823 3357 1963 3424 quod
1982 3353 2117 3407 Ver-

546 3466 671 3516 bum
697 3474 821 3515 eam
856 3471 921 3513 ea
960 3469 1142 3520 carne,
1189 3467 1291 3521 qua
1331 3466 1394 3506 ex
1428 3450 1644 3519 Virgine
1698 3455 1854 3501 natus
1886 3454 1988 3510 est,
2023 3458 2117 3513 per

539 3562 758 3608 aetatum
790 3549 1177 3610 successiones,
1206 3558 1258 3599 ct
1287 3558 1380 3612 per
1403 3541 1728 3596 incrementa
1758 3538 2115 3592 membrorum

542 3647 744 3714 pariter
770 3642 957 3704 crevit,
984 3648 1037 3692 et
1069 3639 1123 3691 in
1153 3635 1409 3704 majorem
1441 3635 1521 3686 sui
1549 3632 1790 3700 corporis
1815 3630 2011 3683 molem
2033 3642 2120 3681 so-

542 3734 763 3787 tidatum
805 3730 928 3784 est?
969 3727 1108 3791 Noli,
1153 3740 1284 3795 rogo
1333 3735 1405 3786 te,
1456 3722 1719 3778 cavillari.
1773 3720 1911 3787 elige
1958 3732 2118 3770 unum

538 3826 687 3894 quod
727 3824 878 3877 velis.
908 3819 1164 3874 Crescere
1210 3817 1375 3879 istud,
1417 3826 1469 3868 et
1506 3813 1860 3881 grandescere
1911 3809 2119 3863 Domini

542 3918 672 3969 Jesu
700 3913 923 3977 Christi,
956 3920 1012 3966 et
1042 3923 1205 3977 usque
1240 3909 1303 3960 ad
1345 3908 1630 3974 perlectam
1658 3904 1946 3973 juvenilem
1994 3913 2121 3957 teta—

546 4020 655 4061 tem
690 4004 989 4073 pervenire,
1018 3999 1167 4068 cujus
1185 3996 1299 4051 est?
1322 3996 1506 4057 Verbi,
1533 4009 1600 4047 an
1626 3993 1827 4047 carnis.
1848 3992 1970 4048 Seio
1991 4005 2123 4061 quas

546 4096 820 4165 angustias
849 4092 1087 4159 patiaris,
1116 4089 1306 4158 quibus
1351 4087 1572 4140 anheles
1601 4083 1841 4138 aestibus.
1881 4082 1935 4137 Si
1975 4082 2123 4135 dicas

551 4188 821 4257 proprium
861 4197 980 4237 esse
1010 4182 1183 4235 carnis
1208 4179 1586 4247 preprietatem
1609 4184 1814 4229 natura:
1839 4173 2043 4227 fateris.
2067 4173 2123 4228 Si

552 4278 698 4328 dicas
738 4284 789 4327 et
824 4274 999 4326 carnis
1039 4284 1158 4324 esse
1207 4279 1261 4322 et
1290 4267 1447 4321 Verbi
1496 4265 1659 4335 (quod
1690 4264 1907 4333 quidem
1941 4276 2123 4315 verum

552 4376 633 4417 est
662 4379 756 4431 per
782 4364 1038 4415 unitatem
1066 4373 1330 4427 personae,
1364 4374 1470 4410 non
1502 4372 1595 4425 per
1625 4356 2009 4425 proprietatem
2033 4369 2127 4408 na-

557 4454 739 4520 turae);
772 4452 836 4513 si,
877 4454 1111 4518 inquam,
1136 4448 1282 4517 dicas
1320 4446 1482 4501 Verbi
1521 4460 1639 4500 esse
1692 4445 1793 4500 hoc
1822 4446 1993 4500 aetatis
2033 4460 2119 4499 au-

552 4552 849 4611 gmentum,
875 4540 1125 4593 mutabile
1154 4538 1449 4591 introducis
1475 4548 1633 4605 atque
1653 4535 2003 4590 convertibtle
2033 4533 2127 4589 Dei

561 4635 809 4687 Verbum.
840 4631 997 4686 Forte
1024 4630 1166 4683 enim
1190 4628 1429 4697 quaedam
1473 4628 1643 4695 portio
1671 4629 1785 4693 ejus
1818 4624 2126 4693 virginalem

559 4741 762 4780 uerum
804 4724 1145 4792 impleverat;
1173 4733 1227 4776 et
1266 4721 1385 4775 ideo
1423 4722 1535 4775 haec
1573 4719 1760 4788 exigua
1806 4722 1975 4787 pot-tio
2006 4735 2127 4773 eum

555 4833 783 4885 corpore
811 4832 907 4871 suo
942 4818 1105 4871 sensit
1134 4824 1499 4885 augmentum;
1526 4816 1649 4866 dum
1693 4813 1778 4865 illa
1825 4814 1991 4880 major
2014 4829 2129 4881 qua:

559 4909 812 4974 restabat,
849 4918 1058 4976 etquae
1099 4917 1310 4961 uterum
1356 4903 1590 4971 Virginis
1639 4919 1743 4957 non
1792 4904 2126 4970 impleverat,

563 4999 810 5064 paulatim
836 5013 954 5052 sese
980 4996 1209 5067 portioni
1230 5011 1363 5063 sure,
1388 5009 1546 5064 quam
1564 4996 1615 5048 in
1636 4995 1851 5048 homine
1873 4993 2125 5057 habebat,

560 5102 657 5156 per
693 5088 1019 5140 incrementa
1067 5086 1231 5155 ipsius
1268 5084 1510 5154 corporis
1539 5084 1897 5145 admiseebat;
1931 5092 1983 5134 et
2028 5082 2129 5135 isto

561 5176 721 5230 modo
745 5178 1036 5230 secundum
1063 5191 1177 5240 vos,
1204 5189 1309 5229 non
1329 5183 1491 5236 totus,
1518 5189 1691 5241 neque
1728 5173 2010 5240 perfectus,
2036 5172 2126 5225 Sed

562 5270 801 5324 inodicus
832 5281 983 5323 natus
1013 5279 1096 5324 est
1117 5269 1276 5331 Deus.
1304 5278 1358 5322 et
1389 5282 1481 5335 per
1507 5276 1719 5320 aetatum
1751 5248 2131 5337 congruentias

561 5366 730 5421 factus
756 5377 837 5420 est
866 5379 1106 5433 magnus.
1142 5364 1211 5417 At
1238 5362 1282 5415 si
1318 5361 1419 5414 hoc
1460 5360 1681 5428 impium
1710 5375 1772 5413 ac
1818 5360 2131 5415 detestabile

560 5465 644 5509 est
666 5467 758 5509 aut
790 5455 945 5508 Verbi
979 5453 1271 5521 portionem
1301 5452 1501 5515 dicere,
1527 5458 1616 5502 aut
1644 5448 1878 5502 Verbum
1910 5447 2132 5502 credere

561 5550 828 5615 augmenti
867 5547 1065 5617 aliquid
1110 5549 1165 5599 in
1197 5560 1289 5599 sua
1336 5556 1522 5595 natura
1563 5542 1815 5605 sensisse,
1850 5539 2129 5593 Dominum

565 5650 739 5692 tamen
764 5639 945 5692 Jesum
976 5636 1243 5691 Christum
1272 5635 1473 5688 clarum
1505 5644 1586 5686 est
1628 5632 1798 5685 relatis
1836 5632 2129 5699 profectum

563 5732 721 5786 habui
754 5748 842 5785 se:
878 5730 994 5798 quis
1037 5746 1136 5781 non
1180 5728 1353 5781 videat
1384 5728 1483 5779 hoc
1512 5727 1780 5795 proprium
1809 5726 1983 5779 carnis
2014 5739 2132 5781 esse

2206 1883 2346 1937 aliud
2378 1884 2571 1936 anim-.e
2600 1892 2684 1936 est
2706 1880 3003 1951 proprium.

2275 1980 2364 2035 IX.
2402 1977 2529 2033 Illud
2562 1978 2763 2031 interea
2788 1984 2872 2029 est
2923 1988 3029 2042 prta
3053 1970 3263 2027 caneris
3313 1968 3493 2022 animo
3519 1971 3782 2020 contuen-

2208 2072 2353 2138 dum,
2387 2070 2525 2139 quod
2573 2070 2618 2122 si
2665 2079 2851 2121 natura
2876 2065 2968 2121 Dei
2996 2062 3235 2132 ejusdem
3265 2058 3587 2115 conditionis
3614 2064 3785 2119 esset,

2208 2173 2268 2217 ut
2296 2178 2389 2230 per
2409 2175 2468 2214 se
2511 2168 2673 2228 atque
2701 2158 2754 2210 in
2782 2169 2841 2211 se
2869 2154 3135 2224 aliquibus
3164 2152 3471 2221 passionum
3502 2144 3787 2215 generibus

2207 2253 2527 2309 subderetur
2553 2292 2566 2315 ,
2617 2249 2763 2303 nulla
2793 2256 2935 2302 esset
2980 2243 3220 2314 profecto
3260 2241 3549 2297 humanum
3589 2248 3789 2304 corpus

2208 2341 2525 2412 suscipiendi
2548 2342 2857 2395 necessitas.
2888 2336 3022 2403 Quid
3044 2335 3186 2390 enim
3210 2347 3343 2401 opus
3365 2340 3480 2385 erat
3504 2329 3614 2383 Deo
3640 2340 3789 2381 mor-

2210 2437 2392 2490 talium
2415 2435 2520 2489 sibi
2550 2441 2794 2488 naturam
2822 2430 3146 2497 adsciscere,
3178 2427 3221 2480 si
3252 2425 3422 2495 potuit
3450 2430 3635 2477 natura
3670 2420 3789 2488 ejus

2210 2527 2400 2581 mortis
2429 2524 2635 2594 legibus
2680 2522 3001 2592 subiacere?
3027 2520 3163 2587 Quia
3192 2530 3323 2573 vero
3364 2527 3511 2569 mors
3536 2524 3655 2582 quae
3693 2520 3789 2577 per

2213 2616 2653 2687 transgressionis
2698 2611 3195 2685 praevaricationem
3242 2608 3585 2674 obrepserat,
3617 2608 3790 2655 morte

2212 2710 2520 2782 perimenda
2560 2717 2676 2763 erat
2695 2748 2709 2771 ,
2733 2706 2870 2760 sicut
2910 2704 3025 2772 ipse
3050 2696 3309 2755 Dominus
3340 2695 3679 2766 praedixerat,
3709 2691 3791 2743 di-

2212 2819 2341 2858 cens
2366 2820 2378 2854 ι
2408 2801 2510 2854 Ero
2538 2816 2671 2853 mors
2699 2806 2806 2862 tua,
2830 2811 2860 2849 ο
2889 2809 3025 2848 mors
3053 2791 3228 2864 (Osee,
3254 2804 3371 2853 χιιι,
3402 2786 3494 2856 ﬂ)
3520 2826 3537 2850 ,
3567 2796 3791 2840 necesse

2213 2894 2399 2949 habuit
2424 2893 2513 2947 Dei
2539 2890 2701 2945 Filius
2731 2889 2920 2942 altiore
2947 2894 3109 2952 atque
3135 2880 3401 2951 profundo
3429 2875 3791 2947 dispensatio-

2215 2987 2301 3040 nis
2326 2999 2434 3037 suae
2450 2982 2698 3048 consitio,
2722 2989 2780 3033 ut
2806 2980 2926 3048 quia
2948 2977 3064 3044 ipse
3093 2982 3298 3027 natura:
3323 2978 3407 3025 est
3428 2964 3792 3037 impassibilis,

2218 3076 2484 3146 passibilis
2507 3083 2713 3128 naturae
2734 3085 2928 3139 corpus
2954 3066 3270 3135 susciperet,
3296 3065 3349 3117 in
3379 3075 3484 3130 quo
3508 3058 3718 3128 injuriis
3737 3066 3793 3115 et

2139 3149 2185 3210 ο
2218 3169 2552 3241 passionibus
2586 3176 2820 3234 eousque
2848 3162 3171 3223 afficeretur,
3202 3166 3260 3211 ut
3285 3168 3456 3222 usque
3500 3152 3566 3207 ad
3607 3150 3795 3204 mortis

2214 3262 2549 3333 dispendium
2608 3275 2705 3329 per
2732 3257 2920 3312 mortis
2970 3251 3259 3307 obnoxiam
3310 3257 3551 3303 naturam
3598 3256 3792 3313 perve-

2217 3356 2392 3421 niens,
2426 3362 2651 3408 mortem
2707 3351 2758 3404 in
2790 3349 2901 3404 suis
2942 3346 3159 3401 sedibus
3189 3344 3496 3412 perimeret,
3525 3346 3578 3393 et
3603 3342 3795 3391 cuncta

2217 3448 2408 3505 inferni
2450 3445 2570 3516 jura
2618 3442 2824 3497 victrici
2852 3437 3248 3509 congressionis
3289 3434 3556 3502 triumpho
3584 3429 3796 3497 compi-

2218 3538 2354 3603 lans,
2382 3539 2446 3592 ad
2491 3549 2717 3605 superos
2748 3533 3049 3602 repedaret.
3080 3528 3241 3584 Vides
3270 3540 3396 3595 ergo
3424 3540 3531 3579 non
3558 3524 3627 3579 ob
3655 3519 3798 3576 aliud

2221 3631 2386 3685 Deum
2433 3638 2636 3683 naturre
2667 3636 2863 3680 nostra:
2911 3637 2972 3677 se
3019 3620 3325 3691 permisisse
3374 3626 3433 3672 ut
3478 3624 3799 3677 moreretur,

2221 3722 2319 3777 nisi
2342 3720 2461 3789 quia
2493 3720 2609 3789 ejus
2653 3727 2839 3771 natura
2879 3711 3220 3769 mortalitatis
3253 3708 3560 3763 conditione
3586 3706 3799 3776 penitus

2221 3829 2327 3869 non
2357 3821 2595 3877 tenetur;
2625 3823 2687 3863 ac
2735 3809 2814 3864 sic
2867 3821 2986 3861 esse
3023 3800 3543 3877 aliquidproprium
3585 3797 3801 3851 Christo

2221 3903 2360 3973 quod
2391 3876 2677 3968 divinitati,
2722 3896 2864 3951 aliud
2904 3895 3045 3964 quod
3095 3876 3412 3947 humanitati
3461 3886 3803 3942 conveniat:

2231 3994 2358 4049 licet
2400 4000 2618 4063 prepter
2649 3991 2901 4043 unitatem
2934 3999 3204 4055 personae,
3237 3991 3292 4038 et
3339 3994 3484 4035 mors
3511 3978 3575 4033 ad
3607 3977 3804 4032 divini-

2225 4094 2407 4152 tatem,
2437 4092 2492 4138 et
2518 4080 2886 4137 immortalitas
2909 4080 2975 4132 ad
3001 4077 3239 4146 ejusdem
3278 4074 3371 4129 Dei
3401 4073 3661 4128 referatur
3705 4068 3804 4122 hu-

2225 4176 2556 4230 manitatem.

2298 4269 2367 4324 X.
2402 4264 2765 4322 .Metuendum
2817 4276 2947 4317 sane
2972 4270 3056 4315 est
3106 4273 3173 4313 ne
3223 4255 3307 4312 ἱειί
3361 4254 3450 4324 qui
3491 4250 3805 4307 inanissima

2228 4372 2371 4417 metu
2421 4361 2694 4428 utriusque
2738 4366 2942 4410 naturae
2983 4354 3362 4424 proprietatem
3394 4348 3592 4405 idcirco
3620 4347 3805 4399 nolunt

2231 4456 2491 4522 accipere,
2525 4466 2590 4505 ne
2614 4450 2748 4504 duos
2785 4448 3062 4502 videantur
3088 4445 3329 4500 Christus
3354 4444 3634 4505 inducere,
3656 4438 3805 4494 simi-

2232 4550 2351 4603 liter
2381 4548 2533 4601 nobis
2555 4556 2608 4599 et
2650 4544 2717 4597 de
2760 4542 3021 4596 Trinitate
3050 4539 3396 4607 qna-stionem
3427 4536 3655 4603 aliquam
3687 4544 3806 4583 mo-

2231 4652 2418 4705 veant;
2452 4652 2506 4694 ut
2533 4641 2655 4708 quia
2705 4647 2830 4692 sunt
2881 4637 3120 4704 quasdam
3166 4634 3377 4701 propria
3432 4630 3643 4691 Patris,
3687 4640 3808 4696 qum

2233 4750 2331 4789 nec
2361 4734 2423 4786 ad
2458 4731 2669 4791 Filium,
2702 4743 2799 4783 nec
2827 4728 2890 4781 ad
2941 4726 3196 4794 Spiritum
3245 4734 3483 4777 sanctum
3507 4721 3805 4789 pertinent;

2232 4835 2286 4879 et
2327 4834 2451 4876 sunt
2498 4820 2737 4889 qumdam
2798 4819 3006 4886 pr0pria
3069 4817 3225 4879 Filii,
3268 4829 3388 4882 quas
3436 4826 3535 4866 nec
3593 4811 3659 4864 ad
3710 4809 3808 4861 Pa-

2237 4924 2395 4979 trem,
2428 4928 2523 4965 nec
2553 4912 2615 4962 ad
2671 4908 2925 4976 Spiritum
2970 4914 3211 4961 sanctum
3268 4893 3569 4972 pertinent;
3603 4908 3657 4952 et
3686 4904 3810 4951 sunt

2235 5005 2396 5059 etiam
2458 5000 2686 5068 Spiritus
2739 4996 2909 5053 sancti
2968 4995 3218 5049 nonnulla
3271 4992 3658 5062 proinria,qua:
3711 5001 3810 5040 nec

2235 5094 2299 5147 ad
2334 5092 2571 5155 Patrem,
2604 5103 2701 5142 nec
2750 5088 2816 5140 ad
2861 5085 3052 5140 Filium
3108 5083 3373 5151 pertinere
3422 5086 3808 5141 monstrantur,

2237 5196 2345 5237 tres
2394 5200 2421 5235 a
2468 5198 2525 5235 sc
2572 5179 2793 5233 invicem
2845 5187 3118 5245 separatos
3148 5175 3494 5229 criminentur
3522 5169 3811 5224 catholicos

2237 5275 2415 5327 colere
2456 5273 2603 5325 deos.
2653 5270 2757 5325 Sed
2811 5284 2877 5322 ne
2925 5267 3143 5321 forsitan
3195 5265 3466 5332 inopinata
3516 5259 3811 5332 qumstione

2240 5363 2488 5426 turheris,
2521 5361 2738 5414 adverte
2767 5373 2859 5427 per
2904 5357 3131 5425 singula.
3187 5355 3460 5424 Susceptaa
3502 5352 3677 5406 carnis
3704 5349 3812 5403 dis-

2240 5453 2479 5522 pensatio
2522 5466 2618 5504 nec
2662 5449 2725 5503 ad
2771 5449 2999 5510 Patrem,
3026 5461 3122 5499 nec
3149 5444 3214 5498 ad
3260 5444 3514 5513 Spiritum
3544 5450 3809 5504 sanctum,

2240 5542 2331 5596 sed
2355 5542 2419 5595 ad
2438 5543 2607 5595 solum
2635 5540 2859 5609 pertinet
2885 5539 2940 5608 9
2960 5536 3147 5590 Filium
3177 5554 3189 5588 :
3216 5534 3429 5603 proprie
3453 5533 3592 5587 enim
3617 5529 3809 5584 Filius.

2242 5650 2344 5688 non
2398 5635 2552 5688 Pater
2597 5633 2662 5687 de
2712 5632 2923 5701 Virgine
2974 5638 3124 5683 natus
3173 5636 3275 5681 est.
3332 5626 3534 5679 Rursus
3578 5622 3663 5677 illa
3694 5636 3813 5689 quas

2241 5741 2401 5793 super
2429 5740 2549 5777 cum
2593 5722 2767 5775 audita
2816 5730 2896 5775 est
2921 5736 3017 5775 \ox
3054 5739 3065 5773 :
3103 5718 3201 5771 llic
3241 5726 3311 5771 est
3340 5715 3509 5768 Filius
3556 5728 3699 5766 mrus
3730 5713 3810 5763 di-
