4040 6184
279 333 382 387 101

1444 332 1719 389 CONTRA
1756 291 2224 394 consueram
2266 338 2392 395 ue.
2435 337 2475 395 ι.

3466 360 3568 417 iii?

274 453 440 504 tectus
479 449 657 518 (Ilua.
693 465 775 512 in,
810 448 900 518 t7,
932 459 977 504 et
1023 465 1151 516 xvn,
1183 452 1264 519 5),
1295 465 1392 506 nec
1415 452 1479 505 ad
1513 452 1729 517 Filium,
1774 469 1871 508 nec
1903 457 1955 515 Α
2052 454 2163 508 XII.
2195 455 2302 511 Sed
2334 457 2554 511 istorum
2585 458 2860 516 temeritas
2912 475 3049 531 quae,
3080 477 3178 533 pro
3210 483 3431 525 numero
3472 493 3565 527 ιη.-

275 544 342 594 ad
373 543 633 609 Spiritum
663 550 937 607 sanctum,
966 543 1059 597 sed
1091 542 1158 595 ad
1188 544 1400 597 Patrem
1428 546 1655 612 pertinet
1680 546 1873 600 solum.

276 634 408 686 Item
439 632 707 686 columine
741 634 952 700 species
978 648 1098 702 qua:
1148 633 1200 686 iu
1248 633 1483 689 Jordane
1526 638 1791 704 apparuit,
1824 647 1878 691 et

276 724 554 791 ignearum
591 721 894 789 linguarum
925 722 1271 789 multipartita
1301 723 1629 792 distributio,
1662 726 1876 796 proprie

276 816 340 865 ad
373 815 547 867 sancti
600 812 831 880 Spiritus
870 827 1151 877 personam
1197 814 1471 882 pertinere
1522 826 1871 871 monstratur.

276 905 383 961 Sed
406 921 475 958 ne
496 904 674 957 adhuc
701 904 771 959 de
798 906 880 957 his
904 905 1319 972 proprietatibus
1340 906 1575 971 dubites,
1604 908 1727 961 audi
1760 924 1873 961 ma-

276 999 547 1053 nifestius.
581 998 861 1065 Proprium
893 996 1065 1051 Patris
1086 1006 1169 1052 est
1196 1000 1465 1067 genuisse,
1500 1009 1553 1054 et
1594 1003 1868 1070 proprium

278 1089 393 1143 Filii
424 1100 611 1142 natum
651 1088 847 1148 fuisse,
876 1089 1148 1157 proprium
1187 1106 1314 1143 vero
1339 1099 1420 1144 est
1449 1090 1679 1160 Spiritus
1700 1094 1868 1147 sancti

277 1183 594 1251 procedere.
630 1181 739 1235 Nec
779 1180 1001 1234 omnino
1040 1183 1339 1250 reciprocat
1383 1183 1434 1237 in
1474 1183 1630 1238 aliam
1685 1200 1870 1255 perso-

278 1289 417 1337 nam,
469 1272 617 1342 quod
660 1283 744 1326 est
776 1272 1061 1341 unicuique
1104 1289 1347 1341 persona:
1394 1276 1695 1342 specialiter
1745 1293 1868 1345 pro-

278 1368 471 1435 prium.
504 1367 559 1420 Si
606 1381 734 1434 ergo
768 1366 849 1419 hre
908 1375 1014 1419 tres
1046 1380 1288 1434 persona:
1342 1366 1602 1422 habentes
1645 1369 1867 1438 singula:

278 1459 634 1524 proprietates
656 1471 804 1521 suas,
829 1458 1022 1524 quibus
1039 1458 1422 1524 signiﬁcantius
1446 1459 1862 1530 distinguantur,

273 1565 376 1621 pou
433 1550 632 1617 quibus
676 1559 1010 1611 separentur,
1061 1564 1199 1603 unus
1251 1558 1336 1603 est
1389 1550 1560 1616 Deus;
1593 1556 1865 1621 quomodo

280 1641 463 1704 Filius,
494 1643 643 1693 salva
678 1642 955 1709 utriusque
984 1648 1185 1694 natura:
1214 1640 1565 1710 proprietate,
1592 1656 1695 1695 non
1726 1658 1864 1697 unus

277 1744 349 1784 ist
371 1731 678 1786 Christus?

1984 551 2243 608 turarum,
2273 544 2637 600 diversitatem
2658 548 2853 618 ingerit
2881 566 3250 625 personarum,
3273 564 3565 627 apostolica

1979 640 2062 686 est
2108 634 2428 687 auctoritate
2478 638 2797 706 frangenda,
2847 650 2902 694 et
2952 644 3163 710 penitus
3212 655 3560 708 conterenda.

1976 723 2266 793 Apostolus
2291 737 2437 781 certe
2468 741 2692 783 noverat
2715 730 2982 787 Christqu
3012 736 3293 808 utriusque
3320 758 3442 797 esse
3468 762 3563 799 ti...-

1976 823 2135 908 tunc,
2164 814 2291 870 dum
2338 832 2459 870 eum
2489 825 2544 872 et
2573 820 2840 877 hominem
2894 835 2949 879 et
2995 827 3181 900 Deum,
3207 837 3561 908 eumdemque

1975 906 2232 974 praedicat
2253 922 2434 961 unum.
2470 909 2751 966 Hominem
2783 914 2999 983 quidem
3028 920 3153 973 dum
3203 925 3375 980 dicit:
3411 906 3558 987 Unus

1972 998 2220 1050 mediator
2240 996 2335 1051 Dei
2357 1009 2403 1051 et
2425 999 2708 1066 hominum,
2740 1003 2890 1067 homo
2904 1004 3134 1063 Christus
3158 1011 3311 1068 Jesus
3339 1018 3392 1086 (l
3418 1020 3553 1075 Tim.

1972 1102 2032 1152 ιι,
2062 1086 2140 1155 5).
2176 1088 2241 1140 Et
2272 1088 2462 1141 iterum
2504 1106 2515 1141 :
2552 1089 2698 1145 Sicut
2725 1109 2813 1160 per
2834 1110 2992 1148 unum
3020 1098 3276 1156 hominem
3298 1122 3455 1175 mors,
3484 1114 3557 1166 ita

1970 1192 2063 1246 per
2091 1194 2250 1230 unum
2279 1177 2535 1232 hominem
2556 1184 2859 1237 resurrectio
2886 1197 3202 1245 mortuorum
3231 1194 3283 1262 (Ι
3310 1196 3429 1252 Cor.
3464 1218 3550 1268 xv,

1969 1267 2082 1339 21).
2120 1270 2183 1323 Ει
2212 1270 2280 1324 de
2325 1271 2460 1325 Filio
2492 1271 2660 1342 inquit
2683 1290 2821 1331 suo:
2870 1279 2970 1343 Qui
3006 1282 3171 1348 {actus
3198 1298 3272 1340 cst
3307 1292 3352 1342 ei
3385 1308 3449 1346 ea:
3477 1312 3556 1348 se-

1969 1361 2101 1412 mine
2130 1360 2295 1412 Darid
2315 1366 2590 1414 secundum
2632 1380 2836 1419 carnem
2864 1369 3043 1436 (Rom.
3099 1390 3134 1439 I,
3166 1376 3246 1447 5).
3302 1381 3362 1434 Et
3394 1398 3407 1435 ε
3442 1384 3555 1440 Me.

1969 1466 2078 1503 mor
2100 1460 2205 1503 esto
2232 1449 2408 1504 Jesum
2437 1451 2697 1507 Christum
2727 1461 3061 1516 resurrexisse
3098 1481 3129 1517 a
3164 1474 3373 1525 mortuis
3396 1490 3460 1527 es:
3477 1493 3555 1532 se-

1967 1541 2101 1593 mine
2144 1540 2309 1592 David
2353 1542 2630 1595 secundant
2652 1561 2855 1600 carnem
2901 1550 2950 1617 (1
2962 1550 2984 1601 Ι
3020 1551 3149 1607 Tim.
3184 1573 3239 1622 ιι,
3270 1560 3350 1625 8).
3384 1563 3552 1621 Deum

1967 1645 2103 1725 vero
2143 1644 2265 1725 cum
2319 1632 2493 1687 dicit:
2530 1634 2613 1688 Ea:
2658 1638 2838 1706 quibus
2886 1640 3139 1711 Christus,
3172 1652 3258 1717 qui
3300 1663 3373 1705 est
3400 1670 3553 1725 super

1966 1720 2103 1816 omni
2121 1740 2135 1772 ι
2160 1721 2292 1816 psus
2311 1724 2601 1816 benedictus
2620 1727 2672 1780 in
2697 1731 2886 1785 δίκαια
2908 1735 3089 1801 (Rom.
3106 1754 3180 1805 ιι,
3197 1744 3274 1811 5).
3294 1744 3358 1798 Et
3373 1720 3552 1816 quam-

341 1824 432 1876 XI.
469 1824 600 1876 Nam
641 1832 696 1877 et
738 1824 790 1875 in
821 1823 1055 1885 homine,
1086 1821 1130 1875 si
1162 1823 1410 1876 subtilius
1432 1823 1704 1893 disputare
1731 1826 1861 1879 veli-
1897 1829 1941 1887 Β
1971 1809 2122 1902 Plura
2168 1811 2252 1864 bis
2300 1814 2513 1879 Similia,
2559 1830 2678 1884 (Ιυίθ
2726 1832 3151 1883 commemorare
3192 1809 3409 1902 ίδυϐυηλ
3441 1848 3543 1893 θεία

278 1932 411 1978 mus,
445 1918 703 1983 pleraque
735 1915 975 1968 invenies
1019 1914 1086 1967 ita
1138 1914 1465 1983 proprietate
1505 1915 1730 1983 quadam
1778 1932 1862 1971 se-

278 2009 604 2078 questratins
636 2007 907 2069 distincta,
932 2016 988 2059 ut
1014 2008 1055 2056 si
1086 2013 1141 2058 et
1169 2005 1237 2059 ibi
1267 2005 1580 2060 calumniari
1610 2007 1861 2073 volueris,

278 2104 335 2154 de
380 2116 493 2153 uno
550 2099 766 2152 homine
812 2098 1010 2149 multus
1056 2095 1298 2149 homines
1350 2095 1533 2150 facias.
1582 2096 1862 2152 Hominem

279 2206 401 2259 ergo
458 2205 556 2258 per
579 2188 857 2241 ordinatas
896 2186 1251 2254 corporalium
1285 2186 1646 2240 membrorum
1677 2188 1865 2242 distin-

278 2280 479 2333 ctiones
533 2278 771 2345 quinque
822 2287 1072 2330 constare
1119 2274 1408 2341 sensibus,
1442 2289 1600 2329 nemo
1651 2286 1735 2330 est
1772 2276 1862 2344 qui

280 2372 479 2424 nesciat
517 2388 531 2422 :
562 2372 650 2438 qui
678 2384 871 2423 ειοηειιε
901 2369 971 2423 ita
998 2368 1158 2422 officii
1188 2370 1267 2423 sui
1300 2369 1677 2438 proprietatem
1708 2382 1862 2425 natu-

278 2464 458 2515 raliter
506 2462 773 2525 obtinent,
818 2468 877 2513 ut
915 2460 1044 2512 nihil
1085 2473 1265 2513 secum
1315 2459 1512 2514 habere
1556 2474 1860 2526 commune,

278 2551 406 2603 nihil
454 2552 556 2604 sibi
586 2552 653 2603 de
682 2552 906 2604 alterius
956 2550 1283 2619 proprietate
1324 2551 1541 2604 valeant
1570 2551 1858 2607 vindicare.

276 2641 339 2695 Et
390 2652 447 2693 ut
496 2658 676 2694 omnia
719 2641 1029 2709 specialiter
1080 2655 1541 2706 commemorem,
1591 2643 1737 2694 visus
1791 2643 1860 2694 ita

275 2732 555 2785 ministerii
577 2732 657 2784 sui
690 2732 963 2799 proprium
992 2730 1225 2809 officium
1257 2731 1413 2797 gerit,
1446 2739 1501 2783 ut
1533 2746 1631 2784 nec
1654 2732 1859 2795 audire,

273 2842 369 2882 nec
421 2827 783 2887 odorari,nec
831 2834 1084 2893 gustare,
1140 2839 1237 2878 nec
1286 2834 1626 2878 contrectare
1666 2825 1861 2895 aliquid

272 2917 460 2984 possit.
510 2915 738 2969 Auditus
765 2915 832 2968 ita
871 2926 1072 2968 naturae
1097 2929 1208 2968 suae
1236 2914 1574 2969 administrat
1602 2916 1861 2982 ofﬁcium,

273 3016 448 3059 utnec
482 3006 723 3071 videndi,
752 3019 849 3059 nec
874 3005 1152 3069 odorandi,
1184 3020 1282 3059 nec
1306 3006 1577 3073 gustandi,
1606 3023 1704 3061 nec
1733 3023 1863 3063 con-

274 3096 539 3149 trectandi
568 3095 799 3148 ofﬁciunt
847 3096 1053 3149 subeat.
1086 3094 1350 3149 Odoratus
1397 3111 1610 3164 quoque
1658 3098 1737 3151 sic
1787 3100 1860 3152 fa-

1968 1898 2067 1964 Qui
2097 1915 2225 1969 ergo
2258 1903 2399 1956 hunc
2436 1908 2684 1961 eumdem
2732 1922 2787 1963 et
2816 1911 2982 1967 Deum
3012 1898 3333 1983 praedicabat
3362 1937 3418 1980 et
3441 1928 3543 1982 ho-

1968 1989 2188 2055 minem,
2251 2003 2307 2046 ut
2354 2011 2418 2049 ex
2474 2000 2714 2068 utrisque
2769 2007 2971 2060 naturis
3021 2024 3181 2066 unum
3241 2019 3550 2076 ostenderet

1966 2079 2264 2147 Christum,
2291 2086 2456 2140 miror
2480 2091 2751 2156 quomodo
2780 2109 2883 2148 non
2928 2101 3119 2152 metuit
3149 2103 3280 2159 istos
3306 2112 3550 2180 egregios

1966 2178 2135 2231 nostri
2167 2182 2423 2248 temporis
2450 2186 2867 2243 calumniatores
2898 2202 2954 2245 ut
2982 2208 3141 2249 unam
3172 2199 3383 2255 Christo
3427 2178 3549 2273 pcr-

1965 2278 2157 2321 sonam
2189 2273 2486 2362 ascriberet
2517 2276 2741 2331 dicens:
2772 2278 2837 2331 Et
2888 2297 2983 2351 ego
3024 2286 3071 2338 si
3096 2289 3220 2357 quid
3243 2291 3445 2362 donavi,
3498 2298 3551 2353 in

1964 2371 2182 2425 persona
2209 2358 2399 2415 Christi
2428 2362 2518 2431 (11
2549 2365 2667 2419 Cor.
2698 2382 2756 2434 II,
2787 2370 2854 2424 IO
2880 2371 2921 2441 ).

2035 2450 2169 2506 XIII.
2188 2454 2318 2509 Illud
2333 2457 2495 2511 etiam
2517 2460 2672 2514 solita
2689 2466 3003 2521 temeritatis
3026 2471 3244 2529 audacia
3268 2482 3550 2547 reprehen-

1964 2541 2095 2598 dere
2126 2546 2338 2613 solent,
2363 2563 2484 2604 cum
2522 2553 2737 2607 audiunt
2768 2558 3057 2615 catholicos
3083 2564 3298 2623 dicere:
3329 2541 3472 2627 beas
3502 2586 3549 2629 et

1962 2635 2144 2689 homo:
2188 2638 2511 2695 arbitrantes
2554 2647 2650 2715 ιι
2691 2646 2847 2715 hujus
2877 2653 3095 2720 syllaba:
3138 2657 3543 2726 interpositione

1962 2728 2095 2782 duas
2112 2744 2267 2798 posse
2292 2732 2577 2803 signiﬁcari
2610 2752 2895 2805 personas:
2929 2748 3020 2798 sed
3044 2763 3203 2815 quant
3233 2752 3464 2822 Ineptus
3489 2759 3539 2813 id

1962 2824 2248 2890 opinentur
2273 2827 2532 2881 ausculta.
2553 2829 2688 2894 Quid
2720 2831 2859 2884 enim
2882 2844 2963 2888 est
2978 2837 3112 2892 Deus
3139 2852 3191 2894 et
3220 2840 3399 2908 homo,
3437 2850 3539 2903 nisi

1962 2914 2006 2966 is
2025 2915 2111 2982 qui
2133 2915 2270 2967 Deus
2285 2926 2384 2981 est,
2403 2926 2457 2970 et
2475 2918 2634 2972 homo
2649 2935 2858 2989 quoque
2879 2923 3044 2978 factus
3060 2939 3141 2982 est
3164 2943 3300 2994 ;non
3321 2937 3569 2993 amitteno

1961 3003 2030 3056 do
2047 3004 2185 3070 quod
2202 3014 2336 3069 erat,
2357 3007 2449 3058 sed
2468 3008 2812 3076 suscipiendo
2833 3015 2970 3081 quod
2990 3027 3229 3074 nostrum
3250 3033 3385 3078 erat.
3409 3027 3541 3081 Cum

1962 3094 2103 3148 enim
2137 3096 2512 3163 praemittimus
2536 3100 2588 3152 in
2623 3101 2962 3158 confessione
2991 3105 3149 3174 Deus,
3179 3118 3236 3163 et
3264 3115 3545 3185 subsequi-

274 3190 506 3241 mulatus
561 3185 644 3240 sui
694 3185 954 3254 obsequio
985 3186 1237 3255 fungitur,
1270 3197 1326 3239 ut
1376 3202 1477 3239 nec
1525 3186 1727 3252 audiat,
1762 3202 1858 3241 nec
1888 3196 1933 3258 ρ
1966 3198 2082 3236 mur
2107 3183 2341 3240 dicentes
2374 3198 2421 3240 ει
2461 3187 2632 3252 homo.
2664 3206 2766 3243 non
2798 3194 2968 3247 solum
3014 3197 3177 3253 Deum
3214 3183 3541 3273 manentem,

274 3279 471 3346 videat,
526 3292 625 3331 nec
676 3287 853 3345 gustet
878 3276 1235 3345 aliquid,r.ec
1291 3284 1604 3330 contrectet.
1662 3278 1861 3331 Gustus

273 3370 433 3423 etiam
464 3381 563 3421 nec
607 3366 771 3429 videt,
805 3381 904 3420 nec
951 3366 1223 3430 odoratur,
1256 3381 1353 3420 nec
1394 3365 1564 3433 audit,
1596 3381 1693 3421 nec
1740 3381 1863 3422 ρους

275 3468 488 3513 trectat.
522 3456 719 3510 Tactus
762 3457 1011 3525 denique,
1040 3458 1125 3525 qui
1157 3468 1239 3510 est
1268 3456 1489 3511 ultimus
1518 3472 1730 3521 sensus,
1764 3474 1861 3512 nec

274 3553 478 3606 visione
528 3549 740 3613 fruitur,
775 3563 873 3603 nec
920 3548 1155 3601 auditum
1210 3550 1457 3618 percipit,
1493 3564 1591 3603 nec
1639 3549 1856 3604 odorem

273 3645 435 3712 capit,
465 3657 566 3695 nec
596 3651 809 3709 gustum
841 3640 1113 3693 discernit.
1164 3640 1229 3692 Et
1253 3655 1372 3693 rum
1398 3639 1505 3694 sint
1559 3640 1641 3694 ha:
1671 3656 1857 3696 omnes

274 3734 640 3787 membrorum
683 3729 888 3798 species
917 3739 1021 3782 tam
1049 3729 1295 3791 diversm,
1331 3740 1437 3781 tam
1482 3729 1745 3795 discretae,
1788 3731 1857 3784 ita

273 3823 606 3878 naturalibus
640 3820 1054 3887 proprietatibus
1105 3819 1426 3882 substitute,
1456 3829 1510 3872 ut
1543 3820 1671 3873 nihil
1707 3835 1853 3874 com-

274 3916 565 3979 munionis,
592 3912 725 3966 nihil
749 3913 1020 3967 societatis
1045 3911 1109 3965 ad
1137 3927 1196 3966 se
1218 3913 1443 3966 invicem
1482 3900 1730 3978 habeant,
1764 3912 1857 3967 sed

274 4007 477 4073 privato
490 4004 725 4073 quodam
748 4013 796 4056 et
814 4002 1050 4056 solitario
1067 4002 1187 4070 jure
1207 4002 1433 4073 propria:
1454 4004 1554 4073 ιο
1570 4002 1858 4057 functionis

274 4097 637 4149 ministerium
686 4094 985 4161 impleant;
1044 4107 1180 4146 unus
1238 4102 1412 4147 tamen
1476 4092 1725 4161 idemque
1774 4103 1857 4147 est

275 4184 452 4248 homo,
482 4186 597 4252 qui,
624 4184 873 4253 quoniam
920 4183 1155 4249 quinque
1193 4182 1556 4251 corporalibus
1588 4182 1854 4247 sensibus,

274 4275 519 4345 quinaria
565 4273 896 4341 prOprietate
925 4288 952 4323 a
979 4286 1036 4324 se
1068 4272 1293 4324 inviCem
1333 4270 1700 4325 differentibus
1724 4285 1858 4325 con-

273 4374 396 4429 stat,
426 4366 669 4433 quiuque
696 4362 989 4415 secundum
1034 4362 1260 4415 istorum
1291 4362 1640 4415 deliramenta
1675 4376 1861 4431 perso-

274 4473 366 4511 nas
418 4458 626 4511 babere
671 4454 951 4520 debuerat,
992 4467 1046 4508 ut
1075 4464 1286 4523 quanta:
1338 4463 1463 4508 sunt
1503 4456 1858 4526 proprietates

274 4561 526 4601 sensuum
589 4554 731 4599 tanta
784 4554 928 4599 esset
983 4552 1032 4599 et
1084 4544 1442 4599 numerositas
1487 4560 1852 4613 personarum.
1888 4575 1936 4635 ι)

276 4636 479 4691 Dehinc
528 4635 709 4689 inedia
758 4634 895 4687 afﬁci
936 4643 989 4687 et
1029 4633 1337 4696 comedere,
1370 4632 1523 4688 sitire
1567 4644 1621 4687 et
1653 4635 1856 4700 bibere,

274 4732 460 4784 sedere
486 4742 541 4785 et
573 4730 841 4794 incedere,
865 4729 1100 4782 cubitum
1124 4732 1202 4785 ire
1227 4738 1281 4783 et
1310 4730 1375 4783 de
1405 4745 1593 4784 somno
1615 4740 1856 4797 surgere,

276 4821 511 4883 algoreni
546 4820 749 4888 perpeti
780 4830 833 4873 et
860 4820 1076 4874 aestibus
1107 4819 1209 4885 uri,
1242 4820 1366 4875 licet
1396 4836 1498 4874 non
1524 4825 1640 4874 sine
1666 4822 1857 4876 animm

277 4904 650 4979 compassio'ne
671 4924 866 4978 corpus
893 4925 953 4964 ea
984 4919 1077 4963 aut
1123 4910 1352 4979 patiatur
1377 4919 1470 4965 aut
1515 4922 1655 4981 agat,
1683 4923 1857 4965 tamen

279 5006 390 5058 haec
445 5005 623 5058 carnis
670 5014 799 5058 sunt
844 5005 1079 5073 propria.
1128 5005 1254 5059 Item
1303 5021 1512 5075 sapere,
1538 5007 1856 5075 intelligere,

275 5095 516 5148 oblivici
546 5138 561 5159 ,
613 5094 664 5147 in
719 5093 1032 5147 memoriam
1082 5095 1379 5160 reducere,
1422 5098 1604 5151 laetitia
1656 5097 1859 5165 eﬁ'erri,

276 5188 493 5240 tristitia
539 5185 732 5248 dejici,
768 5200 1139 5240 mansuescere
1185 5188 1424 5252 lenitate,
1474 5188 1649 5242 furore
1702 5198 1862 5256 atque

278 5294 354 5333 ira
383 5280 791 5349 immanescere,
817 5288 872 5331 et
902 5278 1210 5345 quamplura
1245 5278 1325 5333 his
1353 5279 1567 5344 similia,
1596 5296 1712 5348 qua:
1740 5295 1867 5349 per-

276 5346 429 5435 sequi
484 5368 695 5436 longum
721 5376 826 5431 est,
854 5368 977 5420 licet
1009 5384 1112 5420 non
1150 5368 1267 5421 sine
1292 5384 1516 5435 corpore
1554 5380 1777 5438 agantur
1808 5370 1857 5423 iu

277 5462 475 5517 anima,
511 5467 688 5511 tamen
724 5457 920 5509 anima:
949 5467 1071 5509 sunt
1100 5458 1331 5525 propria.
1369 5456 1478 5511 Nec
1501 5466 1677 5512 tamen
1717 5459 1863 5526 quis-

281 5548 420 5614 piam
451 5562 614 5602 ausus
637 5556 721 5602 est
746 5547 827 5600 Vel
875 5548 1033 5600 audet
1061 5547 1241 5601 dicere
1271 5548 1540 5602 hominem
1566 5548 1700 5602 duas
1742 5564 1864 5618 per-

278 5653 441 5692 simas
467 5638 685 5704 habere,
716 5638 773 5691 in
803 5653 910 5707 quo
962 5645 1133 5693 tantas
1181 5639 1561 5708 proprietatum
1611 5639 1864 5695 dilferen-

281 5735 382 5783 tias
410 5729 582 5783 cernit
612 5730 814 5782 inesse.

1966 3274 2058 3327 sed
2082 3285 2134 3328 ct
2156 3276 2422 3330 hominem
2452 3280 2700 3333 eumdem
2731 3286 3022 3339 asserimus
3051 3287 3453 3364 subsistentem,
3487 3306 3545 3351 nt

1964 3379 2063 3419 nec
2088 3365 2259 3419 deitas
2293 3381 2323 3419 a
2353 3381 2473 3424 sese
2501 3366 2762 3438 discedat,
2798 3389 2897 3428 nec
2924 3376 3228 3434 humanitas
3258 3382 3310 3436 in
3340 3384 3545 3442 deitate

1963 3457 2251 3526 dispereat.
2282 3458 2566 3514 Videamus
2617 3472 2791 3517 tamen
2836 3480 2904 3519 ne
2957 3466 3179 3523 forsitan
3225 3477 3547 3532 auctoritate

1960 3546 2137 3600 divina
2162 3548 2273 3602 h-.rc
2292 3549 2493 3619 syllaba
2517 3549 2679 3605 fuerit
2696 3552 3028 3622 interposita.
3048 3556 3175 3611 Nam
3196 3562 3264 3613 ita
3286 3564 3540 3631 legimus:

1965 3636 2031 3689 Et
2059 3636 2208 3690 homo
2238 3650 2330 3701 est,
2372 3648 2420 3692 et
2447 3642 2557 3708 quis
2598 3653 2861 3711 cognoscet
2894 3645 3041 3698 illum
3073 3648 3289 3717 (Jerem.
3323 3669 3450 3721 xvu,
3484 3657 3542 3722 9,

1960 3745 2060 3782 sec.
2088 3728 2179 3782 LX
2184 3729 2233 3782 Χ
2242 3731 2294 3799 )?
2318 3740 2371 3785 et
2397 3732 2585 3786 iterum
2606 3733 2803 3788 David:
2833 3736 3001 3791 Mater
3023 3738 3150 3794 Sion
3179 3744 3333 3812 dicet,
3364 3748 3541 3813 homo,

1961 3831 2006 3872 et
2037 3820 2185 3873 homo
2216 3821 2383 3890 factus
2411 3833 2481 3876 est
2520 3824 2572 3875 in
2600 3839 2689 3890 ea,
2718 3836 2765 3879 et
2794 3827 2903 3896 ipse
2938 3831 3166 3893 fundavit
3194 3848 3302 3885 eam
3333 3834 3544 3889 Altissi-

1961 3930 2073 3965 mus
2100 3912 2270 3982 (Psal.
2296 3931 2513 3983 ωιιχνι,
2534 3916 2611 3985 5).
2641 3918 2749 3972 Cur
2771 3922 2928 3987 igitur
2949 3937 3054 3976 nou
3081 3925 3394 3994 simpliciter
3421 3933 3539 3987 sine

1964 4004 2277 4070 praelatione
2322 4005 2478 4072 hujus
2510 4007 2726 4074 syllabae
2762 4007 2935 4063 dixit:
2986 4010 3158 4066 Homo
3194 4018 3359 4083 factus
3385 4026 3461 4071 est
3488 4022 3541 4073 in

1961 4108 2041 4157 ea,
2069 4094 2162 4146 sed
2200 4100 2491 4163 praeposuit
2526 4095 2740 4151 dicens:
2774 4097 2843 4151 Et
2872 4100 3021 4152 homo
3064 4105 3228 4168 factus
3258 4116 3328 4157 est
3356 4108 3410 4160 in
3440 4111 3543 4163 ca!

1965 4182 2059 4235 Vel
2090 4182 2142 4235 in
2167 4183 2268 4235 alia
2300 4185 2578 4252 prophetia
2607 4200 2703 4238 cur
2735 4189 3024 4255 praiposuit
3052 4193 3145 4244 et?
3180 4192 3365 4249 debuit
3395 4199 3548 4253 enim.

1962 4272 2254 4326 secundum
2298 4273 2428 4326 istos
2471 4273 2683 4328 dicere:
2718 4274 2887 4329 Homo
2925 4289 3028 4344 est,
3059 4288 3108 4332 et
3133 4287 3247 4350 qu‘s
3277 4298 3553 4353 cognoscet:

1962 4363 2118 4415 eum?
2146 4361 2246 4415 nisi
2277 4361 2399 4430 quia
2426 4377 2614 4417 sensus
2643 4365 2762 4418 talis
2789 4374 2894 4433 est,
2926 4378 2985 4421 ut
3009 4384 3169 4438 quem
3196 4371 3373 4429 Deum.
3399 4392 3547 4431 cou-

1962 4457 2150 4521 literis,
2174 4466 2227 4510 ct
2254 4456 2522 4512 hominem
2551 4472 2765 4528 quoque
2790 4460 2986 4516 factum
3014 4464 3178 4520 simili
3200 4468 3548 4528 confessione

1964 4561 2068 4599 non
2100 4545 2355 4613 deneges.

2036 4638 2173 4693 XIV.
2205 4640 2464 4695 Dicuntur
2484 4656 2612 4697 sane
2638 4645 2755 4713 isti,
2770 4646 2814 4699 si
2845 4654 3023 4702 tamen
3043 4665 3227 4705 verum
3252 4663 3359 4720 est,
3379 4656 3541 4710 Chri-

1965 4741 2101 4785 stum
2135 4747 2303 4802 usque
2325 4734 2390 4787 ad
2420 4739 2869 4793 resurrectionem
2897 4742 3013 4808 ejus
3031 4756 3095 4796 ex
3132 4744 3339 4799 duabus
3367 4749 3542 4801 conli-

1968 4825 2064 4877 teri
2106 4825 2307 4878 naturis
2341 4842 2352 4876 :
2389 4836 2507 4893 post
2552 4808 2996 4884 resurrectionem
3033 4847 3193 4897 vero,
3235 4834 3390 4889 unius
3418 4852 3545 4892 eum

1965 4926 2085 4966 esse
2137 4912 2388 4967 fatentur.
2426 4915 2575 4980 Quod
2620 4933 2777 4986 quam
2827 4921 2896 4974 sit
2923 4922 3241 4990 absurdum,
3279 4943 3551 4997 quamque

1967 5003 2227 5070 ineptum,
2281 5006 2390 5073 ipsa
2423 5021 2599 5059 rerum
2632 5010 2860 5064 vt-ritate
2903 5024 3250 5069 monstratur.
3288 5017 3411 5071 Post
3461 5034 3546 5071 re-

1966 5103 2355 5147 surreetionem
2401 5094 2565 5157 enim,
2593 5096 2657 5149 ad
2690 5097 3162 5156 demonstrandam
3192 5109 3269 5157 sui
3300 5106 3555 5174 corporis

1968 5181 2242 5235 veritatem
2267 5224 2281 5247 ,
2313 5192 2368 5237 et
2391 5185 2625 5239 comedit
2666 5198 2718 5241 et
2746 5188 2898 5254 bibit,
2931 5200 2986 5245 et
3012 5206 3071 5246 se
3100 5195 3551 5248 contrectandum-

1966 5272 2241 5340 discipulis
2271 5276 2483 5343 obtulit,
2514 5280 2731 5335 dicens:
2773 5281 2990 5353 Palpate
3021 5294 3067 5337 et
3095 5287 3256 5338 uidete
3288 5290 3411 5354 quia
3440 5290 3544 5353 spis

1968 5366 2090 5417 ritus
2115 5382 2316 5419 carnem
2344 5381 2390 5420 et
2422 5384 2538 5423 ossa
2564 5388 2665 5424 non
2695 5373 2863 5440 habet,
2891 5376 3020 5428 sicut
3050 5392 3126 5427 me
3155 5377 3332 5429 videtis
3360 5378 3549 5431 habere

1970 5457 2120 5525 (Luc.
2152 5474 2305 5525 xxrv,
2337 5461 2450 5531 59).
2488 5464 2595 5517 Sed
2635 5466 2855 5519 forsitan
2884 5467 3054 5520 adhuc
3088 5470 3137 5519 in
3172 5478 3311 5521 terra
3341 5474 3552 5539 positus

1969 5549 2245 5617 utriusque
2266 5560 2379 5603 erat
2396 5562 2630 5614 naturae;
2653 5564 2831 5620 postea
2854 5571 2976 5609 iero
2997 5570 3150 5623 quam
3170 5559 3334 5612 cmlos
3358 5577 3546 5617 asceu‘

1968 5641 2064 5704 dit,
2099 5644 2255 5694 unius
2290 5643 2453 5709 carpit
2489 5657 2611 5696 esse
2656 5644 2869 5697 divinae.
2905 5645 2970 5696 Et
3011 5644 3137 5712 quid
3165 5661 3293 5715 ergo
3324 5650 3392 5705 ibi
3424 5652 3548 5707 facit

1970 5742 2163 5783 nomen
2198 5730 2286 5783 ﬁlii
2319 5730 2572 5794 hominis,
2607 5732 2650 5783 si
2680 5740 2868 5785 natura
2903 5732 2974 5786 ibi
2998 5746 3104 5788 non
3134 5745 3217 5791 est
3243 5737 3547 5795 humanita-
