4040 6184
424 356 533 413 405

1722 345 1946 402 νιαιιιι
1986 343 2350 401 TAPSENSIS

3575 340 3678 394 i0}.

433 473 537 524 tis't
574 466 838 537 quouiodo
881 468 957 522 rei
994 480 1098 520 non
1141 462 1370 519 exstanti
1418 464 1573 516 inane
1610 474 1800 514 nomen
1837 460 2004 512 ascri-
2034 471 2079 524 Α
2182 458 2294 512 XV.
2323 457 2457 512 Olim
2490 456 2922 526 oppet‘iebamur,
2948 454 3145 508 diutius
3172 452 3464 522 praestolati
3495 468 3682 510 sumus

433 561 620 614 bitur?
657 560 922 629 quomodo
957 556 1188 611 nominis
1238 554 1436 608 veritas
1475 561 1682 613 manet,
1711 552 1753 602 si
1801 559 2005 602 natura:

435 652 727 720 proprietas
750 650 903 704 abest
929 649 953 701 ἳ
988 648 1223 718 Denique
1261 646 1391 699 dicit
1416 660 1428 698 :
1466 644 1596 697 Cum
1622 640 1809 697 uenerit
1836 639 2008 693 Filius

434 742 651 796 hominis
680 742 733 793 in
761 742 927 810 gloria
956 738 1129 791 Patris
1156 739 1253 791 sui.
1290 736 1355 790 Et
1384 737 1574 789 iterum
1606 750 1619 787 :
1659 732 1800 787 Sicut
1834 734 2010 802 fulgur

436 834 534 885 exit
559 832 623 885 ab
643 831 845 884 Oriente
867 839 916 883 et
935 838 1144 898 apparet
1172 844 1328 895 usque
1351 827 1418 879 ad
1444 826 1793 888 Occidentem,
1825 824 1899 874 ita
1919 824 2012 875 erit

435 930 481 971 et
507 922 748 973 adventus
772 918 897 971 Filii
925 921 1144 972 hominis
1168 917 1361 989 (Marc.
1397 932 1507 981 vin,
1533 916 1648 983 58).
1681 914 1745 967 Ει
1774 914 1969 967 iterum
1994 930 2007 965 :

450 1012 661 1066 Veniens
691 1009 736 1061 F
738 1012 858 1063 ilius
888 1010 1133 1071 hominis,
1172 1018 1319 1072 putas
1369 1006 1583 1058 inveniet
1616 1004 1770 1071 ﬁdem
1799 1004 1851 1055 in
1879 1012 2013 1055 terra

438 1099 651 1169 (Matth.
687 1116 798 1163 xiv,
829 1098 968 1167 27)?
1005 1098 1191 1150 Daniel
1225 1110 1432 1163 quoque
1460 1110 1471 1145 :
1520 1093 1669 1158 Ecce,
1700 1092 1793 1153 ait,
1823 1092 1874 1143 in
1910 1093 2010 1161 12

438 1191 651 1243 nubibus
690 1190 801 1242 creti
839 1185 1006 1239 Filius
1041 1186 1267 1237 hominis
1307 1185 1529 1235 veniebat
1581 1181 1731 1249 (Luc.
1761 1195 1910 1242 xviii,
1940 1183 2011 1245 8;

442 1285 577 1339 Dan.
603 1297 695 1345 vti,
726 1280 833 1350 15).
867 1280 921 1333 Si
949 1280 1142 1333 amissa
1175 1286 1255 1330 est
1280 1290 1406 1341 ergo
1439 1273 1783 1325 humanitatis
1807 1279 2010 1335 natura,

438 1389 535 1427 cor
563 1372 681 1440 ejus
719 1380 800 1422 est
834 1378 1097 1421 retentum
1136 1365 1497 1419 vocabulum?
1533 1367 1612 1415 An
1658 1363 1779 1429 guia
1824 1375 2015 1413 nomen

442 1482 577 1534 Opus
591 1476 724 1528 erat,
745 1474 799 1516 et
819 1476 903 1515 res
933 1458 1164 1512 nominis
1198 1468 1444 1523 tanquam
1476 1468 1581 1505 non
1606 1450 1908 1504 necessaria
1932 1466 2020 1502 rc-

444 1554 705 1623 pudianda
733 1552 946 1605 fuerat?
977 1549 1064 1603 Sic
1088 1547 1352 1613 desipiant
1373 1558 1510 1613 quos
1544 1542 1676 1595 nihil
1706 1539 1906 1593 erroris
1934 1540 2015 1591 sui

444 1656 602 1711 atque
628 1643 837 1710 ineptia:
880 1639 1060 1709 pudet.
1094 1638 1358 1692 Ctelerum
1399 1636 1652 1689 Dominus
1680 1632 1836 1686 Jesus
1865 1628 2021 1682 Chri-

445 1745 580 1799 stus,
616 1746 672 1789 ut
709 1733 955 1789 ostendat
993 1730 1161 1785 nostri
1193 1730 1403 1799 generis
1433 1736 1674 1781 naturam
1708 1740 1813 1779 non
1856 1724 2019 1778 fui~se

446 1834 833 1895 consumptam,
859 1822 1120 1878 veraciter
1149 1834 1207 1873 se
1242 1820 1436 1872 Filium
1469 1816 1702 1869 hominis
1730 1813 1878 1867 dicit.
1916 1812 2019 1866 Se-

446 1918 677 1969 cundum
716 1929 875 1983 quam
904 1912 1062 1966 etiam
1117 1910 1324 1963 Patrem
1373 1907 1676 1973 interpellat
1720 1919 1814 1973 pro
1842 1903 2016 1967 nobis,

448 2005 600 2072 juxta
627 2000 1097 2069 Joannis:apostoli
1130 2000 1311 2062 verba,
1342 1998 1568 2051 dicentis
1599 2014 1611 2047 :
1652 1996 1712 2050 Si
1743 1998 2022 2063 peccaveri-

449 2110 579 2156 mus,
627 2092 928 2144 aduocatum
969 2089 1208 2141 habemus
1252 2090 1390 2158 apud
1441 2086 1642 2141 Patrem
1672 2086 1868 2139 Jesnm.
1904 2085 1928 2137 I
1940 2102 2026 2150 pse

452 2179 733 2249 interpellat
768 2194 858 2244 pro
891 2180 1105 2245 peccatis
1135 2180 1316 2230 nostris
1350 2174 1413 2245 (I
1440 2176 1596 2229 Joan.
1632 2191 1696 2239 ll,
1732 2175 1807 2243 1).
1858 2175 2026 2227 Dicite

458 2272 616 2339 igitur
647 2269 822 2335 nobis,
865 2284 897 2322 ο
936 2269 1182 2321 doctores
1212 2268 1443 2335 egregii,
1478 2281 1598 2321 cum
1629 2268 1838 2320 Patrem
1868 2266 2026 2319 hodie

458 2362 625 2415 Filius
655 2361 989 2429 interpellat,
1023 2361 1309 2413 secundum
1349 2359 1602 2413 deitatem
1636 2373 1809 2421 suam,
1839 2374 1908 2410 an
1936 2372 2023 2410 se-

456 2453 689 2506 cundum
737 2451 1186 2519 dispensationem
1233 2450 1575 2503 humanitatis
1613 2449 1887 2515 postulat?
1920 2448 2024 2503 Sed

454 2551 709 2610 quantum
742 2540 980 2609 perﬁdiae
1010 2548 1201 2593 vestra:
1244 2540 1470 2593 intentio
1494 2547 1757 2592 monstrat
1780 2538 1893 2608 (qui
1930 2553 2024 2607 pe-

455 2636 710 2687 rimantes
732 2633 1018 2684 humanam
1046 2640 1309 2693 naturam,
1343 2630 1511 2683 solam
1539 2630 1781 2684 asseritis
1800 2642 1920 2683 esse
1940 2629 2023 2682 di-

458 2723 681 2792 vinam)
725 2722 1016 2777 secundum
1056 2722 1307 2775 deitatem
1348 2722 1682 2791 interpellat,
1728 2720 2023 2775 secundum

459 2816 713 2869 deitatem
744 2812 987 2867 advocati
1019 2812 1196 2866 ollicio
1239 2811 1491 2880 fungitur,
1532 2811 1823 2866 secundum
1852 2813 2025 2865 deita-

460 2918 570 2964 tem
620 2907 912 2964 sacerdotis
942 2906 1294 2961 ministerium
1333 2906 1557 2974 implet;
1588 2905 1878 2960 secundutn
1919 2906 2032 2959 dei-

462 3010 622 3055 tatem
645 2999 807 3054 etiam
835 3000 888 3053 in
911 2999 1202 3053 novissimo
1224 2999 1365 3051 Patri
1388 2998 1657 3066 subjectus
1684 2999 2034 3066 erit,quando

455 3094 637 3149 eidem
670 3093 807 3147 Filio
836 3093 1013 3145 omnia
1044 3091 1277 3157 subjecta
1306 3091 1519 3142 iuerint.

2110 551 2253 604 unde
2284 552 2481 603 erroris
2530 551 2690 603 vestri
2730 549 2931 601 rivulus
2959 548 3219 616 originem
3259 546 3466 610 trahat,
3495 557 3549 600 et
3576 563 3685 616 quo

2111 641 2410 694 discursum
2446 638 2622 693 iaciat.
2654 620 2893 692 Tandem!
2935 639 3253 705 reperimus,
3294 637 3682 706 Eutychianam

2114 732 2357 783 haeresim
2388 744 2453 783 ex
2475 728 2795 797 Apollinaris
2821 728 3158 780 amarissimo
3186 726 3332 781 fonte
3356 727 3683 793 derivatam,

2116 835 2280 888 ustjue
2310 821 2374 871 ad
2412 820 2769 873 ctenulentam
2804 819 2912 871 Arii
2949 820 3253 885 voraginem
3292 819 3521 873 turbidis
3557 819 3683 873 l‘etri

2114 912 2411 976 meatibus;
2437 912 2628 979 quibus
2657 912 2706 964 in
2732 920 2933 964 tantum
2965 910 3195 977 perﬁdia:
3210 912 3399 979 copula
3422 912 3683 980 jungitur,

2117 1012 2174 1055 ut
2202 1006 2377 1055 omnia
2412 1004 2477 1055 ad
2519 1002 2810 1056 divinitatis
2858 1003 3235 1055 centumeliam
3286 1002 3517 1065 referat,
3569 1020 3686 1070 qua:

2117 1092 2359 1145 Christus
2391 1093 2678 1145 secundum
2720 1092 3167 1159 dispensationem
3196 1092 3374 1144 carnis
3410 1101 3503 1144 aut
3538 1094 3684 1146 locu-

2120 1194 2203 1235 tus
2233 1194 2348 1246 est,
2372 1194 2459 1235 attt
2498 1184 2698 1250 peregit
2723 1200 2735 1242 ;
2767 1184 2890 1235 dum
2920 1196 3075 1234 unam
3106 1183 3473 1236 tantummodo
3494 1184 3686 1235 divini-

2123 1273 2245 1324 tatis
2276 1273 2551 1325 contrudit
2578 1287 2696 1325 esse
2726 1288 2985 1324 naturam.
3021 1272 3170 1324 Unde
3199 1273 3472 1324 hortamur
3500 1288 3689 1325 omnes

2122 1362 2363 1415 Ii-unines
2418 1364 2658 1415 nefandae
2715 1362 2869 1429 hujus
2927 1364 3159 1430 perﬁdia:
3198 1372 3527 1427 sectatores,
3561 1364 3688 1415 dum

2121 1454 2226 1506 vita
2256 1460 2466 1517 manet,
2499 1452 2625 1506 dum
2658 1454 2915 1521 poenitere
2954 1454 3096 1516 licet,
3126 1454 3324 1507 erroris
3355 1456 3434 1507 sui
3482 1464 3690 1508 mutate

2122 1546 2462 1600 sententiam.
2508 1545 2573 1598 Et
2608 1544 2847 1615 Gregorii
2880 1545 3052 1612 potius
3079 1556 3239 1613 atque
3281 1546 3480 1609 Basilii,
3513 1546 3691 1599 Theo-

2123 1635 2255 1703 phili
2280 1652 2489 1704 qttoqne
2510 1644 2564 1690 et
2584 1635 2803 1690 Joannis
2834 1636 3063 1689 civitatis
3089 1630 3692 1705 Constantintipolitante

2124 1727 2475 1795 Opinatissimi
2502 1728 2774 1789 antistitis,
2802 1743 2898 1780 nec
2927 1742 3028 1779 ton
3058 1736 3112 1780 et
3142 1728 3319 1797 Cynlli
3347 1728 3689 1782 Alexandrini

2125 1818 2385 1886 episcopi,
2409 1828 2460 1872 et
2486 1818 2709 1872 aliorum
2739 1819 3248 1886 quamplnrlmorum
3280 1820 3364 1887 qui
3397 1821 3691 1885 antiquitus

2126 1910 2178 1963 in
2210 1910 2445 1963 Ecclesit
2483 1910 2808 1976 ﬂoruerunt,
2841 1924 2998 1975 super
3038 1910 3310 1978 utriusque
3342 1920 3541 1964 natura:
3568 1927 3693 1979 pro-

2129 2002 2353 2069 prietate
2398 2002 2588 2053 sectari
2635 2000 2964 2062 doctrinam,
3005 2016 3227 2067 quorum
3280 2002 3358 2055 eis
3396 2003 3461 2054 de
3500 2001 3601 2055 hac
3634 2017 3694 2055 re

2129 2094 2419 2146 sententias
2449 2093 2782 2145 extrinsecus
2808 2090 3083 2145 oli’erimus
3117 2091 3479 2159 perlegendas.
3503 2091 3694 2157 Quaeso

2130 2185 2329 2237 interea
2362 2184 2635 2248 lectorem,
2667 2184 2921 2237 vilitatem
2960 2184 3056 2251 13
3096 2184 3263 2236 nostri
3294 2184 3558 2236 sermonis
3588 2196 3693 2235 non

2132 2288 2506 2341 usquequaque
2534 2272 2829 2338 deSpiciat:
2867 2271 2985 2340 quia
3024 2279 3079 2327 et
3101 2272 3341 2325 fortassis
3381 2271 3548 2339 pctuit
3585 2272 3696 2326 clo-

2130 2364 2380 2431 ducalius
2408 2365 2580 2416 oratio
2603 2363 2762 2417 comi.
2788 2362 2891 2417 Sed
2924 2378 3021 2416 nos
3055 2364 3123 2416 ita
3149 2364 3343 2431 Stylum
3370 2366 3695 2429 temperavi-

2134 2468 2272 2517 mus,
2304 2464 2360 2506 ut
2386 2470 2496 2506 rem
2531 2455 2702 2521 potius
2730 2470 2889 2523 quam
2922 2456 3077 2508 verba
3104 2454 3399 2521 legentibus
3428 2468 3697 2507 commen-

2134 2546 2401 2599 daremus.
2420 2546 2483 2598 Et
2504 2546 2731 2598 maxime
2754 2546 2852 2598 hoc
2876 2560 3010 2613 opus
3032 2548 3293 2599 cothurno
3316 2545 3565 2597 tumentis
3588 2543 3697 2597 «σιο-

2135 2636 2242 2705 qttii
2285 2635 2456 2689 inﬂari
2490 2651 2593 2689 non
2638 2635 2850 2701 debuit,
2883 2652 2949 2690 ne
2984 2635 3335 2690 transferendi
3370 2634 3421 2687 in
3454 2635 3697 2689 Gmcum

2137 2727 2426 2780 necessitas
2449 2726 2624 2794 aliqua
2649 2726 2809 2780 adsit.
2829 2727 2958 2793 Quia
2988 2726 3254 2780 difﬁcilius
3279 2727 3552 2795 integritas
3578 2740 3699 2779 seu-

2132 2833 2284 2869 suum
2318 2818 2370 2870 in
2412 2819 2567 2871 aliam
2607 2819 2839 2888 linguam
2873 2820 2981 2888 pari
3021 2826 3198 2888 potest
3238 2821 3501 2872 sermonis
3538 2832 3699 2872 venu-

2136 2920 2271 2964 state
2296 2911 2520 2963 servari.

1988 3238 2339 3249 _.—_.-——__

1376 3337 1843 3458 LIBER
1933 3336 2784 3447 SECUNDUS.

538 3534 578 3587 Ι.
608 3531 800 3586 Varius
828 3526 1039 3598 quidem
1073 3535 1126 3579 et
1158 3524 1426 3587 diversus,
1460 3539 1524 3577 ex
1556 3538 1660 3576 uno
1683 3532 1857 3575 tamen
1890 3521 2035 3575 fonte
2064 3528 2109 3588 ε
2143 3533 2297 3584 nant,
2359 3533 2722 3590 trepa-utnque
2771 3532 2967 3579 nostrae
3012 3524 3274 3586 victoriae,
3327 3538 3509 3578 eorum
3554 3538 3703 3581 caesa

470 3624 737 3689 haeretica:
776 3621 1051 3689 pravitatis
1081 3632 1231 3669 error
1257 3615 1497 3669 emersit.
1528 3615 1702 3667 Cardo
1728 3614 1867 3666 ettitn
1912 3628 2035 3679 pes-

465 3688 651 3772 simus
675 3724 728 3768 et
770 3714 919 3781 origo
962 3713 1222 3763 malorum
1247 3749 1261 3772 ,
1292 3724 1410 3775 quae
1449 3723 1515 3760 ex
1560 3722 1679 3760 sese
1730 3718 2037 3759 cunctarum

466 3810 798 3877 itnpietalum
823 3804 1131 3859 occasiones
1161 3803 1385 3870 peperit,
1424 3801 1533 3852 haec
1562 3809 1644 3851 est
1676 3842 1689 3863 ,
1720 3800 1845 3851 dum
1873 3801 2037 3850 crete-

467 3901 628 3953 stium
652 3898 910 3951 dictorum
928 3895 1092 3947 virtus
1116 3893 1241 3945 vitio
1278 3892 1414 3943 male.
1445 3890 1845 3956 intelligentiam
1874 3899 2041 3940 teme-

468 4002 606 4055 rata,
633 4004 739 4044 non
769 3986 1057 4041 secundum
1087 3986 1167 4037 sui
1201 3984 1506 4052 qualitatem
1532 3996 1723 4035 sensus
1758 3980 2041 4046 perpendi-

468 4093 574 4145 tur,
593 4081 684 4136 sed
712 4082 762 4133 in
781 4080 911 4132 alias
938 4092 1025 4131 res
1054 4092 1149 4144 pro
1170 4075 1389 4128 arbitrio
1410 4083 1465 4126 et
1494 4074 1764 4125 voluntate
1793 4072 2038 4139 legentis,

468 4190 623 4229 secus
661 4188 818 4241 quam
860 4171 969 4225 veri
1016 4169 1153 4223 ratio
1196 4168 1449 4237 postulat,
1483 4167 1775 4219 derivatur.
1809 4164 1909 4217 Sed
1945 4164 2043 4215 hoc

468 4282 531 4320 ex
574 4265 808 4318 omnium
848 4263 1219 4317 litereticurum
1262 4260 1580 4312 contuentis
1623 4259 1813 4322 otiique
1853 4254 2041 4319 depre-

472 4358 709 4410 bendere
732 4355 982 4421 perfacile
1020 4362 1120 4408 est.
1154 4354 1249 4407 Est
1273 4362 1327 4406 et
1355 4351 1455 4404 alia
1496 4350 1780 4417 impietatis
1806 4345 2041 4409 occasio,

472 4460 628 4514 quam
664 4446 854 4498 mirum
896 4445 947 4497 in
998 4442 1210 4497 modum
1250 4443 1424 4495 minus
1460 4442 1630 4493 cautis
1675 4439 1833 4492 nimia
1875 4439 2044 4502 pietas

476 4535 742 4604 praestitit.
775 4535 837 4587 Et
864 4548 927 4587 eo
954 4534 1176 4586 multum
1213 4532 1449 4598 satisque
1483 4530 1768 4584 dolendum
1814 4528 2046 4582 exitialis

476 4623 712 4691 perﬁdia:
754 4624 993 4686 malum,
1046 4621 1169 4676 inde
1238 4621 1455 4685 impium
1514 4620 1659 4679 ﬁeri,
1718 4620 1858 4672 unde
1908 4618 2043 4671 alius

477 4716 594 4783 pius
639 4713 864 4777 existit;
922 4713 1046 4767 inde
1102 4712 1435 4766 miserabiles
1489 4710 1813 4778 captivitatis
1862 4710 2042 4762 sortiri

477 4819 763 4868 aerumnas,
790 4804 927 4858 unde
956 4804 1217 4858 libertatis
1250 4812 1486 4871 potestas
1512 4800 1833 4868 acquiritur;
1863 4800 1932 4852 ibi
1960 4814 2046 4851 er-

2142 3622 2430 3671 ccrtamina
2460 3620 2701 3687 gignant.

2214 3714 2275 3765 Il.
2323 3712 2537 3767 Sabellii
2589 3712 2729 3765 enim
2766 3711 2981 3778 perﬁdia
3032 3711 3139 3763 Arii
3188 3712 3402 3763 damnat
3445 3727 3704 3769 errorem.

2146 3804 2346 3854 liurstts
2388 3801 2567 3854 Ariani
2611 3802 2871 3869 dogmatis
2899 3817 3049 3854 error
3103 3802 3317 3854 Saivellii
3376 3806 3704 3867 impietatem

2143 3891 2396 3944 excludit.
2422 3891 2693 3957 Siquidem
2725 3890 2985 3943 Sabellins
3015 3892 3170 3943 unius
3213 3902 3414 3944 natura!
3447 3894 3706 3958 probahili

2144 3983 2355 4050 quidem
2387 3982 2725 4035 Confessione
2754 3981 3032 4045 deceptus,
3065 3982 3336 4035 Trinitatis
3366 3999 3435 4035 un
3456 4001 3523 4034 nn
3560 3997 3706 4051 puta-

2143 4075 2220 4125 vit
2245 4088 2364 4126 csse
2400 4087 2715 4138 personam,
2741 4084 2794 4125 ut
2825 4089 2886 4125 ex
2919 4072 3017 4124 hoc
3044 4074 3180 4140 quod
3213 4074 3365 4125 triutn
3394 4090 3491 4125 una
3522 4085 3707 4127 natura

2146 4173 2245 4225 est,
2274 4180 2372 4216 una
2393 4164 2778 4231 intelligeretur
2799 4179 2917 4216 esse
2946 4179 3189 4229 persona.
3212 4164 3405 4215 Contra
3429 4164 3583 4217 Arius
3602 4174 3708 4219 tres

2145 4256 2495 4313 Subsistentes
2544 4266 2702 4322 atque
2751 4254 3063 4316 distinctas,
3109 4253 3260 4306 sicmi
3306 4267 3357 4307 et
3402 4270 3524 4308 vere
3563 4265 3708 4322 sunt,

2147 4360 2405 4413 personas
2444 4347 2741 4413 accipiens,
2792 4355 2899 4399 ttes
2929 4360 3111 4399 eorum
3160 4345 3446 4399 dissimiles
3484 4346 3711 4401 credidit

2144 4449 2264 4488 esse
2294 4446 2537 4498 naturas;
2572 4446 2624 4488 et
2652 4436 2791 4504 quod
2822 4436 2885 4488 ad
2916 4435 3306 4490 distinctionem
3342 4438 3583 4503 pertinet,
3612 4437 3711 4492 hoc

2146 4526 2245 4580 iste
2272 4526 2337 4579 ad
2362 4526 2761 4595 disparilitatem
2789 4526 3094 4581 earumdem
3125 4526 3299 4579 retulit
3332 4542 3711 4594 personarum;

2146 4618 2489 4685 quamobrem
2527 4625 2584 4671 et
2623 4618 2828 4671 meritis
2870 4626 2921 4671 et
2964 4616 3218 4685 gradibus
3271 4618 3424 4685 longe
3470 4616 3711 4686 dispares

2148 4725 2309 4764 ausus
2340 4720 2421 4763 est
2451 4710 2693 4763 deﬁnire.
2719 4710 2883 4777 Hujus
2912 4710 3069 4778 igitur
3095 4725 3247 4762 error
3296 4711 3359 4762 ad
3396 4709 3712 4763 confutatio-

2126 4806 2270 4854 ‘nem
2318 4801 2633 4856 Sabelliana:
2670 4802 2955 4865 impietatis
2994 4801 3266 4868 proﬁciat,
3304 4802 3585 4871 audiatque
3619 4804 3714 4857 Sa-

478 4896 686 4952 roribus
728 4896 1022 4964 implicari,
1063 4896 1147 4949 ubi
1190 4900 1365 4948 omms
1394 4893 1706 4962 ignorantiae
1750 4891 2044 4944 absolvitur
2072 4880 2120 4940 ῐ)
2150 4894 2340 4949 bemus
2378 4894 2427 4945 in
2475 4902 2678 4946 tantum
2717 4892 2892 4945 Patris
2932 4903 2986 4945 et
3029 4891 3144 4945 Filii
3190 4903 3242 4945 et
3272 4892 3502 4957 Spiritus
3544 4894 3715 4947 sancti

478 5003 671 5051 error;
721 4986 845 5040 inde
872 4987 1129 5053 perﬁdum
1172 4985 1315 5049 ﬁeri,
1366 4986 1506 5039 unde
1540 4984 1680 5039 alius
1725 4983 1896 5036 ﬁdelis
1924 4988 2042 5045 est;

478 5080 665 5135 eodem
709 5079 905 5133 lumine
951 5079 1212 5132 obcaecari
1234 5119 1249 5141 ,
1287 5094 1392 5147 quo
1423 5078 1559 5132 alius
1591 5077 1888 5132 clarissime
1914 5075 2047 5151 gillu~

478 5186 695 5229 stratur.
724 5175 785 5227 Et
801 5184 855 5226 ut
883 5173 981 5227 hoc
1001 5173 1075 5226 ita
1090 5186 1209 5225 esse
1231 5166 1564 5226 documentis
1585 5169 2045 5225 manifestioribus

479 5277 677 5337 pateat,
706 5267 918 5323 Sabellii
936 5274 993 5319 et
1023 5264 1155 5326 Arii,
1180 5265 1455 5318 Manichtei
1486 5276 1539 5319 et
1562 5266 1791 5325 Photini,
1818 5263 2043 5317 Nestorii

478 5372 530 5413 et
582 5359 889 5430 Eutychetis
938 5358 1319 5413 sententiarum
1371 5358 1616 5425 dogmata
1668 5358 2037 5419 conferamus,

478 5453 671 5519 quibus
710 5456 778 5507 ita
810 5467 904 5507 eos
935 5450 1035 5506 sibi
1071 5452 1300 5503 invicem
1337 5450 1610 5503 exstitisse
1633 5450 1931 5501 contrarius
1965 5451 2042 5501 in-

478 5557 522 5593 v.
546 5543 749 5606 nimus,
804 5554 861 5595 ut
900 5542 1061 5612 (quod
1112 5540 1275 5609 magis
1305 5540 1495 5593 tnirum
1537 5538 1626 5605 sit)
1664 5554 1847 5592 eorum
1890 5553 2042 5591 error

478 5635 687 5688 veritati
716 5636 1072 5691 testimonium
1096 5633 1259 5699 dit-at,
1286 5642 1340 5686 et
1371 5634 1673 5685 inconsona:
1716 5630 2039 5699 perﬁdorum

474 5725 756 5779 sententia:
798 5727 849 5779 in
878 5741 1038 5780 unum
1076 5723 1177 5794 14.
1212 5734 1369 5781 recta:
1401 5722 1521 5776 lidei
1554 5721 1819 5775 modulum
1854 5720 2041 5772 conci-

2151 4999 2257 5042 tres
2285 5001 2405 5041 esse
2436 5000 2711 5053 personas,
2752 4995 2806 5036 ut
2836 5000 2928 5038 eos
2959 4984 3116 5038 Arius
3160 4995 3213 5037 et
3252 4993 3513 5050 potestate
3558 4984 3712 5037 dissi-

2149 5080 2301 5133 miles
2324 5090 2376 5131 et
2406 5086 2590 5130 natura
2621 5062 2859 5127 diversos
2886 5074 3077 5128 audeat
3106 5074 3361 5138 proﬁteri.
3386 5074 3577 5127 Audiat
3602 5091 3716 5128 rur-

2148 5184 2240 5223 sus
2273 5169 2356 5222 bic
2388 5168 2524 5221 idem
2555 5166 2735 5229 Arius,
2767 5166 2816 5219 in
2851 5175 3053 5218 tantum
3108 5166 3314 5218 Patrem
3346 5174 3401 5219 et
3432 5164 3624 5218 Filium
3665 5174 3717 5222 et

2150 5259 2402 5328 Spiritum
2446 5266 2686 5331 sanctum
2743 5258 2897 5309 unius
2951 5258 3263 5323 potestatis,
3305 5260 3565 5325 uniusque
3600 5271 3716 5310 esse

2148 5359 2372 5413 naturae,
2403 5360 2458 5402 nt
2493 5349 2757 5403 Sabellius
2787 5363 2945 5400 unam
2980 5362 3163 5401 eorum
3209 5348 3352 5399 dicat
3381 5363 3502 5402 esse
3534 5363 3715 5416 perso-

2147 5458 2293 5496 nam.
2324 5442 2512 5495 ilalum
2536 5457 2663 5509 ergo
2689 5451 2852 5503 tuum,
2883 5457 2915 5492 ο
2942 5441 3054 5503 Ari,
3088 5440 3230 5493 illius
3251 5443 3459 5509 corrige
3484 5440 3645 5503 malo,
3664 5453 3718 5493 et

2149 5535 2343 5587 malum
2370 5548 2521 5585 suum
2552 5534 2617 5585 de
2660 5543 2747 5584 lllU
2780 5533 3012 5599 corrigat
3057 5532 3195 5584 malo
3222 5548 3235 5590 ;
3268 5542 3324 5585 ut.
3352 5533 3547 5585 bonum
3576 5534 3716 5599 quod

2151 5634 2371 5693 uterque
2404 5625 2680 5679 nobiscum
2713 5624 2931 5687 tenetis,
2976 5638 3259 5677 commune
3286 5624 3357 5676 sit
3388 5624 3553 5676 vobis.
3585 5623 3716 5678 Nam

2151 5700 2348 5771 bonum
2391 5726 2472 5772 est
2506 5716 2642 5784 quod
2678 5725 2759 5780 ttt,
2795 5716 2884 5770 Ari
2906 5756 2918 5780 ,
2954 5725 3063 5769 tres
3106 5714 3240 5769 dicis
3280 5729 3401 5769 esse
3439 5729 3717 5782 personas,
