4044 6184
214 337 313 390 I5

1312 316 1586 374 CONTRA
1624 305 2086 369 EUTYCHETEM
2128 305 2254 360 LIB.
2294 299 2354 359 ll.

3360 284 3383 336 l
3394 282 3461 334 llG

214 450 308 503 sed
347 445 544 501 malum
570 450 650 496 est
679 438 822 510 quod
859 452 949 491 eas
991 445 1046 490 et
1071 432 1324 505 gradibus
1350 440 1404 487 et
1433 428 1638 484 naturis
1668 426 1784 480 lon—
1810 428 1863 485 Α
1887 422 2158 479 Christum
2178 459 2194 485 ,
2240 415 2533 473 secundum
2564 409 2880 467 catholicam
2912 405 3072 460 fidem
3096 410 3153 457 et
3201 402 3463 469 praeconia

217 542 331 609 gius
361 550 597 605 separas.
629 532 760 586 Item
790 538 868 594 tu,
890 527 1110 591 Sabelli,
1136 526 1333 579 bonum
1357 531 1439 577 est
1467 520 1606 589 quod
1635 532 1792 572 unam

218 631 353 685 dicis
378 643 501 682 esse
527 636 796 688 naturam,
825 620 918 674 sed
947 620 1144 673 malum
1175 624 1259 670 est
1286 612 1427 683 quod
1453 622 1502 665 te
1524 610 1679 663 unius
1702 624 1796 661 na-

222 732 355 776 tura:
383 718 581 772 veritas
606 728 766 768 unam
797 711 940 781 cogit
984 709 1140 763 lateri
1175 719 1483 776 personam.
1518 701 1695 756 Affero
1719 700 1798 753 di-

223 810 539 884 sceptationi
583 817 782 862 vestrae
817 802 1191 873 compendium
1219 818 1232 853 :
1277 800 1382 852 imo
1414 811 1521 851 non
1552 809 1672 863 ego,
1707 790 1800 846 sed

225 906 472 960 Christus
498 901 587 970 qui
625 898 797 952 litium
834 904 1134 949 vestrarum
1165 886 1577 948 controversias,
1620 892 1804 950 utpote

233 992 571 1063 aequissimus
596 986 862 1057 cognitor,
885 998 987 1038 una
1009 982 1176 1036 Verbi
1206 977 1466 1034 sententia
1494 974 1699 1029 censuit
1726 972 1805 1025 di-

232 1062 522 1148 timendas,
552 1081 771 1135 dicens:
802 1075 914 1145 Ego
934 1084 982 1127 et
1006 1071 1159 1125 Pater
1178 1086 1331 1123 unum
1358 1083 1533 1120 sumus
1549 1062 1725 1134 (Joan.
1752 1077 1804 1125 ι,

233 1180 345 1244 50).
376 1172 613 1228 Dicendo
638 1171 818 1240 igitur,
840 1173 994 1235 egoet
1023 1160 1198 1225 Pater,
1246 1160 1502 1212 discrevit
1532 1154 1671 1222 quod
1713 1151 1812 1206 Sa-

235 1270 422 1323 bellius
455 1262 595 1317 male
614 1256 926 1314 confundit:
958 1249 1201 1306 addendo
1222 1255 1399 1301 autem
1431 1259 1587 1296 unum
1611 1257 1808 1305 sumus,

238 1356 405 1410 univit
434 1352 579 1420 quod
607 1352 768 1407 Arius
798 1348 937 1404 male
962 1343 1244 1407 discernit,
1276 1348 1335 1395 ut
1366 1355 1524 1392 unum
1547 1336 1612 1390 ad
1636 1335 1811 1389 unita-

242 1462 341 1505 tem
370 1437 810 1512 ηειιιι-εεξειιηιιιδ
838 1442 902 1495 ad
931 1438 1329 1495 distinctionem
1357 1432 1601 1502 proﬁciat
1632 1444 1817 1498 perso-

243 1554 450 1594 narum.
495 1535 627 1590 Tale
652 1544 734 1587 est
783 1531 953 1585 illud:
1002 1528 1267 1598 Baptizate
1306 1532 1472 1594 gentes
1518 1522 1571 1573 in
1618 1519 1819 1572 nomine

246 1629 437 1694 Patris,
465 1636 513 1681 et
544 1624 690 1690 Filii,
724 1634 771 1678 et
800 1622 1029 1691 Spiritus
1057 1617 1218 1671 sancti
1243 1616 1454 1686 (Matth.
1490 1626 1676 1674 sxvm,
1706 1608 1817 1677 I9);

246 1721 294 1773 in
348 1733 457 1771 uno
490 1716 651 1770 trium
685 1713 935 1775 nomine,
966 1725 1124 1764 unam
1153 1708 1365 1764 deitatis
1400 1706 1673 1758 insinuans
1702 1715 1823 1755 esse

1896 515 2292 584 Scripturarum
2309 509 2443 563 duas
2468 504 2667 559 habere
2692 500 3017 563 nativitates,
3036 508 3195 549 unam
3217 490 3284 546 de
3314 489 3468 543 Patre

1896 581 2035 662 siuei
2064 616 2301 671 tempore
2323 640 2338 663 ,
2389 599 2612 653 alteram
2656 594 2723 648 de
2768 598 2941 645 matre
2974 589 3091 641 sine
3130 581 3340 639 semine
3371 595 3386 632 :
3414 585 3472 633 et

1899 698 2087 752 harum
2132 694 2356 748 duarum
2388 688 2724 743 nativitatum
2765 690 3046 747 utramque
3070 686 3263 744 gerens
3311 675 3468 724 natu-

1901 804 2036 853 ram,
2061 787 2154 841 Dei
2186 784 2393 840 scilicet
2416 796 2518 851 qua
2558 779 2627 833 de
2655 778 2811 831 Patre
2839 782 2995 828 natus
3013 776 3130 831 est,
3160 774 3216 821 et
3244 759 3475 817 hominis

1903 895 2005 951 qua
2034 885 2120 934 est
2146 874 2213 929 de
2241 882 2410 927 matre
2440 867 2773 940 progenitus,
2795 876 2933 917 unus
2963 860 3206 927 idemque
3250 853 3392 907 Deus
3421 859 3478 904 et

1908 944 2067 1026 homo
2088 975 2172 1023 est
2198 964 2461 1019 Christus.
2490 958 2713 1015 Gemina
2739 956 2881 1011 enim
2914 950 3183 1011 nativitas,
3209 944 3474 1015 geminam

1909 1063 1999 1118 uni
2020 1059 2234 1115 Christo
2251 1056 2397 1111 dedit
2418 1062 2683 1113 naturam,
2705 1048 2830 1102 dum
2849 1045 2936 1115 qui
2963 1043 3103 1096 Deus
3118 1045 3199 1093 est
3215 1037 3279 1091 de
3300 1035 3477 1096 Patre,

1912 1156 2051 1212 idem
2076 1163 2131 1207 et
2155 1154 2313 1205 homo
2340 1158 2419 1202 est
2446 1145 2513 1200 de
2542 1156 2732 1198 matre.
2760 1141 2864 1194 llas
2885 1138 3321 1204 itaquenaturas,
3348 1139 3480 1195 quas

1912 1266 1978 1306 ex
2012 1259 2241 1315 utroque
2278 1243 2439 1297 habet
2484 1246 2730 1310 parente,
2759 1231 3043 1304 Apostolus
3068 1227 3201 1282 duas
3242 1222 3485 1278 nominat

1916 1342 2134 1402 formas,
2156 1314 2350 1391 ﬁdit-ens
2371 1333 2440 1388 de
2463 1334 2578 1400 ipso
2612 1347 2626 1383 :
2658 1328 2759 1395 Qui
2787 1340 2903 1379 cum
2929 1324 2984 1377 in
3009 1325 3178 1391 {arma
3206 1314 3301 1369 Dei
3324 1320 3483 1377 esset,

1918 1449 2018 1487 non
2046 1430 2284 1499 rapinam
2313 1424 2585 1479 arbitratus
2611 1430 2683 1473 est
2709 1432 2818 1472 esse
2845 1431 2899 1468 se
2939 1412 3187 1482 aqualem
3227 1406 3368 1470 Deo;
3397 1403 3486 1457 sed

1919 1496 2237 1591 semetipsum
2268 1514 2567 1576 exinauiuit,
2599 1515 2815 1585 formam
2842 1506 2972 1561 servi
2991 1502 3244 1571 accipiens
3266 1496 3486 1570 (Philip.

1921 1633 1980 1681 ιι,
2005 1586 2192 1682 6).-οε
2212 1610 2403 1680 quibus
2427 1606 2633 1669 formis,
2656 1602 2770 1656 sive
2792 1612 2951 1669 quam
2978 1611 3041 1651 ex
3071 1594 3184 1648 Deo
3213 1591 3372 1682 Patre
3399 1586 3492 1682 ha:

1926 1676 2175 1772 bet,'sive
2202 1676 2363 1771 quam
2392 1714 2457 1753 ex
2488 1694 2704 1750 homine
2729 1700 2899 1745 matre
2926 1685 3163 1755 accepit,
3198 1676 3492 1751 prophetali

246 1817 510 1861 naturam.
544 1805 620 1859 Ita
648 1802 821 1857 Judex
856 1800 1089 1867 optimus
1121 1798 1261 1850 inter
1290 1796 1475 1849 noxias
1514 1802 1568 1846 et
1596 1789 1823 1845 lethales

1949 1795 2178 1851 raticinio
2208 1791 2404 1846 clarius
2433 1793 2645 1842 constat
2670 1793 3017 1851 espressum;
3051 1774 3184 1829 Isaia
3218 1771 3286 1826 de
3314 1766 3494 1822 servili

248 1878 673 1949 Christianorum
696 1894 1073 1944 contentiones
1103 1882 1431 1939 salutiferam
1470 1880 1655 1951 judicii
1700 1894 1822 1932 sen-

249 1985 466 2039 tentiam
501 1982 644 2045 tulit,
676 1979 775 2050 15
807 1986 863 2031 ut
889 1976 1106 2045 proprio
1133 1982 1313 2043 pereat
1341 1975 1487 2035 vitio,
1513 1970 1599 2039 qui
1628 1966 1824 2038 judicis

252 2075 571 2130 sententiain
604 2070 992 2124 retractaverit.

315 2162 401 2217 Ill.
427 2162 559 2217 Item
593 2160 910 2214 Manichacus
941 2160 1063 2211 dum
1095 2164 1359 2210 tantarum
1384 2155 1638 2207 virtutum
1665 2148 1826 2202 mira-

256 2254 365 2306 cula
397 2252 645 2320 respicit.
696 2264 814 2318 quae
846 2249 937 2303 Dei
966 2247 1132 2301 Filius
1158 2254 1405 2316 operatus
1437 2252 1548 2307 est,
1585 2255 1688 2295 non
1718 2239 1830 2293 vult

259 2358 374 2396 eum
398 2342 675 2395 hominem
700 2339 963 2394 confiteri.
987 2338 1248 2393 Photinus
1273 2336 1398 2390 dum
1424 2335 1474 2389 in
1497 2349 1564 2388 eo
1589 2341 1830 2386 naturam

262 2430 426 2485 nostri
456 2429 703 2498 corporis
731 2428 976 2495 attendit,
1000 2428 1170 2483 Deum
1197 2440 1319 2481 esse
1348 2440 1455 2479 non
1482 2423 1707 2493 iudicat.
1739 2420 1834 2474 Ille

263 2533 318 2575 ιιι
341 2535 403 2575 se
432 2521 658 2585 muniat,
685 2519 933 2586 virtutes,
966 2520 1065 2573 iste
1094 2518 1429 2572 infirmitates
1458 2513 1704 2584 replicat.
1740 2510 1836 2565 Ille

265 2612 480 2667 deitatis
520 2612 787 2681 praeconia
816 2650 832 2675 ,
882 2610 983 2664 iste
1031 2608 1376 2662 humanitatis
1423 2605 1633 2676 allegat.
1683 2603 1835 2658 Illum

268 2702 520 2765 maiestas
562 2699 697 2753 tanti
744 2698 976 2753 nominis
1015 2698 1083 2753 ab
1125 2697 1465 2752 humanitatis
1510 2693 1840 2765 professione

269 2802 518 2855 revocat;
548 2790 710 2845 istum
741 2788 1011 2844 humilitas
1033 2788 1349 2858 iniuriarum
1378 2802 1510 2857 quas
1538 2788 1646 2843 Deo
1670 2786 1843 2843 cernit

274 2884 559 2952 indignas,
608 2882 659 2935 in
701 2880 931 2935 hominis
970 2890 1173 2936 tantum
1212 2879 1548 2936 confessione
1593 2886 1841 2935 retentat.

280 2978 431 3032 illum
474 2975 730 3030 miracula
754 2984 1007 3041 avocant,
1055 2974 1214 3029 istum
1247 2975 1522 3043 passiones
1553 2973 1842 3028 retardant.

284 3068 372 3119 Ille
400 3068 604 3120 deitate
633 3064 856 3132 fallitur,
889 3066 991 3121 iste
1033 3065 1361 3119 humanitate
1403 3062 1711 3117 olicnditur.
1757 3062 1850 3116 Ille

1926 1891 2096 1944 forma
2126 1885 2276 1954 ejus,
2323 1896 2442 1953 qua:
2486 1876 2748 1949 passionis
2780 1872 2981 1927 vilitate
3000 1861 3394 1938 quodammodo
3419 1859 3497 1913 in-

1926 1978 2122 2033 decora
2146 1952 2421 2043 apparuit,
2448 1970 2519 2023 ita
2556 1969 2839 2035 loquente:
2872 1960 3159 2031 Ingtorius,
3190 1954 3380 2025 inquit,
3404 1952 3500 2006 erit

1926 2069 2058 2122 inter
2082 2066 2214 2119 viros
2242 2062 2474 2130 aspectus
2497 2062 2638 2130 ejus,
2689 2065 2735 2109 et
2765 2055 2932 2124 forma
2952 2054 3066 2123 ejus
3090 2050 3220 2102 inter
3246 2046 3383 2114 ﬁlios
3413 2044 3505 2097 ho-

1928 2151 2296 2224 minumUsai.
2323 2165 2415 2216 ut,
2455 2147 2566 2213 14).
2600 2147 2665 2199 Ει
2691 2145 2883 2199 iterum
2921 2158 2935 2195 :
2977 2139 3244 2204 Vidimus,
3299 2133 3504 2205 inquit,

1930 2262 2066 2309 eum,
2097 2254 2145 2298 et
2174 2259 2276 2297 non
2305 2248 2410 2295 erat
2442 2240 2497 2291 in
2522 2253 2581 2291 eo
2601 2238 2812 2307 species,
2836 2248 2999 2303 neque
3024 2231 3199 2295 decor;
3223 2231 3308 2283 sed
3342 2231 3507 2289 (arma

1933 2342 2044 2411 ejus
2072 2336 2307 2406 despecta
2337 2343 2382 2387 et
2415 2331 2658 2399 deﬁciens
2692 2342 2845 2398 super
2886 2326 3019 2394 ﬁlios
3050 2323 3312 2377 hominum
3354 2317 3507 2389 (ικαὶ.

1935 2446 2057 2495 LIII,
2081 2426 2161 2497 ‘2).
2194 2427 2262 2480 Et
2288 2425 2401 2479 haec
2430 2422 2645 2490 quidem
2669 2420 2735 2474 de
2755 2416 2943 2472 servili
2974 2415 3145 2470 forma
3173 2414 3227 2467 in
3261 2425 3363 2481 qua
3395 2411 3511 2463 uni-

1934 2492 2130 2579 versas
2150 2518 2412 2590 passionis
2452 2517 2671 2585 injurias
2702 2511 2951 2581 pertulit,
2980 2509 3144 2564 Isaias
3171 2507 3380 2562 locutus
3408 2513 3510 2559 est.
3570 2492 3575 2495 ⁷

1939 2615 2017 2669 De
2050 2611 2339 2667 divinitatis
2365 2616 2541 2661 autem
2573 2607 2739 2659 forma
2761 2643 2777 2669 ,
2809 2616 2928 2672 quae
2962 2600 3210 2654 decorem
3241 2610 3394 2650 suum
3422 2609 3516 2661 per

1940 2707 2021 2761 sui
2052 2701 2533 2772 impassibilitatem
2563 2697 2834 2757 retinens,
2868 2693 2991 2747 licet
3018 2692 3283 2761 passionis
3313 2686 3514 2755 pulsata

1944 2796 2171 2865 injuriis,
2198 2790 2385 2847 foedari
2417 2804 2519 2842 non
2554 2786 2752 2855 potuit,
2788 2784 2949 2838 David
2978 2782 3278 2838 evidentius
3305 2779 3515 2839 cecinit,

1946 2889 2132 2943 dicens
2170 2904 2181 2938 :
2214 2884 2487 2952 Speciosus
2531 2884 2697 2949 forma
2736 2892 2841 2944 pro:
2870 2877 2993 2945 ﬁliis
3041 2875 3301 2927 hominum
3341 2871 3517 2943 (Pani.
3586 2925 3591 2930 ,

1948 2992 2107 3045 XLIV,
2141 2973 2217 3046 5).
2267 2972 2456 3029 Cernis
2494 2973 2544 3025 in
2575 2984 2679 3025 una
2730 2967 2923 3022 Christi
2972 2979 3202 3036 persona
3249 2964 3521 3030 utriusque

1952 3066 2162 3131 formae,
2186 3064 2235 3119 id
2260 3074 2340 3119 est
2362 3064 2636 3131 utriusque
2661 3069 2862 3113 natura:
2888 3056 3199 3127 mysterium
3221 3053 3523 3109 contineri?

280 3157 407 3211 dicit
438 3157 581 3210 Deus
609 3164 719 3222 est,
764 3157 863 3211 iste
892 3156 1019 3210 dicit
1046 3156 1206 3209 homo
1239 3165 1340 3209 εει.
1369 3154 1582 3209 Grande
1621 3153 1850 3206 miracu-
1878 3140 1923 3202 C
1959 3157 2148 3212 Forma
2188 3156 2329 3210 servi
2358 3153 2610 3208 indecora
2636 3161 2691 3206 et
2730 3149 2978 3218 despecta
3013 3164 3028 3201 :
3060 3147 3227 3200 forma
3276 3146 3316 3200 ι)
3355 3147 3368 3200 i
3405 3160 3525 3214 spe-

285 3250 422 3309 lum,
464 3257 523 3300 ut
571 3247 971 3314 impugnatione
1015 3247 1095 3299 sui
1141 3244 1339 3299 veritas
1378 3243 1747 3300 confirmetur;
1799 3248 1855 3293 et

286 3354 465 3393 verum
507 3346 732 3405 uterque
769 3336 939 3401 dicat,
969 3335 1093 3389 dum
1125 3345 1353 3403 uterque
1387 3332 1690 3388 mentiatur.
1719 3330 1855 3385 Audi

288 3444 434 3497 ergo,
466 3428 762 3482 Manichme
786 3443 800 3480 :
842 3425 994 3493 Quod
1036 3425 1173 3480 Deus
1200 3425 1290 3489 sit,
1317 3437 1498 3477 verum
1525 3421 1688 3485 dicis;
1715 3417 1857 3489 quod

288 3532 338 3573 et
365 3520 530 3574 homo
560 3533 668 3573 non
689 3518 780 3585 sit,
806 3517 1028 3574 falleris.
1051 3516 1213 3581 Audi,
1238 3516 1462 3569 Photine
1496 3533 1507 3566 :
1536 3514 1672 3568 Vere
1700 3513 1860 3566 homo

289 3619 389 3673 est,
426 3618 485 3661 ut
514 3609 741 3670 asseris,
772 3607 895 3661 licet
932 3622 1040 3661 non
1068 3605 1206 3661 sicut
1246 3606 1471 3668 asseris;
1506 3603 1600 3659 sed
1638 3603 1779 3657 idem
1809 3610 1864 3655 et

294 3702 426 3755 Deus
446 3708 554 3765 est,
578 3697 722 3769 quod
746 3699 907 3767 impie
934 3696 1151 3767 refugis.
1177 3696 1232 3750 In
1258 3705 1463 3751 tantum
1486 3696 1645 3758 Deus,
1682 3703 1737 3746 ut
1759 3693 1865 3745 Ma-

291 3794 527 3846 nichacus
542 3791 815 3845 hominem
832 3800 1021 3859 neget;
1051 3790 1103 3843 in
1128 3798 1330 3843 tantum
1350 3788 1530 3851 homo,
1550 3797 1607 3841 ut
1630 3794 1683 3840 ιιι
1699 3786 1863 3840 Deum

292 3899 406 3938 esse
432 3898 540 3937 non
568 3881 775 3936 credas.
801 3880 933 3935 Cum
962 3882 1119 3950 igitur
1143 3880 1299 3934 ambo
1327 3879 1480 3933 vobis
1518 3877 1771 3931 contrarii
1802 3876 1871 3930 si-

299 3977 388 4035 tis,
419 3974 583 4027 ambo
615 3972 891 4026 nobiscum
930 3971 1104 4027 facitis
1134 3988 1148 4023 :
1182 3972 1338 4040 longe
1367 3970 1596 4040 separati
1627 3970 1785 4030 estis.
1817 3970 1869 4021 in

299 4064 469 4119 medio
498 4073 582 4119 est
600 4062 681 4143 via
707 4077 865 4132 quam
883 4062 1176 4133 reliquistis
1204 4080 1215 4115 :
1242 4078 1377 4117 unus
1401 4062 1545 4125 hinc,
1568 4062 1702 4115 alius
1724 4059 1869 4125 inde,

299 4152 399 4206 huc
426 4153 493 4206 ad
518 4167 617 4207 nos
639 4151 836 4218 venite,
868 4161 921 4205 et
949 4166 1044 4205 vos
1067 4151 1293 4206 invicem
1322 4150 1575 4206 invenitis
1600 4168 1611 4201 :
1639 4160 1875 4204 transeat

304 4258 434 4298 unus
482 4244 536 4296 in
580 4243 797 4297 alterius
847 4243 1205 4307 sententiam,
1258 4242 1330 4295 ita
1370 4250 1428 4296 ut
1471 4257 1576 4296 non
1612 4242 1875 4311 relinquat

305 4348 447 4386 suam
482 4351 494 4385 :
526 4334 595 4387 sit
626 4332 777 4386 vobis
807 4347 1091 4386 commune
1118 4332 1258 4401 quod
1292 4334 1558 4401 privatum
1608 4331 1815 4385 habetis
1858 4348 1874 4385 ε

310 4424 525 4477 lateatnr
552 4423 644 4476 ille
668 4422 961 4487 hominem,
987 4420 1245 4477 conﬁtere
1277 4430 1332 4476 tu
1365 4422 1552 4488 Deum,
1585 4431 1639 4477 et
1666 4422 1877 4491 propria

310 4520 526 4570 veritate
557 4530 586 4569 a
629 4515 842 4583 proprio
874 4514 1085 4568 tandem
1116 4528 1299 4569 errore
1327 4514 1609 4569 discedite.

380 4606 464 4660 IV.
501 4605 786 4660 Veniamus
817 4620 959 4658 nunc
990 4613 1043 4659 et
1071 4605 1137 4659 ad
1160 4604 1462 4660 Nestorium
1503 4612 1663 4675 atque
1710 4605 1878 4677 Euty-

315 4697 478 4761 chen,
521 4698 611 4766 qui
662 4695 762 4750 nisi
790 4706 914 4749 sunt
951 4710 1045 4765 per
1086 4697 1390 4749 universum
1419 4696 1692 4751 Orientem
1733 4712 1881 4751 sere-

317 4790 528 4841 nitatem
553 4786 835 4840 catholica:
864 4786 984 4840 fidei
1028 4787 1160 4840 atris
1195 4786 1429 4853 perfidia:
1459 4788 1666 4841 nebulis
1695 4787 1883 4842 obum-

317 4877 485 4931 brare.
532 4878 593 4931 Et
625 4878 750 4931 licet
791 4879 1048 4931 scelerata
1106 4877 1349 4930 doctrina
1398 4894 1515 4933 cum
1566 4879 1679 4931 suis
1724 4879 1885 4931 fuerit

319 4968 614 5020 auctoribus
638 4968 885 5031 relutata,
921 4982 1103 5021 eorum
1130 4978 1305 5021 tamen
1330 4977 1622 5022 sectatores
1649 4967 1883 5034 ne‘andi,

319 5060 543 5124 amplam
577 5057 832 5124 temporis
853 5058 1188 5111 occasionem
1218 5059 1381 5123 nacti,
1413 5072 1477 5113 eo
1506 5073 1673 5127 usque
1704 5058 1884 5127 perni-

322 5151 459 5202 ciosa
489 5160 543 5203 et
589 5150 799 5204 lethalia
833 5151 962 5205 saevi
1001 5151 1265 5221 dogmatis
1305 5165 1511 5206 venena
1555 5150 1887 5215 ditfundunt,

324 5251 375 5292 ut
404 5242 542 5309 quod
592 5252 868 5296 auctorum
908 5244 1169 5311 grassatio
1200 5252 1509 5312 perpetrare
1554 5258 1657 5298 non
1690 5244 1888 5309 valuit,

331 5332 507 5387 horum
558 5335 821 5402 pestiferae
872 5338 1182 5392 assertionis
1230 5337 1335 5391 late
1392 5338 1618 5392 smvicns
1671 5338 1891 5393 morbus

336 5430 483 5475 lotam
541 5439 675 5493 pene
717 5426 1009 5481 Ecclesium
1062 5427 1332 5484 sauciarit.
1386 5429 1588 5496 Quibus
1636 5430 1887 5499 quoniam

336 5524 686 5585 competenter
727 5533 831 5571 uno
867 5518 975 5587 jam
1023 5520 1277 5589 respondi
1324 5520 1543 5585 libello,
1584 5537 1725 5576 nunc
1768 5521 1893 5574 stri-

333 5607 470 5670 ctim,
504 5607 840 5676 breviterque
869 5624 1047 5664 cassas
1073 5626 1260 5667 eorum
1296 5612 1681 5668 sollicitudines
1715 5614 1815 5684 ιθ
1838 5623 1895 5668 ει

334 5704 511 5757 inanes
530 5702 748 5756 timores
769 5704 1067 5759 ostendam.
1086 5704 1303 5765 Certum
1320 5716 1400 5764 est
1414 5706 1693 5765 Dominum
1712 5708 1895 5769 Jcsum

568 5797 837 5858 ΡΑτιιοι..
885 5798 1082 5861 LXII.

1954 3251 2095 3306 ciosa
2128 3251 2179 3302 in
2209 3264 2274 3302 eo
2313 3256 2367 3301 et
2410 3226 2771 3315 pulcherrima
2819 3242 3157 3311 praedicatur.
3221 3240 3341 3294 llaec
3395 3240 3528 3293 alius

1956 3338 2357 3410 quomodolihet
2412 3336 2677 3404 accipiat;
2736 3333 2948 3387 interim
3009 3332 3319 3401 prophetico
3370 3338 3530 3398 atque

1958 3430 2251 3501 apostolico
2294 3422 2565 3497 praéconio
2606 3425 2886 3479 docuimus
2927 3421 3196 3477 Christum
3245 3420 3378 3474 duas
3419 3418 3529 3472 for;

1960 3536 2077 3577 mas
2130 3520 2348 3574 habere.
2396 3518 2548 3572 Nunc
2604 3516 2892 3570 doceamus
2952 3515 3004 3569 in
3053 3514 3311 3569 ambabus
3370 3527 3532 3566 unum

1963 3613 2315 3681 eamdemque
2340 3624 2495 3673 esse,
2541 3615 2808 3676 unamque
2835 3622 3121 3677 personam
3153 3608 3370 3661 haltere.
3400 3606 3537 3660 Dicit

1967 3702 2255 3770 Apostolus
2289 3718 2301 3752 :
2337 3698 2403 3753 Et
2450 3715 2542 3767 ego
2572 3698 2709 3766 quod
2737 3698 2957 3762 donavi,
3001 3698 3054 3749 in
3097 3712 3311 3765 persona
3352 3696 3539 3751 Christi

1966 3794 2057 3863 (II
2086 3794 2201 3849 Cor.
2232 3809 2288 3859 ιι,
2348 3791 2451 3863 l0).
2494 3791 2699 3846 Claruit
2726 3791 2885 3861 igitur
2921 3789 3191 3845 Christum
3228 3805 3292 3845 ex
3335 3790 3542 3844 duabus

1970 3886 2308 3942 manentibus
2341 3884 2544 3938 naturis
2574 3885 2627 3936 in
2653 3883 2848 3937 unione
2878 3896 3121 3950 personas
3158 3882 3467 3935 subsistere.

2044 3980 2107 4035 ν.
2134 3979 2283 4033 Nunc
2306 3978 2582 4031 videamus
2613 3990 2717 4043 quo
2756 3975 2952 4029 fuen'ut
2977 3974 3251 4027 Nestorius
3291 3981 3343 4024 et
3375 3971 3543 4041 Euty-

1974 4072 2101 4127 ches
2124 4085 2310 4125 errore
2338 4068 2570 4135 decepti.
2601 4065 2874 4120 No-storius
2901 4064 3034 4115 duas
3065 4061 3360 4114 ioducendo
3394 4072 3546 4113 natu-

1976 4177 2087 4225 ras,
2115 4160 2247 4213 duas
2276 4160 2476 4226 putavit
2513 4158 2609 4226 17
2641 4170 2760 4209 esse
2789 4168 3072 4221 personas;
3106 4160 3160 4205 et
3189 4151 3257 4204 ob
3287 4157 3387 4205 hoc
3408 4152 3548 4205 arbi—

1980 4256 2149 4304 tratus
2171 4256 2254 4301 est
2282 4246 2542 4314 sacrilego
2562 4246 2807 4311 dogmate
2835 4242 2969 4295 duos
2991 4238 3233 4293 Christos
3260 4241 3511 4295 inducere
3532 4258 3547 4298 :

1983 4339 2253 4411 Eutyches
2294 4338 2583 4405 respiciens
2614 4349 2771 4388 uuam
2806 4348 3108 4402 personam,
3156 4347 3313 4387 unam
3342 4335 3552 4389 censuit

1983 4446 2103 4486 esse
2134 4442 2397 4496 naturam,
2450 4438 2505 4482 ct
2531 4428 2600 4481 oh
2624 4431 2721 4482 hoc
2750 4427 3034 4480 humanam
3066 4442 3228 4480 ausus
3270 4440 3351 4482 est
3382 4430 3551 4483 denea

1906 4503 1962 4564 Ῑ)
1985 4537 2126 4593 gare.
2162 4523 2225 4576 Et
2261 4520 2381 4588 quia
2404 4529 2488 4573 est
2526 4521 2576 4572 in
2600 4518 2815 4571 Christo
2843 4528 2897 4572 et
2924 4526 3230 4571 naturarum
3259 4519 3557 4585 pruprietas

1984 4623 2037 4668 et
2067 4626 2309 4681 personae
2346 4611 2502 4674 unio,
2529 4610 2801 4664 Nestorius
2829 4607 3208 4677 proprieta'cm
3231 4611 3558 4663 attendemlo

1988 4715 2318 4767 naturarum,
2350 4717 2378 4755 a
2404 4716 2644 4771 persona:
2673 4700 2874 4755 excidit
2899 4700 3125 4765 unione;
3158 4712 3208 4754 et
3237 4700 3370 4754 duos
3405 4711 3556 4771 ριιιςι-

1988 4795 2062 4849 vit
2082 4794 2345 4856 Christos,
2372 4808 2533 4846 unum
2561 4792 2889 4862 passibilem,
2917 4792 3144 4847 alterum
3174 4794 3558 4863 impassibilem

1990 4901 2131 4942 esse.
2164 4884 2431 4955 Eutyches
2457 4900 2619 4939 unam
2646 4884 2971 4939 intendendo
3002 4900 3284 4954 persnnam
3304 4927 3317 4950 ,
3350 4902 3379 4941 a
3412 4902 3564 4943 natu-

1988 4991 2170 5034 rarum
2203 4975 2527 5044 proprietate
2554 4974 2797 5040 descivit,
2832 4985 2886 5029 et
2914 4976 3082 5045 ipsam
3115 4976 3447 5032 divinitatem
3480 4996 3567 5033 as-

1988 5070 2157 5124 seruit
2184 5081 2412 5132 passam.
2447 5066 2499 5119 In
2530 5074 2733 5120 tantum
2766 5082 2895 5135 ergo
2926 5083 3029 5121 non
3058 5078 3182 5121 sunt
3205 5069 3311 5121 duo
3339 5069 3558 5132 Christi,

1993 5172 2092 5211 nec
2132 5156 2255 5211 dua:
2303 5170 2574 5221 personis,
2623 5164 2679 5208 ιιι
2726 5156 2990 5226 Eutyches
3031 5172 3188 5209 unam
3222 5157 3407 5212 credat
3444 5173 3564 5212 esse

1992 5259 2256 5303 naturam.
2289 5248 2494 5300 Rursus
2520 5246 2570 5299 in
2603 5256 2805 5300 tantum
2831 5264 2935 5300 non
2959 5258 3037 5301 est
3078 5263 3177 5301 una
3213 5258 3399 5301 natura
3421 5290 3435 5313 ,
3467 5248 3565 5302 sed

1994 5340 2133 5404 duae,
2155 5350 2214 5393 ιιι
2233 5338 2508 5392 Nestorius
2536 5338 2669 5391 duos
2699 5338 2941 5392 Christos
2970 5339 3209 5407 duasque
3263 5347 3409 5405 putet
3446 5354 3567 5396 esse

1999 5448 2271 5506 personas.
2288 5434 2467 5500 Itaque
2489 5431 2762 5488 Nestorius
2776 5441 2832 5487 ut
2852 5432 3176 5502 impietatem
3200 5431 3281 5485 sui
3305 5430 3569 5499 dogmatis

2000 5528 2228 5591 muniat,
2263 5540 2368 5594 quo
2398 5524 2624 5578 alterum
2650 5523 2703 5577 in
2743 5524 2989 5592 passione
3017 5522 3128 5577 vult
3162 5522 3381 5591 intelligi
3414 5524 3569 5578 Chri-

1998 5630 2160 5686 stum,
2186 5619 2274 5673 illo
2301 5619 2467 5672 utitur
2497 5616 2736 5687 Apostoli
2776 5615 3102 5679 testimonio,
3129 5616 3193 5667 ad
3221 5613 3471 5670 Hebraeos
3499 5618 3569 5671 ita

2001 5709 2280 5769 scribentis
2313 5727 2327 5764 :
2361 5708 2501 5764 Nam
2531 5708 2684 5779 paulo
2705 5708 2882 5787 minus
2908 5720 3062 5776 quam
3094 5704 3304 5778 angelos
3345 5709 3566 5761 minerao

3256 5800 3292 5860 1s
