4040 6184
466 308 501 361 !
511 308 574 362 (Π

1792 295 2015 353 VlGlLll
2054 280 2415 351 Tarsensis
2488 296 2509 310 ·

3640 294 3739 347 ίοἳ

2947 356 2974 384 Ι

477 428 584 473 tum
603 414 823 471 vidimus
837 414 1014 471 Iesum
1024 410 1227 484 ,gloria
1246 419 1292 465 st
1315 410 1505 464 honore
1524 416 1843 478 coronamur,
1863 418 1920 461 at
1945 407 2054 460 sine
2085 408 2541 475 A-proprietatem
2574 422 2588 458 :
2617 403 2706 473 qui
2732 393 3005 459 sensus‘ut
3033 402 3388 474 apertioribus
3418 403 3618 459 clareat
3644 405 3740 461 do-

479 502 594 562 Deo.
614 523 706 576 pro
732 504 1220 576 omnibusgustaret
1246 508 1458 555 mortem
1487 495 1676 568 (Hebr.
1716 511 1776 559 ιι,
1803 495 1884 566 9).
1916 494 2053 550 Rur-

479 611 580 653 sus
600 595 909 666 Eutychus,
922 602 983 648 ut
997 592 1265 651 deitatem
1287 588 1540 659 subjiciat
1565 587 1801 657 passieni
1818 626 1834 654 ,
1863 593 2055 642 testem

479 686 832 744 nihilominus
876 684 1125 754 producit
1156 681 1472 752 Apostolum
1499 679 1771 734 dicentem
1808 677 1876 732 de
1907 676 2056 745 priu-

480 778 692 848 cipibes
713 776 918 842 smculi,
945 772 1382 845 quieeapientiam
1404 770 1499 825 Dei
1524 783 1629 825 non
1652 774 2017 838 cognoverunt
2040 784 2053 821 :

481 868 696 923 Sioenim
719 864 1087 935 cognovissent,
1111 877 1371 930 nunquam
1395 859 1672 914 Dominum
1691 858 1869 928 gloria:
1891 855 2059 909 cruci-

482 954 798 1028 ﬁaisunt-(I
829 955 953 1010 Cor.
984 967 1046 1019 tt,
1068 953 1147 1023 9).
1178 952 1337 1007 Vides
1367 950 1549 1021 quanti
1572 948 1795 1019 periculi
1825 961 1913 1002 res
1957 948 2056 1011 sit,

477 1057 575 1102 aut
603 1061 772 1101 unam
793 1046 846 1100 in
875 1044 1093 1100 Christo
1108 1058 1216 1098 non
1239 1042 1464 1099 credere
1486 1053 1796 1111 personam,
1820 1045 1911 1092 aut
1928 1037 2060 1092 duas

475 1142 627 1198 .noile
640 1139 899 1210 proﬁteri
930 1148 1176 1193 naturas.
1208 1134 1386 1207 Magni
1415 1149 1479 1190 ex
1510 1142 1735 1199 utroque
1768 1131 1937 1185 latere
1982 1128 2063 1183 in-

472 1228 949 1299 sidiarumxlaquei
976 1226 1405 1297 praetenduntur,
1447 1238 1583 1294 quos
1613 1221 1928 1293 prophetico
1955 1220 2065 1289 spi-

476 1323 595 1378 ritu
618 1322 876 1378 Salomon
916 1316 1414 1388 catttiustprtucepit
1437 1313 1750 1370 evitandas:
1780 1311 2061 1376 Memento,

485 1415 691 1480 dicens,
719 1413 933 1483 quia-iu
974 1411 1466 1480 medior‘taqueortmt
1511 1407 1743 1463 ambulas
1764 1404 1953 1476 (Eecli.
1986 1420 2063 1473 ts,

485 1502 600 1573 ω).
655 1503 793 1560 Hinc
828 1505 977 1559 enim
1027 1501 1330 1573 Eutychos,
1374 1500 1499 1557 inde
1546 1498 1824 1554 Nestorius
1874 1496 2068 1552 armati

493 1594 738 1663 perﬁdia
774 1592 1121 1652 mucronibus
1158 1598 1356 1647 astant.
1385 1590 1520 1646 Dum
1551 1603 1711 1649 unam
1739 1596 1925 1647 contra
1966 1585 2068 1647 Ne-

478 1685 715 1739 storium
743 1684 942 1741 Christi
967 1682 1535 1751 delend0:personam,
1564 1677 1845 1741 existimor
1875 1691 2069 1735 secun-

2157 496 2444 562 eumeutis,
2474 495 2649 551 adhuc
2678 494 3042 549 manifestiora
3078 506 3357 563 ponamus.

2233 588 2337 643 Vll.
2369 588 2598 643 Verbum
2646 588 2741 643 Dei
2770 586 3038 642 credimus
3082 588 3429 644 descendisse
3453 590 3524 644 de
3565 590 3737 655 emta,

2156 680 2275 737 sine
2295 694 2477 745 carne,
2507 681 2623 734 sine
2671 679 2904 734 hominis
2930 679 3314 747 appellatioite;
3345 679 3423 734 sic
3453 689 3629 735 tamen
3675 694 3736 735 ut

2158 785 2264 824 non
2286 732 2557 826 desereret
2586 770 2785 834 caelos;
2815 771 2917 823 hoc
2943 732 3174 824 Verbum
3205 732 3447 840 virginali
3472 778 3627 826 utero
3656 772 3737 826 in-
3764 732 3779 841 ἶ

2158 869 2436 914 caritatum
2461 899 2478 925 ,
2524 876 2628 914 non
2670 860 2727 914 in
2752 874 2916 914 carne
2940 868 3198 915 mutatum
3218 900 3233 926 ,
3284 861 3516 917 hominis
3546 862 3737 917 Filium

2166 951 2364 1006 factum
2392 960 2447 1005 et
2465 950 2809 1020 appellatum.
2832 947 2892 1003 Si
2909 951 3027 1019 quis
3046 951 3203 1005 aliter
3221 950 3413 1017 credit,
3437 950 3554 1005 sine
3574 952 3739 1007 dubio

2161 1042 2441 1098 anathema
2470 1051 2571 1097 est.
2600 1041 2656 1096 Si
2684 1042 2805 1111 quis
2823 1041 2954 1097 dicit
2976 1041 3245 1095 hominem
3262 1079 3280 1107 ,
3307 1041 3359 1094 id
3385 1048 3468 1095 est
3494 1055 3738 1103 carnem,

2161 1134 2230 1189 de
2258 1135 2398 1190 caelo
2443 1133 2795 1190 descendisse
2820 1174 2835 1199 ,
2885 1136 3128 1202 proiecto
3170 1134 3275 1203 ιθ
3304 1134 3590 1188 anathema
3634 1143 3734 1187 est.

2163 1221 2299 1290 Quid
2336 1222 2439 1277 sibi
2482 1236 2612 1292 ergo
2636 1221 2747 1276 vult
2783 1221 2925 1291 quod
2959 1220 3099 1276 idem
3129 1221 3385 1276 Dominus
3420 1222 3534 1293 ait:
3574 1221 3745 1274 Nemo

2165 1314 2393 1368 ascendit
2416 1315 2470 1368 in
2491 1314 2691 1378 celum,
2708 1313 2806 1368 nisi
2827 1315 2915 1383 qui
2937 1313 3003 1365 de
3019 1313 3145 1367 cado
3160 1313 3433 1378 descendit,
3457 1312 3506 1364 F
3510 1315 3631 1367 ilius
3646 1313 3741 1367 Ito-

2165 1406 2316 1460 ntittis
2345 1408 2435 1478 qui
2473 1418 2546 1461 est
2588 1408 2641 1459 in
2670 1406 2797 1460 calo
2832 1405 3011 1477 (Joan.
3040 1422 3119 1471 ιιι,
3152 1405 3274 1477 l5)?
3307 1407 3373 1460 Et
3400 1407 3593 1462 iterum
3628 1425 3643 1461 :
3673 1409 3740 1463 Si

2165 1496 2393 1549 videritis
2424 1495 2617 1549 Filium
2662 1495 2884 1549 hominis
2925 1495 3279 1549 ascendentem
3314 1496 3441 1549 illuc
3474 1497 3559 1549 ubi
3595 1497 3741 1566 prius

2169 1584 2332 1654 fuerat
2363 1585 2544 1657 (Joan.
2598 1601 2682 1649 vi,
2724 1585 2839 1655 65).
2872 1586 3009 1639 Ecce
3055 1584 3224 1639 Filius
3268 1585 3502 1640 hominis
3543 1586 3741 1656 tegitur

2168 1676 2510 1731 descendisse
2536 1677 2604 1730 de
2625 1675 2785 1742 cutio,
2807 1690 2928 1730 cum
2956 1684 3165 1733 constet
3192 1676 3368 1731 solum
3396 1675 3652 1742 Verbum,
3687 1678 3742 1731 id

486 1772 619 1828 dum
652 1774 947 1841 Eutychen
1005 1773 1291 1827 humanam
1345 1783 1546 1838 negare
1601 1777 1867 1824 naturam.
1928 1765 2063 1821 Dum
2094 1760 2139 1821 Β
2166 1776 2247 1821 est
2286 1769 2485 1822 nudum
2534 1768 2651 1822 sine
2697 1783 2859 1823 carne
2883 1809 2899 1835 ,
2947 1768 3068 1824 sine
3107 1767 3343 1825 hominis
3381 1769 3741 1837 appellaturum

474 1861 1150 1931 acoatraEutycheuduas
1193 1874 1377 1916 assero
1407 1866 1643 1927 naturas,
1667 1856 1945 1912 existimor
1969 1871 2058 1911 se-

435 2022 441 2029 ,
482 1954 725 2011 cundum
753 1951 1061 2009 Nestorium
1074 1949 1489 2019 duasprotiteri
1513 1962 1792 2027 pars/oues,
1820 1946 1941 2016 quia
1975 1947 2066 2002 ille

489 2042 709 2099 duabus
726 2042 934 2101 naturis
956 2041 1093 2097 duos
1113 2040 1357 2099 Christus
1383 2038 1624 2107 duasque
1650 2050 1908 2107 personas
1938 2051 2062 2092 ere-

484 2133 622 2187 didit
648 2130 1011 2187 ascrihcudas.

566 2220 647 2276 Vl.
670 2221 779 2276 Sed
803 2219 1079 2275 uti-horum
1111 2218 1389 2288 impios-et
1417 2214 1762 2273 deteStabiles
1802 2214 2067 2273 catholico

491 2325 655 2366 sensu
681 2312 977 2369 retutemus
1003 2323 1239 2374 errores,
1275 2308 1550 2377 utriusque
1578 2314 1785 2365 natura:
1825 2306 2065 2375 proprie-

492 2405 617 2467 tatis
643 2404 961 2475 mysterium
1006 2411 1062 2459 et
1098 2403 1255 2459 unius
1293 2414 1538 2471 persona:
1572 2406 1865 2455 tractemus
1911 2410 2062 2452 arca-

491 2508 639 2561 num.
676 2492 823 2549 Unus
850 2505 930 2548 est
960 2490 1223 2556 Christus,
1245 2489 1385 2545 idem
1410 2489 1577 2553 Deus,
1610 2487 1858 2557 idemque
1882 2485 2067 2553 homo,

492 2585 694 2641 habens
723 2586 776 2640 in
805 2584 985 2641 verbis
1013 2594 1068 2640 et
1096 2584 1281 2654 gestis,
1313 2598 1477 2638 unum
1514 2583 1619 2652 18
1647 2580 1789 2650 quod
1822 2579 2065 2636 humani-

492 2675 638 2745 tatis,
672 2674 818 2731 aliud
842 2674 982 2744 quod
1002 2675 1230 2744 propria
1252 2672 1543 2729 divinitatis
1567 2672 1685 2740 ejus
1712 2679 1912 2725 natura:
1936 2684 2066 2724 con-

492 2771 703 2827 veniat:
730 2769 853 2826 licet
874 2778 1156 2840 utrumque
1182 2767 1338 2825 simul
1362 2767 1428 2822 ad
1446 2781 1607 2821 unam
1633 2765 1752 2835 ejus
1777 2777 2065 2834 personam

492 2862 572 2918 vel
599 2862 954 2927 substantiam
982 2862 1249 2935 pertineat
1272 2858 1418 2931 quod
1438 2858 1639 2914 dictum
1663 2866 1745 2913 est
1779 2872 1794 2909 :
1823 2854 1891 2909 In
1923 2856 2066 2926 prin-

493 2955 624 3024 cipio
648 2963 756 3008 erat
789 2954 1027 3021 Verbum,
1051 2963 1095 3008 et
1127 2951 1345 3007 Verbum
1364 2959 1473 3006 erat
1494 2949 1634 3022 apud
1661 2948 1905 3014 Deum,et
1931 2948 2067 3005 Deus

492 3053 599 3099 erat
636 3044 877 3101 Verbum.
909 3044 1026 3099 lloc
1047 3053 1158 3099 erat
1184 3044 1239 3097 in
1264 3041 1514 3112 principio
1528 3039 1665 3110 apud
1690 3038 1854 3094 Deum
1881 3039 2061 3109 (Joau.

494 3153 533 3200 ι,
559 3136 635 3205 1).
668 3136 737 3197 Et
754 3134 900 3204 quod
924 3136 1037 3204 ipse
1063 3135 1139 3189 ait
1162 3149 1177 3191 :
1202 3110 1332 3186 Ante
1352 3130 1610 3188 Abraham
1630 3145 1722 3199 ego
1747 3145 1859 3183 sum
1885 3126 2063 3200 (Joan.
2093 3110 2143 3177 ὃ

494 3239 609 3293 vut,
642 3225 754 3294 58),
783 3240 888 3280 non
927 3232 1105 3294 potest
1131 3223 1198 3278 ad
1228 3221 1576 3278 humanitatis
1597 3220 1715 3290 ejus
1750 3219 1934 3276 referri
1976 3234 2067 3275 na-

496 3328 708 3382 turam,
757 3332 876 3388 quat
926 3316 1135 3372 initium
1175 3314 1408 3384 sumpsit
1459 3328 1526 3370 ex
1568 3312 1807 3382 Virgine.
1865 3312 2070 3369 Rursus

496 3409 635 3477 quod
659 3410 727 3467 de
752 3424 816 3464 eo
845 3408 1042 3473 dicitur
1066 3425 1078 3460 :
1103 3406 1243 3461 Puer
1269 3414 1439 3461 autem
1464 3404 1717 3463 crescebat
1736 3412 1782 3458 et
1807 3403 2069 3473 conforta-

497 3500 662 3565 batur,
713 3498 933 3569 repletus
974 3497 1223 3568 sapientia
1264 3504 1358 3552 :et
1399 3495 1567 3567 gratia
1616 3491 1717 3547 Dei
1756 3508 1906 3563 super
1956 3507 2071 3547 eum

500 3593 648 3665 (Luc.
673 3607 732 3658 tt,
761 3591 871 3662 40);
895 3600 977 3646 et:
1011 3589 1138 3646 Cum
1165 3597 1288 3645 esset
1309 3602 1560 3647 annorum
1586 3586 1876 3649 duodecim,
1899 3600 2072 3640 ascen-

498 3687 717 3741 ditcum
763 3683 1053 3754 parentibus
1084 3680 1489 3750 Hierosolymis;
1526 3688 1581 3735 et
1621 3677 1762 3749 quod
1799 3675 2068 3751 infertur:

499 3777 649 3828 Iesus
686 3784 854 3828 autem
882 3772 1179 3843 proﬁciebat
1221 3780 1395 3839 aetate,
1421 3780 1472 3825 et
1523 3770 1796 3839 sapientia,
1823 3778 1870 3822 et
1908 3769 2073 3839 gratia

501 3865 641 3939 apud
673 3863 837 3917 Deum
864 3872 910 3917 et
948 3862 1203 3926 homines;
1236 3876 1340 3916 non
1374 3868 1551 3931 potest
1578 3860 1793 3915 deitatis
1816 3859 1941 3928 ejus
1979 3874 2075 3919 ιιι-

502 3966 635 4012 tum
687 3970 1010 4026 congruere;
1061 3954 1183 4023 quia
1222 3954 1395 4014 deitas
1424 3967 1523 4009 nec
1566 3952 1739 4013 {etatis
1782 3950 2073 4021 profectum

501 4047 725 4118 accipit,
772 4062 871 4103 nec
899 4045 1117 4116 aliquod
1156 4045 1319 4101 sentit
1350 4052 1725 4115 augmentum,
1760 4056 1860 4099 nec
1905 4041 2078 4105 curri.

504 4139 622 4195 culo
649 4137 930 4207 subjicitur
951 4148 1273 4206 temporum,
1301 4150 1401 4191 nec
1425 4149 1648 4190 numero
1668 4133 1961 4193 calculator
1982 4147 2078 4189 an?

505 4245 716 4306 uorum;
749 4229 816 4283 Et
843 4237 903 4284 ut
935 4228 1114 4283 omnia
1154 4227 1388 4282 breviter
1413 4226 1621 4294 dicam,
1652 4241 1761 4285 non
1798 4233 1881 4282 est
1918 4224 2078 4283 unius

503 4332 739 4387 natura,
772 4320 900 4375 licet
924 4320 1177 4375 situuius
1208 4334 1483 4389 peracute,
1514 4318 1726 4373 Patrem
1758 4318 1860 4373 sibi
1893 4331 2076 4387 equa-

503 4415 607 4467 lem
639 4413 845 4475 dicere,
873 4420 926 4464 et
954 4409 1111 4464 Patre
1140 4424 1199 4464 se
1248 4409 1508 4463 minorem
1539 4422 1782 4468 asserere
1809 4424 1823 4463 :
1867 4407 2075 4463 initium

506 4522 613 4561 non
647 4504 878 4566 habere,
926 4505 980 4557 et
1021 4518 1087 4558 ex
1118 4501 1269 4556 initio
1290 4500 1613 4559 subsistere.
1648 4502 1774 4557 llaec
1801 4511 1884 4557 est
1924 4509 2077 4556 natu-

505 4612 686 4651 rarum
721 4594 1039 4663 proprietas,
1084 4607 1150 4648 ea
1176 4593 1369 4661 quibus
1398 4607 1534 4647 unus
1565 4592 1655 4647 Dei
1685 4592 1879 4656 Filius,
1908 4592 2078 4649 idem-

506 4703 610 4757 que
636 4686 869 4749 hominis
892 4684 1058 4741 Filius
1088 4684 1331 4739 Christus
1350 4682 1666 4749 subsistens,
1691 4697 1846 4739 unam
1873 4693 2074 4738 tantum

508 4780 671 4836 habet
694 4779 943 4848 geritque
966 4791 1269 4846 personam.
1291 4775 1429 4846 Ergo
1456 4774 1543 4835 hic
1568 4789 1702 4831 unus
1726 4784 1889 4843 atque
1910 4775 2072 4842 idem,

505 4881 558 4925 et
583 4869 805 4939 mqualis
830 4878 911 4927 est
947 4869 1097 4924 Patri
1121 4868 1413 4923 secundum
1453 4866 1735 4933 deitatem,
1758 4876 1813 4923 et
1857 4868 2076 4925 inferior

505 4970 590 5016 est
627 4960 784 5015 Patre
807 4958 1101 5015 secundum
1125 4957 1471 5017 humanitatis
1500 4968 1740 5013 naturam
1770 4975 1785 5012 :
1816 4970 1977 5029 atque
2002 4962 2074 5015 ita

506 5065 607 5108 nec
638 5050 846 5105 initium
887 5048 1066 5113 habet,
1094 5049 1219 5117 quia
1245 5048 1385 5105 Deus
1412 5058 1529 5113 est,
1558 5058 1614 5106 et
1643 5049 1802 5105 habet
1832 5052 2070 5119 initium,

502 5145 627 5213 quia
670 5142 812 5198 idem
860 5141 997 5196 Deus
1042 5139 1201 5195 homo
1236 5149 1336 5195 est.
1393 5139 1449 5195 Si
1489 5155 1617 5211 ergo
1654 5156 1739 5195 me
1778 5139 2074 5210 interroges

509 5249 688 5295 utrum
731 5232 977 5290 Christus
1009 5230 1204 5287 habeat
1248 5232 1455 5287 initium
1490 5245 1555 5284 au
1599 5247 1702 5285 non
1737 5232 1956 5298 habeat,
1991 5247 2076 5287 re—

503 5327 783 5397 spondebo
803 5327 917 5393 tibi,
933 5334 988 5382 et
1004 5325 1165 5380 habet
1179 5334 1232 5381 et
1253 5340 1359 5380 non
1387 5324 1574 5380 habet:
1600 5324 1762 5381 habet
1781 5326 2075 5383 secundum

504 5420 889 5478 humanitatem
913 5433 1087 5484 suam,
1114 5434 1219 5473 non
1238 5417 1398 5478 habet
1424 5418 1721 5475 secundum
1738 5420 2071 5476 divinitatem

503 5527 679 5566 suam.
725 5512 858 5567 Cum
887 5512 1043 5578 dico,
1068 5510 1231 5567 habet
1262 5511 1345 5566 vel
1371 5525 1480 5566 non
1505 5510 1691 5574 habet,
1739 5510 1807 5571 ad
1835 5527 2077 5579 personat

504 5602 736 5671 pertinet
764 5603 1035 5663 unionem.
1067 5601 1201 5661 Cum
1223 5600 1379 5671 dico,
1409 5603 1706 5659 secundum
1740 5601 2070 5659 divinitatem

506 5704 560 5749 et
602 5692 894 5749 secundum
925 5692 1343 5762 humanitatem,
1390 5692 1457 5751 ad
1489 5700 1798 5750 naturarum
1836 5694 2070 5764 pertinet

2163 1858 2506 1914 descendisse
2535 1859 2604 1915 de
2631 1861 2790 1916 caelo.
2821 1860 2960 1916 Ecce
2986 1874 3145 1927 care,
3180 1861 3234 1914 id
3254 1870 3336 1915 est
3364 1861 3531 1915 Filius
3563 1861 3738 1915 homi-

2165 1953 2248 2003 n's
2297 1950 2490 2020 legitur
2544 1959 2667 2005 tunc
2692 1951 2858 2007 fuisse
2883 1951 2934 2005 in
2960 1950 3123 2015 emta,
3153 1964 3273 2021 quae
3315 1966 3581 2020 nunquam
3616 1952 3740 2005 inde

2164 2041 2470 2109 descendit,
2495 2052 2548 2097 et
2574 2059 2693 2112 qua:
2721 2043 2847 2098 illuc
2875 2043 3101 2098 necdum
3130 2043 3472 2099 ascenderat.
3503 2043 3611 2099 Sed
3638 2045 3741 2098 hoc

2163 2141 2248 2189 est
2277 2135 2434 2188 unius
2474 2149 2715 2204 persona:
2744 2135 3077 2206 mysterium,
3112 2134 3218 2191 hoc
3251 2136 3408 2190 unius
3431 2136 3630 2190 Christi
3668 2150 3737 2191 es

2164 2236 2391 2295 utroque
2419 2228 2761 2284 subsistentis
2804 2237 3226 2293 sacramentum,
3263 2229 3363 2282 hoc
3394 2237 3740 2296 utrarumque

2165 2327 2477 2373 naturarum
2508 2319 2850 2389 proprietatis
2872 2332 3147 2372 arcanum.
3173 2319 3303 2384 Quia
3332 2319 3473 2373 enim
3509 2317 3736 2371 Verbum

2165 2425 2285 2466 cum
2308 2425 2472 2465 carne
2490 2411 2561 2465 ita
2583 2421 2666 2466 est
2682 2411 3036 2480 inexplicabili
3060 2410 3218 2464 modo
3245 2412 3470 2473 unitum,
3488 2420 3542 2463 ut
3563 2409 3735 2477 ipsum

2168 2497 2400 2554 Verbum
2427 2514 2554 2554 caro
2577 2500 2806 2570 dicatur,
2838 2500 2961 2555 licet
2984 2515 3091 2554 non
3117 2501 3185 2554 sit
3210 2516 3358 2569 caro,
3384 2500 3503 2567 quia
3528 2514 3631 2554 non
3655 2508 3739 2553 est

2167 2592 2222 2648 in
2249 2606 2410 2646 carne
2438 2600 2730 2657 mutatum;
2782 2601 2836 2646 et
2865 2605 2989 2646 caro
3012 2592 3217 2646 dicatur
3244 2592 3383 2647 Deus
3409 2632 3423 2658 ,
3470 2591 3589 2645 ticet
3630 2605 3737 2643 non

2166 2684 2237 2738 sit
2263 2684 2314 2737 in
2343 2683 2558 2738 deitatis
2602 2693 2790 2738 natura
2845 2694 3075 2747 mutata;
3118 2683 3211 2737 sed
3244 2682 3475 2737 Verbum
3522 2689 3739 2749 propter

2166 2788 2385 2829 carnem
2407 2789 2558 2829 suam
2584 2776 2741 2829 homo
2768 2774 2858 2839 sit,
2883 2782 2939 2829 et
2960 2789 3086 2828 caro
3111 2780 3326 2842 prepter
3346 2772 3571 2826 Verbum
3599 2770 3738 2824 Deus

2165 2867 2269 2926 sit;
2308 2875 2361 2919 et
2398 2863 2654 2934 quidquid
2699 2870 2783 2919 est
2822 2864 3094 2933 proprium
3124 2862 3315 2926 Verbi,
3354 2861 3421 2916 sit
3455 2875 3739 2916 commune

2167 2970 2287 3012 cum
2316 2972 2481 3011 carne
2510 2971 2525 3011 ε
2578 2966 2632 3012 ει
2661 2955 2913 3026 quidquid
2950 2963 3034 3010 est
3064 2955 3336 3024 proprium
3381 2952 3556 3008 carnis
3592 2967 3741 3006 com-

2171 3064 2330 3102 mune
2357 3063 2476 3103 cum
2499 3047 2678 3103 Verbo
2706 3047 2805 3113 sit;
2830 3051 3078 3117 quoniam
3114 3046 3342 3099 Verbum
3374 3055 3430 3100 et
3450 3058 3580 3098 caro
3604 3057 3739 3097 unus

2172 3147 2256 3194 est
2283 3137 2527 3193 Christus
2566 3146 2619 3193 et
2661 3153 2763 3192 una
2816 3152 3063 3208 persona.
3107 3136 3308 3192 Idcirco
3356 3144 3574 3205 propter
3603 3135 3740 3189 hanc

2172 3228 2629 3292 communionem,
2661 3218 2819 3297 q'uam
2867 3228 3013 3282 salva
3046 3235 3352 3281 naturarum
3386 3225 3740 3295 proprietate,

2172 3331 2416 3386 persona:
2444 3317 2570 3371 unio
2600 3326 2839 3385 praestat,
2863 3326 2917 3373 et
2949 3316 3182 3372 Verbum
3214 3331 3333 3370 cum
3356 3329 3547 3380 carne,
3581 3315 3630 3369 id
3660 3324 3746 3370 est

2173 3408 2338 3464 Filius
2369 3408 2600 3464 hominis
2630 3408 2827 3480 legitur
2851 3408 3193 3464 descendisse
3220 3407 3291 3462 de
3316 3407 3482 3472 creto,
3512 3421 3633 3460 cum
3653 3421 3744 3459 so-

2174 3502 2281 3554 lum
2307 3499 2539 3555 Verbum
2563 3500 2679 3556 sine
2708 3514 2872 3555 carne
2900 3498 3241 3554 descenderit
3273 3514 3287 3553 :
3316 3506 3369 3552 et
3395 3497 3531 3552 Deus
3552 3496 3745 3564 legitur

2171 3590 2415 3658 sepultus
2464 3598 2520 3645 et
2570 3590 2623 3644 in
2667 3600 3017 3645 monumento
3064 3587 3487 3658 tribusjacuisse
3525 3589 3742 3653 diebus,

2171 3695 2293 3737 cum
2321 3682 2433 3737 sola
2474 3695 2602 3737 caro
2625 3682 2830 3752 sepulta
2862 3691 2966 3737 est.
2998 3682 3137 3751 Ergo
3182 3681 3473 3737 secundum
3507 3680 3747 3748 proprie-

2176 3783 2337 3828 tatem
2367 3784 2570 3829 natura
2593 3775 2765 3829 solum
2798 3774 3028 3829 Verbum
3058 3773 3336 3829 descendit
3356 3771 3422 3827 de
3450 3771 3620 3836 caelo;
3662 3786 3747 3826 se-

2173 3863 2408 3918 cundum
2449 3865 2698 3919 unionem
2722 3878 2984 3934 personae,
3016 3864 3175 3918 simul
3197 3872 3251 3919 et
3275 3877 3401 3918 caro
3438 3859 3744 3918 descendit.

2176 3957 2427 4023 quoniam
2457 3968 2686 4025 persona
2715 3956 2895 4011 carnis
2926 3956 2978 4010 in
3013 3955 3190 4012 Verbo
3217 3967 3319 4020 est,
3360 3955 3501 4024 quod
3523 3953 3747 4009 descen-

2176 4045 2274 4101 dit.
2307 4045 2439 4099 ltem
2465 4045 2761 4100 secundum
2788 4046 3167 4117 proprietatem
3201 4055 3433 4111 naturae,
3472 4044 3585 4098 sola
3620 4057 3748 4096 caro

2176 4144 2408 4191 mortem
2436 4137 2625 4203 sensit,
2650 4138 2762 4191 sola
2792 4151 2919 4191 caro
2948 4137 3237 4206 sepultura:
3267 4135 3499 4191 ofﬁcium
3524 4133 3745 4187 habuit:

2177 4227 2469 4283 secundum
2519 4229 2771 4283 unionem
2825 4241 3003 4284 autem
3056 4243 3297 4298 persona“:
3338 4228 3477 4282 Deus
3504 4234 3748 4281 mortuus

2177 4328 2261 4375 est
2295 4328 2349 4375 et
2377 4321 2660 4390 sepultus;
2700 4321 2821 4391 quia
2860 4336 3085 4389 persona
3119 4321 3276 4375 Verbi
3318 4320 3368 4374 in
3420 4334 3580 4374 carne
3631 4329 3745 4383 est,

2179 4428 2300 4482 qua:
2324 4412 2514 4468 mortis
2541 4412 2876 4483 dispendium
2907 4413 3095 4468 sensit.
3136 4413 3275 4483 Ergo
3306 4412 3595 4466 secundum
3626 4424 3745 4478 pro-

2183 4502 2465 4571 prietatem
2516 4513 2721 4556 natura:
2750 4502 2979 4556 Verbum
3027 4501 3303 4557 descendit
3338 4502 3404 4555 de
3425 4499 3597 4565 cmlo,
3641 4514 3747 4551 non

2179 4608 2337 4659 caro;
2369 4594 2660 4650 secundum
2712 4594 3092 4663 proprietatem
3114 4603 3319 4647 natura:
3365 4607 3490 4646 caro
3539 4599 3748 4644 mortua

2180 4695 2281 4752 est,
2315 4701 2418 4740 non
2450 4686 2702 4739 Verbum.
2736 4685 2867 4739 Item
2896 4686 3187 4739 secundum
3219 4685 3467 4738 unionem
3506 4694 3753 4752 persoluta

2179 4785 2234 4831 ct
2257 4790 2383 4830 caro
2407 4775 2683 4830 descendit
2712 4776 2779 4831 de
2812 4776 2983 4843 caelo,
3018 4786 3071 4831 et
3102 4775 3337 4830 Verbum
3368 4783 3450 4828 est
3481 4782 3751 4827 murtuutn

2181 4876 2340 4936 atque
2370 4869 2653 4934 sepultum.

2257 4958 2386 5012 Vill.
2417 4958 2546 5012 Cum
2570 4973 2697 5028 ergo
2718 4957 2945 5015 dicimus
2968 4959 3131 5014 Deum
3155 4973 3365 5027 passum
3387 4968 3441 5012 et
3463 4967 3752 5019 mortuum,

2185 5052 2291 5122 20
2319 5066 2423 5105 non
2454 5061 2775 5119 expavescat
2804 5052 3099 5118 Nestorius,
3132 5053 3255 5121 quia
3285 5050 3576 5106 secundum
3601 5051 3746 5102 unio-

2186 5160 2306 5199 nem
2344 5159 2581 5213 persoua:
2620 5144 2867 5200 dicimus.
2920 5145 3124 5199 Rursus
3167 5159 3287 5200 cum
3328 5143 3556 5198 dicimus
3588 5141 3743 5194 Dt'lﬂl

2183 5251 2284 5289 nec
2310 5250 2520 5305 passum
2552 5250 2651 5290 nec
2680 5247 2968 5301 mortuum,
2995 5236 3115 5306 quia
3148 5244 3229 5290 est
3257 5235 3476 5288 omnino
3507 5230 3743 5298 impassi-

2184 5326 2326 5390 bilis,
2357 5342 2462 5381 non
2490 5325 2737 5384 formidet
2770 5327 3057 5399 Eﬁttyches,
3088 5327 3212 5396 quia
3238 5324 3531 5381 secundum
3554 5331 3758 5376 natura:

2186 5417 2563 5488 proprietatem
2610 5418 2855 5485 dicimus,
2909 5420 3182 5489 magisque
3228 5430 3327 5473 nec
3368 5431 3467 5470 nos
3508 5413 3757 5475 dicimus,

2188 5508 2280 5564 sed
2326 5508 2615 5577 Scriptura:
2659 5511 2965 5578 loquuntur.
3019 5509 3151 5563 Nam
3204 5507 3485 5562 Dominum
3545 5515 3757 5574 passum

2185 5606 2411 5675 symbuli
2431 5616 2576 5662 tenet
2591 5607 2899 5671 auctoritas,
2914 5617 2970 5661 et
2992 5605 3278 5675 Apostolus
3300 5600 3514 5657 tradidit
3541 5599 3753 5652 dicens:

2186 5698 2246 5755 Si
2276 5700 2411 5754 enim
2451 5702 2820 5771 cognovissent,
2850 5714 3108 5769 nunquam
3137 5695 3410 5752 Dominum
3440 5690 3617 5763 gloriw
3642 5703 3767 5741 cru-
