4044 6184
314 329 418 385 IL“)

1417 320 1688 375 CONTRA
1728 314 2188 374 EU'I‘YCIIETFJI
2229 315 2354 379 LIB.
2396 316 2462 373 ll.

3473 317 3603 371 “0‘

314 444 593 513 riﬁxissenl
623 436 676 511 (1
696 438 816 494 Cor.
849 452 907 504 ιι,
936 436 1023 507 8);
1054 450 1265 491 rursum
1304 444 1409 489 non
1443 437 1607 489 Deum
1653 450 1887 503 passum,
1921 435 1971 494 Α
1999 432 2305 499 utriusque;
2349 429 2443 483 sed
2481 428 2675 484 cedere
2715 430 2972 499 passioni,
3016 442 3120 484 non
3167 435 3248 483 est
3292 428 3574 499 utriusque

314 534 604 604 apostolica
634 530 987 586 nihilominus
1013 527 1330 582 auctoritate
1358 525 1600 589 docetur,
1634 526 1795 579 Paulo
1824 526 1894 579 ita

313 626 378 681 ad
408 625 664 680 Hebraeos
693 623 950 691 loquente
979 636 994 673 :
1029 618 1166 672 Nam
1192 616 1361 686 'pauto
1397 618 1565 669 mium
1606 630 1759 685 quam
1802 630 1897 668 an-

314 717 456 787 gelos
508 714 815 767 nunerum»:
869 708 1087 764 vidimus
1131 706 1308 762 Iesum
1363 716 1567 777 propter
1615 706 1898 775 passionem

314 811 541 869 mortis;
584 804 749 875 glon'a
789 812 835 857 et
870 801 1062 855 honore
1101 807 1400 853 coronatum
1428 806 1483 851 ut
1523 797 1631 850 sine
1668 793 1778 848 beo
1805 810 1898 866 pro

317 896 551 949 omnibus
581 902 808 963 gustaret
835 901 1045 946 mortem
1066 889 1142 959 (Η
1148 890 1252 943 rbr.
1282 903 1340 953 ιι,
1368 885 1446 957 9).
1469 885 1605 955 Quid
1632 894 1715 941 est
1742 886 1898 954 igitur

316 988 434 1040 siue
468 986 580 1041 Deo
607 996 822 1055 gustare
857 993 1106 1048 mortem,
1142 980 1245 1035 nisi
1274 980 1395 1051 quia
1420 978 1650 1034 Verbum
1681 979 1901 1033 immor-

319 1077 429 1131 tale
469 1085 574 1144 est,
616 1084 673 1130 et
716 1074 896 1145 passio
934 1071 1227 1127 secundum
1270 1085 1489 1126 carnem
1527 1069 1641 1124 est?
1671 1068 1813 1124 unde
1844 1078 1900 1123 et

320 1167 514 1222 Petrus
557 1168 830 1235 apostolus
873 1165 946 1219 ait
976 1180 989 1217 :
1021 1163 1221 1218 Clu-isto
1264 1162 1433 1231 itaque
1476 1177 1631 1232 passo
1658 1162 1715 1214 in
1747 1177 1901 1215 cerne

317 1258 375 1329 (I
408 1258 553 1312 Petr.
592 1275 661 1323 tv,
696 1258 770 1327 i).
816 1256 997 1311 Passio
1023 1270 1149 1324 ergo
1179 1258 1393 1324 pr0prie
1429 1254 1497 1307 ad
1532 1266 1749 1306 carnem
1778 1262 1900 1321 peis

320 1352 459 1405 tinet
484 1348 778 1404 secumlum
810 1358 1072 1410 naturam,
1105 1345 1174 1398 ad
1209 1344 1437 1399 Verbum
1487 1353 1664 1398 autem
1708 1357 1900 1397 accurr-

318 1443 447 1496 dum
495 1456 813 1512 personam;
846 1442 966 1507 quia
997 1448 1051 1494 et
1082 1438 1238 1492 Verbi
1272 1448 1327 1493 et
1369 1439 1549 1494 carnis
1576 1454 1677 1493 una
1704 1446 1789 1495 est
1811 1453 1902 1495 ea-

316 1533 559 1602 demque
588 1546 845 1601 persona,
874 1546 937 1585 ac
980 1545 1073 1599 per
1113 1530 1211 1584 hoc
1250 1528 1391 1585 Deus
1429 1539 1485 1585 et
1524 1543 1708 1600 passus
1738 1541 1820 1586 est
1846 1540 1902 1586 et

321 1640 425 1679 non
451 1637 536 1680 est
569 1640 754 1694 passus
787 1643 800 1677 :
830 1638 1022 1694 passus
1045 1625 1338 1681 secundum
1361 1625 1609 1681 unionem
1636 1628 1898 1696 persome,

323 1717 673 1787 impassihilia
701 1717 997 1771 secundum
1021 1718 1399 1787 proprietatem
1427 1726 1649 1771 naturae.
1795 1718 1801 1725 '

2000 530 2226 588 natura»,
2255 534 2375 576 cum
2404 522 2471 577 sit
2502 521 2658 577 unius
2686 521 3031 592 ejusdemque
3062 534 3323 591 personis.

2073 614 2140 670 X.
2183 612 2308 669 Haec
2348 614 2502 671 multi
2549 614 2965 669 orthodoxornm
3010 614 3186 668 minus
3213 611 3572 675 attendentes,

1999 713 2090 757 aut
2116 703 2398 759 attendere
2422 704 2685 771 nolentes,
2719 705 2796 759 vel
2826 705 3134 760 discernere
3175 721 3279 759 non
3314 703 3571 771 valentes,

2002 795 2055 848 in
2095 794 2229 849 ditas
2272 809 2392 849 sese
2435 803 2634 865 partes,
2676 810 2783 850 non
2810 795 3119 851 diversitate
3147 795 3446 857 sententias,
3478 794 3573 849 scd

2001 887 2151 941 vocis
2174 886 2506 955 professione
2528 886 2851 953 diviserunt;
2881 896 2937 941 ut
2963 887 3013 940 id
3037 886 3177 957 quod
3200 885 3392 941 eodem
3415 883 3577 940 modo

2001 977 2258 1042 sentiunt,
2290 977 2480 1033 eodem
2526 978 2685 1033 modo
2730 978 3075 1047 pronuntiare
3103 975 3427 1031 formident:
3456 975 3576 1029 inu-

2003 1068 2083 1122 tili
2128 1068 2372 1138 profecto
2414 1077 2577 1139 atque
2617 1069 2887 1138 superﬂuo
2935 1071 3152 1135 timore,
3188 1078 3246 1123 ut
3288 1069 3409 1138 jure
3445 1067 3574 1122 illud

2001 1161 2375 1231 propheticum
2408 1161 2490 1218 eis
2531 1162 2698 1233 possit
2725 1163 2894 1233 aptari
2928 1180 2941 1216 :
2972 1161 3092 1217 Illic
3116 1162 3489 1233 trepidaverat
3512 1162 3578 1214 ti-

2001 1268 2141 1309 more
2164 1256 2252 1310 ubi
2280 1270 2383 1311 non
2409 1264 2516 1311 erat
2540 1254 2692 1310 timor
2714 1254 2887 1327 (Psal.
2920 1271 3037 1323 xm,
3070 1256 3148 1325 5).
3175 1256 3303 1309 Nam
3337 1253 3576 1324 plerique

2002 1344 2291 1399 orthodoxi
2328 1361 2448 1401 cum
2500 1361 2719 1401 sensum
2760 1354 3105 1415 utrarumque
3140 1355 3447 1400 naturarum
3479 1356 3576 1398 ca-

2004 1437 2201 1493 lliolice
2242 1448 2548 1508 exponant,
2589 1438 2857 1493 catholico
2894 1438 3187 1504 retineant;
3233 1436 3359 1492 ideo
3399 1445 3576 1494 tamen

2003 1529 2138 1583 duas
2165 1530 2354 1585 nolunt
2384 1529 2567 1585 dicere
2593 1541 2830 1599 naturae,
2862 1544 2934 1585 ne
2955 1531 3245 1584 secundum
3274 1529 3575 1583 Nestorium

2004 1618 2138 1674 duas
2165 1629 2415 1689 putentur
2457 1620 2610 1676 fateri
2643 1635 2930 1691 personas,
2958 1634 2988 1675 a
3016 1620 3352 1676 confessione
3376 1623 3576 1675 utrius-

2004 1726 2108 1779 que
2135 1722 2338 1767 uatnrat
2367 1727 2471 1769 non
2499 1713 2686 1780 corde,
2726 1713 2819 1768 sed
2862 1727 2991 1768 voce
3030 1713 3396 1768 tantummodo
3424 1725 3580 1767 recc-

388 1808 484 1863 ιι.
539 1808 609 1863 Et
662 1818 721 1865 ut
789 1807 891 1863 hoc
953 1807 1125 1878 ipsum
1183 1807 1357 1864 adhuc
1414 1807 1745 1862 manifestius
1793 1808 1901 1863 cia-
1933 1798 1978 1864 Β
2005 1802 2211 1858 dentes.
2245 1803 2485 1870 Quodam
2515 1801 2659 1858 enim
2685 1805 2909 1858 circuitu
2945 1802 3294 1873 expositionis
3336 1814 3579 1869 utuntur,

317 1908 475 1964 real,
516 1898 935 1954 evidentioribue
983 1898 1299 1954 testimoniis
1340 1897 1717 1969 approbamus.
1762 1897 1903 1953 Corr-

318 2002 427 2047 stat
447 1992 730 2047 Dominum
744 1991 926 2046 losum
942 1991 1213 2047 Christum
1231 2000 1380 2046 sexta
1410 1992 1538 2046 feria
1564 1990 1897 2063 crucifixum,

315 2091 371 2136 et
435 2083 552 2149 ipsa
606 2083 694 2139 die
756 2082 822 2135 ad
883 2081 1152 2137 infernum
1202 2082 1585 2148 descendisse,
1645 2083 1757 2153 ipsa
1813 2084 1902 2140 die

318 2172 370 2225 iu
400 2173 655 2241 sepulcro
677 2173 928 2240 jacuissc,
961 2172 1075 2241 ipsa
1115 2171 1205 2227 die
1246 2173 1438 2227 latroni
1461 2172 1697 2228 dixisse:
1732 2173 1903 2229 Hodie

319 2280 518 2317 mecum
554 2266 654 2319 eris
696 2266 749 2318 in
791 2266 1034 2333 paradiso
1071 2264 1219 2336 (Luc.
1254 2278 1406 2332 um,
1438 2264 1551 2335 45).
1581 2263 1718 2320 Caro
1745 2265 1904 2336 igitur

320 2358 436 2425 ipsa
479 2357 568 2411 die
615 2373 721 2411 non
764 2359 862 2411 fuit
907 2358 961 2411 in
1006 2358 1274 2427 paradiso,
1309 2371 1408 2413 nec
1450 2358 1501 2411 in
1544 2357 1775 2423 inferno,
1807 2358 1900 2413 sel

322 2449 592 2502 exanimis
614 2448 780 2517 jaeuit
808 2447 860 2501 in
890 2449 1155 2515 sepulcro.
1180 2449 1369 2503 Anima
1392 2463 1489 2518 per
1518 2448 1645 2503 illud
1672 2449 1901 2505 triduum

322 2539 379 2591 in
409 2538 623 2593 inferno
650 2540 768 2603 fuit,
798 2554 904 2594 non
935 2538 988 2594 in
1017 2539 1264 2609 sepulcro
1294 2556 1309 2595 :
1337 2550 1392 2595 et
1414 2540 1534 2610 jure
1564 2547 1741 2596 tamen
1773 2538 1905 2598 dici-

324 2645 443 2684 mus
477 2629 756 2685 bernium
786 2630 971 2686 Jesum
999 2629 1270 2686 Christum
1296 2634 1347 2685 in
1378 2632 1625 2700 sepulcro
1650 2633 1901 2702 jacuis‘se,

326 2722 422 2777 sed
471 2723 523 2777 in
568 2724 683 2778 sola
719 2738 917 2788 carne;
965 2724 1245 2779 Dominum
1276 2724 1456 2779 Jesum
1496 2726 1766 2781 Christum
1799 2740 1903 2782 non

325 2812 651 2867 derelictum
684 2815 736 2867 in
766 2812 996 2881 inferno,
1025 2813 1121 2868 sed
1148 2814 1200 2868 'm
1228 2816 1338 2869 sola
1369 2814 1566 2869 anima.
1611 2815 1673 2870 Et
1699 2830 1817 2870 cum
1851 2818 1903 2871 in

323 2903 404 2958 his
433 2904 690 2959 omnibus
718 2903 981 2969 Christus,
1013 2905 1149 2960 etin
1180 2905 1258 2959 his
1287 2906 1508 2975 singulis
1536 2906 1780 2961 Christus
1811 2907 1902 2974 sit,

322 3010 456 3050 unus
486 3004 661 3049 tamen
696 3004 776 3050 est
806 2994 1071 3061 Christus,
1103 2998 1252 3066 cujus
1294 2997 1373 3052 sic
1412 2997 1554 3052 aliud
1587 2997 1689 3053 fuit
1727 2998 1779 3053 in
1822 3013 1906 3055 se.-

324 3086 534 3153 pulcro,
584 3084 727 3140 aliud
772 3086 824 3140 in
870 3087 1099 3153 inferno,
1127 3097 1183 3141 ut
1221 3096 1397 3142 tamen
1428 3088 1543 3155 ipse
1571 3103 1708 3143 unus
1746 3097 1903 3158 atque

319 3182 464 3228 totus
489 3172 691 3243 ubique
719 3174 893 3238 fuerit,
924 3190 1047 3228 cum
1073 3178 1358 3245 separatim
1388 3192 1483 3246 per
1521 3177 1634 3231 loca
1667 3156 1901 3246 seipsnm
1929 3156 1976 3222 (ἶ

321 3267 738 3334 dispensaverit.
771 3267 908 3336 Ergo
934 3268 1156 3321 dicimus
1183 3267 1348 3324 Deum
1373 3268 1605 3337 jacuisse
1635 3268 1686 3324 in
1718 3271 1900 3339 sepul-

321 3372 440 3423 cro,
463 3358 559 3411 sed
590 3360 640 3411 in
665 3357 777 3411 sola
806 3374 969 3413 carne
991 3376 1004 3413 :
1030 3368 1083 3414 et
1110 3360 1275 3414 Deum
1302 3360 1644 3416 descendisse
1666 3363 1716 3415 in
1743 3362 1905 3416 infcr-

326 3468 479 3519 num,
520 3454 616 3508 sed
664 3451 718 3507 in
763 3454 879 3508 sola
916 3454 1111 3507 anima.
1159 3454 1326 3525 Sicuti
1366 3454 1593 3510 dicimus
1634 3438 1901 3510 hominem

326 3544 541 3599 audisse
566 3558 773 3603 vocem.
808 3543 905 3598 sed
931 3544 1059 3598 solis
1081 3544 1303 3599 auribus
1330 3563 1343 3610 ;
1378 3548 1482 3617 21
1511 3554 1566 3600 et
1590 3547 1789 3601 vidisse
1822 3549 1905 3601 lu-

325 3649 469 3698 men,
510 3633 607 3689 sed
650 3635 783 3689 solis
813 3635 981 3689 orulis
1010 3651 1025 3688 :
1053 3635 1131 3690 sic
1174 3635 1400 3691 dicimus
1450 3638 1611 3692 Deum
1664 3653 1900 3706 pa~snm,

321 3726 415 3781 sed
449 3728 502 3780 in
532 3726 647 3781 sola
671 3741 862 3789 carne;
894 3735 949 3781 et
984 3728 1145 3781 Deum
1187 3742 1291 3781 non
1324 3742 1557 3795 passum,
1589 3730 1681 3784 sed
1708 3728 1758 3783 in
1789 3731 1903 3785 sola

322 3816 626 3872 divinitate.
660 3818 734 3872 Ac
776 3832 871 3887 per
911 3818 1033 3881 hoc,
1066 3817 1186 3886 quia
1219 3828 1270 3873 et
1311 3818 1447 3873 Deus
1476 3833 1610 3873 unus
1644 3827 1729 3873 est
1752 3818 1906 3875 Chri—

321 3919 458 3970 stus,
486 3918 541 3961 et
570 3922 762 3976 passus
790 3898 891 3963 est.
913 3907 1204 3963 secundum
1245 3908 1297 3963 id
1341 3910 1485 3980 quod
1523 3910 1684 3965 homo
1720 3920 1820 3977 est,
1851 3918 1910 3968 et

322 3998 673 4067 impassihilis
695 3999 887 4053 mansit
908 4000 1198 4053 secundum
1222 3999 1273 4053 id
1296 4001 1435 4070 quod
1467 4000 1606 4056 Deus
1627 4010 1725 4055 est.
1750 4002 1900 4070 Quod

323 4090 473 4145 brevi
505 4104 759 4146 sermone
782 4091 1114 4146 concludam.
1138 4092 1329 4147 Passus
1357 4101 1441 4147 est
1461 4092 1600 4152 Deus
1628 4094 1678 4147 in
1705 4095 1902 4151 unione

322 4195 593 4250 personae,
628 4197 732 4237 non
763 4190 845 4237 est
874 4196 1061 4252 passus
1100 4184 1153 4236 in
1196 4184 1525 4253 proprietate
1561 4194 1783 4240 naturae.
1814 4183 1900 4240 Si-

321 4276 539 4344 quidem
588 4275 853 4343 passionis
899 4275 1121 4344 injurias
1163 4274 1323 4329 etiam
1363 4274 1621 4329 divinitas
1661 4276 1900 4345 pertulit,

322 4371 413 4424 sed
444 4371 755 4439 passionem
785 4370 897 4423 sola
929 4369 1045 4438 ejus
1079 4383 1210 4423 caro
1248 4369 1531 4438 persensit.
1573 4368 1744 4424 Sicuti
1776 4370 1905 4426 solis

322 4460 551 4527 radium,
571 4461 658 4514 vel
681 4461 906 4515 flamma:
928 4462 1311 4529 corpulentiam
1335 4471 1479 4516 recte
1500 4461 1724 4516 dicimus
1747 4478 1902 4531 posse

321 4551 539 4617 quidem
584 4551 763 4620 gladio
805 4552 1001 4618 secari,
1034 4566 1136 4605 non
1183 4565 1339 4620 posse
1371 4560 1545 4606 tamen
1577 4552 1752 4607 dirimi
1786 4571 1799 4607 :
1830 4554 1900 4609 ita
1932 4523 1980 4581 θ

324 4639 557 4694 Verbum
583 4640 677 4694 Dei
694 4641 815 4710 jure
836 4641 1060 4695 dicimus
1083 4641 1343 4710 passionis
1362 4638 1581 4711 injurias
1596 4643 1897 4712 pertulisse,

323 4745 426 4783 non
476 4739 655 4784 tamen
703 4731 1005 4801 passionem
1053 4731 1160 4787 ullo
1206 4734 1369 4788 modo
1411 4733 1667 4789 sensisse.
1720 4734 1897 4789 Dicam

322 4820 500 4875 adhuc
525 4819 882 4876 manifestius.
914 4820 1134 4876 Confixa
1176 4830 1259 4877 est
1297 4822 1544 4877 divinitas
1575 4823 1771 4889 clavis;
1804 4824 1898 4879 sed

324 4910 438 4979 ipsa
479 4910 749 4978 penetrari
792 4924 919 4965 non'
945 4912 1148 4980 potuit,
1189 4912 1329 4967 sicut
1368 4927 1494 4968 caro
1532 4912 1648 4982 ejus
1690 4915 1897 4983 potuit,

322 5001 588 5070 siquidem
618 5003 823 5057 vulneri
854 5002 1030 5058 locum
1062 5018 1189 5058 caro
1213 5005 1471 5073 patefacta
1503 5007 1712 5074 aperuit
1738 5024 1749 5058 :
1781 5022 1902 5061 nam

320 5092 497 5146 deitas
531 5093 875 5149 indivisibilis
919 5107 1080 5166 atque
1122 5097 1546 5166 impenetrabilis
1585 5101 1797 5155 mansit.
1833 5101 1904 5155 Ita

320 5197 449 5252 ergo
495 5185 838 5255 suscipiendo
874 5188 1171 5257 passiones,
1204 5200 1256 5244 et
1284 5205 1467 5245 earum
1517 5207 1621 5247 non
1667 5194 1907 5249 cedendo

319 5270 625 5340 effectibus,
653 5281 875 5346 apparet
904 5278 1070 5333 Deum
1099 5276 1329 5334 Verbum
1364 5282 1760 5351 impassibiliter
1790 5299 1907 5353 pas-

318 5378 457 5419 sum.
491 5368 597 5421 Sed
628 5368 753 5438 quia
778 5383 904 5424 caro
933 5370 1049 5440 ejus
1085 5369 1197 5427 haec
1228 5373 1407 5426 omnia
1438 5388 1543 5427 non
1580 5373 1752 5428 solum
1783 5388 1905 5442 per-

322 5456 462 5522 tulit,
497 5457 591 5512 sed
620 5470 673 5512 et
700 5462 889 5527 sensit,
915 5470 968 5516 et
993 5463 1184 5527 cessit;
1208 5464 1401 5517 merito
1430 5478 1491 5517 ac
1512 5464 1631 5532 jure
1656 5465 1905 5534 dicimus,

325 5546 495 5601 Deum
525 5548 611 5603 his
632 5551 880 5607 omnibus
909 5553 1221 5622 passionum
1246 5554 1648 5610 conditionibus
1682 5559 1907 5613 sensibi-

321 5639 448 5694 liter
470 5641 722 5697 affectum
758 5645 809 5698 in
839 5658 999 5702 carne
1029 5662 1146 5713 sua,
1172 5647 1288 5702 sine
1312 5663 1473 5704 sensu
1503 5648 1588 5703 vel
1617 5651 1907 5706 mutatione

318 5734 616 5791 divinitatis
643 5750 772 5793 suae.
799 5736 940 5809 Ergo
967 5739 1206 5809 perferre
1237 5741 1565 5812 passionem,
1595 5749 1798 5799 naturae
1824 5752 1907 5798 est

2005 1904 2059 1948 ut
2081 1896 2215 1950 duas
2238 1910 2298 1950 se
2327 1896 2545 1951 credere
2574 1895 2879 1961 ostendant,
2908 1895 3003 1950 sed
3032 1894 3167 1949 duas
3205 1894 3347 1947 nudo
3374 1910 3579 1949 senon-

2003 1999 2073 2040 ne
2118 2000 2225 2040 non
2270 1988 2634 2054 ptonttntizmt.
2679 1989 2783 2056 22
2830 1985 2961 2039 Nam
3002 2000 3123 2038 cum
3158 1984 3376 2038 credant
3420 1994 3609 2059 atque

2002 2072 2265 2130 fati-antur
2293 2091 2398 2130 non
2432 2076 2723 2142 hominem,
2753 2076 2847 2129 sed
2882 2074 3111 2129 verbum
3142 2075 3482 2129 descendisse
3509 2079 3578 2131 de

2003 2169 2161 2235 cosio,
2195 2169 2547 2238 euindemqne
2576 2170 2656 2224 sic
2684 2168 2739 2221 in
2773 2167 2999 2237 Virginis
3036 2176 3189 2220 utero
3220 2167 3572 2229 incarnatum,

2002 2259 2057 2314 id
2083 2262 2270 2315 estsic
2297 2275 2512 2316 carnem
2544 2261 2918 2331 assumpsisse,
2952 2271 3005 2313 ut
3048 2275 3153 2313 non
3190 2269 3483 2314 mutaretur
3524 2260 3575 2312 in

2002 2370 2248 2421 carnem;
2276 2357 2353 2411 sic
2373 2355 2609 2411 Verbum
2634 2356 2903 2411 hominem
2932 2354 3151 2418 factum,
3178 2361 3234 2407 ut
3257 2353 3396 2407 Deus
3420 2368 3579 2407 verus

2003 2458 2272 2513 maneret;
2304 2449 2383 2504 sic
2418 2456 2651 2503 nostram
2691 2448 3045 2517 assumpsisse
3088 2452 3351 2513 naturam,
3385 2455 3442 2498 ut
3472 2458 3577 2499 non

2004 2550 2234 2596 mutaret
2272 2555 2373 2596 nec
2405 2541 2662 2611 abjicerct
2706 2554 2857 2596 suam
2887 2559 2897 2592 :
2925 2541 3001 2595 sic
3028 2541 3193 2596 Deum
3225 2536 3494 2594 hominem
3526 2553 3579 2592 et

2005 2632 2278 2689 hominem
2308 2634 2471 2689 Deum
2502 2634 2717 2702 factum,
2749 2646 2804 2689 ut
2831 2650 2934 2688 non
2966 2633 3129 2689 fuerit
3158 2642 3333 2687 tamen
3376 2644 3577 2686 utrum-

2004 2739 2109 2793 que
2131 2734 2505 2792 consumptum
2539 2725 2701 2795 :quis
2732 2738 2836 2777 non
2883 2723 3054 2778 Videat
3102 2722 3204 2776 hoc
3247 2735 3407 2775 sensu
3447 2720 3579 2774 duas

2005 2824 2189 2884 aperte
2218 2815 2381 2869 astrui
2412 2824 2573 2883 atque
2602 2813 2955 2869 demonstrari
2988 2809 3244 2866 naturas?
3268 2806 3422 2877 Quod
3451 2822 3580 2879 ergo

2008 2920 2133 2960 vera
2162 2906 2284 2960 fidei
2309 2905 2642 2974 expositione
2666 2905 2928 2973 colligitur
2951 2912 3117 2972 atque
3132 2904 3297 2957 animi
3318 2904 3578 2958 sententia

2007 2997 2287 3061 retinetur,
2335 3013 2430 3051 cur
2476 2996 2746 3066 superfluo
2792 2996 3004 3063 timore,
3053 2994 3200 3049 vocis
3248 2995 3581 3064 professione

2010 3089 2255 3145 tacetur?
2284 3090 2483 3144 Rursus
2509 3089 2598 3144 alii
2630 3079 2885 3143 'timcntcs
2934 3102 3002 3142 ne
3042 3087 3371 3157 Apollinaris
3393 3098 3447 3142 et
3475 3089 3579 3142 Eu-

2008 3181 2237 3252 tychetis
2269 3179 2458 3251 dogma
2507 3180 2799 3242 incurrant,
2844 3178 3033 3233 nolunt
3070 3178 3249 3235 dicere
3295 3174 3574 3233 Dominum

2008 3284 2222 3342 passum
2269 3282 2323 3328 et
2371 3280 2662 3336 mortuum,
2702 3285 2823 3325 cum
2868 3286 3028 3325 unam
3066 3271 3183 3341 ejus
3210 3272 3432 3328 credant
3461 3286 3581 3326 esse

2008 3378 2315 3434 personam,
2355 3373 2406 3418 et
2452 3363 2592 3418 hunc
2627 3363 2985 3433 cumdetnquc
3026 3362 3191 3419 Deum
3238 3342 3503 3419 fateantur
3530 3374 3583 3418 et

2009 3453 2306 3509 hominem.
2330 3453 2384 3509 Si
2405 3467 2536 3522 ergo
2564 3466 2701 3507 unus
2726 3462 2810 3508 est
2834 3452 2990 3507 sicuti
3020 3460 3123 3518 est,
3144 3469 3243 3509 cur
3264 3469 3388 3509 eum
3411 3457 3582 3509 formi-

2008 3544 2105 3600 das
2133 3544 2312 3600 dicere
2344 3559 2577 3613 passum,
2602 3559 2761 3615 quem
2792 3560 2899 3598 non
2925 3544 3177 3599 formidas
3198 3546 3265 3599 di;
3283 3561 3376 3601 ere
3400 3562 3582 3613 unum,

2011 3651 2110 3693 nec
2136 3636 2300 3692 audes
2329 3636 2506 3692 dicere
2531 3638 2754 3693 alterum
2783 3636 3075 3690 secundum
3103 3636 3331 3692 Nestori
3364 3639 3583 3705 impium

2008 3729 2263 3786 sensum?
2286 3730 2425 3785 Ecce
2450 3738 2577 3784 sunt
2605 3731 2825 3784 timores
2853 3729 3147 3784 inanissimi
3178 3739 3233 3784 et
3269 3730 3584 3786 sollicitudi-

2010 3837 2102 3877 nes
2132 3837 2302 3888 vanze,
2324 3837 2442 3892 qua
2469 3821 2714 3878 fecerunt
2736 3822 3063 3877 ortliodoxos
3088 3822 3458 3879 hmreticorum
3481 3825 3581 3878 sibi

2010 3913 2224 3969 nomina
2251 3912 2569 3983 impingere,
2591 3912 2718 3968 dum
2746 3928 2876 3968 voce
2903 3912 3143 3983 depromi
3174 3914 3412 3967 calcazur
3445 3906 3585 3983 quod

2011 4005 2317 4076 expressius
2357 4005 2519 4060 corde
2562 4005 2841 4060 clamatur.
2879 4005 2978 4073 Qui
3027 4004 3167 4059 enim
3208 4005 3393 4059 volunt
3426 4021 3583 4059 unam

2011 4110 2108 4151 ore
2126 4095 2278 4151 fateri
2300 4106 2583 4165 personam
2601 4109 2759 4162 quam
2777 4093 2896 4147 fidei
2920 4109 2980 4147 cx
2990 4092 3254 4161 positione
3274 4092 3583 4157 defendunt,

2012 4188 2426 4259 Eutychianistm
2453 4196 2727 4258 putantur,
2750 4201 2872 4240 cum
2906 4200 3009 4238 non
3040 4185 3167 4238 sint.
3192 4184 3322 4240 Item
3345 4186 3432 4254 qui
3452 4186 3584 4240 duas

2011 4281 2168 4335 unius
2195 4278 2394 4335 Christi
2428 4285 2646 4332 naturas
2671 4276 2882 4347 publice
2918 4275 3255 4347 profitentur,
3283 4276 3580 4331 Nestoriaui

2009 4380 2262 4444 putantur
2284 4384 2576 4438 esse,,cum
2604 4383 2710 4423 non
2749 4367 2876 4423 sint.
2907 4366 2975 4421 Et
3002 4366 3182 4422 videas
3209 4382 3303 4423 eos
3333 4367 3590 4422 luctuosis

2008 4462 2324 4533 quibusdam
2356 4464 2412 4516 et
2444 4460 2590 4515 omni
2614 4458 2996 4513 lamentatione
3025 4458 3201 4527 dignis
3231 4458 3587 4513 insultationi-

2008 4555 2129 4617 bus,
2163 4552 2536 4607 bzereticorum
2568 4550 2787 4605 nomine
2820 4564 2880 4603 se
2920 4549 3147 4604 invicem
3178 4563 3451 4605 accusare.
3484 4549 3587 4612 Tu,

2009 4644 2206 4713 inquit,
2238 4641 2638 4714 EutychianiSta
2667 4655 2747 4707 es,
2780 4649 2833 4696 et
2862 4650 2915 4695 tu
2944 4639 3294 4695 Nestorianus
3320 4654 3380 4695 es
3411 4656 3426 4692 :
3459 4653 3591 4707 apo-

2006 4735 2213 4790 stolicae
2255 4731 2536 4789 sententiae
2582 4731 2634 4786 in
2680 4740 2845 4786 totum
2889 4728 3061 4798 obliti,
3091 4729 3320 4784 dicentis
3354 4746 3367 4783 :
3407 4724 3589 4783 Videte

2006 4841 2069 4879 ne
2087 4841 2203 4878 cum
2224 4824 2432 4877 invicem
2450 4821 2720 4888 accusatis,
2742 4820 2805 4873 ab
2826 4820 3037 4874 incicem
3058 4820 3425 4874 consumamini
3443 4818 3583 4892 (Gal.

2008 4933 2063 4985 v,
2103 4916 2212 4985 15).
2258 4915 2408 4986 Rogo
2448 4929 2560 4980 vos,
2596 4928 2717 4968 cum
2760 4928 2921 4968 sensu
2964 4914 3259 4969 incolumes
3303 4914 3445 4983 sitis,
3493 4930 3586 4969 cur

2010 5008 2230 5062 vocibus
2258 5006 2534 5061 insanitis?
2560 5019 2658 5059 cur
2688 5019 2942 5073 perverso
2962 5007 3110 5060 vocis
3148 5006 3338 5061 timore
3368 5008 3584 5069 erratis,

2009 5099 2099 5168 qui
2124 5106 2269 5152 recta
2300 5095 2497 5150 mentis
2530 5093 2837 5159 stabilitate,
2873 5094 2995 5148 fidei
3035 5095 3367 5163 professione
3404 5097 3585 5149 consi-

2010 5191 2183 5247 stitis?
2209 5189 2315 5244 Cur
2343 5187 2536 5244 metuis
2560 5187 2694 5242 duas
2721 5187 2900 5241 dicere
2931 5198 3173 5253 naturas,
3204 5203 3325 5242 cum
3357 5191 3583 5256 Aposto-

2014 5285 2097 5338 lus
2125 5297 2230 5336 non
2262 5280 2635 5336 formidaverit
2663 5278 2794 5332 duas
2826 5278 3007 5333 dicere
3039 5280 3264 5342 formas,
3296 5292 3453 5331 unam
3480 5293 3582 5345 qua

2012 5375 2154 5429 Deus
2181 5382 2285 5439 est,
2309 5372 2530 5428 alteram
2552 5388 2654 5440 qua
2679 5371 2820 5426 idem
2851 5361 2991 5423 Deus
3019 5368 3179 5423 homo
3208 5368 3323 5422 est?
3348 5367 3455 5420 Cur
3480 5368 3582 5421 for-

2013 5465 2183 5521 midas
2212 5464 2344 5518 duas
2368 5462 2547 5518 dicere
2578 5473 2813 5527 naturas,
2840 5459 2980 5529 quod
3006 5457 3325 5513 Athanas'us
3345 5458 3581 5511 omnium

2011 5553 2501 5612 ecclesiasticorum
2538 5553 2781 5607 virorum
2820 5549 3020 5619 judicio
3059 5546 3466 5619 probatissimos
3502 5549 3581 5603 dio

2011 5649 2122 5703 xit?
2155 5646 2211 5702 In
2243 5662 2342 5718 qna
2374 5645 2493 5700 fidei
2535 5644 2869 5714 professione
2915 5640 3093 5695 cuncti
3140 5637 3339 5696 Grzeca:
3386 5642 3581 5712 lingua:

2012 5748 2353 5806 tractatores,
2398 5736 2542 5807 quod
2587 5735 2860 5806 superiore
2906 5731 3088 5789 libello
3135 5737 3579 5797 commemoravi;
