4044 6184
373 315 479 369 ’111

1702 303 1921 358 νιοιιλιι
1959 300 2328 356 TAPSENSLS

3549 298 3645 351 112

379 424 483 496 23
507 431 559 477 et
580 434 765 475 omnes
796 419 967 475 l.atini
1004 416 1268 472 sermonis
1308 417 1592 486 apostolici
1624 416 1742 479 viri,
1776 416 1824 470 id
1856 425 1954 478 est,
1992 421 2035 476 Α
2065 413 2290 466 sentire.
2315 409 2446 475 Quia
2471 407 2595 462 nihil
2617 408 2830 477 prodest
2851 406 3013 464 corde
3032 405 3255 462 credere
3273 406 3338 461 ad
3358 406 3639 477 just‘tiatn,

380 515 632 577 lltlarins,
662 511 939 573 Eusebius,
972 508 1311 573 Ambrosius,
1341 506 1669 576 Augustinus
1696 516 1744 560 et
1774 506 1957 560 Hiero-

379 621 569 675 nymus
594 603 902 658 caelestibus
932 600 1119 654 imbuti
1146 598 1427 658 doctrinis,
1460 597 1619 651 simul
1656 596 1961 664 pariterque

380 698 737 753 consentiunt.
766 694 829 747 Et
850 701 926 757 tu,
953 705 1117 759 quare
1145 689 1300 743 times
1318 688 1486 742 Deum
1512 687 1695 742 dicere
1727 698 1958 753 passum,

381 804 499 841 cum
533 786 630 839 hoc
671 784 867 851 ubique
908 780 1203 850 apostolica
1251 780 1513 848 praeconia
1554 777 1960 833 contestenturi

382 875 697 944 Perpendite
734 883 787 927 et
828 870 993 925 libelli
1040 871 1195 937 hujus
1239 871 1649 936 expositionem,
1697 880 1750 923 et
1793 867 1959 921 nolite

383 978 616 1021 metttere
662 980 755 1016 ore
799 964 1040 1016 conﬁteri
1087 962 1228 1029 quod
1288 976 1381 1014 vos
1424 963 1629 1014 clarum
1686 971 1769 1013 est
1809 958 1971 1011 (ortle

2068 504 2170 557 nisi
2202 513 2253 558 et
2282 517 2378 556 ore
2404 501 2672 557 confessio
2703 501 2793 555 ﬁat
2817 499 2883 553 ad
2909 499 3156 554 salutem.
3192 498 3345 555 Unde
3379 500 3643 567 Prorilteta

2066 594 2141 648 ait
2164 612 2176 647 :
2207 592 2468 648 Justitiam
2494 603 2631 645 tuam
2663 608 2763 645 non
2786 592 3025 645 abscondi
3050 593 3103 645 in
3128 592 3282 645 corde
3306 608 3418 647 meo
3446 608 3464 647 :
3496 592 3655 646 Veri»

2070 696 2221 740 tatem
2254 694 2393 737 tuam
2424 696 2470 737 et
2498 682 2727 737 salutare
2762 692 2906 736 tuum
2935 683 3042 736 dixi
3072 683 3249 750 (Rom.
3280 699 3333 750 χ,
3370 683 3463 748 1ος
3495 682 3642 739 Psal.

2065 791 2249 839 xxxix,
2276 774 2384 841 11).
2413 772 2669 826 Fatemini
2695 773 2855 841 igitur
2880 781 2933 826 et
2959 787 3053 826 ore
3079 772 3217 841 quod
3245 773 3407 828 corde
3428 776 3641 838 tenetis.

2074 874 2133 919 ut
2160 865 2341 919 divina
2376 862 2676 917 immanitas
2702 873 2756 916 et
2792 862 3019 918 humana
3049 863 3297 918 divinitas
3327 865 3642 934 propitietur

2074 957 2246 1011 vobis.

393 1091 3622 1123 Μ

1356 1181 1833 1287 LIBER
1919 1174 2647 1284 TERTIUS.

453 1348 493 1401 l.
535 1346 793 1413 Quoniam
838 1343 1165 1414 Eutycbiana
1208 1340 1427 1394 haeresis
1478 1342 1529 1393 in
1584 1340 1635 1393 id
1678 1337 1962 1407 impietatis

382 1439 627 1507 prolapsa
654 1444 811 1489 estut
836 1450 939 1488 non
972 1434 1144 1487 solum
1170 1430 1331 1483 Verbi
1370 1439 1426 1483 et
1452 1429 1629 1482 carnis
1659 1443 1815 1480 unam
1845 1442 1962 1481 cte-

382 1528 472 1581 dat
497 1540 615 1581 esse
644 1537 908 1588 naturam,
930 1538 1111 1577 verum
1139 1522 1297 1575 etiam
1319 1523 1453 1575 hanc
1478 1520 1718 1575 eamdem
1742 1536 1958 1575 carnem

384 1631 490 1669 non
530 1615 598 1668 de
640 1628 795 1667 sacro
839 1613 1015 1666 Marias
1067 1612 1298 1679 Virginis
1340 1627 1565 1680 corpore
1608 1621 1959 1681 assumptum,

382 1706 476 1761 sed
500 1705 567 1759 de
593 1705 733 1759 etelo
757 1704 917 1766 dicat,
946 1705 1096 1772 juxta
1126 1700 1411 1755 infandum
1438 1701 1697 1755 Valentini
1725 1712 1778 1754 et
1818 1702 1960 1754 Mar-

385 1798 555 1851 cionis
600 1810 876 1860 errorem,
920 1795 1082 1847 tuisse
1129 1791 1410 1846 deductam
1449 1807 1462 1843 :
1505 1792 1574 1843 ita
1623 1790 1964 1859 pertinaciter

383 1888 614 1943 Verbum
646 1902 857 1941 carnem
882 1899 1135 1940 asserens
1186 1886 1404 1951 laetum,
1451 1893 1509 1938 ιιι
1540 1899 1635 1953 per
1663 1884 1959 1953 Virginem,

384 1992 447 2031 ac
477 1979 519 2030 si
547 1993 682 2045 aqua
715 1991 809 2044 per
855 1975 1084 2027 tistulatn
1131 1976 1385 2027 transisse
1422 1972 1705 2036 videatur;
1748 1988 1852 2025 non
1888 1984 1962 2025 ta-

386 2081 507 2119 men
537 2074 590 2118 ut
625 2066 690 2118 de
722 2063 936 2132 Virgine
967 2062 1188 2129 aliquid,
1228 2061 1371 2129 quod
1415 2062 1581 2116 nostri
1622 2061 1691 2113 sit
1731 2061 1961 2130 generis,

389 2156 746 2223 assumpsisse
795 2150 1089 2214 credatur;
1140 2152 1397 2220 optimum
1448 2151 1573 2203 duxi
1623 2152 1783 2203 etiam
1828 2149 1963 2203 hanc

390 2245 679 2313 impietatis
708 2251 915 2311 partem
954 2242 1195 2295 veritatis
1233 2242 1529 2296 assertione
1568 2240 1874 2303 destruere,
1909 2251 1964 2294 et

389 2350 603 2388 omnem
633 2336 754 2389 tetri
783 2335 1047 2404 dogmatis
1084 2335 1394 2389 nebulosam
1437 2335 1715 2402 caliginem
1756 2335 1964 2405 penitus

387 2422 666 2493 dissipare.
700 2424 927 2479 filnxime
953 2425 1091 2494 quod
1121 2425 1345 2478 multum
1368 2426 1434 2479 ad
1462 2427 1733 2495 utriusque
1760 2436 1963 2480 natura:

385 2513 740 2568 Confessionis
788 2516 1069 2569 veritatem
1121 2515 1380 2583 proﬁciat,
1427 2516 1626 2571 divinis
1666 2518 1964 2587 approbare

386 2603 726 2663 testimoniis.
760 2603 952 2657 Filium
988 2605 1078 2659 Dei
1106 2604 1397 2659 humanum
1426 2622 1621 2676 corpus
1643 2608 1709 2663 de
1740 2610 1964 2681 Virginis

385 2708 548 2745 carne
574 2695 887 2761 sumpsisse.

457 2781 518 2836 ll.
555 2781 695 2851 Ergo
734 2782 857 2850 quia
890 2780 975 2835 ἱειὶ
1007 2781 1300 2836 secundum
1354 2784 1639 2839 rectiorem
1687 2785 1964 2841 catholicae

388 2871 508 2925 ﬁdei
542 2870 831 2935 tramitem,
857 2878 911 2924 et
942 2870 1142 2925 Niemni
1187 2875 1555 2929 auctoritatem
1603 2877 1841 2942 concilii,
1884 2877 1962 2931 fa-

385 2969 561 3013 tentur
589 2958 783 3013 Ftliutn
814 2959 928 3024 Dei,
961 2976 1064 3014 nun
1110 2961 1468 3029 extrinsecus,
1519 2981 1622 3019 nnn
1673 2981 1738 3019 ex
1768 2965 1961 3033 nihilo,

383 3050 477 3104 sed
501 3064 564 3104 ex
595 3050 749 3103 Patre
774 3049 1032 3117 genitum,
1074 3057 1128 3102 et
1166 3048 1274 3120 24
1311 3051 1573 3119 ejusdem,
1618 3055 1767 3121 cujus
1809 3052 1962 3109 Pater

386 3153 491 3202 σει,
512 3153 634 3192 esse
662 3148 894 3200 naturte;
938 3148 994 3190 ut
1030 3140 1228 3192 veritas
1254 3143 1617 3208 generat'onis
1660 3146 1709 3197 in
1734 3159 1798 3199 eo
1827 3160 1961 3214 prte-

385 3230 540 3295 cipue
581 3236 954 3295 cognoscatur,
996 3227 1037 3280 si
1088 3228 1139 3279 in
1170 3227 1303 3282 Filio
1336 3241 1569 3298 patet-nte
1603 3245 1806 3289 natura:
1838 3254 1963 3307 pro-

386 3324 585 3388 prietas
618 3335 721 3372 non
746 3329 987 3389 negatur,
1012 3320 1330 3377 admonendi
1360 3335 1485 3379 sunt
1511 3331 1799 3385 secundum
1826 3333 1964 3392 hanc

389 3409 744 3496 confessionis
771 3410 1025 3479 regulam,
1071 3412 1210 3466 hune
1242 3415 1485 3470 eumdem
1518 3417 1708 3473 Filium
1753 3423 1817 3477 de
1851 3425 1965 3478 Vir-

389 3501 746 3569 ginenatum,
797 3502 1036 3568 ejusdem
1084 3503 1328 3571 profectu
1376 3507 1604 3577 Virginis
1643 3514 1822 3569 carnis
1874 3517 1967 3571 Ita-

392 3594 511 3648 buis
542 3608 571 3646 e
603 3603 867 3648 naturam.
892 3593 998 3649 Nec
1030 3595 1151 3649 hinc
1180 3613 1275 3652 eos
1297 3598 1493 3655 Ariana
1521 3606 1741 3659 barresis
1768 3608 1967 3665 insolu-

392 3686 489 3739 bili
516 3686 827 3755 quzcstionis
874 3687 1063 3756 laqueo
1106 3691 1335 3744 retineat
1368 3688 1652 3763 obligatos,
1686 3698 1775 3750 tali
1820 3700 1967 3769 obje-

389 3778 582 3830 ctionis
636 3777 945 3848 syllogismo
1004 3781 1285 3836 utens:Si
1337 3782 1502 3837 Filius
1559 3786 1649 3839 Dei
1702 3799 1855 3844 natus
1901 3806 1966 3846 ex

396 3868 610 3922 homine
642 3866 833 3932 math,
867 3869 994 3922 nihil
1017 3885 1083 3923 ex
1103 3886 1162 3923 ea
1188 3870 1370 3926 habuit
1393 3874 1534 3942 quod
1562 3874 1805 3931 humanae
1828 3892 1968 3935 esset

395 3968 627 4022 natura};
663 3958 779 4012 sine
810 3958 990 4020 dubio,
1025 3968 1182 4013 natus
1203 3976 1264 4015 ex
1298 3962 1474 4028 Patre,
1509 3965 1641 4017 nihil
1682 3982 1745 4018 ex
1781 3983 1844 4021 eo
1879 3971 1967 4022 ha-

394 4048 511 4099 buit
534 4046 671 4115 quod
703 4046 938 4114 ejusdem
970 4050 1139 4117 possit
1165 4065 1282 4104 esse
1310 4061 1529 4107 naturas.
1558 4055 1691 4119 Quia
1727 4055 1771 4108 si
1820 4051 1965 4125 vere,

393 4137 585 4207 inquit,
615 4139 856 4192 asseritis
904 4137 1093 4193 Filium
1126 4150 1305 4195 natum
1343 4142 1409 4197 de
1457 4144 1685 4214 Virg7nc,
1729 4163 1759 4200 ιι
1801 4158 1968 4202 tutam

395 4230 622 4283 materni
669 4229 910 4300 corporis
955 4246 1059 4285 non
1102 4231 1374 4299 habuisse,
1418 4238 1698 4292 concedite
1741 4250 1797 4294 et
1842 4243 1968 4295 mihi

396 4320 509 4383 pari
549 4317 856 4373 conditione
900 4318 1116 4386 fatenti,
1165 4323 1412 4378 eumdem
1449 4325 1639 4381 Filium
1682 4340 1862 4383 natum
1908 4333 1972 4385 de

400 4399 557 4461 Patre
588 4415 832 4461 naturam
861 4407 1032 4463 Patris
1053 4409 1251 4465 habere
1277 4428 1379 4467 non
1412 4429 1585 4482 posse.

469 4498 607 4563 Quid
631 4497 811 4564 igitur,
843 4512 875 4550 o
900 4496 1335 4569 Eutycltianistm,
1364 4504 1673 4559 submittitis
1707 4517 1809 4561 tam
1839 4510 1962 4562 vali-

402 4588 483 4641 dis
522 4587 908 4655 objectionibus
957 4587 1193 4655 perﬁdia:
1250 4591 1420 4656 colla;
1463 4602 1518 4647 et
1570 4594 1637 4648 de
1691 4597 1967 4653 mendacio

376 4676 640 4729 ‘transitis
663 4676 728 4729 ad
761 4676 1116 4743 mendacium,
1151 4687 1206 4731 ut
1245 4677 1513 4735 fateamini
1547 4681 1737 4737 Filium
1776 4701 1840 4739 ex
1875 4687 1970 4741 Pa—

401 4781 483 4823 tre
510 4768 767 4839 genitum,
821 4779 1055 4839 paterna;
1092 4771 1382 4828 divinitatis
1424 4785 1691 4834 extorrem
1733 4796 1850 4836 esse
1878 4799 1971 4836 na-

403 4873 563 4924 turae;
592 4858 732 4913 sicut
755 4859 990 4941 fatemini
1014 4861 1258 4916 eumdem
1290 4863 1483 4919 Filium
1518 4867 1583 4923 de
1614 4880 1781 4925 matre
1825 4875 1973 4941 geni-

404 4960 535 5015 tnm,
583 4950 831 5013 materni,
861 4947 910 5002 id
941 4958 1023 5003 est
1059 4950 1272 5005 humani
1313 4956 1555 5023 corporis
1596 4970 1838 5015 naturam
1868 4978 1972 5017 non

405 5039 695 5093 habuisse?
722 5040 826 5094 Cur
853 5054 957 5094 non
986 5046 1151 5111 magis
1172 5044 1215 5097 si
1246 5046 1442 5114 aliquid
1467 5051 1741 5116 sapientia“:
1767 5055 1973 5123 geritis,

352 5194 359 5207 ἱ
404 5128 471 5181 de
501 5129 723 5184 veritate
753 5129 1082 5184 mendacium
1114 5131 1387 5189 destruitis
1412 5152 1426 5202 ;
1456 5146 1532 5202 ut,
1561 5141 1693 5194 sicut
1734 5143 1975 5207 creditis,

403 5226 459 5271 et
482 5233 607 5272 vere
636 5219 875 5285 creditis,
895 5219 1083 5275 Filium
1100 5237 1163 5276 ex
1188 5222 1343 5278 Patre
1368 5226 1484 5280 sine
1507 5236 1746 5297 tempore
1770 5242 1973 5300 natum,

405 5306 577 5360 Patr;s
606 5308 801 5364 habere
830 5317 1068 5373 naturam
1088 5350 1104 5376 ,
1135 5310 1205 5365 ita
1235 5312 1465 5368 credatis
1494 5318 1741 5371 eumdem
1768 5334 1833 5374 ex
1866 5337 1979 5374 ma-

406 5406 485 5449 tre
506 5396 623 5451 sine
651 5399 857 5454 semine
883 5409 1085 5466 natum,
1117 5399 1334 5455 humani
1363 5405 1606 5473 corporis
1641 5405 1841 5463 habere
1890 5423 1981 5462 na-

407 5487 618 5537 Iuram?

478 5571 566 5625 lll.
585 5573 716 5640 Quid
740 5578 880 5630 enim
904 5577 1124 5643 angelus
1149 5576 1213 5631 ad
1246 5576 1459 5633 Mariam
1483 5581 1689 5639 locutus
1713 5588 1831 5642 est?
1852 5588 1978 5657 Spi-

406 5666 538 5739 ritus
563 5674 785 5735 sanctus,
821 5669 1006 5735 inquit,
1029 5669 1339 5737 superveniet
1362 5669 1413 5723 in
1447 5680 1512 5741 te,
1550 5683 1597 5727 et
1632 5675 1790 5731 virtus
1823 5679 1983 5735 Aitis-

2000 4451 2051 4512 D

2072 1335 2189 1388 simi
2211 1334 2525 1389 obumbrabit
2549 1336 2639 1388 tibi
2662 1350 2681 1388 :
2701 1335 2911 1402 ideoque
2935 1338 3068 1405 quod
3097 1346 3329 1391 nascetur
3357 1354 3418 1391 ea:
3444 1348 3491 1393 te
3512 1356 3637 1394 sano
3670 1380 3671 1383 η

2064 1434 2201 1478 ctum
2231 1426 2490 1479 vocabitur
2525 1425 2689 1479 Filius
2718 1426 2807 1479 Dei
2836 1427 2985 1496 (Lur.
3015 1443 3052 1495 ι,
3083 1428 3195 1499 55).
3225 1429 3337 1482 Non
3363 1431 3457 1494 ait,
3501 1430 3653 1499 quod»

2064 1528 2298 1569 nascetur
2325 1534 2411 1585 per
2437 1528 2505 1585 te,
2537 1528 2587 1569 ιιι
2616 1518 2763 1586 quasi
2790 1519 2986 1570 nudum
3006 1521 3289 1588 quemdam
3310 1520 3465 1573 Verbi
3496 1532 3639 1575 trau.

2069 1608 2230 1660 situm
2261 1623 2353 1674 per
2377 1605 2646 1676 Virginem
2680 1608 2964 1673 indicaret;
3006 1609 3098 1661 sed
3117 1651 3131 1675 ,
3156 1610 3292 1677 quod
3321 1623 3549 1662 nascetur
3574 1625 3640 1663 ea:

2064 1704 2134 1760 te,
2164 1704 2221 1749 ut
2255 1695 2529 1750 veritatem
2568 1697 2808 1764 corporis
2837 1697 3081 1751 sumendi
3118 1712 3181 1752 ex
3218 1697 3432 1767 Virgine
3474 1699 3641 1752 maui-

2064 1784 2253 1841 festius
2291 1786 2610 1841 declararet.
2652 1788 2782 1841 Nam
2821 1804 2936 1856 quae
2979 1790 3073 1843 luit
3113 1804 3271 1844 causa
3317 1791 3411 1844 Dei
3446 1791 3636 1854 Verbo,

2066 1892 2160 1944 per
2190 1889 2401 1932 uterum
2446 1875 2676 1945 Virginis
2719 1879 2999 1932 transitum
3045 1878 3243 1943 facere,
3272 1882 3315 1933 si
3346 1879 3477 1933 nihil
3518 1880 3651 1933 inde

2061 1966 2341 2032 quaerebat
2366 1967 2671 2019 assumere?
2700 1977 2793 2019 aut
2817 1967 3087 2035 quomodo
3119 1983 3184 2022 ex
3225 1968 3431 2024 semine
3475 1968 3639 2022 David

2063 2063 2239 2119 natus,
2286 2054 2367 2108 vel
2409 2054 2577 2109 factus
2610 2056 2847 2110 creditur
2892 2071 3033 2123 esse,
3084 2058 3128 2111 si
3177 2073 3243 2112 ex
3283 2061 3491 2128 generis
3521 2059 3641 2128 ejus

2063 2147 2310 2216 prosapia
2337 2162 2532 2217 corpus
2562 2160 2785 2219 negetur
2822 2153 3206 2220 assumpsisse?
3234 2153 3473 2220 Denique
3500 2154 3640 2208 Pan—

2063 2237 2144 2291 lus
2168 2239 2441 2306 apostolus
2482 2241 2562 2293 sic
2601 2244 2712 2293 ait:
2757 2239 2832 2294 De
2875 2240 3012 2294 Filio
3052 2259 3144 2296 suo
3171 2242 3258 2312 qui
3287 2243 3452 2311 fartus
3481 2254 3553 2296 est
3578 2258 3641 2297 ex

2063 2330 2250 2383 semine
2280 2328 2447 2383 David
2475 2334 2750 2385 secundum
2781 2349 2983 2386 carnem
3018 2333 3192 2401 (Rom.
3226 2350 3275 2401 t,
3314 2334 3390 2402 '5).
3442 2336 3505 2389 Et
3546 2336 3641 2388 ite-

2065 2432 2181 2470 rum
2210 2418 2278 2472 ad
2306 2418 2548 2473 Galatas:
2577 2419 2744 2486 Misit,
2767 2422 2958 2491 inquit,
2978 2425 3081 2494 25
3106 2422 3244 2476 Deus
3278 2423 3470 2479 Filium
3493 2439 3638 2477 suum

2070 2508 2261 2575 factum
2291 2525 2353 2561 ea:
2382 2509 2595 2563 muliere
2627 2507 2767 2581 (Cal.
2800 2528 2873 2576 tv,
2907 2511 2985 2581 ό).
3012 2513 3291 2578 Quomodo
3329 2515 3374 2567 is
3410 2516 3498 2584 qui
3526 2524 3639 2569 erat

2066 2598 2237 2651 factus
2271 2608 2373 2665 est,
2415 2613 2534 2652 cum
2576 2599 2688 2654 ﬁeri
2728 2600 2844 2669 ejus
2870 2602 3037 2656 soleat
3067 2602 3343 2672 proprium
3391 2618 3507 2658 esse
3547 2604 3636 2671 qui

2069 2700 2339 2757 nunquam
2368 2695 2493 2742 ante
2519 2688 2836 2753 substiterit,
2862 2690 2962 2744 nisi
2993 2690 3114 2758 quia
3145 2692 3318 2746 factus
3356 2692 3497 2761 quod
3534 2709 3641 2746 non

2069 2786 2205 2844 erat,
2231 2780 2282 2834 id
2306 2789 2389 2834 est
2432 2780 2612 2846 homo,
2655 2796 2759 2834 non
2808 2779 3024 2834 aliunde
3067 2795 3280 2835 carnem
3325 2784 3640 2851 assumpsit,

2068 2874 2168 2927 nisi
2196 2889 2258 2928 es
2292 2874 2566 2928 hominum
2598 2890 2795 2945 genere
2824 2890 2886 2929 es
2915 2891 3018 2944 quo
3040 2875 3208 2930 factus
3236 2884 3319 2931 est
3346 2878 3484 2947 quod
3534 2893 3640 2932 non

2072 2963 2208 3016 fuit?
2231 2963 2384 3018 Unde
2412 2973 2467 3018 et
2496 2965 2611 3033 ipse
2639 2964 2800 3018 Filius
2828 2964 3112 3020 formatum
3144 2981 3201 3021 se
3247 2981 3311 3021 ex
3355 2976 3504 3022 utero
3549 2983 3640 3036 per

2069 3056 2256 3110 Isaiam
2306 3056 2558 3125 loquitur,
2592 3057 2776 3112 dicens
2806 3074 2821 3111 :
2856 3056 2919 3111 Et
2955 3074 3088 3112 nunc
3112 3059 3233 3111 dicit
3266 3058 3515 3113 Dominus
3534 3061 3641 3129 for-

2067 3161 2211 3199 mans
2232 3161 2313 3199 me
2334 3162 2397 3199 ea:
2418 3154 2559 3201 utero
2585 3163 2781 3200 srrrum
2804 3148 2899 3201 sibi
2927 3146 3081 3218 (Isai.
3106 3164 3247 3213 χιιι,
3280 3148 3355 3219 5).
3380 3150 3514 3216 Quid
3543 3150 3640 3205 ita-

2068 3250 2171 3303 que
2217 3250 2283 3289 ex
2334 3245 2486 3290 utero
2531 3235 2813 3291 formatum
2844 3238 3115 3306 aeeipitis,
3151 3237 3401 3303 Verbum,
3428 3254 3494 3293 an
3524 3255 3641 3293 car-

2067 3325 2228 3379 nem?
2259 3324 2316 3378 Si
2348 3323 2600 3389 Verbum,
2632 3340 2759 3395 ergo
2788 3335 2878 3380 aut
2900 3325 3125 3380 informe
3164 3326 3280 3392 fuit,
3308 3338 3397 3381 aut
3434 3330 3640 3396 penitus

2067 3427 2175 3467 non
2199 3413 2456 3479 existens,
2493 3425 2547 3468 Ill.
2577 3415 2822 3470 formatio
2856 3416 2934 3481 ei,
2979 3426 3068 3470 aut
3093 3418 3377 3471 essentiam
3407 3418 3642 3482 dederit,

2064 3511 2123 3553 ut
2154 3501 2498 3566 subsisteret;
2545 3512 2635 3557 aut
2672 3519 2737 3558 ex
2768 3504 3090 3559 subsistente
3120 3503 3442 3561 informitate
3470 3517 3638 3560 mate-

2068 3590 2183 3653 riae,
2234 3590 2285 3644 in
2332 3593 2605 3645 meliorem
2654 3602 2823 3649 status
2859 3594 3166 3664 qualitatem
3211 3598 3532 3665 provexerit,
3579 3608 3634 3651 ut

2068 3693 2152 3747 pet
2166 3677 2336 3733 fectus
2362 3691 2417 3735 et
2448 3683 2651 3751 integer
2680 3693 2981 3753 appareret.
3006 3684 3156 3750 Quod
3179 3686 3382 3752 opinari
3420 3702 3537 3741 cum
3568 3689 3640 3740 sit

2067 3770 2286 3838 impium
2312 3779 2367 3825 et
2387 3772 2721 3841 sacrilegum,
2752 3772 2876 3826 illud
2902 3773 3017 3828 sine
3043 3772 3204 3827 dubio
3224 3784 3403 3833 restat.
3435 3786 3484 3827 ut
3512 3790 3637 3828 eam

2067 3879 2133 3923 ex
2171 3880 2394 3935 corpore
2435 3865 2659 3921 formata
2698 3868 2770 3921 sit
2816 3868 2945 3922 uteri
2996 3868 3303 3935 virginalis:
3343 3872 3635 3924 secundum

2069 3969 2226 4025 quam
2257 3965 2471 4024 propter
2497 3956 2742 4012 unionem
2771 3973 3034 4026 personze,
3068 3974 3187 4013 cum
3222 3962 3290 4014 sit
3322 3960 3458 4014 Deus
3479 4001 3493 4024 ,
3525 3975 3635 4014 srr-

2070 4062 2167 4100 vus
2193 4045 2365 4102 factus
2388 4055 2471 4102 est
2492 4047 2684 4102 Patris.
2718 4048 2871 4104 Unde
2899 4050 2964 4102 ad
2996 4064 3116 4103 eum
3147 4049 3277 4104 dicit
3306 4051 3356 4105 in
3390 4050 3593 4118 psalmo
3620 4068 3633 4102 :

2075 4136 2118 4187 υ
2144 4132 2384 4199 Domine,
2412 4151 2502 4206 ego
2532 4153 2703 4192 servus
2724 4147 2840 4191 tuus
2868 4147 2914 4191 et
2938 4138 3077 4204 ﬁlius
3104 4138 3306 4194 ancills:
3337 4149 3435 4193 tua:
3467 4139 3637 4211 (Psal.

2071 4241 2192 4292 cxv,
2236 4225 2349 4294 16).
2394 4227 2459 4281 Et
2504 4227 2693 4282 iterum
2721 4244 2737 4279 :
2764 4226 2836 4280 De
2878 4236 3046 4281 ventre
3086 4230 3260 4283 matris
3309 4246 3453 4297 uteie,
3504 4230 3639 4283 Deus

2074 4331 2214 4369 meus
2245 4332 2294 4369 es
2326 4315 2571 4387 tu(Psal.
2605 4333 2713 4379 XXI,
2741 4314 2849 4386 11).
2891 4318 2990 4384 Qui
3038 4319 3082 4372 si
3134 4320 3203 4373 de
3241 4330 3426 4375 ventre
3457 4322 3642 4374 matris

2076 4405 2286 4461 ancilla:
2309 4407 2438 4459 nihil
2470 4409 2753 4476 acciperet,
2784 4396 2889 4460 non
2916 4423 3035 4462 eum
3067 4409 3202 4463 intra
3242 4409 3418 4464 famuli
3462 4412 3641 4479 appel-

2079 4495 2329 4549 lationem
2358 4496 2567 4550 servilis
2595 4507 2795 4550 natura:
2821 4497 3056 4551 conditio
3077 4498 3360 4556 detineret.

2150 4585 2237 4639 IV.
2288 4584 2391 4639 Sed
2432 4587 2540 4655 jam
2584 4586 2858 4641 videamus
2905 4589 3094 4657 quibus
3132 4591 3408 4659 prophetia
3463 4590 3645 4663 ﬁguris

2080 4687 2282 4744 utatur,
2303 4688 2355 4731 ut
2379 4678 2623 4733 ostendat
2649 4694 2772 4734 eum
2796 4697 2860 4734 ex
2886 4682 3107 4737 materni
3130 4685 3369 4753 cerporis
3393 4688 3642 4750 veritate,

2081 4784 2260 4823 veram
2281 4772 2456 4825 carnis
2483 4773 2833 4841 assumpsisse
2861 4785 3123 4829 naturam.
3144 4776 3279 4832 Dicit
3300 4793 3425 4847 ergo
3445 4778 3605 4833 Isaias
3631 4797 3644 4830 :

2083 4862 2386 4933 Egredietur
2416 4866 2555 4935 virga
2595 4866 2660 4918 de
2694 4866 2868 4920 radice
2905 4867 3069 4935 Iesse,
3100 4878 3146 4924 et
3166 4886 3368 4939 germen
3390 4872 3452 4924 de
3478 4872 3649 4925 radice

2081 4960 2192 5020 eius
2213 4960 2465 5023 ascendet,
2497 4969 2545 5013 et
2570 4961 2842 5028 requiescet
2871 4977 3018 5033 super
3044 4979 3157 5017 eum
3187 4962 3416 5031 Spiritus
3446 4961 3648 5017 Domini

2085 5047 2234 5118 (lsai.
2266 5066 2338 5114 XI,
2384 5049 2458 5117 1).
2492 5051 2622 5118 Quis
2657 5051 2865 5107 dubitet
2901 5068 3120 5122 germen
3162 5056 3229 5108 de
3278 5064 3461 5109 natura
3506 5055 3649 5122 ejus-

2084 5142 2203 5195 dem
2236 5142 2452 5210 virgulti
2477 5142 2614 5197 unde
2643 5144 2959 5214 prorumpit,
3003 5143 3359 5197 subsistentia:
3395 5160 3506 5198 suae
3545 5145 3648 5197 ior-

2085 5247 2224 5286 mam
2252 5233 2524 5301 accipere?
2551 5243 2638 5287 aut
2666 5232 2783 5302 quis
2813 5243 2969 5300 neget
2987 5233 3243 5303 cujusque
3270 5232 3401 5301 ligni
3428 5238 3648 5301 virgam,

2083 5331 2287 5377 natura:
2317 5337 2427 5376 sua:
2452 5324 2688 5393 germina
2718 5324 3044 5394 propagare?
3075 5323 3187 5378 Non
3221 5324 3362 5378 enim
3398 5323 3539 5377 aliud
3583 5339 3650 5378 ex

2082 5413 2208 5475 alio,
2234 5413 2328 5467 sed
2365 5416 2443 5468 sui
2475 5417 2683 5484 generis
2726 5417 2959 5483 Speciem
2995 5414 3410 5486 unumquodque
3453 5416 3651 5483 lignum

2084 5504 2379 5572 producere
2403 5546 2418 5570 ,
2451 5517 2502 5559 et
2535 5507 2725 5561 usitata
2758 5522 2935 5562 rerum
2974 5508 3218 5577 exempla
3270 5517 3553 5573 testantur,
3597 5516 3651 5563 et

2085 5592 2384 5649 divinarum
2436 5597 2731 5651 litterarum
2786 5598 3076 5652 auctoritas
3128 5598 3305 5667 docet,
3331 5613 3448 5667 quas
3491 5599 3560 5651 ita
3597 5598 3652 5653 in

2084 5682 2283 5743 Genesi
2308 5686 2540 5758 loquitur
2574 5707 2584 5740 :
2618 5686 2683 5743 Et
2717 5691 2844 5744 dixit
2874 5690 3044 5747 Deus:
3070 5688 3330 5747 Germiuet
3356 5702 3489 5746 terra
3532 5691 3651 5745 her-
