4040 6184
296 360 401 415 113

1359 346 1655 417 ὩΟΝΤΒΑ
1692 340 2159 426 ΕὉΤΧΟΗΕΤΕΜ
2197 342 2321 395 LIB.
2365 341 2448 395 lll.

3473 344 3573 401 lli

292 468 406 521 bam
424 466 686 524 virentem,
706 466 755 515 et
777 462 1044 530 lactentem
1064 470 1256 520 semen,
1274 463 1319 507 et
1345 454 1536 524 lignum
1554 453 1881 523 pomiferum,
1913 457 1960 511 Α
1993 450 2276 504 ostendere
2307 451 2517 515 volens,
2550 452 2623 505 ait
2651 466 2664 505 :
2698 451 2983 520 Agnum'ea:
3011 450 3208 519 oribus,
3232 452 3301 506 ita
3330 454 3573 510 eamdem

294 561 486 630 faciens
517 556 749 624 fructum
778 554 934 622 juxta
961 565 1117 620 genus
1146 565 1319 614 suum,
1359 557 1408 601 et
1446 548 1596 617 cujus
1622 561 1789 599 semen
1826 544 1880 595 in

294 648 563 716 semetipso
594 644 661 697 sit
706 658 862 712 super
900 649 1105 695 terram.
1139 638 1205 691 Et
1236 642 1427 708 factum
1464 646 1537 690 est
1565 638 1633 689 ita
1655 634 1807 705 (Gen.
1840 650 1880 698 ι,

298 741 406 808 lt).
438 738 494 793 Si
524 750 656 805 ergo
682 734 903 805 generis
944 731 1028 786 sui
1065 746 1129 786 ac
1178 740 1380 786 natura:
1408 745 1517 783 sua:
1546 730 1784 799 germina
1830 735 1881 781 et

296 832 525 885 fructum
559 826 791 898 propriae
818 824 1093 894 qualitatis
1119 838 1182 877 ex
1236 837 1354 876 sese
1381 821 1522 890 ligna
1551 819 1880 889 producunt,

294 936 402 975 non
432 919 655 975 dubium
678 925 765 972 est
785 917 1036 972 Jesseicaa
1062 912 1257 968 radicis
1282 913 1483 981 virgam
1500 953 1514 977 ,
1557 910 1767 965 beatam
1798 912 1883 964 vi-

294 1011 497 1065 delicet
526 1007 772 1072 Mariam,
802 1015 1006 1060 natura:
1028 1020 1139 1058 sua:
1162 1003 1270 1073 26
1297 1017 1537 1071 germen,
1572 1000 1622 1055 id
1661 1011 1746 1056 est
1774 1000 1883 1055 Do-

296 1103 499 1153 minmn
529 1098 712 1152 Jesum
742 1096 1045 1158 Christum,
1074 1108 1137 1146 ex
1167 1107 1277 1145 sua:
1313 1090 1493 1145 carnis
1517 1092 1732 1144 materia
1766 1103 1886 1157 pro-

296 1190 509 1242 tulisse.
548 1187 603 1240 In
634 1188 787 1254 cujus
814 1183 999 1254 inclyti
1049 1181 1367 1235 sacramenti
1424 1182 1771 1256 mysterium,
1801 1194 1886 1232 sa-

292 1276 531 1330 eerdotis
590 1280 769 1327 Aaron
819 1274 964 1341 virga
1040 1270 1240 1339 tib-que
1297 1284 1460 1339 opere
1522 1278 1577 1323 et
1647 1269 1887 1323 subsidio

296 1366 500 1422 terreni
531 1367 732 1429 cultus,
757 1365 962 1433 absque
1005 1362 1276 1417 consuetis
1314 1373 1368 1417 et
1418 1362 1665 1431 legitimis
1692 1364 1887 1417 ruralis

298 1456 588 1513 ministerii
636 1454 929 1519 aiimentis,
970 1456 1024 1509 in
1060 1455 1404 1508 tabernaculo
1451 1455 1671 1510 l‘mderis
1715 1458 1887 1523 posita

299 1549 657 1617 germinavit;
690 1547 979 1601 manifesto
1005 1546 1218 1602 satistet
1251 1559 1437 1617 aperto
1479 1549 1765 1617 designans
1808 1550 1888 1603 in-

297 1642 469 1705 d.cio,
495 1641 723 1695 “ariam
764 1640 1037 1709 Virginem
1077 1641 1277 1708 absque
1309 1642 1528 1707 terreni,
1573 1641 1623 1695 id
1667 1651 1748 1696 est
1794 1642 1891 1696 hu-

300 1734 443 1786 mani
467 1733 695 1787 seminis
722 1733 924 1798 olﬁcio,
962 1730 1231 1786 Christum
1258 1733 1539 1788 Dominum
1574 1735 1884 1804 parituram.

1987 538 2103 592 sine
2132 536 2366 605 humano
2397 540 2605 594 semine
2634 539 3030 609 suscipiendam
3056 541 3454 607 demonstrans.
3478 558 3573 612 per
3606 538 3613 561 '

1988 628 2176 682 Isaiam
2210 630 2417 684 locutus
2444 638 2545 694 est,
2572 629 2758 685 dicens
2785 647 2812 683 :.
2830 628 3021 683 Emitte
3058 646 3249 701 agnum
3283 633 3589 686 άοηιὶιιιιιοο.

1983 730 2307 787 rent-terras,
2361 722 2423 775 de
2469 732 2610 791 petra
2653 722 2859 784 deserti,
2914 723 2982 774 ad
3031 733 3248 775 montem
3294 725 3418 792 ﬁlia:
3446 724 3573 792 Sion

1988 807 2138 879 (lsai.
2163 825 2270 876 xvr,
2308 809 2380 877 1).
2419 809 2487 864 Ut
2534 810 2586 864 in
2632 811 2733 865 hoc
2762 809 2899 880 quod
2941 810 3040 863 iste
3086 826 3253 880 agnus
3282 828 3344 866 ex
3386 812 3575 865 ovibus

1985 900 2182 953 assumi
2216 899 2546 969 prazcipitur,
2594 901 2840 953 humanae
2892 908 3094 953 natura:
3139 901 3335 954 vetitas
3377 916 3575 968 Cogno-

1988 999 2168 1044 sttatur
2192 1008 2203 1041 :
2236 991 2289 1043 in
2318 1005 2385 1045 eo
2412 1001 2590 1045 autent
2614 991 2755 1058 quod
2780 990 2918 1044 idem
2943 990 3009 1044 de
3032 999 3182 1059 petra
3203 992 3373 1045 emitti
3405 1007 3575 1060 agnus

1986 1077 2220 1147 iubetur,
2255 1078 2474 1133 humani
2505 1079 2679 1133 coitus
2706 1094 2766 1133 ac
2797 1079 3018 1133 seminis
3060 1080 3291 1148 suspicio
3339 1079 3576 1150 depella-

1988 1177 2094 1221 tur.
2120 1166 2195 1220 lta
2227 1181 2358 1237 ergo
2387 1168 2461 1221 ait
2488 1182 2683 1236 agnum
2714 1183 2779 1222 ex
2806 1168 3017 1232 ovibus,
3042 1178 3097 1223 et
3130 1168 3340 1222 hazdum
3389 1169 3458 1223 de
3495 1184 3576 1222 ca-

1990 1261 2113 1327 pris,
2143 1269 2196 1314 et
2222 1261 2450 1315 vitulum
2480 1277 2543 1315 es
2576 1262 2766 1327 bobus,
2806 1276 2869 1316 ac
2901 1264 2946 1317 si
2977 1262 3181 1317 diceret
3210 1262 3478 1319 hominem
3508 1279 3575 1318 ex

1990 1349 2313 1403 hominilms.
2337 1350 2488 1416 Quod
2518 1352 2730 1421 quidem
2757 1353 2864 1405 alio
2890 1353 3086 1407 inloco
3103 1353 3310 1424 Moyses
3335 1356 3574 1423 apertius

1988 1440 2123 1495 dixit
2150 1459 2164 1495 :
2194 1441 2505 1513 Pmphetam
2527 1444 2672 1499 vobis
2688 1446 2949 1499 suscitabit
2985 1448 3234 1501 Dominus
3267 1446 3402 1500 Deus
3420 1457 3577 1500 t'ester

1989 1538 2054 1589 de
2073 1539 2322 1608 fratribus
2353 1539 2529 1593 uestris
2559 1540 2690 1593 sicut
2722 1557 2818 1593 me.
2855 1540 3034 1610 Ipsum
3065 1542 3286 1594 audietis
3331 1544 3383 1594 in
3412 1543 3576 1595 omni-

1991 1628 2080 1680 bus
2108 1627 2437 1696 quwlocutus
2460 1628 2612 1696 fuerit
2642 1628 2817 1696 (Deut.
2868 1645 3017 1691 xvm.
3077 1629 3190 1699 15).
3235 1630 3302 1684 Et
3340 1632 3573 1685 iterum:

1942 1726 1947 1729 '
1995 1714 2200 1768 Orietnr
2226 1716 2377 1768 stella
2425 1733 2486 1771 ea:
2512 1716 2697 1784 Jacob,
2739 1730 2785 1773 et
2836 1729 3068 1789 exsurget
3112 1720 3261 1772 homo
3301 1736 3363 1773 ea:
3412 1718 3577 1773 Israel

297 1828 447 1893 Quod
487 1837 540 1882 et
572 1829 624 1881 in
663 1827 886 1881 Daniele
932 1835 1082 1881 certo
1124 1825 1286 1880 futuri
1344 1826 1582 1897 mysterii
1629 1828 1882 1895 pr.esagio

1990 1804 2177 1877 (Nunt.
2216 1822 2363 1871 sxw,
2390 1808 2498 1876 17).
2539 1809 2604 1862 Et
2630 1809 2917 1877 Apostolus
2946 1827 2960 1864 :
2992 1809 3330 1880 Manifestum
3371 1819 3466 1874 est,
3498 1811 3576 1863 itt-

298 1916 707 1971 demonstratur
734 1916 898 1986 (Dan.
930 1932 988 1982 ιι,
1012 1916 1126 1986 54).
1154 1916 1277 1971 dum
1300 1917 1421 1972 sine
1446 1918 1688 1972 manibus
1712 1919 1883 1973 excidi

302 2007 434 2073 lapis
456 2006 527 2062 de
557 2018 742 2063 monte
765 2009 1003 2073 videtur;
1038 2009 1087 2063 id
1128 2018 1209 2063 est
1233 2007 1479 2063 Christus
1514 2010 1627 2063 sine
1667 2009 1884 2064 humani

300 2100 476 2153 coitus
499 2114 689 2166 opere,
719 2099 787 2154 de
818 2099 1048 2168 Virginis
1073 2114 1298 2169 corpore
1328 2100 1626 2155 uascizurus
1650 2101 1888 2154 ostendi-

302 2198 407 2241 tur.
436 2187 573 2252 Quis
620 2196 730 2242 tam
776 2188 987 2242 stolida:
1017 2196 1173 2258 atque
1212 2190 1400 2243 alienae
1438 2189 1633 2242 mentis
1680 2189 1803 2253 erit,
1831 2197 1887 2242 ut

302 2276 534 2345 lap'dem
559 2278 741 2332 credat
766 2278 833 2333 de
863 2286 1043 2331 monte
1088 2283 1207 2332 sine
1248 2278 1493 2332 manibus
1539 2280 1800 2344 excisum,
1833 2287 1895 2332 et

304 2381 408 2420 non
434 2365 625 2421 credat
652 2367 920 2421 Christum
945 2367 1013 2421 de
1041 2382 1270 2437 corpore
1294 2368 1521 2437 Virginis
1543 2368 1887 2424 sine'scminc

306 2440 520 2520 natum;
568 2471 689 2509 cum
734 2458 901 2526 magis
948 2456 1073 2511 illud
1125 2458 1499 2512 tantummodo
1527 2460 1732 2521 visum,
1787 2460 1887 2513 hoc

305 2559 484 2603 autem
522 2549 1055 2605 voracissima-fuerit
1085 2550 1322 2605 factum?
1359 2550 1492 2616 Quia
1536 2559 1592 2604 ut
1637 2550 1888 2604 credere-

310 2650 395 2691 tur
415 2637 560 2706 quod
595 2638 909 2693 mirabiliter
939 2639 1169 2692 biturum
1194 2650 1308 2694 erat
1354 2639 1406 2693 in
1445 2639 1679 2703 Christo,
1728 2641 1888 2692 mira-

306 2728 429 2782 bilis
457 2729 702 2795 ejusdem
752 2728 872 2782 facti
917 2729 1195 2797 przecessit
1232 2729 1441 2798 imago;
1467 2738 1525 2783 ut
1570 2729 1710 2783 sicut
1756 2731 1887 2798 lapis

304 2819 421 2871 sine
442 2817 690 2871 manibus
714 2817 888 2871 excidi
919 2817 986 2870 de
1010 2828 1221 2882 monte,
1249 2828 1302 2873 et
1334 2819 1473 2871 sicut
1508 2818 1652 2887 virga
1682 2820 1884 2887 germi-

306 2922 436 2961 nare
480 2907 653 2976 potuit
688 2906 808 2960 sine
853 2907 1089 2975 cespite,
1140 2906 1224 2961 ita-
1263 2906 1513 2962 Christus
1554 2907 1622 2961 de
1674 2907 1887 2977 Virgine

305 2999 455 3051 nasci
477 2998 709 3066 potuerit
738 2999 855 3052 sine
882 2998 1106 3053 semine.
1135 2998 1291 3066 Quod
1308 2998 1471 3054 etiam
1495 2998 1661 3055 Jacob
1690 3000 1741 3054 in
1777 3002 1887 3055 suis

238 3126 243 3129 -
307 3089 775 3145 benedictionibus
824 3090 1096 3159 declarat,
1147 3090 1272 3145 dum
1312 3090 1415 3146 sub
1461 3104 1689 3161 persona
1734 3090 1887 3146 Judte

1989 1896 2126 1965 quit,
2150 1897 2287 1965 quod
2328 1913 2390 1950 ea:
2431 1897 2575 1951 Iuda
2614 1910 2867 1954 ortus‘est
2911 1899 3163 1954 Dominus
3190 1909 3360 1953 noster
3388 1899 3576 1970 (Hebr.

1988 2000 2085 2051 vn,
2124 1986 2237 2054 M).
2270 1987 2335 2040 Et
2363 1987 2481 2055 ipse
2516 1989 2567 2042 in
2601 1989 2857 2057 propheta
2890 2009 2902 2043 :
2940 1990 3575 2060 Vatiltis,quoniamcars

1987 2094 2185 2132 meaea:
2208 2079 2333 2147 ipsis
2359 2090 2433 2134 est
2455 2079 2635 2151 (Amos
2659 2098 2733 2148 is,
2768 2081 2856 2151 12)
2879 2086 2891 2135 1

2058 2167 2143 2221 Vl.
2186 2169 2485 2237 Manipulus
2537 2186 2749 2241 quoque
2796 2173 3152 2241 piimitiarum
3195 2189 3263 2228 ex
3307 2176 3577 2245 segetibus

1987 2258 2165 2313 oﬁ‘erri
2197 2258 2424 2314 Domino
2464 2269 2525 2333 et
2567 2264 2872 2318 consecrari
2917 2264 3139 2334 iubetur
3180 2265 3371 2333 (Leuit.
3415 2282 3576 2336 χχιιι,

1988 2350 2101 2419 10).
2133 2351 2263 2419 Quis
2301 2361 2478 2408 autem
2519 2354 2724 2409 dubitet
2775 2355 2915 2412 hunc
2952 2357 3575 2428 manipulumvprimitia~

1989 2457 2103 2495 rum
2134 2442 2413 2497 Dominum
2440 2460 2560 2499 esse
2589 2445 2768 2500 Jesum
2798 2446 3092 2506 Christum.
3126 2448 3194 2504 de
3223 2451 3435 2519 quolex
3465 2451 3575 2504 ait:

1993 2532 2152 2585 Omne
2178 2534 2491 2601 primitivum
2530 2536 2669 2606 quod
2716 2540 2881 2605 aperit
2923 2540 3143 2606 uuluam,
3199 2549 3433 2593 sanctum
3468 2540 3571 2594 Do-

1989 2627 2128 2677 mino
2158 2626 2416 2679 vocabitur
2442 2624 2639 2696 (Exod.
2670 2643 2796 2693 xm,
2816 2627 2909 2700 9)?
2942 2631 3094 2686 Unde
3122 2633 3346 2699 angelus
3368 2630 3435 2685 ad
3468 2630 3576 2684 bia-

1990 2716 2122 2771 riam
2158 2736 2169 2769 :
2212 2718 2512 2787 Propterea,
2548 2720 2735 2788 inquit,
2765 2722 2900 2791 quod
2922 2732 3157 2776 nascetur
3176 2740 3237 2777 ea:
3258 2733 3324 2786 te,
3348 2734 3576 2777 sanetum

1988 2808 2262 2872 vocabitur,
2297 2808 2462 2864 Filius
2506 2809 2603 2863 Dei
2644 2810 2796 2879 (Luc.
2834 2827 2881 2878 ι,
2911 2810 3024 2880 ‘55).
3057 2812 3156 2867 llic
3182 2806 3368 2880 itaque
3407 2812 3575 2867 mani-

1990 2901 2164 2973 pulus,
2204 2917 2269 2956 ex
2314 2909 2494 2970 segete
2522 2904 2698 2970 gentis
2742 2902 3052 2958 Judatorum
3096 2913 3423 2971 assumptus,
3468 2904 3576 2959 Deo

1991 2993 2133 3048 Patri
2161 3002 2246 3049 est
2268 3008 2361 3063 per
2387 2996 2691 3063 passionem
2722 2994 2909 3049 mortis
2934 2996 3147 3050 oblatus
3177 3014 3190 3049 :
3221 2994 3411 3065 dequo
3432 2997 3577 3064 Apo-

1990 3083 2192 3138 stolus:
2225 3083 2500 3149 Primitiw,
2524 3084 2715 3155 inquit,
2735 3085 3097 3140 dormientium
3122 3085 3359 3141 Christus
3382 3085 3434 3157 (ι
3458 3087 3575 3141 Cor.

308 3182 645 3250 prophetiam
670 3188 821 3251 aptat
845 3189 899 3236 et
920 3180 1101 3250 dirigit
1128 3181 1182 3235 in
1212 3180 1511 3247 Christum,
1550 3181 1732 3235 dicens
1756 3198 1769 3234 :
1804 3180 1884 3234 Eu
1913 3180 1958 3241 C
1990 3190 2080 3239 xv,
2103 3175 2219 3241 20).
2265 3176 2329 3229 Et
2372 3175 2567 3230 iterum
2595 3193 2609 3227 :
2644 3175 2862 3230 Initium
2889 3176 3123 3231 Christus
3151 3193 3171 3231 :
3198 3178 3385 3232 deinde
3409 3180 3463 3233 hi
3484 3195 3575 3249 qut

307 3272 530 3341 germine
560 3271 683 3323 mihi
712 3271 983 3324 ascendisti
1018 3269 1167 3340 (Cen.
1209 3286 1360 3335 sua,
1400 3269 1479 3336 9).
1520 3269 1636 3324 Non
1682 3270 1775 3338 ait,
1820 3285 1886 3324 es

307 3361 534 3425 semine,
558 3359 651 3415 Sed
675 3376 740 3415 ex
762 3362 1031 3430 germine;
1064 3361 1206 3415 illius
1230 3361 1347 3415 sine
1372 3360 1533 3415 dubio
1563 3361 1746 3431 virgae,
1769 3378 1888 3429 qua:

307 3450 371 3501 de
398 3447 555 3503 Iesse
592 3458 708 3502 orta
749 3449 956 3514 radice,
1000 3465 1138 3504 novo
1180 3450 1419 3505 miraculi
1463 3466 1681 3520 genere,
1728 3450 1884 3507 Chri-

306 3553 443 3596 stum
469 3542 749 3597 Dominum
777 3544 1115 3614 germinavit.

376 3633 439 3687 V.
479 3634 765 3689 Videamus
791 3643 968 3689 autem
998 3644 1052 3689 et
1072 3643 1293 3689 caeteras
1321 3634 1726 3701 similitudines,
1768 3634 1885 3702 qui-

306 3728 400 3781 bus
421 3730 726 3782 ostendtur
752 3729 1029 3793 Christus,
1071 3744 1133 3781 ex
1165 3728 1438 3781 hominum
1475 3744 1670 3797 genere
1705 3729 1883 3782 Carnis

303 3820 665 3888 assumpsisse
712 3830 979 3873 naturam.
1037 3819 1268 3873 Vitulum
1324 3833 1453 3887 ergo
1516 3818 1597 3870 vel
1654 3817 1881 3881 bovem,

302 3927 493 3977 agnum
535 3922 591 3965 et
638 3910 849 3963 Ita-dum
902 3910 1147 3963 euuidem
1195 3910 1474 3962 Dominum
1520 3907 1879 3975 appellatum,

300 4018 397 4056 nec
427 4004 530 4072 ipsi
557 4002 756 4058 audent
783 4000 1019 4055 heretici
1049 3999 1335 4068 denegare.
1368 3998 1570 4067 Legam
1613 3997 1793 4069 itaque
1828 4007 1884 4052 et

302 4093 597 4157 invenient,
633 4094 686 4145 in
716 4090 980 4161 principio
1030 4089 1251 4144 Levitici
1292 4088 1437 4158 (Cap.
1486 4104 1525 4154 1,
1565 4088 1645 4157 2),
1691 4090 1782 4145 ubi
1828 4092 1881 4146 iu

302 4180 796 4249 mysterio-futura:
825 4179 1089 4249 passionis
1115 4178 1309 4233 vitulus
1354 4177 1421 4232 ad
1467 4178 1661 4232 ostium
1708 4180 1883 4235 taber-

302 4270 477 4324 naculi
511 4269 805 4325 testimonii
832 4268 1096 4324 immolari
1126 4268 1463 4337 praecipitur,
1495 4281 1602 4321 non
1625 4267 1883 4335 simplici-

304 4370 382 4413 ter
412 4362 665 4427 vitulum,
691 4360 784 4416 sed
810 4360 1033 4416 vitulum
1072 4376 1136 4415 ex
1171 4360 1343 4415 bobus
1390 4358 1664 4427 appellari.
1697 4357 1749 4411 ιιι
1778 4374 1882 4425 quo

302 4450 480 4519 utique
505 4449 801 4517 Christum,
836 4465 943 4504 non
970 4460 1028 4504 ut
1050 4450 1318 4506 haereticis
1346 4450 1559 4519 placet,
1594 4464 1787 4518 corpus
1814 4449 1882 4504 de

1990 3275 2106 3318 sunt
2134 3264 2323 3319 Christi
2353 3265 2540 3334 (Ibit,
2570 3262 2687 3333 2'5).
2721 3264 2893 3333 Cujus.
2916 3267 3080 3321 oblati
3113 3266 3373 3336 manipuli
3399 3282 3575 3323 resuta

1988 3358 2241 3414 rectionis
2271 3360 2482 3414 initium
2509 3358 2710 3428 Joseph
2755 3360 2917 3414 etiam
2964 3360 3019 3415 in
3065 3372 3160 3416 sua
3191 3361 3400 3417 visione
3427 3361 3572 3417 desi-

1987 3461 2134 3521 gnat,
2166 3451 2353 3505 dicens
2380 3468 2394 3505 :
2427 3451 2678 3507 Videbam
2699 3453 2965 3524 ligaretnos
2993 3454 3048 3507 in
3064 3471 3246 3523 cantpo
3262 3455 3574 3526 manipulos,

1986 3552 2033 3595 et
2073 3542 2356 3596 surrexisse
2382 3544 2704 3614 manipulum
2733 3561 2918 3612 meum,
2954 3556 3246 3616 vestrosque
3288 3547 3575 3616 manipulos

1986 3634 2095 3703 28
2118 3633 2331 3687 adorare
2356 3634 2678 3698 manipulum
2699 3651 2867 3689 meum
2894 3634 3057 3707 (Gens
3084 3653 3263 3691 xxxv"
3283 3678 3298 3703 ,
3322 3638 3400 3706 7).
3421 3638 3573 3704 Quod

1987 3725 2038 3777 in
2076 3724 2362 3793 Evangelia
2397 3726 2833 3780 manife~tissime
2878 3729 3148 3783 cernimus
3197 3729 3571 3797 adimpletum,

1985 3829 2104 3868 cum
2135 3829 2419 3883 resurgens
2448 3833 2477 3869 a
2521 3817 2749 3871 mortuis
2789 3816 3066 3882 Dominus,
3098 3834 3126 3871 a
3158 3820 3437 3888 discipulis
3459 3822 3572 3875 suis

1986 3905 2178 3974 legitur
2207 3906 2456 3961 adoratus
2483 3907 2696 3975 (Matth.
2741 3924 2897 3962 xxvm
2920 3949 2936 3975 ,
2963 3911 3042 3976 9).
3087 3910 3234 3965 Sicut
3269 3920 3325 3966 et
3361 3913 3413 3965 in
3443 3926 3568 3966 cou-

1985 3998 2345 4050 summatiouc
2371 3998 2739 4066 smeuli(quod
2769 4000 2911 4053 illius
2939 4000 3112 4068 campi
3136 4001 3401 4069 signiﬁcat
3428 4018 3567 4057 rues.

1984 4086 2081 4153 sis)
2108 4088 2176 4140 ab
2196 4087 2444 4143 omnibus
2469 4088 2518 4141 in
2549 4087 2719 4142 forma
2749 4092 2909 4155 servi,
2939 4091 3091 4159 cujus
3119 4093 3421 4161 manipulus
3448 4109 3568 4162 ges~

1984 4178 2053 4231 sit
2115 4178 2420 4245 imaginem,
2475 4178 2780 4235 adorandus
2832 4182 2901 4234 sit
2953 4192 3007 4237 et
3038 4181 3298 4238 videndus
3349 4184 3566 4253 (Matth.

1985 4285 2136 4332 XXIV,
2169 4271 2280 4340 30).
2318 4270 2454 4325 Sunt
2480 4282 2536 4325 et
2574 4271 2676 4324 alia
2712 4272 2873 4326 multa
2907 4276 2956 4327 in
3007 4275 3187 4343 ﬁguris
3217 4284 3267 4329 et
3299 4275 3352 4329 in
3382 4277 3567 4331 simili.

1985 4361 2252 4414 tudinibus
2280 4370 2480 4427 aptata,
2510 4377 2630 4431 quae
2667 4360 2935 4417 Christum
2971 4365 3210 4419 indicant
3241 4382 3303 4420 es
3338 4367 3566 4422 homini-

1988 4453 2084 4506 bus
2103 4451 2281 4505 carnis
2312 4450 2563 4505 habuisse
2593 4461 2860 4507 naturam.
2894 4453 2998 4509 Sed
3032 4470 3107 4510 ne
3137 4456 3258 4509 hinc
3289 4455 3565 4523 Photinus,

301 4540 437 4594 coelo
480 4536 795 4608 deduxisse,
852 4541 947 4596 sed
1000 4557 1066 4595 ex
1117 4541 1390 4596 hominum
1432 4556 1629 4610 genere
1663 4557 1876 4595 carnem
1909 4554 1957 4613 ι)
1983 4552 2035 4595 et
2067 4541 2114 4595 ei
2147 4540 2368 4605 similes,
2399 4541 2735 4595 occasionem
2765 4543 3058 4597 nutrienda:
3097 4544 3336 4613 perﬁdia:
3363 4562 3567 4601 conen-

302 4634 692 4701 assumpsisse,
739 4634 996 4703 propheta
1049 4635 1402 4690 demonstrat.
1433 4636 1563 4689 Nam
1597 4635 1883 4690 suﬂ‘ecerat

301 4722 482 4777 dicere
511 4724 775 4789 vitulum;
803 4724 926 4793 quid
958 4739 1183 4780 necesse
1211 4725 1311 4779 fuit
1334 4725 1550 4791 addere,
1584 4741 1651 4780 ex
1686 4726 1883 4782 bobus?

298 4811 431 4875 Quis
458 4813 603 4866 enim
629 4796 862 4871 nesciret
894 4831 961 4870 ex
993 4815 1163 4870 bobus
1190 4817 1409 4870 vitulum
1453 4820 1636 4873 nasci?
1670 4819 1780 4874 Nisi
1826 4830 1885 4875 ut

298 4901 643 4969 ostenderet,
702 4905 805 4973 27
859 4905 1126 4959 Christum
1183 4921 1399 4960 carnem
1456 4922 1520 4963 ex
1579 4909 1881 4966 [nominibus

296 4988 638 5045 habiturum?
666 4994 932 5048 Abraham
960 4998 1119 5050 etiam
1152 4996 1307 5065 hujus
1337 5014 1440 5052 non
1473 5000 1668 5055 inscius
1696 5018 1878 5059 sacra-

291 5078 484 5147 menti,
515 5080 741 5137 situlum
768 5082 835 5138 de
857 5096 1100 5138 armento
1131 5086 1359 5153 elegisse
1388 5086 1873 5158 describitur(Gen.

293 5184 449 5235 sun,
476 5170 561 5239 7),
592 5187 753 5241 quem
775 5173 827 5226 in
860 5182 987 5245 typo
1008 5174 1289 5230 dominica:
1319 5178 1582 5244 passionis
1611 5180 1875 5237 occidisse

290 5263 648 5330 dignoscitur.
678 5263 785 5319 Sed
814 5276 871 5321 et
894 5282 1086 5335 agnum
1120 5269 1187 5323 de
1226 5265 1436 5334 ovibug
1469 5280 1522 5327 et
1561 5273 1770 5326 bardum
1807 5275 1873 5329 de

287 5354 468 5417 capris
495 5368 767 5425 synagoga
795 5356 990 5411 oﬁ‘erre
1020 5359 1345 5429 prmcipitur.
1380 5359 1484 5415 Per
1512 5362 1650 5429 quod
1692 5363 1873 5431 utique

284 5441 525 5509 Spiritus
549 5443 779 5499 Sanctus
808 5444 1045 5512 perﬁdia:
1067 5449 1377 5503 occasiones
1404 5449 1640 5505 adimere
1665 5452 1869 5519 volens,

281 5534 528 5598 apertius
552 5542 609 5588 et
634 5536 944 5604 expressius
970 5536 1167 5592 Christi
1217 5553 1432 5593 carnem
1473 5555 1535 5595 ex
1570 5543 1873 5598 hom'nibus

281 5626 693 5693 assumendam,
719 5624 803 5679 his
831 5625 1117 5681 verborum
1151 5628 1536 5698 adjectionibus
1558 5630 1867 5686 declaravit.

279 5717 459 5780 Quam
514 5724 697 5773 tamen
751 5716 892 5772 sicut
947 5730 1013 5773 ex
1069 5718 1345 5776 hominum
1401 5736 1595 5792 genere
1644 5721 1870 5779 laturam

1986 4641 2070 4688 tur
2098 4632 2360 4701 arripere,
2395 4632 2534 4698 quod
2576 4632 2658 4687 his
2684 4634 3001 4690 testimoniis
3049 4650 3173 4689 una.
3200 4640 3567 4694 tantummodo

1984 4723 2160 4778 carnis
2188 4722 2390 4778 Christi
2418 4725 2628 4779 \idctur
2662 4726 2928 4781 declarari
2968 4738 3191 4793 natura;
3231 4744 3568 4801 consequens

1985 4825 2039 4869 et
2069 4816 2193 4870 ﬁdei
2224 4818 2585 4871 necessatium
2627 4817 2789 4881 duco,
2834 4820 2924 4874 illa
2973 4821 3134 4875 etiam
3192 4823 3455 4891 replicare
3506 4840 3569 4881 ac

1987 4904 2227 4974 proferre
2267 4908 2592 4972 testimonia,
2639 4923 2758 4975 qua:
2788 4918 3087 4980 utramque,
3128 4912 3180 4966 id
3212 4922 3291 4967 est
3332 4914 3564 4969 divinam

1987 5005 2043 5049 ct
2066 4994 2371 5061 humanam,
2388 4996 2455 5077 ⁸ῇιι
2488 5012 2594 5051 uno
2622 4998 2837 5053 Christo
2862 5000 3055 5056 docent
3083 5018 3201 5057 esse
3229 5012 3494 5059 naturam.

2054 5085 2163 5140 VII.
2205 5085 2340 5139 Dicit
2366 5101 2497 5155 ergo
2526 5088 2816 5155 Apostolus
2850 5092 2991 5159 quod
3022 5108 3210 5148 omnes
3240 5093 3565 5149 benedictio-

1982 5191 2107 5229 uum
2141 5177 2552 5247 promissioncs,
2577 5195 2696 5249 qua
2726 5184 3003 5251 prophetia
3045 5194 3100 5240 et
3135 5185 3253 5254 lege
3286 5188 3563 5241 continen—

1983 5275 2086 5333 tur,
2118 5268 2183 5321 ad
2211 5266 2409 5321 Christi
2443 5270 2710 5338 pertinent
2735 5284 3150 5330 sacramentum.
3183 5275 3314 5337 Nam
3345 5276 3417 5328 ita
3449 5276 3559 5327 ait:

1982 5357 2240 5428 Quotquot
2262 5360 2392 5412 enim
2421 5362 2780 5430 promissiones
2808 5375 2950 5433 sunt,
2984 5369 3035 5419 in
3056 5372 3164 5437 ipso
3189 5377 3302 5419 sunt
3324 5365 3409 5432 (II
3439 5367 3560 5425 Cor.

1979 5464 2026 5514 ι,
2056 5449 2172 5520 20).
2204 5449 2490 5505 Videamus
2539 5452 2717 5524 itaque
2764 5459 3033 5524 quomodo
3081 5462 3162 5510 han
3202 5473 3388 5513 otuues
3442 5476 3562 5528 pro-

1981 5541 2291 5597 missionum
2326 5543 2747 5613 benedictiones,
2790 5550 3027 5619 mysticis
3059 5549 3109 5602 in
3141 5549 3356 5606 Christo
3379 5553 3560 5623 ﬁguris

1980 5644 2269 5704 aptentur;
2327 5646 2381 5690 ct
2430 5636 2500 5690 ibi
2547 5639 2875 5707 reperiemus
2908 5641 3179 5708 utriusque
3223 5656 3559 5701 sacramenta

1982 5738 2183 5786 natura:
2214 5728 2330 5782 lucc
2360 5728 2556 5783 clarius
2585 5729 2837 5784 emicare.
2880 5734 3011 5798 Quia
3044 5743 3154 5789 rata
3186 5746 3240 5791 et
3270 5735 3419 5793 ﬁrma
3466 5740 3557 5794 ba.
