4040 6184
455 325 552 381 “5

1788 323 2013 379 VlClLll
2053 314 2414 383 IWSENSIS

3615 332 3711 386 ιιε

451 439 767 497 uedietionis
795 442 1080 511 promissio
1104 458 1220 498 esse
1247 448 1351 497 non
1385 447 1614 510 peierat,
1644 437 1744 493 nisi
1776 437 2027 507 perfecta:
2057 440 2105 498 Α
2133 438 2303 506 (Psat.
2339 455 2491 509 Lavi,
2537 440 2614 511 7).
2661 442 2791 510 Quae
2837 452 2917 498 est
2949 451 3089 498 terra
3125 456 3244 511 qua:
3289 443 3519 498 fructum
3552 445 3715 499 bene.-

455 534 573 589 Iidei
601 548 704 604 qua
725 533 971 589 Christus
999 534 1139 588 Deus
1179 544 1230 588 et
1261 533 1422 588 homo
1447 533 1655 586 futurus
1681 529 2034 583 annuntiaba-

456 635 561 689 tur,
610 625 916 679 contineret
969 639 1245 679 arcanum.
1295 622 1622 677 Beuedicens
1667 623 1845 689 itaque
1891 619 2035 672 Isaac

457 717 757 784 patriarcha
789 715 953 770 Iacob
991 725 1046 770 et
1081 717 1220 769 Esau
1261 716 1399 768 ﬁlios
1431 729 1586 776 suos,
1620 713 1683 765 ad
1728 711 1894 766 Jac-ob
1923 712 2036 779 qui-

458 809 580 862 dem
612 810 689 861 sic
720 808 929 861 locutus
953 816 1056 870 est,
1091 807 1273 860 dicens
1302 823 1314 860 :
1352 805 1481 858 Ecce
1509 805 1631 857 odor
1662 803 1758 871 ﬁlii
1781 803 1878 854 mei
1908 803 2038 854 sicut

460 901 587 953 odor
612 900 723 969 agri
774 900 856 951 cui
900 898 1151 952 benedixit
1205 896 1363 950 Deus.
1415 895 1508 948 Det
1560 895 1650 947 tibi
1700 892 1948 945 Dominus
1979 889 2042 943 de

467 1005 572 1043 rore
603 991 734 1051 cwli,
778 999 828 1042 et
882 991 944 1042 de
986 989 1295 1057 pinguedine
1338 997 1486 1040 terra:
1533 985 1904 1038 abundantiam
1931 985 2041 1051 {ru-

459 1083 642 1146 menti,
671 1081 775 1134 vini
832 1091 879 1136 et
909 1082 1007 1134 olei
1031 1079 1185 1151 (Cen.
1233 1095 1371 1143 xvu,
1400 1077 1514 1148 27).
1549 1077 1624 1131 Ad
1673 1077 1809 1129 Esau
1863 1087 1992 1126 vero
2024 1089 2037 1126 :

461 1168 528 1224 In
556 1172 861 1243 pinguedine
891 1180 1056 1233 teme,
1083 1179 1128 1223 et
1162 1172 1212 1222 in
1241 1185 1353 1223 rore
1380 1169 1490 1221 caeli
1518 1168 1615 1221 erit
1647 1164 1926 1219 benedictio
1954 1173 2043 1215 tua

464 1260 650 1330 (lbid.,
691 1261 802 1330 39).
838 1259 974 1328 Quid
1015 1261 1273 1330 apertius,
1313 1259 1508 1329 quidve
1535 1256 1760 1311 lucidius
1787 1255 1855 1309 de
1891 1263 2040 1307 utra-

461 1368 564 1421 que
591 1351 789 1406 Christi
818 1364 1006 1406 natura
1034 1349 1204 1420 potuit
1241 1350 1502 1419 prolerri?
1542 1346 1814 1416 Siquidem
1846 1345 1898 1398 in
1921 1357 2044 1398 rore

461 1443 605 1511 coeli,
655 1441 929 1506 Verbum;
986 1442 1038 1496 in
1084 1450 1239 1496 terrm
1291 1448 1468 1494 autem
1524 1435 1866 1506 pinguedine,
1916 1447 2045 1488 caro

461 1537 578 1603 ejus
602 1535 888 1606 significari
935 1543 1285 1588 monstratur.
1339 1531 1506 1587 Jacub
1553 1539 1731 1584 autem
1781 1537 1835 1582 et
1877 1528 2041 1591 Esau,

464 1627 642 1695 populi
669 1626 904 1695 gentium
940 1633 996 1679 et
1022 1622 1327 1678 Judaiorum
1359 1632 1542 1676 tenere
1569 1621 1815 1690 ﬁguram,
1842 1617 2043 1670 nullum

462 1718 654 1786 opinor
699 1714 971 1785 ambigere
1010 1713 1397 1770 Christianum.
1432 1712 1638 1766 Primus
1667 1726 1795 1780 ergo
1821 1708 2045 1778 populus

2137 530 2386 584 dictionis
2419 531 2597 599 dedit,
2628 533 2727 589 nisi
2757 534 2941 600 Maria,
2971 536 3054 602 cui
3083 535 3313 592 dicitur:
3341 533 3609 590 Benedicta
3639 547 3712 601 tu,

2139 630 2186 674 et
2215 621 2501 676 benedictus
2524 623 2718 693 fructus
2747 625 2854 695 30
2881 620 3068 678 ventris
3115 627 3192 678 tui
3235 625 3385 695 (Luc.
3419 643 3457 692 t,
3492 627 3618 696 i2)?
3651 627 3716 680 Et

2141 713 2191 763 in
2232 711 2467 767 Genesi:
2512 713 2916 778 Benezlictioncs,
2968 715 3159 784 inquit,
3212 715 3424 770 uberum
3477 725 3522 770 et
3560 721 3719 770 rulrw

2142 799 2294 868 (Gen.
2327 816 2475 867 ιιιι,
2504 802 2632 869 ’25)?
2655 803 2720 856 Et
2743 805 2792 856 in
2819 803 3048 860 Psalmis
3076 820 3088 856 :
3123 802 3249 859 Filii
3279 821 3488 872 nterces,
3523 806 3719 875 fructus

2141 895 2325 948 ventris
2356 893 2528 964 (Psal.
2579 911 2733 951 cuvr
2761 939 2774 962 ,
2815 895 2906 965 3)?
2955 896 3060 952 Et:
3096 896 3172 950 De
3216 900 3385 965 [ructu
3430 898 3615 951 uentris
3646 899 3718 951 tui

2143 998 2327 1049 ponant
2357 999 2509 1053 super
2534 983 2703 1038 sedem
2731 993 2870 1038 tuam
2897 983 3069 1053 (PsaL.
3100 985 3282 1055 cum)
3307 987 3328 1040 ?
3363 985 3437 1040 De
3463 1001 3569 1054 quo
3611 987 3718 1040 {ru-

2143 1082 2231 1126 ctu
2290 1074 2375 1127 hic
2415 1074 2560 1128 idem
2613 1075 2752 1129 sacri
2793 1075 3046 1130 carminis
3071 1085 3256 1130 auctor
3301 1076 3353 1129 in
3384 1077 3486 1130 alio
3515 1077 3720 1145 psalmo

2143 1164 2377 1218 concinit
2403 1180 2420 1221 :
2455 1165 2654 1218 Veritas
2681 1166 2744 1218 de
2787 1174 2921 1219 terra
2953 1177 3063 1218 orta
3095 1174 3189 1230 est,
3215 1175 3262 1219 et
3278 1166 3479 1237 justitia
3506 1167 3569 1219 de
3596 1167 3720 1220 creto

2145 1257 2422 1324 prospexit.
2449 1254 2652 1310 Etenim
2677 1255 2923 1309 Dominus
2950 1256 3087 1310 dabit
3111 1256 3482 1326 benignitatem,
3513 1267 3558 1310 et
3589 1266 3724 1310 terra

2146 1354 2318 1398 nostra
2346 1345 2484 1400 dabit
2511 1349 2730 1414 fructum
2751 1361 2902 1399 suum
2933 1343 3104 1416 (Psal.
3133 1361 3350 1412 Lautv,
3381 1346 3508 1416 I2)?
3535 1346 3590 1400 ln
3618 1362 3723 1416 quo

2146 1437 2421 1490 evidenter
2447 1436 2721 1506 utriusque
2748 1445 2950 1494 natura:
2971 1437 3361 1492 confessionem
3392 1439 3715 1507 praedicans.

2147 1525 2470 1594 perfidorum
2492 1541 2584 1581 ora
2625 1527 2891 1592 obtundit,
2943 1528 3072 1582 dum
3122 1530 3408 1584 veritatem
3464 1530 3531 1584 de
3585 1539 3723 1584 terra

2149 1633 2346 1682 ortam,
2394 1629 2446 1671 et
2493 1617 2754 1686 justitiam
2801 1619 2869 1673 de
2931 1619 3070 1673 coelo
3118 1620 3314 1673 asserit
3363 1623 3722 1690 prospexisse.

2148 1709 2278 1774 Quia
2310 1708 2551 1763 Christus
2593 1723 2658 1762 ex
2708 1716 2935 1776 utroque
2981 1709 3331 1766 substantiam
3383 1709 3607 1773 habens,
3658 1710 3727 1765 de

463 1806 719 1873 gentium,
739 1806 894 1876 cujus
918 1805 1084 1860 Jacob
1111 1801 1484 1873 praeformabat
1513 1803 1821 1871 imaginem,
1862 1815 1891 1854 a
1921 1813 2044 1854 rore
2075 1799 2119 1858 Β
2147 1800 2286 1855 coelo
2316 1801 2542 1866 scilicet,
2572 1801 2694 1869 quia
2725 1800 2790 1855 de
2815 1800 2972 1855 Patre
2991 1800 3238 1869 genitus;
3263 1800 3328 1856 de
3353 1811 3491 1854 terra
3525 1813 3726 1863 autem,

464 1897 583 1950 ραιιί
615 1905 668 1950 et
700 1911 728 1950 a
760 1897 1082 1966 pinguedine
1117 1906 1303 1960 teme,
1340 1893 1392 1948 id
1429 1901 1513 1947 est
1551 1891 1767 1946 Christo
1789 1932 1803 1955 ,
1830 1889 1918 1959 qui
1959 1897 2045 1943 est

469 1986 608 2040 Duos
650 1995 706 2040 et
751 1987 932 2049 homo,
983 1984 1372 2039 benedictionis
1404 1982 1627 2036 sortitus
1655 1979 1902 2048 gratiam.
1937 1978 2047 2032 Iru-

469 2077 657 2146 menti,
685 2084 740 2130 et
760 2075 892 2142 viui,
918 2083 971 2130 et
997 2074 1100 2129 olei
1131 2083 1214 2129 est
1228 2072 1550 2128 abundantia
1581 2071 1687 2141 29
1712 2068 2046 2131 cumulatus;

469 2167 520 2222 id
548 2175 631 2222 est
665 2166 907 2236 corporis
953 2173 1010 2219 et
1059 2165 1336 2234 sanguinis
1378 2161 1602 2228 Christi,
1648 2169 1705 2216 et
1743 2157 2047 2215 chrismatis

467 2261 581 2323 ejus
608 2258 866 2329 mysterio
892 2267 1256 2312 consecratus.
1282 2255 1444 2324 Cujus
1476 2255 1628 2308 trina:
1660 2248 2049 2306 benedictionis

471 2349 811 2418 multiplicem
838 2348 1091 2418 gratiam,
1135 2346 1302 2401 David
1340 2347 1500 2400 etiam
1539 2358 1694 2399 sacro
1723 2355 2049 2397 commemo-

470 2449 550 2492 rat
582 2439 840 2504 carmine,
867 2439 1052 2494 dicens
1082 2457 1096 2492 :
1141 2438 1184 2492 A
1211 2445 1432 2509 tempore
1459 2436 1718 2506 frumenti,
1749 2435 1852 2486 uini
1879 2442 1926 2486 et
1951 2432 2048 2486 olei

473 2534 547 2587 sui
594 2532 916 2601 multiplicati
955 2542 1074 2588 sunt
1118 2530 1290 2603 (Psol.
1343 2545 1416 2598 tv,
1450 2530 1526 2598 8).
1585 2530 1720 2584 Esau
1750 2537 1927 2583 autem
1958 2527 2046 2594 qui

471 2626 616 2690 prior
643 2623 934 2678 secundum
963 2637 1179 2690 carnem
1219 2622 1389 2676 fuerat
1423 2631 1600 2684 natus,
1630 2629 1811 2690 typum
1842 2617 2048 2672 Judaici

471 2713 649 2781 populi
676 2714 1018 2782 apertissime
1040 2721 1280 2783 gestans,
1312 2712 1438 2767 dum
1466 2711 1518 2766 in
1539 2725 1670 2780 agro
1694 2710 1826 2778 legis
1851 2709 2051 2761 diutius

473 2808 802 2871 immoratur,
847 2806 992 2876 vagis
1039 2813 1095 2860 et
1138 2804 1412 2874 fugacibus
1457 2801 1751 2859 carnalium
1796 2815 2050 2856 sensuum

473 2899 723 2952 iusiSIens
765 2896 1066 2963 venatibus,
1099 2895 1184 2952 vel
1213 2895 1534 2950 transitoriis
1579 2893 1710 2963 legis
1756 2891 1961 2946 umbris
1991 2900 2046 2944 et

472 2989 792 3058 imaginibus
835 2988 1232 3054 obsecundans,
1279 3000 1470 3043 servus
1517 2986 1664 3041 venit
1707 2984 1774 3038 ad
1826 2983 2051 3052 gratiam

469 3078 627 3147 (Gen.
659 3094 787 3143 xxv,
808 3078 922 3146 Ξῖ).
956 3079 1071 3145 Ipse
1099 3085 1184 3131 est
1213 3076 1301 3131 ille
1319 3076 1659 3145 evangelicus
1679 3071 1859 3128 senior
1888 3071 2049 3136 ﬁlius,

471 3169 557 3235 qui
599 3167 724 3221 dum
764 3165 921 3229 ruris,
955 3165 1006 3219 id
1035 3172 1120 3220 est
1147 3165 1278 3233 legis
1307 3165 1566 3220 exercitio
1594 3168 1908 3230 occupatur,
1939 3159 2051 3213 ala-

471 3258 645 3312 t-riore
685 3256 914 3325 iunioris
959 3255 1219 3310 industria
1259 3249 1608 3324 pratvenitur,
1647 3251 1873 3320 saginati
1901 3248 2050 3303 vituli

474 3348 727 3401 carnibus
747 3345 1092 3402 defraudatur
1119 3345 1273 3414 (Luc.
1301 3344 1423 3415 xv).
1458 3345 1624 3399 Cas~o
1652 3343 1812 3412 igitur
1830 3351 1885 3396 et
1907 3341 2049 3397 inani
2080 3375 2081 3380 η

475 3443 824 3511 semet‘psum
868 3439 1052 3496 labore
1096 3447 1404 3502 conterens,
1450 3437 1600 3494 audit
1630 3452 1660 3490 a
1690 3445 1839 3506 patre
1872 3453 1884 3488 :
1921 3434 2051 3490 Fru-

474 3541 582 3586 stra
617 3534 668 3585 in
705 3531 789 3586 his
819 3531 1072 3586 omnibus
1101 3524 1406 3593 exerceris,
1455 3538 1512 3585 et
1563 3529 1698 3583 ultra
1751 3538 2052 3594 temporum

475 3623 837 3678 conditionem
877 3621 1028 3694 (Cod.
1077 3620 1231 3694 Reg.,
1281 3617 1761 3688 constitutionem),
1807 3615 2051 3686 legalium

475 3714 814 3768 decretorum
863 3711 1200 3783 dogmatibus
1239 3711 1518 3780 occuparis
1551 3727 1562 3762 :
1610 3709 1876 3763 arbitrans
1907 3715 1959 3761 te
1987 3720 2055 3762 ex

479 3805 595 3873 lege
624 3803 1016 3859 benedictionis
1050 3803 1276 3872 gratiam
1316 3801 1573 3870 consequi
1622 3813 1810 3868 posse;
1851 3812 1974 3853 cum
2000 3805 2056 3851 et

477 3907 688 3966 tempus
730 3895 962 3951 carnalis
993 3894 1344 3951 observandas
1388 3894 1520 3965 legis
1559 3906 1837 3947 emensum
1867 3892 1971 3954 sit;
1999 3898 2055 3945 et

478 4006 574 4060 pro
620 3989 1044 4058 impossibilitate
1099 3988 1411 4059 perﬁciendi
1456 4003 1576 4058 qua:
1628 3988 1744 4057 lege
1770 3985 2053 4056 iubentur,

476 4101 581 4140 non
613 4096 720 4139 tam
749 4084 1171 4140 benedictionem
1202 4098 1360 4154 quam
1391 4081 1822 4139 maledictiouem
1851 4095 2058 4149 praeva-

480 4179 740 4232 ricatores
787 4175 919 4246 legis
967 4175 1210 4245 ejusdem
1258 4175 1570 4232 sortiantur.
1624 4173 1757 4240 Quia
1800 4173 2056 4241 scriptum

476 4276 562 4323 est
591 4286 605 4322 :
662 4267 970 4322 Maledictus
1003 4267 1164 4320 omnis
1191 4266 1276 4333 qui
1305 4281 1405 4320 non
1436 4266 1770 4335 permanserit
1809 4263 1861 4315 in
1889 4261 2056 4315 omni-

480 4363 571 4414 bus
595 4372 706 4428 quat
743 4360 933 4426 scripta
959 4365 1074 4411 sunt
1117 4358 1172 4410 in
1223 4357 1329 4427 lege
1361 4356 1515 4429 (Deut
1565 4369 1740 4414 xxvn.
1789 4352 1902 4422 ‘26).
1935 4351 2060 4406 Ideo

478 4451 617 4506 scire
646 4449 810 4504 debes
838 4449 976 4519 quod
1009 4451 1064 4502 in
1094 4449 1416 4517 pinguedine
1446 4457 1604 4504 terra:
1633 4457 1688 4501 et
1715 4448 1764 4500 in
1796 4461 1920 4501 rore
1943 4459 2056 4501 cce-

479 4539 546 4605 li,
580 4539 631 4594 id
658 4551 738 4594 est
767 4540 820 4593 in
848 4538 1094 4602 Christo,
1136 4539 1310 4592 futura
1342 4539 1410 4592 sit
1439 4537 1741 4592 benedictio
1772 4548 1882 4592 tua.

553 4629 686 4684 VIII.
727 4628 894 4685 Iacob
919 4630 1078 4684 etiam
1109 4629 1430 4684 benedicens
1449 4628 1647 4697 Ioseph
1682 4628 1845 4682 filium
1873 4642 2052 4696 suum,

481 4720 550 4774 ab
574 4719 733 4787 hujus
759 4720 1080 4774 sacramenti
1111 4719 1364 4789 mysterio
1395 4732 1501 4772 non
1547 4718 1793 4785 recessit,
1825 4718 2010 4774 dicens
2039 4737 2053 4772 :

482 4812 752 4867 Benedioet
799 4821 847 4865 te
891 4811 1321 4867 benedictionibus
1364 4812 1475 4867 caeli
1513 4811 1748 4880 desuper,
1771 4821 1819 4865 et
1851 4811 2056 4866 benedi-

482 4905 733 4960 ctionibus
777 4913 922 4958 terra:
952 4904 1179 4958 habentis
1219 4906 1387 4960 omnia
1417 4904 1566 4975 (Gen.
1605 4920 1750 4975 XLIX,
1782 4903 1896 4973 25).
1927 4903 2058 4970 Quae

483 5007 566 5053 est
596 4995 898 5050 benedictio
924 4995 1068 5061 crnli,
1103 4997 1204 5050 nisi
1249 4997 1480 5053 Verbum
1526 4997 1666 5066 quod
1697 4997 1765 5052 de
1793 4996 1934 5052 caelo
1963 4996 2054 5051 de-

483 5086 730 5144 scendit?
757 5085 822 5140 Et
837 5100 957 5154 qua:
977 5095 1064 5140 est
1092 5087 1392 5143 benedictio
1408 5098 1568 5144 terra:
1590 5087 1833 5144 habentis
1856 5088 2060 5154 omnia,

485 5179 589 5233 nisi
631 5176 830 5233 Christi
879 5191 1026 5243 caro,
1069 5179 1291 5248 quae'de
1334 5189 1497 5244 terra,
1549 5181 1602 5232 id
1648 5180 1820 5237 estde
1848 5190 2064 5236 terreno

494 5270 717 5342 Virginis
744 5283 972 5340 corpore
1007 5279 1216 5340 sumpta
1245 5280 1323 5326 est
1343 5309 1361 5337 ,
1393 5271 1446 5325 in
1479 5287 1581 5341 qua
1609 5273 1844 5328 omnium
1897 5273 2059 5343 spiri-
2087 5297 2092 5300 έ

486 5365 672 5419 talium
693 5364 979 5434 gratiarum
1003 5362 1262 5418 redundat
1294 5363 1515 5429 veritas,
1557 5371 1612 5417 et
1650 5365 1812 5419 totius
1841 5365 2062 5420 benedi-

485 5457 679 5510 ctionis
707 5456 909 5511 fructus
957 5454 1255 5510 exuberat?
1286 5456 1344 5511 In
1376 5471 1482 5524 quo
1525 5455 1724 5521 fructu,
1753 5457 1842 5525 qui
1875 5457 2062 5524 procul

485 5546 650 5602 dubio
699 5546 946 5602 Christus
973 5557 1075 5614 est,
1107 5555 1421 5601 cunctorum
1473 5546 1706 5601 ﬁdelium
1759 5546 2062 5602 benedictio

485 5649 902 5704 consummatur,
918 5649 977 5694 ut
1000 5639 1163 5694 David
1189 5640 1293 5695 ait:
1316 5638 1472 5694 Terra
1484 5638 1622 5692 dedit
1645 5643 1866 5709 fructum
1889 5655 2059 5692 suum.

485 5725 760 5782 Bent-dicat
785 5745 875 5782 nos
911 5730 1044 5783 Deus
1080 5731 1220 5784 Deus
1262 5740 1451 5799 noster,
1499 5731 1756 5785 benedicat
1803 5747 1894 5784 nos
1921 5729 2059 5786 Deus

2086 4533 2137 4594 1)

2148 1893 2268 1961 quia
2297 1900 2351 1944 et
2379 1891 2448 1945 de
2469 1901 2641 1946 matre
2678 1900 2832 1944 natus
2860 1900 2962 1956 est,
3007 1890 3283 1958 utriusque
3312 1891 3548 1959 parentis
3571 1891 3729 1944 habet

2147 1985 2388 2054 geritque
2423 1992 2685 2038 naturam.
2728 1984 2772 2037 Α
2798 1999 2994 2038 summo
3022 1983 3133 2036 caeli
3160 1983 3379 2054 egressio
3409 1985 3516 2054 ejus
3553 1983 3727 2053 (Psal.

2149 2091 2308 2141 mu,
2337 2074 2413 2146 7).
2468 2076 2746 2132 Summum
2778 2076 2922 2132 enim
2957 2074 3079 2130 cmli
3121 2074 3316 2130 Pater:
3367 2074 3430 2128 Et
3479 2075 3730 2143 processio

2148 2171 2259 2241 ejus
2285 2175 2524 2236 tanquam
2556 2165 2730 2235 sponsi
2757 2164 2944 2237 (lbid.,
2971 2164 3052 2234 6),
3087 2164 3154 2221 de
3185 2164 3421 2219 thalamo
3453 2165 3587 2219 uteri
3623 2165 3731 2216 vir-

2148 2255 2362 2326 ginalis.
2411 2255 2560 2321 Quod
2611 2255 2924 2325 mysterium
2978 2255 3256 2323 utriuSque
3308 2265 3514 2309 naturae
3566 2255 3728 2306 etiam

2151 2346 2315 2401 Isaias
2361 2345 2549 2400 iisdem
2596 2345 3073 2416 signiﬁcationibus
3115 2347 3373 2414 pandens,
3423 2345 3544 2400 οωιὶ
3589 2344 3727 2397 haud

2156 2436 2373 2491 dubium
2407 2445 2461 2490 et
2484 2446 2664 2503 terrze,
2693 2434 2771 2492 sic
2802 2436 3010 2491 locutus
3026 2444 3108 2491 est
3127 2435 3338 2490 dicens:
3367 2434 3572 2496 Rorate,
3597 2433 3730 2496 creti,

2152 2527 2386 2597 desuper,
2442 2536 2488 2580 et
2518 2527 2674 2581 nubes
2713 2526 2892 2596 pluant
2931 2527 3170 2596 justum;
3214 2525 3474 2594 aperiatur
3511 2533 3648 2576 terra
3682 2532 3730 2576 et

2152 2619 2395 2687 germinet
2429 2616 2750 2672 Salvatorem
2770 2614 2925 2687 (lsai.
2957 2630 3079 2682 xcv,
3113 2615 3194 2684 8).

2224 2705 2313 2762 IX.
2357 2706 2488 2762 Vide
2515 2721 2670 2776 quam
2703 2706 2954 2761 consonis
2977 2706 3176 2760 veritas
3196 2703 3465 2760 muniatur
3497 2702 3730 2772 prOphe-

2154 2800 2256 2854 tica
2285 2799 2603 2854 auctoritate
2659 2799 2960 2856 sententiis.
2994 2798 3146 2862 Quod
3189 2797 3333 2852 enim
3395 2796 3557 2850 David
3607 2797 3728 2849 ait:

2154 2891 2364 2946 Iustitia
2404 2891 2466 2944 de
2504 2891 2629 2944 creto
2667 2890 2945 2960 prospexit,
2992 2890 3093 2941 hoc
3136 2887 3297 2944 lsaias
3330 2886 3504 2939 dixit:
3561 2883 3733 2938 Nubes

2157 2984 2338 3052 pluunt
2356 2985 2569 3053 justum.
2610 2983 2675 3039 Et
2711 2981 2851 3052 quod
2893 2982 2979 3038 ille
3014 2981 3324 3045 subjunxit:
3360 2977 3428 3033 Et
3459 2988 3591 3031 terra
3641 2993 3734 3029 no-

2155 3087 2263 3131 stra
2290 3076 2430 3132 dabit
2456 3076 2678 3147 fructum
2705 3089 2874 3136 suum,
2907 3073 3009 3130 hoc
3040 3074 3140 3127 iste
3183 3071 3385 3128 addidit
3412 3087 3427 3126 :
3463 3071 3734 3140 Aperiatur

2078 3164 2124 3226 C
2157 3180 2312 3236 terra,
2367 3177 2412 3223 et
2467 3168 2709 3240 germinet
2762 3166 3113 3229 Salvator-em;
3177 3164 3456 3233 perspicuo
3501 3163 3632 3222 satis
3682 3172 3736 3216 et

2155 3271 2362 3333 aperto,
2395 3261 2502 3316 imo
2543 3259 2757 3329 praprio
2787 3258 2906 3313 Filii
2946 3257 3038 3311 Dei
3089 3257 3306 3310 nomine
3337 3268 3491 3317 usus;
3541 3263 3594 3305 ttt
3625 3252 3735 3304 fru-

2155 3367 2296 3413 ctum
2343 3366 2396 3412 et
2421 3371 2639 3425 germen
2672 3364 2829 3407 terra:
2858 3352 3052 3421 smpius
3080 3352 3132 3403 in
3172 3349 3454 3419 prophetia
3501 3345 3738 3402 nomina-

2157 3461 2290 3518 tum,
2321 3451 2654 3503 nativitatem
2681 3445 2876 3501 Christi
2907 3460 2969 3498 ex
3003 3443 3165 3497 Maria
3194 3457 3313 3496 esse
3339 3439 3515 3494 nullus
3542 3437 3737 3491 audeat

2155 3541 2423 3596 dubitare.
2480 3539 2555 3594 De
2604 3550 2712 3606 quo
2757 3535 2998 3606 germine
3027 3533 3107 3587 vel
3155 3532 3325 3587 fructu
3382 3529 3521 3583 idem
3562 3527 3737 3581 adhuc

2156 3632 2321 3688 Isaias
2351 3631 2606 3702 loquitur,
2640 3629 2825 3683 dicens
2857 3644 2871 3681 :
2920 3624 2985 3679 In
3030 3627 3112 3678 die
3157 3623 3248 3677 illa
3278 3622 3370 3676 erit
3400 3633 3599 3690 germen
3632 3618 3740 3672 Do—

2156 3724 2282 3777 mini
2305 3725 2357 3776 in
2386 3721 2766 3793 magniﬁcentia
2796 3726 2883 3773 :el
2913 3717 3104 3789 gloria,
3164 3725 3209 3770 et
3250 3715 3445 3785 fructus
3475 3720 3621 3765 terra:
3646 3727 3738 3763 sn-

2158 3811 2600 3884 blimis(lsai.|v,
2643 3811 2724 3880 2).
2776 3808 3086 3862 Relictusne
3130 3815 3216 3860 est
3268 3806 3407 3860 ullus
3436 3800 3739 3869 ambigendi

2157 3906 2323 3970 locus,
2354 3903 2480 3973 quin
2509 3903 2711 3956 clareat
2742 3898 3000 3968 germinis
3023 3907 3078 3952 et
3109 3897 3310 3950 fructus
3344 3894 3559 3950 nomine
3580 3891 3740 3947 Chri-

2156 4007 2296 4053 stum
2326 3994 2664 4063 apertissime
2707 3990 3022 4062 significari,
3055 3989 3146 4059 qui
3193 3989 3244 4043 in
3290 3994 3434 4041 tanta
3483 3985 3654 4055 gloria
3681 3994 3740 4038 et

2158 4085 2552 4158 magniﬁcentia
2576 4082 2895 4138 sublimatus
2920 4088 3025 4148 est,
3049 4091 3108 4133 ut
3129 4083 3180 4132 in
3204 4079 3418 4132 neruine
3440 4076 3557 4144 ejus
3579 4089 3742 4128 omne

2158 4195 2296 4250 genu
2319 4179 2581 4244 ﬂectatur,
2604 4175 2924 4240 caelestium,
2950 4174 3282 4228 terrestrium
3307 4179 3359 4224 et
3385 4169 3739 4231 infernorum,

2160 4284 2213 4328 et
2261 4273 2436 4327 omnis
2488 4272 2661 4341 lingua
2717 4271 3054 4334 confiteatur,
3104 4267 3230 4336 quia
3275 4265 3529 4321 Dominus
3581 4263 3742 4318 Jesus

2161 4363 2403 4419 Christus
2431 4363 2482 4417 in
2509 4363 2672 4432 gloria
2694 4370 2776 4416 est
2798 4361 2893 4416 Dei
2918 4359 3131 4414 Patris?
3155 4357 3306 4414 Unde
3323 4357 3460 4428 quod
3493 4358 3569 4411 ait
3599 4359 3744 4423 Apo-

2165 4457 2333 4510 stolus
2364 4474 2376 4510 ;
2409 4455 2625 4524 Propter
2652 4455 2786 4523 quod
2814 4463 2859 4508 et
2896 4452 3031 4508 Deus
3059 4455 3202 4507 illum
3231 4453 3469 4506 exultavit
3514 4449 3737 4521 (Philip.

2164 4566 2224 4614 Il,
2256 4550 2333 4619 9).
2369 4549 2431 4603 Et
2461 4564 2602 4603 nunc
2633 4549 2889 4616 propheta
2919 4564 2931 4598 :
2967 4544 3034 4598 Et
3057 4547 3150 4600 erit
3183 4546 3373 4615 fructus
3405 4553 3553 4596 terra!
3576 4541 3740 4594 subli-

2162 4643 2289 4706 mis,
2321 4639 2750 4694 manifestissime
2779 4639 2829 4692 id
2872 4637 3013 4704 quod
3054 4636 3120 4691 de
3147 4645 3316 4698 terra,
3348 4634 3397 4688 id
3429 4643 3510 4687 est
3542 4633 3645 4702 31
3678 4648 3746 4686 ex

2165 4732 2328 4786 Maria
2353 4741 2619 4800 sumptum
2652 4739 2733 4783 est
2759 4772 2773 4796 ,
2803 4731 3092 4784 exaltatum
3126 4737 3178 4780 et
3200 4727 3544 4780 sublimatum
3579 4723 3729 4776 intel-

2164 4822 2253 4891 ligi
2282 4820 2468 4875 voluit.
2510 4820 2773 4874 Caeterum
2821 4820 2873 4873 id
2903 4819 3042 4887 quod
3073 4818 3142 4873 de
3174 4818 3331 4872 Patre
3373 4825 3478 4877 est,
3529 4826 3748 4882 semprr

2164 4911 2393 4968 sublime
2422 4911 2538 4965 fuit.

2237 5003 2304 5058 Χ.
2334 5002 2438 5058 Sed
2469 5017 2567 5057 nec
2594 5002 2663 5058 de
2691 5017 2813 5058 rore
2842 5003 2987 5068 caeli,
3012 5002 3153 5072 quod
3186 5001 3241 5056 in
3263 5000 3420 5055 Verbi
3442 4999 3537 5053 Dei
3571 4998 3739 5065 ﬁgura

2166 5094 2237 5150 sit
2265 5095 2518 5165 positum,
2563 5094 2670 5149 ulla
2698 5094 2986 5148 dubietatis
3009 5103 3152 5162 patet
3183 5092 3418 5152 occasio.
3467 5104 3589 5144 cum
3632 5091 3749 5159 ipse

2167 5188 2363 5243 dixerit
2387 5187 2585 5242 Isaias:
2620 5187 2685 5240 Et
2713 5187 2866 5240 nubes
2887 5188 3063 5257 pluunt
3096 5187 3297 5256 justum
3319 5183 3472 5257 (Isai.
3503 5198 3625 5247 XLV,
3655 5180 3748 5250 8);

2167 5289 2222 5336 et
2248 5280 2374 5334 alibi
2414 5279 2545 5333 satis
2580 5279 2818 5349 apertius
2874 5279 3028 5333 imbri
3080 5278 3286 5333 crnlesti
3313 5277 3544 5332 Verbum
3590 5290 3750 5330 suum

2171 5371 2380 5427 Patrem
2411 5384 2751 5440 comparasse
2773 5369 3154 5437 descripserit:
3180 5384 3302 5423 nam
3332 5369 3402 5423 ita
3426 5383 3489 5422 ex
3521 5381 3749 5435 persona

2170 5464 2289 5531 ejus
2318 5462 2490 5516 dicit:
2545 5461 2811 5528 Quomodo
2856 5461 2900 5514 si
2943 5461 3214 5515 descendat
3258 5462 3414 5515 imber
3440 5449 3527 5513 aut
3557 5459 3643 5513 nia:
3687 5459 3756 5511 de

2171 5553 2318 5617 caelo,
2366 5563 2413 5607 et
2441 5554 2566 5606 illuc
2591 5569 2694 5606 non
2733 5560 3014 5606 revertatur
3046 5553 3154 5624 (sed
3182 5553 3394 5607 inebriat
3437 5560 3646 5612 terram,
3703 5558 3754 5601 et

2171 5645 2298 5714 facit
2326 5660 2436 5699 eam
2467 5643 2778 5715 germinare)
2803 5662 2814 5697 :
2843 5645 2916 5698 sic
2937 5645 3029 5698 erit
3071 5642 3280 5697 Verbum
3303 5645 3438 5714 quod
3467 5643 3753 5712 egredietur

2173 5737 2235 5789 de
2263 5753 2348 5790 ore
2377 5752 2504 5802 meo,
2536 5753 2636 5789 non
2664 5745 2938 5790 revertetur
2981 5737 3048 5790 ad
3085 5753 3163 5790 nte
3193 5751 3424 5801 uacuum,
3466 5737 3554 5788 sed
3598 5735 3750 5805 faciet
