4040 6184
314 303 416 357 m
1403 294 1677 353 CONTRA
1716 289 2187 349 uurvcua'ruu
2226 296 2354 353 ue.
2396 297 2480 355 tn.
3472 212 3671 362 "gf

313 430 633 486 quaecunque
676 414 839 477 votui,
884 419 929 467 et
976 409 1351 481 prosperabitur
1379 409 1431 462 in
1458 408 1537 462 his
1560 407 1629 460 ad
1655 422 1767 475 qua:
1791 404 1906 459 misi
1932 409 1983 464 Α
2009 405 2119 474 agri
2144 407 2541 477 pulchritudine
2560 417 2615 465 et
2644 409 2758 481 ipse
2778 410 3014 483 loquitur
3030 413 3082 469 in
3113 414 3576 486 psalmo‘quadra-

316 508 452 562 illud
482 505 641 575 (ικαὶ.
669 520 754 569 ιν,
790 504 905 572 10).
946 504 1075 569 Quis
1102 502 1155 556 in
1186 512 1291 556 tam
1325 508 1510 570 aperta
1538 506 1593 561 et
1618 496 1903 553 absolutis~
2003 497 2209 565 gesimo
2238 513 2381 554 nono
2407 516 2422 553 :
2456 498 2524 554 Et
2551 503 2744 572 species
2768 504 2880 574 agri
2907 521 3103 559 mecum
3125 504 3386 574 est(Psat.
3422 516 3600 571 sua,

317 598 458 653 sima
490 594 688 649 divinae
714 592 1108 663 prmdicationis
1131 590 1393 651 claritate.
1424 587 1600 643 lumen
1628 600 1732 641 non
1762 586 1902 656 aspi-
2004 585 2119 657 il).
2150 587 2251 643 Per
2278 590 2431 659 cujus
2461 592 2571 661 agri
2600 592 2824 663 gloriam
2854 593 3090 650 Ecclesia
3123 595 3175 648 in
3198 594 3453 663 praedicto
3483 596 3579 653 Sa-
3619 576 3627 593 ’

315 691 426 745 ciat
451 686 730 742 veritatis?
757 685 901 740 Ecce
930 684 1157 739 Verbum
1184 682 1277 738 Dei
1300 682 1436 735 sicut
1464 680 1634 737 imber
1660 680 1712 734 in
1738 688 1899 747 terra,
1926 733 1960 761 η
2004 676 2231 733 lomonis
2257 679 2395 735 libro
2422 682 2635 739 sodales
2661 682 2891 753 adjuvat,
2922 685 3109 741 dicens
3135 704 3146 737 :
3180 686 3379 757 Adjuro
3404 702 3493 740 vos
3524 688 3576 739 in

322 782 374 836 id
400 790 484 835 est
514 781 567 835 in
596 779 804 849 gremio
842 778 992 832 sinus
1023 776 1202 830 Maria:
1243 774 1464 829 influere
1488 771 1711 837 dicitur;
1743 786 1900 842 quam

323 873 509 928 Sancti
532 870 767 939 Spiritus
790 869 1052 923 ebrietate
1084 866 1460 929 imcundatam,
1477 865 1528 919 in
1547 864 1789 934 germine
1808 862 1903 916 do-

321 962 504 1016 minici
534 971 686 1015 ortus
716 972 1067 1029 prorumpere
1088 956 1266 1021 faciat,
1289 965 1345 1011 et
1374 954 1632 1024 turgentis
1656 954 1759 1008 alvi
1780 968 1903 1023 pre-

320 1054 671 1109 tiosissimum
703 1052 864 1106 edere
892 1050 1143 1103 fructum.
1178 1044 1332 1114 Quod
1369 1042 1598 1101 Verbum
1623 1086 1636 1109 ,
1669 1044 1791 1114 quia
1823 1046 1903 1098 in-

318 1156 596 1200 carnatum
623 1142 793 1214 (quod
816 1152 898 1197 est
923 1156 1083 1197 carne
1112 1139 1376 1211 indutum)
1402 1137 1561 1192 homo
1576 1152 1695 1193 esse
1712 1136 1898 1204 voluit,

319 1235 519 1291 nudum
548 1244 605 1290 et
631 1249 856 1289 vacuum
886 1230 953 1287 ad
978 1232 1212 1298 Patrem,
1259 1245 1288 1285 a
1332 1243 1437 1300 quo
1483 1228 1652 1284 fuerat
1682 1228 1899 1294 missus,

321 1323 522 1380 reverti
554 1338 661 1378 non
693 1322 897 1391 potuit;
950 1320 1045 1376 sed
1090 1321 1143 1375 in
1182 1316 1372 1375 eodem
1412 1333 1516 1388 quo
1543 1316 1786 1372 indutum
1817 1328 1901 1372 est

318 1429 549 1485 corpore
584 1414 830 1469 cmicsﬁa
858 1409 1175 1482 penetravit.
1218 1404 1287 1465 Et
1330 1406 1450 1465 ideo
1474 1423 1596 1464 eum
1621 1408 1776 1462 Pater
1806 1422 1899 1461 va-

326 1521 487 1560 cuum
516 1504 587 1559 ad
617 1520 675 1559 se
702 1502 829 1557 dicit
856 1517 962 1557 non
1004 1514 1160 1571 posse
1194 1500 1413 1567 reverti,
1464 1499 1586 1570 quia
1615 1499 1773 1555 nefas
1795 1504 1896 1565 est,

315 1612 376 1652 es
404 1610 513 1667 quo
542 1596 598 1650 in
632 1593 866 1664 Virginis
900 1599 1096 1648 terram
1128 1590 1429 1660 descendit,
1463 1590 1663 1645 nudum
1691 1605 1813 1645 eum
1846 1598 1901 1645 et

315 1687 535 1741 homine
570 1699 798 1739 vacuum
842 1680 1116 1747 conﬁteri;
1168 1681 1221 1737 id
1275 1690 1381 1749 est,
1424 1682 1627 1750 absque
1680 1680 1895 1735 humani

2002 768 2168 838 gloria
2191 780 2237 824 et
2264 772 2530 827 virtutibus
2564 774 2676 844 agri
2716 773 2901 845 (Cant.
2933 790 2992 843 tt,
3023 778 3073 842 7,
3108 786 3154 831 et
3183 790 3261 844 ttt,
3286 775 3367 848 5).
3404 779 3576 845 Quem

2002 871 2187 931 agrum
2234 862 2347 931 ipsa
2390 864 2477 919 illa
2517 865 2665 921 fortis
2688 877 2743 923 et
2773 869 2987 937 sapiens
3016 870 3067 923 in
3099 870 3403 926 Proverbiis
3427 870 3577 924 Salo-

2003 954 2177 1008 monis
2212 955 2424 1023 mulier,
2451 956 2502 1010 id
2552 962 2635 1012 est
2676 959 2935 1026 Ecclesia,
2980 962 3337 1017 introducitur
3363 976 3581 1031 compa-

2003 1054 2189 1111 rasse;
2230 1047 2311 1101 sic
2356 1048 2499 1102 enim
2539 1048 2607 1103 de
2650 1064 2711 1105 ea
2744 1050 2937 1106 dicitur
2965 1070 2978 1105 :
3012 1054 3203 1124 Agrum
3232 1054 3357 1108 vidit
3387 1062 3433 1107 et
3461 1053 3577 1108 emit

2000 1137 2147 1191 iitum
2179 1137 2362 1208 (Prov.
2386 1154 2534 1207 xxxi,
2564 1141 2673 1210 16).
2716 1142 2953 1197 Pretiosa
2984 1152 3068 1198 est
3094 1143 3251 1212 hujus
3287 1146 3403 1214 agri
3451 1160 3577 1213 pos-

2002 1229 2191 1294 sessio,
2216 1243 2335 1299 qua
2360 1230 2559 1286 Christi
2589 1232 2815 1288 intra‘se
2841 1233 3163 1289 shsconsam
3197 1236 3390 1289 retinet
3410 1236 3577 1290 deita-

2004 1329 2128 1373 tem.
2157 1320 2394 1390 Duplieis
2420 1322 2562 1377 enim
2591 1335 2793 1378 natura:
2819 1334 2903 1379 est
2932 1326 3197 1391 Christus.
3243 1336 3296 1381 et
3324 1328 3463 1390 ideo.
3519 1336 3577 1382 ut

2000 1409 2132 1475 dixi,
2164 1408 2261 1466 nec
2285 1410 2568 1468 thesaurus
2589 1414 2704 1469 sine
2732 1428 2883 1485 agro,
2913 1432 3013 1472 nec
3033 1433 3161 1487 ager
3187 1419 3302 1473 sine
3326 1420 3577 1476 thes-auro

2001 1518 2049 1574 p:
2075 1512 2179 1559 test
2207 1505 2272 1559 ab
2297 1506 2477 1573 aliquo
2507 1506 2785 1576 possideri.
2820 1508 3302 1565 Nam'Manit-hacus
3329 1520 3380 1565 et
3406 1513 3575 1581 Euty-

2001 1595 2151 1663 chcs,
2182 1597 2269 1666 qui
2300 1598 2488 1653 volunt
2516 1597 2827 1654 thesaurum
2869 1601 2985 1656 sine
3024 1616 3154 1669 agro
3183 1602 3478 1670 possidere,
3520 1604 3573 1657 id

2000 1697 2082 1743 est
2110 1689 2277 1743 solam
2304 1688 2637 1745 divinitatem
2668 1692 2785 1747 sine
2811 1703 2974 1747 carne
3005 1692 3180 1761 fateri,
3209 1696 3488 1765 utriusque
3521 1697 3572 1749 in

312 1776 564 1846 corporis
592 1784 780 1830 natura
807 1774 977 1828 Solam
1002 1772 1117 1842 ejus
1138 1786 1378 1827 asserere
1398 1770 1669 1827 deitatem.
1696 1771 1897 1841 Equa-
1934 1759 1975 1819 Β
2003 1777 2217 1833 Christo
2246 1788 2453 1835 natur-.e
2479 1780 2872 1836 confessionem
2896 1792 3120 1853 uterque
3136 1759 3427 1855 refugiens,
3453 1799 3573 1854 pro—

314 1867 378 1923 lis
404 1866 555 1921 enim
586 1875 641 1922 et
666 1864 908 1934 ejusdem
932 1863 1151 1933 periculi
1180 1876 1267 1918 res
1292 1870 1394 1927 est,
1425 1862 1767 1917 autdivinam
1784 1862 1899 1931 ejus

314 1958 715 2025 tantummodo,
774 1966 867 2012 aut
918 1956 1203 2010 humanam
1253 1953 1404 2008 fateri
1455 1959 1721 2021 naturam,
1770 1954 1895 2024 quia

314 2067 477 2106 unum
499 2051 620 2105 sine
641 2049 749 2103 alio
774 2061 881 2104 non
903 2046 1107 2116 proﬁcit
1133 2046 1199 2101 ad
1221 2045 1470 2101 salutem.

380 2140 476 2194 XI.
517 2139 672 2206 Quod
702 2150 756 2194 et
783 2138 899 2208 ipse
942 2136 1197 2192 Dominus
1238 2136 1289 2190 in
1320 2133 1609 2205 Evangelio
1657 2135 1757 2190 sub
1805 2134 1898 2190 tali

316 2230 685 2287 similitudinis
712 2227 1109 2298 comparatione
1126 2227 1457 2298 apertissime
1478 2226 1653 2281 doCct.
1680 2224 1895 2291 Iterum,

323 2324 517 2392 inquit,
544 2322 709 2376 simile
737 2331 808 2375 est
836 2336 1049 2392 regnum
1073 2320 1315 2373 ctrlorum
1337 2320 1575 2372 thesauro
1602 2320 1898 2373 abscondito

316 2414 365 2465 in
385 2426 533 2481 agro,
548 2426 695 2479 quem
715 2411 801 2478 qui
822 2408 1323 2473 invenit,abscondit,
1346 2417 1393 2460 et
1417 2422 1522 2477 prae
1538 2408 1729 2477 gaudio
1749 2407 1895 2473 abiit,

316 2515 363 2557 et
394 2504 618 2557 vendidit
638 2503 809 2558 omnia
835 2518 953 2568 sua,
980 2513 1024 2555 et
1043 2502 1159 2555 emit
1180 2518 1359 2573 agrum
1385 2502 1531 2555 illum
1554 2500 1894 2571 (Matt/natu,

318 2592 435 2664 44).
487 2595 677 2650 Nonne
725 2595 878 2663 quasi
909 2593 1004 2649 tibi
1042 2593 1254 2648 videtur
1295 2593 1451 2660 hujus
1496 2593 1741 2647 inventor
1782 2591 1897 2647 the-

316 2691 459 2743 sauri
492 2704 599 2743 non
650 2689 782 2744 satis
814 2689 1103 2758 prudenter
1133 2686 1348 2756 egisse?
1375 2685 1512 2753 Quid
1541 2684 1683 2740 enim
1715 2699 1899 2740 neces—

317 2782 490 2835 sititis
522 2782 605 2837 vel
636 2780 1002 2850 impedimenti
1047 2779 1240 2846 fuerat,
1289 2788 1345 2833 ut
1375 2774 1645 2833 inventum
1677 2779 1895 2834 thesau-

317 2886 433 2924 rum
456 2886 566 2925 non
595 2870 775 2925 statim
805 2872 1037 2925 auferret
1081 2871 1149 2925 de
1186 2868 1355 2940 agro?
1391 2883 1511 2923 cum
1558 2869 1739 2940 utique
1781 2870 1896 2939 ipso

319 2962 411 3015 illo
436 2962 548 3016 0tio
582 2962 837 3031 temporis
859 2967 914 3015 et
943 2971 1173 3023 secreto,
1222 2975 1328 3029 quo
1356 2971 1648 3028 repererat,
1682 2960 1895 3014 auferre

320 3054 585 3121 potuerit;
634 3060 688 3107 et
727 3063 832 3105 tam
877 3051 1016 3105 facili
1042 3050 1382 3120 compendio,
1415 3050 1534 3105 sine
1559 3052 1893 3120 propriarum

2001 1868 2084 1922 cui
2108 1868 2347 1937 ahjectus
2368 1878 2421 1925 et
2442 1870 2547 1940 33
2567 1870 2813 1926 exclusus
2835 1871 2901 1925 ab
2923 1873 3022 1927 hac
3043 1874 3383 1941 possessione
3404 1882 3577 1928 estor-

2001 1957 2075 2011 ris
2100 1955 2344 2014 habetur.
2374 1958 2633 2014 Photinus
2655 1974 2867 2031 quoque
2887 1968 2941 2016 et
2962 1962 3010 2017 ei
3031 1960 3251 2039 similes,
3278 1964 3367 2033 qui
3388 1977 3574 2033 agrum

2000 2046 2359 2115 solummodo,
2385 2063 2489 2103 non
2512 2058 2567 2103 et
2594 2050 2901 2105 thesaurum
2930 2050 3046 2122 ejus
3072 2053 3370 2121 possidere,
3417 2053 3470 2108 id
3494 2063 3573 2109 i-st

2000 2137 2383 2192 humtnitatem
2408 2136 2634 2207 Christi,
2682 2156 2790 2196 non
2830 2148 2884 2196 et
2909 2141 3246 2199 divinitatem
3288 2142 3445 2199 fateri
3474 2159 3571 2199 vo-

2001 2228 2233 2293 luerunt,
2265 2228 2363 2283 hac
2390 2230 2731 2298 possessione
2759 2230 2950 2301 privati
2981 2241 3126 2293 sunt.

2070 2322 2207 2377 Xili.
2249 2322 2401 2379 Unde
2448 2324 2640 2379 merito
2672 2325 2783 2380 sola
2812 2327 2861 2381 in
2892 2326 3197 2383 Proverbiis
3225 2328 3416 2383 mulier
3450 2328 3573 2382 bea-

2002 2412 2241 2470 titudinis
2272 2417 2538 2484 praconio
2569 2418 2722 2488 digna
2756 2419 3001 2489 habetur,
3033 2432 3151 2490 quae
3205 2419 3347 2474 hunc
3384 2434 3569 2491 agrum

1997 2517 2338 2574 comparans,
2366 2506 2598 2578 duplicia
2639 2509 2798 2579 pallia
2834 2511 2949 2566 viro
2973 2524 3071 2565 suo
3095 2511 3284 2566 fecisse
3309 2512 3571 2567 describi-

2000 2602 2106 2650 tur.
2153 2595 2207 2649 ln
2239 2597 2415 2665 palliis
2455 2599 2619 2661 enim,
2674 2599 3026 2656 confessionis
3076 2600 3249 2656 honor
3293 2602 3571 2671 accipitur,

2000 2694 2204 2740 naturae
2226 2686 2431 2742 scilicet
2458 2688 2734 2759 utriusque
2765 2706 2778 2742 :
2829 2689 2951 2758 quia
3006 2704 3105 2746 nec
3148 2691 3462 2761 dignaretur
3490 2694 3571 2745 vir

1999 2775 2113 2842 ejus
2143 2790 2304 2830 unum
2337 2776 2405 2830 ab
2432 2791 2493 2832 ea
2519 2778 2872 2833 confessionis
2919 2778 3133 2847 pallium
3174 2779 3437 2849 accipere,
3481 2788 3573 2835 aut

1998 2866 2297 2922 divinitatis
2319 2861 2710 2933 tantummodo,
2738 2879 2829 2922 aut
2849 2870 3018 2922 solum
3043 2870 3387 2925 humanitatis
3415 2884 3528 2926 suae
3556 2887 3571 2936 ;

2002 2956 2053 3012 id
2080 2957 2223 3013 cnim
2250 2973 2354 3013 non
2382 2957 2620 3024 honoris,
2667 2959 2761 3013 sed
2800 2960 3139 3014 contumeliae
3169 2967 3252 3016 est
3297 2962 3573 3030 maxime,

2001 3062 2164 3102 unum
2190 3046 2381 3102 horum
2408 3048 2526 3102 sine
2549 3048 2655 3103 alio
2682 3047 2896 3104 offerre.
2953 3048 3105 3104 Unde
3134 3048 3259 3105 talia
3284 3051 3572 3119 repudians

318 3120 603 3211 dispendio
648 3142 961 3198 facultatum
1002 3142 1214 3197 emendi
1254 3141 1368 3212 agri
1413 3144 1785 3197 necessitatem
1814 3144 1894 3197 vi-
1923 3120 1969 3184 Ο
2002 3151 2245 3200 munera,
2278 3152 2397 3207 qua:
2418 3134 2692 3207 utriusque
2720 3144 2925 3192 naturae
2963 3137 3299 3195 confessione
3326 3154 3439 3195 non
3462 3140 3574 3195 sint

319 3242 456 3287 tare.
488 3233 596 3303 32
634 3232 739 3289 Sed
766 3235 1013 3302 cognovit
1045 3232 1226 3302 utique
1251 3232 1694 3301 prudentissimus
1737 3233 1897 3287 homo

320 3323 654 3378 inefﬁcacem
698 3332 755 3378 et
797 3323 1058 3389 inutilem,
1107 3324 1214 3377 imo
1244 3323 1595 3392 periculosam
1624 3336 1744 3378 esse
1773 3318 1893 3377 thel

318 3416 461 3470 sauri
493 3414 650 3486 hujus
678 3417 796 3471 sine
856 3433 984 3486 agro
1014 3418 1432 3485 possessionem.
1464 3417 1593 3471 Nam
1626 3417 1748 3472 vide
1776 3417 1898 3488 quia

318 3508 454 3562 sicut
474 3508 797 3563 absconsum
829 3510 1119 3573 invenerat,
1151 3510 1221 3561 ita
1252 3516 1306 3564 et
1333 3509 1448 3576 ipse
1474 3507 1774 3575 abscondit,
1801 3522 1897 3564 nec

317 3614 502 3665 agrum
524 3598 729 3653 nudare
753 3613 815 3653 ac
842 3613 1068 3653 vacuare
1099 3596 1352 3652 thesauro
1377 3613 1558 3662 ausus.
1592 3600 1771 3653 omnia
1799 3614 1893 3654 sua

317 3689 553 3744 vendere
582 3690 882 3756 festinavit,
903 3689 1096 3760 tujure
1120 3689 1373 3758 legitimo,
1399 3699 1454 3746 et
1483 3691 1732 3746 thesauro
1761 3693 1890 3760 poti-

317 3788 465 3833 retur
492 3789 723 3851 etagro.
766 3779 930 3848 Igitur
970 3782 1251 3835 thesaurus
1293 3782 1343 3835 in
1388 3797 1515 3849 agro
1550 3782 1895 3837 absconditus

319 3873 459 3925 Deus
485 3880 594 3935 est,
642 3874 811 3926 latens
855 3870 908 3925 in
939 3886 1100 3925 carne
1128 3887 1242 3925 sua.
1299 3872 1438 3927 Audi
1468 3874 1783 3941 Apostolum
1815 3874 1895 3928 di-

316 3972 527 4016 centem
557 3961 627 4016 de
656 3961 906 4016 Christo:
938 3959 1003 4014 In
1030 3961 1160 4033 ipso,
1196 3963 1388 4032 inquit,
1436 3972 1552 4016 sunt
1582 3980 1755 4018 omnes
1780 3966 1893 4019 tlte-

317 4053 455 4105 sauri
485 4052 755 4120 sapientia
780 4062 826 4106 et
856 4052 1077 4106 scientiae
1099 4052 1382 4107 absconditi
1410 4052 1428 4123 (
1444 4053 1553 4106 Col.
1583 4070 1655 4119 tt,
1697 4055 1784 4125 5).
1833 4055 1896 4111 Et

318 4142 437 4196 ideo
458 4142 640 4197 omnis
664 4149 745 4197 est
780 4157 997 4212 prorsus
1050 4145 1248 4198 inutilis
1293 4154 1346 4198 et
1398 4146 1557 4212 impia
1601 4146 1892 4214 confessio,

317 4248 433 4300 quae
463 4231 750 4287 Dominum
778 4233 960 4287 Jesutn
991 4232 1284 4297 Christum,
1328 4246 1418 4288 aut
1449 4234 1614 4288 Deum
1658 4243 1894 4291 tantum-

318 4324 497 4389 modo,
526 4339 633 4378 non
665 4333 719 4379 et
746 4325 1044 4393 hominem;
1075 4337 1165 4381 aut
1187 4326 1457 4382 hominem
1480 4328 1675 4396 solum,
1707 4342 1812 4385 non
1840 4339 1896 4386 et

318 4421 482 4475 Deum
514 4416 727 4475 fatetur.

1997 3233 2207 3303 gemina
2240 3232 2439 3301 pariter
2476 3242 2531 3287 et
2559 3230 2834 3298 distincta,
2882 3239 3042 3301 atque
3088 3243 3185 3301 pro
3237 3242 3479 3301 tempore
3519 3241 3574 3287 et

2000 3332 2337 3379 sacramento
2382 3323 2586 3390 divisa,
2638 3322 2769 3378 dicit
2813 3322 2877 3379 ad
2905 3323 3037 3379 Cain
3068 3341 3081 3379 :
3113 3324 3173 3379 Si
3202 3335 3333 3380 recte
3359 3324 3570 3392 offeras,

1998 3428 2129 3471 recte
2160 3428 2326 3471 autem
2374 3434 2476 3470 non
2521 3415 2741 3484 dividas,
2784 3418 3001 3488 peccasti
3041 3415 3193 3487 (Gen.
3224 3433 3296 3481 tv,
3329 3418 3408 3487 7).
3440 3417 3572 3484 Quia

2000 3508 2092 3563 ille
2138 3506 2287 3562 solus
2327 3514 2472 3562 recte
2517 3504 2709 3561 dividit
2751 3507 2841 3576 qui
2880 3521 2987 3561 non
3039 3509 3248 3576 ignorat
3276 3509 3572 3562 secundum

1998 3598 2125 3669 quid
2158 3597 2323 3653 Filius
2353 3597 2571 3668 aequalis
2600 3593 2682 3653 est
2713 3598 2877 3663 Patri,
2909 3606 2965 3653 et
2991 3597 3284 3653 secundum
3317 3599 3445 3667 quid
3476 3614 3571 3653 co-

1999 3689 2121 3746 dem
2151 3689 2326 3746 minor
2346 3697 2429 3747 est
2449 3688 2638 3756 Patre;
2667 3690 2957 3745 secundum
2982 3689 3105 3759 quid
3140 3676 3325 3758 passus
3351 3700 3405 3743 et
3428 3705 3574 3744 mor-

2001 3790 2122 3836 tuus
2150 3789 2253 3848 est,
2302 3789 2358 3836 et
2394 3778 2688 3836 secundum
2728 3780 2854 3850 quid
2904 3780 3223 3835 immortalis
3271 3780 3474 3849 pariter
3520 3790 3575 3835 et

2000 3871 2341 3939 itnpassibilis
2362 3872 2576 3927 mansit.
2609 3871 2742 3938 Quia
2772 3886 2876 3926 non
2906 3872 3078 3927 solum
3105 3872 3455 3938 confundere,
3478 3872 3579 3927 sed

1997 3970 2052 4017 et
2089 3977 2195 4017 non
2239 3972 2384 4017 recte
2409 3962 2646 4018 dividere
2700 3971 2878 4017 reatus
2913 3974 2994 4017 est
3041 3962 3301 4017 criminis.
3354 3962 3411 4018 In
3462 3979 3573 4017 uno

1998 4053 2137 4108 enim
2164 4053 2493 4125 Eutychetis,
2529 4053 2581 4107 in
2604 4053 2709 4107 alio
2735 4053 2966 4108 Nestorii
2988 4053 3272 4107 damnatur
3298 4054 3570 4124 impietas,

1997 4144 2122 4199 dum
2151 4144 2291 4212 quod
2324 4143 2413 4198 ille
2436 4143 2573 4197 tnale
2591 4142 2889 4209 confundit,
2918 4144 3150 4212 pessime
3173 4146 3273 4201 iste
3294 4145 3570 4201 discernit.

1998 4232 2075 4289 De
2103 4249 2328 4304 quorum
2356 4234 2668 4289 diversitate
2695 4233 3038 4304 dogmatum,
3084 4234 3185 4289 sibi
3220 4235 3450 4291 invicem
3479 4239 3574 4291 ad-

1998 4325 2349 4391 versantium,
2393 4324 2646 4394 quantum
2698 4325 2855 4380 exilis
2887 4326 3055 4380 nostri
3085 4325 3285 4395 ingenii
3318 4326 3575 4385 facultate

1994 4416 2279 4483 Valuimus,
2306 4416 2515 4471 duobus
2556 4414 2921 4485 superioribus
2976 4418 3341 4485 expressimus
3398 4418 3568 4474 libris.

388 4514 509 4568 XII.
552 4516 752 4583 Agrum
783 4522 957 4567 autem
997 4511 1285 4582 ﬁguraliter
1322 4530 1537 4569 carnem
1565 4514 1766 4569 Christi
1800 4533 1894 4570 nu-
1920 4488 1974 4549 Β
2002 4510 2066 4565 Et
2093 4510 2342 4577 quoniam
2370 4510 2473 4565 isto
2499 4513 2656 4565 etiam
2687 4510 2867 4576 tertio,
2923 4510 3235 4566 irrefutabili
3292 4514 3571 4582 (quantum

318 4603 533 4666 minari,
568 4612 625 4657 et
652 4617 891 4673 praesens
917 4602 1116 4657 indicat
1158 4603 1327 4668 locus,
1376 4615 1429 4657 et
1468 4607 1717 4674 superius
1747 4607 1893 4663 illata

320 4695 621 4748 testimonia
647 4693 860 4749 docent.
909 4695 983 4749 De
1024 4693 1125 4748 hoc
1154 4695 1295 4748 enim
1327 4712 1455 4765 agro
1496 4700 1725 4753 maxime
1750 4699 1894 4755 lsiiac

318 4786 371 4838 in
410 4788 523 4839 suis
562 4784 1024 4839 benedictionibus
1063 4786 1439 4853 prophetavit:
1477 4784 1630 4851 Ecce,
1686 4787 1893 4855 dicens,

318 4878 444 4929 odor
468 4875 565 4944 ﬁlii
594 4877 692 4928 mei
713 4876 845 4928 sicut
869 4876 995 4927 odor
1023 4876 1156 4944 agri,
1184 4876 1265 4928 cui
1293 4877 1542 4930 benedixit
1573 4877 1709 4932 Deus
1739 4878 1891 4949 (Cen.

315 4981 481 5029 xxvu,
511 4967 623 5034 27).
655 4968 864 5033 Carpus
895 4966 1037 5020 enim
1060 4966 1381 5020 dominicum
1412 4969 1618 5036 magnis
1649 4969 1888 5024 diversa-

315 5073 431 5111 rum
461 5058 714 5112 virtutum
767 5057 963 5126 fragrat
1009 5060 1289 5124 odoribus,
1337 5070 1389 5113 et
1437 5062 1516 5113 sui
1551 5062 1888 5117 hcncolentia

312 5151 553 5206 infirmus
584 5164 821 5220 quosque
845 5150 1097 5205 viviﬁcat.
1134 5149 1286 5206 Unde
1319 5152 1605 5220 Apostolus
1632 5169 1644 5205 :
1679 5152 1886 5220 Christi,

310 5240 502 5308 inquit,
526 5241 687 5295 bonus
713 5240 841 5292 odor
861 5257 1032 5295 sumus
1064 5238 1189 5309 Deo,
1223 5243 1284 5294 de
1312 5242 1409 5295 vita
1433 5243 1482 5296 in
1507 5243 1678 5311 vitam,
1702 5244 1778 5297 Itis
1804 5246 1891 5316 qui

309 5331 589 5398 miriﬁuttl
640 5331 746 5400 (ll
783 5330 903 5385 Cor.
935 5347 993 5398 tt,
1034 5330 1136 5401 15).
1197 5331 1359 5401 Cujus
1391 5343 1495 5387 tam
1545 5336 1798 5405 praecipui
1835 5347 1890 5391 et

308 5422 529 5476 salvifici
557 5421 743 5477 odoris
790 5420 1057 5477 suavitate
1097 5424 1273 5477 illccta
1306 5423 1357 5477 in
1391 5424 1613 5480 Cantieo
1642 5426 1889 5482 Cantico-

308 5524 422 5563 ratn
450 5514 512 5567 ad
544 5529 666 5569 eum
710 5513 839 5568 dicit
874 5513 1116 5569 Ecclesia
1146 5533 1157 5566 :
1200 5514 1324 5569 Post
1375 5524 1423 5568 te
1462 5518 1513 5569 in
1560 5520 1765 5571 odorem
1798 5536 1891 5571 un-

305 5617 605 5669 gumtorum
644 5616 847 5660 tuorum
877 5622 1131 5661 curramus
1174 5606 1361 5677 (Cant.
1398 5623 1445 5674 t,
1482 5606 1554 5680 ὅ).
1610 5610 1683 5666 De
1728 5611 1887 5681 hujus

1998 4598 2211 4671 opinor)
2242 4598 2436 4655 divina:
2468 4600 2761 4668 Scripturte
2789 4603 3105 4657 auctoritate
3132 4602 3429 4669 docuimus,
3482 4603 3572 4659 Fi-

1997 4692 2125 4747 lium
2140 4692 2254 4761 Dei,
2277 4693 2412 4749 sicut
2431 4693 2497 4749 de
2517 4692 2693 4758 Patre,
2720 4695 2957 4762 ejusdem
2980 4695 3294 4760 divinitatis,
3322 4696 3389 4750 ita
3413 4697 3574 4752 etiam

1997 4785 2064 4841 de
2096 4795 2290 4852 matre,
2319 4786 2665 4840 humanitatis
2697 4784 2895 4841 habere
2926 4795 3167 4841 naturam
3194 4803 3208 4842 :
3238 4795 3291 4842 et
3313 4788 3454 4858 quod
3485 4804 3577 4842 ros

1997 4877 2143 4942 cceli,
2177 4885 2231 4931 et
2263 4892 2480 4946 germen
2513 4876 2592 4930 vel
2627 4877 2828 4929 fructus
2861 4886 3037 4942 terrm,
3070 4890 3286 4948 propter
3326 4892 3577 4949 utrasque

1995 4979 2211 5022 naturas
2238 4968 2397 5023 fuerit
2423 4968 2740 5036 appellatus,
2767 4968 2959 5022 invicta
2992 4970 3341 5045 nihilominus
3371 4982 3424 5025 et
3451 4988 3573 5041 per-

1993 5060 2180 5128 spicua
2210 5058 2507 5113 assertione
2539 5059 2973 5116 monstravimus.
3013 5060 3163 5115 Nunc
3190 5060 3255 5115 ad
3288 5062 3563 5116 defensio-

1994 5166 2113 5204 nem
2140 5150 2331 5205 Leonis
2359 5150 2601 5221 epistola:
2628 5160 2681 5206 et
2719 5153 2932 5207 concilii
2957 5152 3411 5209 Chalcedonensis
3441 5153 3571 5222 styli

1994 5243 2164 5295 nostri
2189 5250 2562 5296 convertemus
2593 5241 2827 5297 ofﬁcium
2863 5261 2878 5301 :
2926 5253 2981 5299 et
3007 5244 3146 5313 quod
3194 5244 3489 5298 catholicus
3520 5245 3573 5298 in

1994 5332 2072 5386 eis
2100 5341 2260 5400 atque
2303 5331 2632 5401 apostolicus
2660 5333 2919 5398 refulgeat
2958 5349 3177 5398 sensus,
3208 5334 3432 5387 cassatis
3466 5333 3575 5387 lite-

1995 5424 2284 5479 reticorum
2309 5423 2697 5494 objectionibus
2727 5425 3033 5499 doceamus.
3089 5426 3194 5481 Sed
3238 5424 3301 5477 ad
3336 5425 3449 5480 haec
3477 5427 3573 5482 de-

1997 5516 2347 5571 monstranda
2400 5519 2504 5571 alia
2554 5518 2707 5574 nobis
2750 5532 2866 5573 sunt
2899 5518 3151 5572 ordienda
3186 5519 3465 5591 principia.
3508 5520 3573 5576 Et

1997 5608 2117 5665 ideo
2144 5608 2301 5679 hujus
2322 5613 2499 5679 operis
2532 5611 2743 5666 tandem
2779 5612 2875 5665 istc
2907 5611 2974 5664 sit
3003 5612 3143 5663 finis.
