4044 6184
436 321 537 380 119

1737 315 1964 372 VIGILII
2005 313 2368 371 TAPSENSIS

3572 308 3670 362 120

438 446 3637 479 ____________________.________._____________

1382 516 1856 647 LIBER
1936 535 2034 660 ρ
2059 531 2362 639 ΗΑΒ
2393 532 2724 637 TUS.

669 746 980 790 DEFBNSIO
1023 743 1339 789 ΕΡιδτοω
1380 739 1431 783 8.
1478 736 1699 781 ιεοΝιε
1742 734 1918 777 ΡΔΡΕ
1966 748 1977 774 Α

2097 730 2529 775 ῐιίΔνιΝιΔΝῐηί
2574 727 3272 774 CONSTANTINOPOLITAN
3285 727 3395 769 ΠΜ.

1904 857 2231 873 *—

501 944 608 1016 34
634 946 674 1000 l.
704 945 927 1012 Quidam
952 959 1215 1014 perversa:
1236 942 1429 997 mentis
1453 940 1716 999 homines.
1740 945 1795 990 et
1820 932 1992 987 inanis
2018 935 2071 993 Α
2099 930 2167 983 tia
2199 929 2613 996 reprehensione
2641 930 2856 998 dignum
2886 927 3105 997 putasti,
3140 928 3190 980 in
3225 941 3329 996 quo
3351 927 3423 979 ait
3452 945 3462 977 :
3503 926 3667 980 Verbo
3710 907 3715 912 ’

428 1037 612 1105 gloria:
636 1038 833 1106 cupidi,
886 1039 1181 1101 nescientes,
1241 1045 1298 1089 ut
1323 1034 1452 1089 dicit
1484 1031 1784 1103 Apostolus,
1836 1039 1991 1094 neque

428 1144 542 1193 qute
569 1132 865 1200 loquuntur,
890 1144 1044 1195 neque
1067 1128 1129 1180 de
1149 1127 1328 1196 quibus
1348 1127 1596 1194 aﬂirmant
1624 1120 1677 1188 (1
1701 1120 1830 1173 Tim.
1846 1133 1885 1181 l,
1904 1117 1988 1186 7);

431 1215 688 1271 habentes
715 1216 940 1270 formam
972 1216 1205 1283 pietatis,
1250 1216 1496 1268 virtutem
1527 1219 1703 1264 autem
1742 1207 1858 1276 ejus
1897 1205 1990 1257 ab-

432 1315 715 1374 negantes;
759 1304 1015 1373 indignati
1064 1305 1303 1359 veritatis
1351 1300 1706 1369 dogmatibus,
1738 1307 1793 1352 et
1821 1296 1990 1350 eccle-

428 1394 671 1451 siasticas
702 1397 818 1451 ﬁdei
844 1397 1054 1464 regulas
1076 1410 1181 1449 non
1206 1396 1461 1459 ferentes,
1485 1390 1775 1446 beatissimi
1800 1389 1991 1443 Leonis

428 1486 829 1553 epistolmjuxta
855 1501 1069 1540 sensum
1094 1484 1402 1552 apostolicae
1430 1480 1731 1536 traditionis
1752 1478 1990 1534 conscri-

429 1584 550 1642 ptze.
598 1584 652 1629 et
679 1575 897 1629 decreto
944 1574 1130 1645 synodi
1153 1572 1607 1627 Chalcedonensis
1636 1569 1817 1639 pravis
1860 1582 1991 1620 con-

426 1665 835 1719 tradictionibus
862 1663 1184 1719 obviandnm
1208 1671 1544 1731 putaverunt,
1590 1660 1815 1715 nefanda
1844 1672 1989 1710 rom-

426 1764 606 1819 menta
637 1755 979 1811 borribilibus
1007 1756 1291 1811 verborum
1317 1751 1712 1807 nanseamentis
1737 1765 1989 1805 evomen-

429 1856 533 1900 tes.
557 1845 688 1913 Quae
712 1845 961 1914 quoniam
993 1844 1409 1914 simplicioribus
1440 1843 1736 1912 quibusque
1765 1841 1989 1894 nonnul-

423 1936 532 1989 lum
560 1935 809 1990 videntur
834 1935 1121 1989 dubietatis
1150 1935 1454 2002 scrupulum
1485 1931 1741 1997 excitare,
1790 1931 1989 1985 idcirco

422 2041 482 2079 ea
513 2026 726 2080 hortatu
752 2034 1061 2079 sanctorum
1094 2025 1335 2089 fratrum,
1389 2024 1441 2077 in
1488 2022 1750 2090 adjutorio
1779 2021 1985 2074 Domini

426 2117 514 2173 Dei
540 2118 730 2181 nostri,
761 2116 1148 2171 consideranda
1190 2124 1248 2169 et
1290 2113 1567 2169 refutanda
1611 2113 1843 2178 suscepi.
1895 2111 1983 2164 llla

424 2207 667 2273 primitus
688 2221 794 2261 uno
823 2205 1031 2261 diluens
1052 2206 1340 2269 volumine,
1365 2220 1483 2274 quae
1510 2205 1699 2258 Leonis
1724 2202 1985 2271 objiciun-

2094 1019 2284 1073 scilicet
2328 1030 2564 1090 operante
2604 1021 2739 1090 quod
2774 1019 2924 1073 Verbi
2970 1028 3075 1083 est,
3106 1028 3153 1072 et
3182 1034 3335 1071 (urite
3370 1030 3667 1086 exsequente

2091 1110 2230 1178 quod
2251 1112 2418 1164 carnis
2440 1120 2544 1175 est;
2573 1128 2729 1164 unum
2752 1114 2938 1164 horum
2968 1119 3198 1163 coruscat
3221 1110 3500 1170 miraculis,
3524 1112 3665 1161 atiua
3710 1172 3713 1173 ν

2092 1201 2367 1253 succumbit
2395 1202 2598 1271 injuriis
2628 1200 2815 1271 (Nam.
2846 1200 2922 1269 4).
2957 1201 3020 1254 Et
3053 1203 3221 1270 primo
3247 1201 3458 1269 quidem
3492 1200 3662 1252 inten-

2092 1290 2330 1344 dendum
2358 1300 2441 1345 est
2470 1291 2612 1362 quod
2646 1306 2752 1345 non
2779 1292 2996 1359 dixerit,
3033 1299 3088 1344 nt
3112 1299 3168 1344 tu
3196 1291 3439 1359 imperite
3466 1289 3666 1343 calum—

2092 1380 2287 1434 niaris:
2324 1380 2469 1436 Unus
2501 1382 2688 1436 horum
2715 1389 2962 1438 coruscat
2985 1381 3277 1443 miraculis,
3302 1389 3356 1435 et
3382 1380 3514 1433 alius
3538 1395 3662 1432 suc-

2092 1472 2292 1526 cumbit
2325 1472 2563 1542 injuriis:
2597 1488 2692 1542 per
2711 1473 2853 1542 quod
2883 1475 2998 1527 sine
3025 1472 3113 1525 illa
3152 1473 3498 1541 ambiguitate
3526 1472 3663 1525 duos

2095 1562 2369 1617 videretur
2418 1579 2765 1633 quoscunque
2816 1572 3125 1632 separatos,
3173 1565 3254 1619 vel
3288 1565 3418 1617 duas
3462 1564 3664 1630 signiﬁ-

2090 1668 2241 1708 casse
2273 1668 2555 1722 personas,
2588 1655 2683 1709 δρᾶ
2731 1657 2836 1710 ait:
2870 1656 3042 1711 Unum
3093 1658 3279 1712 horum
3311 1668 3360 1713 et
3391 1658 3534 1712 aliud
3570 1660 3662 1710 ho-

2091 1759 2238 1807 rum,
2268 1745 2387 1813 quia
2422 1761 2607 1811 unum,
2643 1746 2697 1800 id
2729 1755 2811 1800 est
2841 1747 2941 1802 hoc
2979 1756 3033 1801 ct
3064 1748 3213 1813 illud,
3262 1764 3367 1802 non
3411 1764 3661 1817 persona—

2089 1850 2205 1889 rum
2234 1834 2544 1901 diversitas,
2571 1837 2664 1891 scd
2696 1836 2909 1905 generis
2929 1837 3199 1893 distinctio
3222 1839 3640 1907 demonstratur,

2090 1924 2250 1979 Verbi
2290 1926 2499 1981 scilicet
2531 1937 2585 1980 et
2613 1927 2810 1982 carnis.

2158 2015 2243 2069 lll.
2286 2016 2414 2070 Item
2443 2017 2575 2071 dixit
2605 2018 2746 2074 Leo:
2781 2018 2884 2084 Qui
2908 2020 3044 2073 enim
3068 2036 3215 2074 verus
3235 2028 3307 2073 est
3340 2019 3492 2084 Deus,
3527 2021 3660 2073 idem

2087 2121 2230 2159 verus
2258 2116 2329 2160 est
2357 2108 2549 2171 homo;
2594 2117 2641 2161 et
2669 2109 2871 2162 nullum
2912 2119 3075 2176 potest
3121 2126 3226 2163 esse
3254 2112 3308 2163 in
3340 2114 3433 2162 hac
3465 2111 3660 2163 unitate

2086 2199 2428 2263 mendacium,
2457 2200 2577 2251 dunt
2607 2200 2817 2253 invicem
2847 2209 2986 2264 sunt,
3026 2208 3073 2252 et
3116 2201 3375 2253 humilitas
3405 2200 3653 2265 hominis,

422 2307 509 2351 tur
529 2297 800 2365 epistolae;
843 2297 994 2366 cujus
1026 2297 1126 2351 hoc
1162 2296 1262 2351 sibi
1311 2301 1478 2365 primo
1517 2294 1828 2362 capitulum,
1883 2294 1980 2347 iste
2010 2288 2056 2347 Β
2082 2296 2129 2341 et
2153 2289 2369 2342 altitudo
2398 2291 2601 2342 deitatis
2631 2289 2819 2357 (Nam.
2857 2288 2936 2361 tl).
2970 2290 3120 2357 Quod
3151 2302 3203 2343 tu
3234 2290 3385 2343 solita
3414 2291 3657 2359 maligni-

421 2387 603 2440 ncscio
625 2385 742 2452 quis
772 2387 1045 2455 proposuit
1072 2400 1087 2437 :
1112 2382 1368 2439 Fidelium
1397 2385 1693 2438 universitas
1720 2384 1984 2452 proﬁtetur

417 2474 621 2527 credere
636 2490 692 2527 se
715 2476 768 2527 in
791 2473 951 2529 Deum
983 2472 1188 2527 Patrem
1218 2475 1629 2544 omnipotentem,
1658 2481 1705 2525 et
1734 2473 1981 2525 inlesum

416 2564 672 2619 Christum
693 2562 888 2618 Filium
915 2567 1025 2637 ejus
1053 2566 1255 2619 unicum
1277 2564 1551 2618 Dominum
1581 2572 1806 2617 nostrum
1828 2561 1980 2625 (Leo.

414 2654 565 2718 epist.
592 2653 683 2719 10,
704 2669 846 2706 nunt.
868 2652 947 2722 2).
976 2654 1107 2708 Huic
1134 2656 1367 2725 capitulo
1388 2657 1456 2708 ob
1486 2656 1538 2709 id
1569 2656 1670 2710 iste
1691 2654 1983 2708 calumnia-

415 2751 520 2807 tur,
561 2756 658 2797 cur
696 2757 800 2796 non
842 2743 1059 2806 dixerit,
1100 2745 1150 2795 in
1180 2760 1338 2796 unum
1373 2743 1535 2797 Deum
1574 2742 1803 2806 Patrem,
1843 2753 1889 2795 rt
1926 2743 1980 2794 in

412 2850 569 2887 unum
590 2834 768 2888 desum
793 2831 1050 2887 Christum
1070 2829 1265 2887 Filium
1285 2834 1436 2901 ejus;
1466 2832 1619 2902 juxta
1656 2832 1849 2887 Νιρεῖθηὶ
1885 2831 1977 2885 de-

411 2934 615 2980 cretum
660 2925 892 2981 concilii.
943 2922 1045 2980 Sed
1074 2924 1276 2989 Romae,
1326 2932 1381 2978 et
1432 2935 1715 2993 antequam
1762 2924 1975 2978 Nicaena

410 3015 647 3086 synodus
696 3015 1029 3080 conveniret,
1063 3029 1092 3066 a
1125 3013 1452 3082 temporibus
1481 3016 1845 3083 apostolorum
1880 3030 1972 3067 us-

410 3120 512 3174 que
540 3104 605 3158 ad
637 3118 800 3169 nunc,
833 3112 888 3157 et
912 3102 1012 3156 sub
1045 3104 1213 3156 beatas
1245 3103 1514 3156 memoria:
1544 3100 1857 3167 Celestino,
1891 3104 1975 3157 cui

410 3196 510 3250 iste
548 3202 707 3247 recte
758 3191 879 3246 ﬁdei
920 3193 1282 3245 testimonium
1325 3190 1572 3254 reddidit,
1629 3191 1701 3244 ita
1730 3190 1975 3244 ﬁdelibus

409 3287 709 3359 symbolum
758 3284 1016 3349 traditur;
1062 3298 1159 3338 nec
1198 3283 1613 3353 prazjudicantur
1664 3282 1844 3346 verhzt,
1886 3282 1974 3335 ubi

409 3391 600 3431 sensus
625 3375 904 3429 incolumis
935 3386 1229 3442 permanet.
1256 3376 1418 3444 Magis
1442 3377 1583 3429 enim
1615 3391 1734 3433 cum
1765 3375 1972 3429 Domini

409 3467 533 3523 Jesu
564 3464 760 3519 Christi
793 3466 1056 3519 sententia
1088 3465 1202 3520 hate
1233 3466 1349 3520 ﬁdei
1393 3466 1650 3532 professio
1689 3467 1794 3536 35
1829 3464 1970 3528 facit.

408 3559 632 3613 dicentis
655 3576 668 3612 :
695 3555 910 3611 Creditis
938 3558 990 3610 in
1007 3556 1249 3620 Deum,et
1272 3557 1325 3609 in
1352 3572 1430 3609 me
1448 3556 1634 3608 credite
1658 3555 1830 3627 (Joan.
1860 3571 1970 3620 xw,

2088 2390 2192 2436 tate
2236 2383 2287 2435 in
2318 2382 2458 2439 aliud
2504 2384 2810 2447 detorsisti,
2844 2383 3028 2437 dicens
3070 2398 3191 2437 eum
3235 2383 3368 2438 duos
3396 2384 3652 2451 quosdam

2085 2484 2367 2539 separatos
2397 2472 2699 2539 induxisse,
2728 2473 2963 2529 vicissim
3012 2489 3130 2541 qua:
3171 2474 3268 2527 sibi
3302 2475 3408 2527 sint
3436 2474 3651 2543 propria

2082 2571 2363 2629 operantes
2382 2603 2396 2628 ,
2429 2562 2536 2633 36
2559 2578 2676 2617 cum
2712 2564 2801 2618 ille
2829 2563 3163 2618 altitudinem
3192 2574 3247 2619 et
3275 2564 3655 2630 humilitatem,

2054 2648 2059 2651 “
2083 2652 2134 2706 id
2161 2663 2244 2707 est
2270 2662 2547 2721 utramque
2575 2662 2818 2707 naturam
2845 2696 2861 2720 ,
2896 2655 3043 2708 velut
3071 2654 3177 2707 duo
3206 2657 3447 2721 quamam
3482 2695 3496 2717 ,
3548 2671 3652 2707 non

2080 2742 2215 2797 duos
2240 2743 2518 2808 quasdam,
2546 2745 2596 2798 in
2628 2759 2732 2797 uno
2755 2744 2973 2797 Christo
3000 2752 3279 2799 manentes
3310 2743 3537 2798 voluerit
3562 2744 3653 2797 de-

2082 2843 2398 2890 monstrare.
2432 2835 2594 2890 Miror
2614 2844 2791 2889 autem
2823 2835 3092 2904 quomodo
3114 2849 3219 2888 non
3246 2826 3353 2888 hac
3384 2836 3654 2888 existima-

2082 2926 2226 2979 tione
2254 2927 2551 2995 apostolum
2576 2941 2786 2995 qunque
2811 2926 3146 2981 accusaveris
3175 2926 3418 2993 Pau'um,
3453 2927 3572 2994 quia
3599 2936 3653 2980 et

2081 3017 2197 3084 ipse
2225 3016 2332 3071 duo
2352 3018 2598 3087 quaedam
2632 3032 2753 3072 esse
2778 3017 2913 3071 dixit
2942 3016 2992 3070 in
3026 3032 3131 3071 uno
3162 3017 3393 3082 homine,
3420 3017 3650 3071 vicissim

2079 3123 2204 3177 quae
2231 3123 2325 3162 sua
2357 3118 2479 3161 sunt
2510 3109 2719 3177 propria
2751 3116 3061 3177 operantes.
3110 3117 3163 3162 et
3205 3118 3394 3160 contra
3428 3121 3487 3160 se
3518 3107 3649 3160 invi-

2079 3212 2195 3251 cem
2226 3198 2482 3261 nitentes,
2519 3197 2761 3265 spiritum
2788 3196 3107 3252 videlicetet
3127 3210 3361 3250 carnem.
3383 3195 3535 3259 Caro,
3565 3196 3651 3248 in-

2077 3288 2215 3356 quit,
2244 3286 2553 3353 concupiscit
2586 3289 2827 3339 adversus
2854 3287 3089 3354 spiritum
3107 3325 3123 3350 ,
3154 3294 3202 3338 et
3237 3285 3449 3353 spiritus
3474 3285 3651 3337 adver-

2077 3392 2162 3430 sus
2186 3392 2409 3429 carnem.
2451 3374 2575 3429 Ha’c
2604 3376 2737 3428 enim
2770 3375 2869 3429 sibi
2908 3376 3119 3429 invicem
3146 3374 3477 3429 adversantur
3504 3371 3649 3446 (Gut.

2079 3481 2131 3530 ν,
2176 3465 2285 3536 17).
2319 3467 2468 3521 Sicut
2496 3480 2626 3535 ergo
2675 3479 2812 3519 unus
2837 3473 2920 3518 est
2967 3463 3129 3518 homo
3161 3464 3212 3516 in
3241 3478 3346 3531 quo
3392 3471 3514 3516 sunt
3543 3461 3650 3516 duo

2079 3558 2321 3627 qumdam
2354 3556 2406 3610 in
2452 3550 2510 3609 se
2559 3556 2786 3610 invicem
2818 3556 3206 3624 permanentia,
3231 3564 3285 3609 et
3307 3568 3403 3608 sua
3427 3567 3651 3622 quaeque

409 3646 485 3716 l).
524 3645 635 3701 Nec
670 3646 822 3714 dixit,
864 3646 919 3699 in
958 3660 1119 3699 unum
1162 3645 1326 3699 Deum
1368 3644 1600 3711 Patrem,
1651 3653 1704 3699 et
1736 3644 1786 3697 in
1816 3660 1973 3697 unum
2006 3646 2051 3709 C
2084 3649 2295 3715 prapria
2320 3648 2593 3714 operantia
2616 3687 2629 3711 ,
2662 3660 2762 3700 nec
2787 3654 2962 3713 potest
2983 3646 3117 3700 alius
3147 3646 3273 3710 dici,
3303 3645 3428 3699 dum
3455 3658 3647 3698 secun-

407 3735 666 3803 tneipsum
704 3754 717 3789 :
748 3735 869 3803 quis
913 3736 1054 3789 enim
1095 3736 1298 3788 nesciat
1325 3749 1485 3788 unum
1527 3748 1646 3789 esse
1676 3735 1841 3789 Deum
1875 3734 1975 3790 Pa-

407 3835 563 3889 trem,
592 3833 646 3879 et
668 3838 830 3878 unum
856 3822 1035 3879 Jcsum
1063 3822 1333 3877 Christum
1363 3822 1552 3877 Filium
1583 3822 1700 3891 ejus
1725 3824 1747 3875 ?

480 3914 549 3968 ll.
589 3914 750 3968 Miror
773 3924 948 3968 tamen
981 3913 1245 3982 quomodo
1270 3913 1412 3966 hunc
1440 3912 1733 3966 locumiste
1750 3911 1975 3978 notavit,

406 4014 460 4060 et
489 4003 637 4059 illum
668 4005 1030 4073 prmtermisit,
1061 4004 1149 4058 ubi
1181 4003 1323 4059 unici
1357 4003 1474 4057 Filii
1505 4005 1976 4059 commemoratio-

406 4108 526 4148 nem
565 4092 702 4148 idem
731 4093 921 4147 beatus
947 4093 1055 4148 Leo
1086 4092 1237 4158 facit,
1266 4093 1485 4148 dicens:
1518 4092 1543 4146 1
1553 4095 1665 4147 dem
1694 4110 1812 4147 vero
1842 4111 1975 4146 sent-

404 4185 588 4252 piterni
614 4185 853 4256 genitoris
882 4186 1171 4255 unigenitus
1222 4187 1559 4254 sempiternus
1582 4225 1596 4249 ,
1630 4196 1779 4238 natus
1806 4196 1879 4238 est
1912 4184 1976 4238 de

403 4274 603 4345 Spiritu
638 4286 809 4329 sancto
846 4285 893 4328 et
924 4274 1095 4329 Maria
1130 4274 1342 4345 Virgine
1386 4275 1527 4348 (Ep.
1577 4277 1675 4340 10,
1711 4292 1833 4329 num
1880 4277 1970 4347 9).

399 4366 505 4420 Sed
537 4374 593 4422 et
616 4366 716 4422 hoc
747 4381 958 4435 quoque
985 4365 1283 4423 mirandum
1309 4378 1390 4422 est
1416 4382 1512 4421 cur
1541 4382 1645 4422 non
1685 4368 1847 4421 simili
1879 4368 1976 4423 de-

400 4456 600 4511 mentia
631 4457 1003 4526 reprehendit,
1032 4458 1169 4527 quod
1201 4458 1301 4512 ait:
1339 4459 1439 4525 Qui
1472 4470 1619 4513 natus
1653 4470 1724 4513 est
1754 4461 1816 4514 de
1843 4459 1969 4529 Spi-

401 4549 508 4603 ritu
541 4561 717 4604 sancto
746 4559 793 4604 et
825 4549 997 4605 Maria
1042 4550 1286 4623 Virgine,
1316 4552 1567 4620 quoniam
1611 4552 1709 4606 hoc
1748 4554 1969 4608 verbum

402 4640 616 4695 Nictena
662 4641 899 4713 synodus
942 4656 1049 4696 non
1080 4640 1293 4711 posuit;
1321 4650 1376 4696 et
1409 4641 1488 4711 (ut
1512 4642 1590 4695 illi
1640 4642 1834 4713 placet)
1870 4643 1970 4698 hoc

403 4733 624 4787 verbum
656 4733 895 4802 proﬁteri
935 4734 1213 4797 debemus,
1240 4734 1379 4799 quod
1411 4734 1479 4787 ibi
1512 4736 1770 4804 scriptum
1821 4736 1968 4790 inve-

399 4825 655 4879 nerimus.
692 4823 855 4893 lmpie
883 4835 1058 4887 autem
1081 4824 1433 4880 calumniatur
1466 4825 1715 4889 Leonem,
1739 4826 1878 4892 quod
1912 4826 1963 4879 in

400 4932 562 4971 ttnum
611 4916 822 4986 quidem
867 4926 1137 4973 auctorem
1184 4927 1238 4972 et
1263 4933 1448 4974 verum
1490 4918 1676 4975 Filium
1711 4918 1803 4973 Dei
1837 4918 1969 4974 Ver-

2079 3739 2204 3794 dum
2234 3754 2446 3792 carnem
2480 3739 2618 3808 sapit
2661 3747 2715 3792 et
2745 3737 2892 3804 facit,
2919 3749 2973 3792 et
3002 3738 3139 3793 alius
3180 3738 3305 3792 dum
3355 3736 3646 3792 secundum

2079 3832 2324 3897 Spiritum
2354 3831 2513 3893 vivit;
2542 3829 2636 3883 sed
2662 3828 2801 3884 idem
2831 3829 2945 3898 ipse
2972 3826 3055 3884 es‘t
3085 3830 3137 3884 in
3167 3840 3411 3898 utroque,
3443 3828 3648 3883 habens

2080 3924 2132 3977 in
2156 3938 2214 3977 se
2244 3932 2545 3991 utrumque.
2577 3921 2648 3974 Ita
2673 3930 2727 3975 et
2750 3919 3015 3988 Christus,
3048 3920 3174 3975 dum
3202 3935 3363 3974 unum
3394 3920 3444 3974 in
3472 3934 3531 3974 se
3553 3920 3649 3972 ha-

2078 4016 2188 4083 bet,
2210 4016 2262 4068 in
2283 4028 2387 4083 quo
2416 4014 2713 4068 succumbit
2732 4013 3128 4068 inﬁrmitatibus
3152 4030 3165 4065 :
3196 4023 3249 4067 et
3270 4012 3412 4067 aliud
3429 4052 3445 4077 ,
3471 4010 3524 4065 in
3540 4025 3646 4081 quo

2081 4106 2255 4160 radiat
2281 4108 2546 4175 micatqne
2565 4105 2871 4171 virtutibus,
2900 4104 2951 4159 id
2970 4111 3055 4160 est
3074 4118 3285 4159 carnem
3315 4111 3363 4159 et
3389 4104 3642 4167 Verbum,

2077 4210 2194 4265 qua:
2223 4196 2330 4251 duo
2356 4195 2645 4265 Apostolus
2670 4196 2721 4249 in
2750 4209 2814 4249 eo
2835 4196 3185 4264 distinguens,
3220 4195 3328 4249 ait:
3362 4192 3501 4247 Nam
3527 4201 3574 4247 et
3599 4194 3645 4247 si

2077 4287 2349 4353 cruciﬁxus
2387 4294 2541 4339 estea:
2569 4285 2867 4353 inﬁrmitate
2891 4294 3085 4352 nostra,
3117 4285 3205 4339 sed
3234 4285 3352 4338 vivit
3376 4300 3436 4338 ex
3465 4285 3645 4337 virtute

2078 4373 2175 4430 Dei
2205 4374 2291 4446 (11
2312 4373 2430 4430 Cor.
2464 4390 2578 4439 xnt,
2617 4376 2713 4446 4);
2748 4389 2852 4429 non
2885 4374 3189 4445 bipertitus,
3219 4368 3273 4430 et
3317 4375 3455 4430 alius
3484 4384 3645 4445 atque

2076 4466 2342 4532 alius,sed
2364 4467 2500 4521 idem
2523 4465 2636 4535 ipse
2667 4479 2803 4520 unus
2830 4476 2990 4536 atque
3019 4465 3157 4521 idem
3186 4466 3523 4539 apertissime
3544 4465 3643 4519 de-

2076 4566 2421 4613 monstratur.
3111 4612 3115 4615 .

2148 4648 2235 4705 1V.
2280 4649 2473 4704 Verum
2505 4656 2581 4715 tu,
2612 4648 2737 4703 dum
2768 4662 2863 4717 per
2913 4647 3071 4702 unius
3099 4656 3305 4701 natura:
3350 4643 3645 4715 professio-

2074 4756 2219 4805 nem,
2270 4741 2552 4795 humanam
2598 4740 2811 4794 Christo
2858 4739 3068 4794 conaris
3103 4736 3316 4793 auferre
3356 4745 3597 4790 naturam
3624 4774 3641 4801 ,

2074 4832 2270 4885 videris
2293 4838 2470 4885 tamen
2519 4830 2761 4884 conlitcri
2805 4829 2944 4901 quod
2976 4842 3159 4898 negas.
3211 4828 3403 4882 Ditisti
3456 4826 3639 4880 enim:

2073 4924 2189 4994 Ipse
2233 4922 2398 4989 Deus,
2431 4922 2516 4989 qui
2546 4921 2597 4975 in
2627 4936 2790 4975 carne
2837 4930 2993 4974 natus
3022 4928 3135 4985 est,
3169 4919 3256 4988 qtti
3298 4927 3381 4974 est
3408 4917 3644 4972 Verbum

402 5008 551 5071 bum,
582 5017 637 5060 et
667 5007 719 5061 in
747 5006 907 5061 alitun
937 5008 1311 5074 recogitatum.
1335 5018 1391 5064 et
1423 5010 1874 5079 conglorilicatum
1900 5026 1963 5067 ex
1994 5008 2049 5069 D
2077 5014 2170 5070 Dei
2194 5013 2400 5078 Patris;
2431 5012 2518 5082 qui
2547 5012 2720 5067 factus
2749 5020 2831 5067 est
2871 5011 3354 5066 inconvertibihter
3373 5009 3643 5079 perfectus

398 5100 563 5153 Maria
609 5099 879 5155 hominem
928 5100 1238 5155 crediderit.
1274 5101 1385 5158 lloc
1413 5103 1554 5156 enim
1588 5104 1657 5156 ita
1685 5118 1809 5158 eum
1837 5118 1965 5159 sen-

395 5193 531 5246 sisse
576 5192 661 5246 vel
706 5190 952 5246 docuisse
996 5193 1206 5259 probari
1243 5208 1347 5247 non
1391 5203 1588 5262 potest.
1623 5196 1789 5265 Magis
1819 5197 1964 5250 enim

397 5298 557 5337 unum
586 5282 942 5351 eamdemque
970 5283 1247 5339 confessus
1272 5294 1377 5349 est,
1410 5284 1501 5340 Dei
1542 5296 1596 5339 et
1621 5286 1855 5340 hominis
1885 5287 1972 5340 Fi-

398 5372 528 5427 lium
568 5373 853 5429 Dominum
899 5374 1166 5428 Christum
1196 5375 1423 5430 dicens:
1468 5374 1610 5428 Unus
1649 5378 1781 5429 enim
1808 5377 1969 5431 idem-

394 5478 493 5531 que
516 5461 611 5517 Dei
636 5473 683 5519 et
706 5464 924 5519 hominis
952 5464 997 5517 F
999 5465 1116 5519 ilius
1142 5464 1330 5531 (Num.
1355 5463 1433 5534 4).
1469 5465 1534 5518 Ει
1559 5464 1750 5520 iterum
1774 5485 1785 5517 :
1824 5465 1968 5520 Unus

397 5560 549 5609 atque
587 5554 721 5608 idem
767 5557 1019 5609 mediator
1051 5553 1146 5607 Dei
1185 5563 1234 5607 et
1271 5554 1535 5608 hominum
1563 5556 1713 5610 homo
1735 5555 1966 5610 Christus

397 5641 551 5698 Jesus
580 5643 767 5715 (Num.
794 5647 871 5717 5).
898 5645 1007 5701 Hoc
1027 5647 1187 5701 etiam
1212 5645 1499 5715 capitulum
1529 5647 1660 5700 mira
1692 5647 1888 5715 impudv
1909 5665 1970 5701 n-

2076 5103 2258 5169 homo,
2299 5117 2618 5172 permanens
2648 5104 2738 5157 Dei
2781 5102 2944 5156 Filius
2984 5102 3321 5173 unigenitus;
3353 5110 3407 5155 et
3436 5099 3544 5154 Deo
3571 5098 3645 5151 si-

2074 5193 2216 5247 miiis
2236 5194 2288 5248 in
2318 5192 2533 5272 virtute,
2553 5200 2607 5246 et
2635 5192 2788 5247 nobis
2810 5192 3005 5248 similis
3030 5191 3085 5247 in
3111 5191 3443 5245 inﬁrmitate.
3460 5188 3513 5244 Si
3529 5187 3641 5243 Deo

2074 5284 2263 5338 similis
2286 5292 2367 5338 est
2394 5283 2446 5339 in
2471 5283 2696 5349 virtute,
2732 5291 2786 5338 et
2810 5282 2962 5338 nobis
2992 5283 3043 5337 in
3076 5282 3417 5343 inﬁrmitate;
3448 5279 3638 5334 simili-

2075 5374 2204 5429 tudo
2234 5382 2412 5429 autem
2442 5372 2654 5428 deitatis
2684 5375 2735 5427 in
2780 5374 2975 5428 virtute
3016 5372 3313 5442 proprietas
3342 5379 3422 5425 est
3449 5367 3643 5424 divinte

2076 5473 2300 5531 naturae,
2328 5466 2511 5533 procul
2538 5464 2701 5520 dubio
2724 5464 3015 5518 similitudo
3046 5461 3386 5516 humanitatis
3415 5460 3466 5514 in
3498 5455 3647 5513 inﬁr-

2074 5557 2259 5611 mitate
2285 5557 2582 5626 proprietas
2608 5564 2691 5610 est
2712 5555 2956 5609 humana:
2978 5561 3204 5609 naturae.
3225 5551 3337 5614 Non
3357 5550 3496 5605 enim
3520 5563 3645 5617 pru-

2074 5649 2248 5703 dentis
2290 5657 2372 5704 est
2407 5648 2461 5702 in
2503 5661 2559 5702 re
2596 5647 2759 5703 simili
2798 5646 3072 5702 dissimilia
3117 5643 3383 5703 confiteri.
3434 5640 3543 5697 Sed
3589 5649 3645 5695 et
