4040 6184
306 321 406 376 lli

1427 318 1699 373 CONTRA
1737 314 2200 371 EUTYCHETEM
2240 317 2367 372 LIB.
2410 319 2495 376 ιν.

3485 322 3591 376 ΗΞ

318 452 445 490 cum
489 433 657 490 dicis:
691 432 791 501 Qui
819 432 990 488 factus
1015 443 1095 487 est
1119 433 1598 488 inconvertibiliter
1636 434 1905 502 perfectus
1936 436 1983 495 Α
2015 435 2129 487 Dei.
2162 434 2304 489 Idem
2349 436 2488 488 Patri
2519 434 2740 504 aequalis
2773 435 2826 489 in
2874 436 3043 490 forma
3084 434 3202 499 Dei,
3253 435 3389 489 idem
3432 435 3587 489 Putre

324 529 507 588 homo,
536 540 864 593 permanens
896 524 1066 589 Deus;
1099 536 1363 589 nostram,
1393 526 1500 579 imo
1543 526 1862 579 catholiCam
1893 565 1907 590 ,

323 616 584 668 adversus
612 630 773 682 quam
803 615 1015 679 niteris,
1042 614 1199 668 fidem
1220 614 1530 668 confirmas.
1558 614 1615 669 Si
1637 614 1777 667 enim
1804 630 1909 667 non

324 715 408 757 est
437 719 738 757 conversus
767 708 818 757 in
846 718 1084 768 carnem,
1108 717 1159 757 et
1187 703 1355 757 factus
1388 716 1467 758 est
1499 703 1661 757 homo
1696 720 1909 771 perma-

324 813 458 851 nens
490 797 655 859 Deus,
703 802 805 852 hoc
856 800 1030 864 ipsum
1062 796 1204 867 quod
1252 798 1422 852 factus
1451 807 1531 852 est
1575 799 1752 861 homo,
1785 799 1909 865 quia

323 892 629 945 immutatio
655 891 762 945 dici
784 906 888 945 non
920 899 1117 960 potest,
1142 891 1439 958 assumptio
1454 891 1661 944 dicatur
1687 904 1909 944 necesse

326 990 434 1033 est:
463 996 527 1034 ac
553 983 635 1034 sic
676 982 945 1049 geminum
971 981 1222 1049 quiddam
1251 982 1352 1035 erit
1382 981 1431 1034 id
1456 983 1559 1051 37
1583 981 1723 1049 quod
1756 992 1903 1044 erat,

329 1082 383 1123 et
412 1080 677 1123 mutatum
712 1087 817 1124 non
846 1080 961 1133 est;
988 1080 1036 1124 et
1063 1072 1110 1123 id
1151 1072 1291 1140 quod
1320 1087 1424 1124 non
1466 1081 1608 1135 erat,
1632 1081 1685 1124 et
1715 1074 1904 1124 factum

330 1168 429 1222 est,
464 1159 547 1212 vel
577 1168 947 1227 assumptum;
978 1160 1102 1227 quia
1132 1161 1181 1212 id
1205 1160 1345 1227 quod
1377 1170 1495 1213 erat
1524 1174 1629 1213 non
1671 1169 1752 1214 est
1792 1177 1908 1213 mu-

330 1263 495 1306 tatum
527 1252 584 1306 in
612 1267 854 1313 carnem,
878 1261 933 1306 et
965 1262 1140 1305 tamen
1166 1250 1327 1305 habet
1354 1267 1570 1305 carnem
1591 1293 1605 1315 ,
1632 1251 1767 1306 sicut
1793 1252 1907 1320 ipse

329 1346 427 1397 ait:
461 1342 601 1396 Caro
626 1360 737 1395 mea
769 1358 881 1395 cere
905 1354 979 1394 est
1003 1342 1141 1395 cibus
1172 1343 1350 1411 (Joan.
1370 1358 1442 1408 vt,
1463 1342 1577 1410 56);
1603 1354 1656 1397 et
1680 1344 1904 1397 Petrus:

332 1436 512 1505 Neque
534 1452 658 1488 caro
684 1438 797 1506 ejus
818 1435 941 1487 vidit
970 1435 1344 1505 corruptionem
1378 1434 1512 1504 (Act.
1540 1450 1597 1501 ιι,
1625 1434 1738 1502 51).
1776 1435 1905 1498 Onia

330 1538 453 1591 ergo
507 1538 616 1576 non
668 1532 751 1576 est
798 1522 1030 1592 idipsum
1082 1523 1265 1577 haberi
1297 1534 1350 1578 et
1384 1522 1582 1578 habere
1629 1522 1906 1592 (Verbum

328 1615 528 1681 quippe
559 1613 745 1679 habet,
775 1613 999 1668 habetur
1022 1622 1200 1667 autem
1231 1613 1400 1684 caro),
1450 1614 1732 1683 perspicue
1761 1623 1815 1670 et
1841 1616 1907 1667 li-

330 1706 490 1771 qnido
516 1705 902 1773 comprobatur
923 1704 1195 1759 Christum
1225 1705 1501 1775 utriusque
1529 1720 1650 1759 esse
1680 1715 1903 1770 naturae,

331 1800 487 1850 unius
509 1812 641 1850 vero
666 1811 931 1864 personae.

398 1887 463 1939 V.
508 1888 661 1942 Unde
690 1886 944 1956 quidquid
973 1886 1240 1955 copiosius
1264 1896 1317 1940 et
1348 1886 1507 1940 latins
1537 1888 1787 1956 persequi
1823 1902 1915 1940 vo-

330 1976 502 2040 luisti,
551 1986 612 2030 ut
642 1992 807 2029 unum
839 1979 1152 2031 ostenderes
1186 1974 1482 2041 Christum,
1516 1978 1727 2030 noveris
1748 1987 1798 2029 te
1824 1993 1915 2029 su-

332 2064 554 2128 perﬂuis
614 2066 953 2119 immoratum
1010 2065 1327 2129 laboribus;
1378 2067 1598 2133 cupiens
1632 2066 1914 2120 ostendere

329 2158 466 2223 quod
495 2155 599 2223 ipsi
631 2155 843 2221 penitus
879 2170 983 2208 non
1008 2168 1280 2222 negamus.
1320 2155 1372 2208 ln
1400 2155 1500 2208 hoc
1530 2170 1659 2209 sane
1705 2157 1915 2210 subtili-

330 2256 407 2298 ter
433 2254 490 2299 et
512 2231 684 2311 impie
713 2244 836 2299 ﬁdei
864 2244 1184 2297 Christianae
1226 2244 1477 2307 illudens,
1521 2254 1577 2296 ut
1607 2244 1726 2311 quia
1754 2243 1913 2298 Chri-

328 2346 440 2386 stus
470 2348 612 2387 unus
640 2343 751 2396 est,
783 2333 923 2397 quod
950 2332 1136 2401 negari
1165 2348 1267 2386 non
1306 2342 1497 2400 potest,
1521 2333 1769 2387 unionem
1797 2350 1915 2399 per-

330 2437 476 2477 mna:
504 2424 572 2477 ad
609 2423 972 2492 prarjudicium
1003 2421 1303 2477 inflecteres
1353 2424 1629 2491 utriusque
1668 2432 1869 2475 natum
1897 2463 1911 2487 ,

336 2513 460 2564 dum
485 2521 717 2580 utraque
746 2521 931 2564 natura
958 2526 1064 2565 uno
1080 2526 1296 2578 semper
1311 2515 1527 2564 nomine
1552 2518 1910 2578 nuncupetur.

336 2602 466 2655 Nam
496 2618 618 2656 cum
648 2601 806 2655 Jesus
830 2600 1073 2655 Christus
1101 2616 1205 2653 non
1236 2599 1417 2660 Verbi,
1450 2598 1545 2651 δοιά
1569 2600 1747 2652 carnis
1789 2614 1914 2665 pro-

334 2692 505 2758 piium
539 2692 609 2744 sit
634 2705 829 2745 nomen
855 2706 869 2755 ;
896 2700 949 2745 et
979 2690 1117 2744 Deus
1148 2690 1419 2756 pr0prium
1443 2688 1627 2752 Verbi,
1657 2702 1761 2741 non
1793 2702 1913 2741 car-

333 2783 411 2834 nis
464 2789 683 2834 constet
731 2794 854 2834 esse
903 2778 1255 2842 vocabulum;
1314 2787 1489 2832 tamen
1540 2784 1597 2830 et
1640 2776 1911 2838 Verbum,

330 2881 547 2939 propter
573 2884 792 2924 carnem
818 2884 991 2933 suam,
1020 2868 1179 2922 homo
1205 2868 1361 2922 Jesus
1382 2866 1657 2928 Christus;
1691 2874 1745 2918 et
1787 2879 1914 2918 caro

330 2970 549 3030 propter
576 2961 835 3023 Verbum,
863 2962 1000 3015 Deus
1023 2959 1251 3013 Verbum
1286 2967 1386 3011 est.
1414 2955 1610 3010 Christi
1642 2956 1781 3009 enim
1819 2970 1918 3007 no-

329 3066 452 3104 men
483 3066 549 3104 ex
585 3065 651 3103 eo
690 3049 764 3103 illi
816 3059 930 3111 est,
980 3047 1121 3117 quod
1170 3046 1235 3099 ad
1266 3060 1391 3101 eum
1443 3045 1706 3113 Propheta
1740 3044 1866 3097 dicit
1899 3061 1912 3096 :

330 3138 494 3193 Unxit
524 3150 573 3192 te
615 3139 772 3201 Deus,
799 3138 936 3192 Deus
965 3147 1081 3191 tuus
1096 3137 1206 3190 oleo
1228 3135 1584 3189 exsultationis
1606 3175 1621 3197 ,
1651 3149 1759 3199 pra:
1783 3149 1903 3186 con-
1931 3146 1979 3209 ρ

327 3229 547 3283 senibus
593 3230 693 3282 tuis
723 3227 895 3296 (Psal.
927 3241 1075 3292 XLIV,
1106 3226 1183 3296 8).
1218 3225 1331 3278 Non
1363 3225 1504 3279 enim
1532 3223 1688 3277 Verbi
1716 3232 1903 3275 natura

329 3326 485 3372 uncta
522 3330 643 3382 est,
677 3332 794 3387 qua:
824 3325 1105 3370 consortes
1133 3313 1427 3369 secundum
1471 3328 1530 3366 se
1572 3311 1768 3365 habere
1798 3325 1902 3363 non

330 3409 520 3476 potuit.
546 3409 700 3465 Unde
722 3407 1040 3478 apparet,ad
1060 3405 1111 3461 id
1127 3405 1268 3475 quod
1293 3405 1454 3461 homo
1474 3402 1643 3457 factus
1661 3411 1763 3466 est,
1791 3416 1907 3470 per-

331 3500 501 3553 tinere
528 3498 830 3563 unctionis,
862 3498 912 3551 id
940 3506 1023 3551 est
1051 3494 1247 3550 Christi
1272 3492 1611 3548 vocabulum.
1645 3491 1750 3547 Sed
1782 3491 1902 3557 quia

329 3593 431 3660 jam
473 3606 572 3660 per
611 3592 970 3661 cognitionem
1004 3588 1280 3655 utriusque
1333 3595 1570 3651 naturae,
1602 3599 1767 3636 unum
1820 3593 1903 3636 est

330 3684 623 3737 divinitatis
637 3680 1087 3749 humanitatisque
1109 3680 1225 3746 ejus
1252 3677 1566 3731 vocabulum
1589 3692 1602 3739 ;
1632 3676 1750 3727 ideo
1765 3674 1907 3741 Apoo

329 3774 496 3827 stolus
517 3773 626 3827 ait:
652 3771 768 3825 Hoc
786 3772 965 3825 sentite
985 3771 1035 3821 in
1057 3769 1219 3830 vobis,
1238 3766 1375 3837 quod
1396 3774 1440 3818 et
1462 3770 1516 3816 in
1536 3764 1735 3816 Christo
1755 3763 1786 3815 ΙΙ
1794 3780 1903 3829 esu,

329 3868 444 3935 quia
474 3882 591 3918 cum
617 3867 673 3919 in
702 3865 869 3934 {oram
912 3861 1004 3914 Dei
1048 3869 1211 3922 esset,
1237 3874 1338 3911 non
1364 3856 1601 3923 rapinam
1632 3853 1906 3907 arbitratus

330 3970 396 4013 est
431 3976 540 4012 esse
568 3974 623 4012 se
646 3957 891 4025 ccqua’em
922 3952 1065 4017 Deo;
1112 3952 1201 4006 sed
1246 3950 1565 4019 semetipsum
1593 3946 1868 3999 eminanivit
1888 3985 1904 4011 ,

330 4052 543 4118 formam
570 4050 702 4103 serui
738 4047 991 4115 accipiens
1018 4044 1240 4113 (Philip.
1287 4057 1345 4105 tl,
1376 4040 1456 4107 6).
1500 4037 1634 4093 Cum
1667 4037 1906 4106 profecto

330 4153 614 4211 antequam
652 4139 722 4193 ab
750 4138 843 4191 illo
872 4136 1039 4190 forma
1072 4134 1213 4188 servi
1244 4138 1384 4186 esset
1414 4136 1627 4196 accepta
1664 4125 1901 4180 nondum

331 4230 481 4285 fuerit
512 4229 782 4289 Christus,
815 4224 907 4279 sed
939 4222 1306 4277 tantammo-lo
1339 4218 1605 4278 Verbum;
1631 4214 1683 4268 id
1705 4222 1789 4268 est
1809 4229 1907 4267 an-

332 4328 539 4385 tequam
563 4324 710 4370 esset
740 4314 925 4377 homo,
951 4311 1183 4365 nondum
1209 4316 1326 4364 erat
1342 4308 1523 4369 homo,
1549 4305 1644 4360 sed
1676 4312 1906 4358 tantum-

332 4408 485 4462 modo
509 4407 689 4461 Deus:
719 4402 957 4457 nondum
988 4409 1103 4455 erat
1133 4398 1396 4458 Christus,
1421 4403 1708 4461 antequam
1738 4390 1907 4445 nostri

334 4499 545 4553 habitus
578 4492 933 4551 similitudine
959 4490 1120 4543 homo
1145 4495 1289 4544 esset
1335 4485 1613 4545 inventus;
1642 4489 1699 4535 et
1728 4489 1903 4535 tamen

332 4590 571 4643 Christus
602 4596 687 4639 est
714 4584 769 4636 in
796 4582 967 4638 forma
1000 4578 1126 4642 Dei,
1151 4576 1396 4631 Christus
1434 4573 1485 4628 in
1526 4572 1697 4626 forma
1728 4570 1902 4633 servi;

332 4678 572 4734 Christus
600 4673 824 4745 aequalis
849 4670 1010 4736 Patri,
1037 4668 1285 4723 Christus
1307 4663 1532 4719 inferior
1554 4662 1741 4726 Patre;
1765 4659 1904 4714 idem

335 4770 488 4833 Deus,
520 4764 665 4821 idem
694 4764 887 4817 homo:
914 4760 1058 4816 unde
1085 4763 1297 4813 constat
1331 4764 1385 4809 et
1424 4754 1762 4808 divinitatem
1806 4750 1905 4802 hu-

333 4856 624 4919 manitatis,
653 4861 709 4908 et
731 4852 839 4923 38
867 4848 1248 4904 humanitatem
1270 4842 1565 4899 divinitatis
1587 4840 1786 4893 habere
1810 4853 1906 4892 vo-

332 4946 608 5007 cabulum;
638 4942 691 4996 id
712 4951 798 4997 est
828 4939 1057 4994 Verbum
1078 4936 1183 4991 dici
1206 4948 1425 4991 carnem
1448 4972 1462 4996 ,
1492 4943 1544 4986 et
1571 4943 1785 4985 carnem
1804 4928 1907 4981 dici

334 5038 574 5093 Verbum
596 5054 612 5087 -.
640 5049 743 5088 non
773 5033 897 5102 quia
926 5012 1067 5086 inse
1095 5038 1384 5096 utrumque
1414 5032 1673 5079 mutatum
1696 5020 1785 5085 sit,
1810 5019 1904 5073 sed

331 5133 454 5201 quia
480 5138 765 5197 utrumque
784 5141 889 5179 una
920 5136 1170 5193 persona,
1200 5119 1251 5174 id
1281 5126 1366 5172 est
1392 5129 1531 5170 unus
1550 5112 1795 5201 Christus
1816 5110 1906 5164 sit.

333 5197 400 5276 Et
425 5220 545 5276 ideo
568 5228 715 5274 recte
738 5214 1011 5271 credimus
1041 5220 1097 5267 et
1120 5208 1473 5280 praedicamus
1499 5217 1620 5258 cum
1651 5197 1910 5269 Apostolo

331 5312 496 5366 Deum
541 5308 850 5377 crucifixum
874 5312 922 5359 et
966 5308 1228 5357 mortuum
1267 5296 1318 5367 (1
1346 5294 1467 5349 Cor.
1504 5308 1545 5359 ι,
1586 5289 1698 5361 25).
1729 5288 1785 5343 In
1810 5287 1910 5342 hu-

331 5418 486 5459 mana
516 5413 730 5468 natura,
758 5413 879 5470 qua;
918 5412 984 5453 ex
1026 5394 1161 5451 uniti
1185 5391 1345 5448 Verbi
1371 5385 1666 5450 consortio,
1698 5382 1913 5439 deitatis

332 5494 567 5565 possidet
596 5471 819 5547 nomen.
838 5489 959 5559 Ipse
985 5487 1144 5557 igitur
1158 5497 1297 5540 unus
1322 5479 1570 5548 idemque
1597 5475 1689 5531 Dei
1719 5473 1908 5540 Filius,

336 5564 595 5641 Dominus
622 5584 782 5639 Iesus
812 5579 1081 5644 Christus,
1108 5585 1166 5631 et
1206 5581 1453 5630 mortuus
1481 5576 1564 5625 est
1606 5564 1903 5622 secundum

335 5675 555 5735 ianuam
585 5673 753 5737 servi,
783 5678 839 5728 et
855 5686 961 5727 non
978 5682 1062 5727 est
1090 5673 1335 5723 mortuus
1357 5658 1650 5718 secundum
1682 5655 1907 5711 formam

2019 530 2193 583 minor
2223 530 2273 583 in
2305 528 2471 582 forma
2501 530 2664 583 servi.

2087 621 2176 675 Vl.
2218 622 2346 687 Qua:
2374 637 2494 675 cum
2529 620 2599 674 ita
2628 622 2756 684 sint,
2786 620 3040 691 quidquid
3072 620 3137 673 de
3168 627 3389 688 utraque
3417 618 3582 672 forma

2013 712 2306 768 secundum
2340 711 2415 766 tui
2459 727 2651 767 sensus
2681 714 2997 779 pravitatem
3037 712 3307 777 disputare
3340 710 3582 771 voluisti,

2014 804 2232 859 noveris
2282 803 2380 857 ista
2410 804 2743 871 expositione
2782 803 3003 856 eassari.
3035 802 3144 867 Qua
3182 816 3311 855 sane
3360 801 3580 865 imperi-

2014 897 2107 961 tia,
2137 896 2217 949 vel
2244 895 2419 963 potius
2446 894 2738 956 dementia,
2764 892 3125 961 evangelirmn
3145 891 3373 943 volneris
3398 891 3583 942 immu-

2012 1000 2128 1044 tare
2155 1004 2479 1051 sermonem,
2511 989 2646 1041 scias
2673 986 2825 1041 nobis
2860 1001 2963 1037 non
2994 999 3113 1037 esse
3145 986 3401 1051 ignotum.
3428 983 3577 1047 Quod

2010 1083 2150 1137 enim
2182 1082 2250 1135 ibi
2276 1082 2468 1150 legitur
2499 1082 2564 1134 de
2594 1078 2828 1143 Christo,
2859 1080 2980 1146 quia
3012 1080 3150 1130 inter
3180 1076 3314 1127 duos
3341 1076 3578 1127 latrones

2009 1176 2293 1231 eruciiixus
2323 1188 2398 1228 εει
2420 1216 2434 1239 ,
2462 1190 2525 1228 ex
2560 1173 2829 1240 prophetae
2863 1170 3197 1231 testimonio,
3232 1167 3481 1220 dicentis:
3517 1164 3580 1216 Iit

2012 1270 2146 1321 inter
2184 1268 2384 1336 iniquas
2413 1267 2681 1336 deputatus
2708 1275 2780 1317 est
2809 1261 2963 1331 (Isai.
2985 1276 3103 1322 LIII,
3139 1258 3252 1325 1‘2),
3278 1268 3330 1310 tu
3359 1257 3537 1308 dixisti
3565 1273 3576 1307 :

2016 1360 2073 1410 Et
2126 1358 2264 1411 inter
2316 1367 2551 1410 mortuos
2606 1355 2888 1422 deputatus
2933 1361 3034 1406 est.
3084 1350 3322 1417 Denique
3362 1348 3459 1399 ista
3493 1356 3579 1399 tua

2011 1458 2133 1502 sunt
2165 1448 2360 1502 verba:
2391 1447 2541 1509 Viue,
2569 1446 3021 1514 inquis,datorem
3054 1452 3105 1494 et
3130 1457 3220 1508 per
3244 1439 3416 1491 omnia
3443 1452 3582 1488 ama-

2014 1553 2178 1594 torem
2212 1538 2440 1593 hominis
2482 1538 2682 1603 Deum,
2734 1537 2822 1604 qui
2854 1536 2993 1589 inter
3017 1547 3253 1587 mortuos
3296 1532 3580 1598 deputatus

2010 1642 2125 1694 est,
2164 1641 2216 1684 et
2256 1631 2602 1697 eort'uptione
2645 1637 2699 1681 et
2740 1635 2913 1680 morte
2964 1640 3225 1692 nunquam
3257 1622 3428 1676 victus
3459 1628 3580 1682 est;

2011 1721 2137 1789 quin
2166 1722 2214 1773 in
2243 1720 2449 1773 inferno
2470 1717 2749 1772 descendit
2774 1726 2829 1768 ut
2852 1716 3113 1768 obnoxius
3134 1720 3329 1765 nostra:
3354 1719 3580 1771 natura',

1946 1801 1992 1859 Β
2020 1812 2135 1866 sine
2164 1821 2397 1880 peccato.
2428 1810 2584 1863 Vides
2609 1818 2864 1877 quantum
2896 1805 3155 1872 sacrilegii
3210 1803 3400 1856 haheat
3431 1801 3583 1852 unius

2018 1914 2220 1957 tantmn
2249 1903 2520 1957 confessio
2571 1911 2794 1953 naturae.
2827 1897 2987 1949 Vides
3030 1896 3081 1948 in
3116 1909 3231 1960 qme
3262 1907 3357 1945 vos
3393 1891 3584 1955 impie-

2017 1999 2138 2051 tatis
2168 1998 2392 2063 abrupta
2424 1993 2716 2062 praecipitet
2747 1990 2955 2043 novitas
2988 1988 3083 2039 ista
3128 1983 3424 2038 doctrinae?
3454 1982 3584 2045 Quia

2015 2089 2157 2143 enim
2191 2086 2269 2141 sic
2292 2086 2451 2140 vultis
2474 2082 2643 2137 videri
2672 2081 2839 2133 Deum
2872 2076 3224 2143 incarriatum,
3254 2083 3309 2126 ut
3333 2071 3460 2125 nihil
3496 2071 3587 2122 ha-

2016 2180 2135 2233 beat
2169 2177 2414 2229 hnmanae
2455 2183 2688 2237 natura);
2721 2179 2886 2224 totum
2918 2167 3059 2237 quod
3105 2174 3222 2229 est,
3251 2163 3463 2218 deitatis
3495 2178 3588 2213 na-

2017 2280 2132 2323 tura
2164 2269 2264 2323 sit:
2300 2265 2394 2319 Dei
2443 2277 2575 2317 vero
2624 2270 2899 2320 naturam,
2954 2271 3073 2325 qua:
3122 2253 3438 2318 immortalis
3466 2262 3586 2313 est,

2016 2362 2256 2414 scientes
2301 2353 2434 2409 mori
2467 2368 2572 2407 non
2608 2366 2791 2416 posse,
2823 2362 2919 2402 nec
2946 2348 2993 2400 ei
3035 2346 3245 2411 penitus
3277 2342 3462 2397 mortis
3495 2355 3589 2394 no-

2017 2470 2137 2509 men
2168 2462 2487 2516 congruere,
2511 2445 2751 2513 elegistis
2769 2458 2796 2495 a
2814 2442 2915 2495 fide
2938 2438 3228 2507 apo'stolica
3259 2434 3585 2499 exorbitare,

2016 2544 2241 2602 dicendo
2273 2543 2434 2595 Deum
2464 2540 2603 2592 inter
2632 2545 2872 2589 mortuos
2906 2532 3249 2599 deputatum;
3279 2540 3435 2596 quam
3466 2538 3587 2578 eum

2021 2642 2169 2696 fateri
2201 2637 2493 2691 secundum
2548 2630 2821 2685 hominem
2875 2636 3167 2681 mortuum.
3217 2622 3346 2675 Nam
3397 2618 3586 2671 Filium

2018 2734 2113 2787 Dei
2159 2728 2451 2786 secundum
2498 2724 2769 2777 hominem
2802 2728 3067 2773 mortuum
3098 2712 3385 2780 Apostolus
3409 2710 3586 2770 docet,

2017 2823 2200 2876 dicens
2231 2819 2297 2872 ad
2340 2818 2647 2871 Romanos:
2697 2811 2840 2864 Sicut
2880 2824 2969 2876 per
3011 2802 3399 2858 iuobedientiam
3436 2798 3588 2849 unius

2018 2912 2236 2966 hominis
2270 2918 2552 2980 pec.atores
2593 2899 2852 2955 constituti
2890 2907 3005 2951 sunt
3035 2894 3201 2957 multi,
3232 2892 3306 2945 ita
3338 2905 3425 2958 per
3456 2890 3599 2963 obs-5

2019 2970 2428 3058 dientiam'unius
2448 2994 2686 3054 hominis,
2702 2990 2831 3061 justi
2856 2986 3223 3041 constituentur
3244 2981 3389 3033 multi
3408 2970 3595 3048 (Rom.'

2019 3113 2083 3161 v,
2116 3094 2225 3164 19).
2254 3092 2400 3146 Hanc
2426 3097 2600 3141 autem
2632 3080 2992 3137 obedientiam
3025 3076 3214 3130 mortis
3236 3086 3356 3125 esse
3383 3111 3397 3134 ,
3423 3084 3581 3137 quam

2012 3206 2107 3262 pro
2126 3160 2279 3243 nobis
2302 3185 2352 3237 in
2372 3192 2485 3236 nos!
2497 3194 2569 3234 ra:
2582 3188 2783 3231 natura:
2798 3173 3022 3228 veritate
3033 3167 3288 3236 suscepit,
3304 3167 3417 3231 ipse
3434 3165 3481 3214 ni
3494 3160 3587 3212 hil-

2006 3251 2218 3337 ominus
2240 3277 2395 3332 docet
2411 3268 2693 3340 Apostolus
2714 3264 2898 3320 dicens
2921 3262 2987 3317 de
3000 3262 3105 3331 39
3116 3258 3360 3312 Christo:
3395 3251 3583 3304 Factus

2007 3372 2240 3427 obediens
2262 3380 2422 3435 usque
2450 3362 2517 3415 ad
2540 3367 2778 3423 mortem,
2812 3362 3020 3408 mortem
3039 3360 3209 3405 autem
3236 3346 3399 3400 crucis
3426 3342 3583 3411 (Phi-

2008 3468 2101 3535 lip.
2133 3479 2195 3526 tt,
2222 3460 2298 3531 8).
2327 3460 2392 3515 Et
2418 3457 2642 3510 iterum:
2671 3446 2999 3503 Reconciliati
3018 3457 3189 3496 sumus
3213 3438 3317 3491 Deo
3342 3452 3428 3505 per
3448 3449 3585 3485 mor-

2008 3524 2107 3609 tem
2130 3524 2269 3605 Filii.
2289 3551 2399 3620 rjus
2428 3545 2602 3614 (Rom.
2634 3556 2687 3604 v,
2714 3539 2823 3606 10).
2854 3536 2921 3590 Et
2949 3534 3013 3587 ad
3049 3528 3403 3620 Corinthios:
3451 3524 3578 3577 Tru-

2008 3645 2141 3708 didi,
2165 3614 2362 3710 inquit,
2392 3636 2527 3690 vobis
2556 3630 2690 3695 quod
2719 3638 2764 3681 et
2787 3628 2997 3694 accepi:
3024 3623 3144 3688 quia
3171 3615 3322 3672 Iesus
3351 3614 3584 3668 Christus

2008 3708 2344 3799 mortuus—est,
2368 3726 2646 3783 secundum
2676 3720 2970 3784 Seripturas
3000 3712 3052 3784 (1
3082 3710 3197 3764 Cor.
3231 3722 3327 3765 xv.
3355 3708 3433 3773 5).

2080 3826 2194 3879 Vll.
2223 3795 2340 3888 Quo
2370 3834 2497 3886 ergo
2544 3823 2686 3870 metu
2738 3804 3128 3867 formidaveris,
3182 3802 3347 3854 Deum
3401 3795 3582 3848 dicere

2011 3930 2303 3979 mortuum,
2333 3929 2435 3968 non
2464 3918 2547 3965 est
2566 3906 2717 3959 nobis
2744 3904 3005 3972 ignotum.
3056 3892 3279 3949 Noveris
3321 3898 3494 3942 tamen
3533 3894 3584 3935 te

2008 4020 2191 4069 contra
2222 4018 2364 4061 tuam
2395 3999 2777 4072 professionem
2802 3993 3002 4055 venire,
3022 3988 3146 4041 dum
3174 3983 3305 4037 dicis
3333 3980 3399 4032 de
3428 3977 3584 4028 Chri-

2010 4113 2115 4163 sto,
2164 4098 2257 4169 qui
2303 4096 2354 4149 in
2411 4092 2618 4146 inferno
2644 4084 2957 4147 descendit,
2998 4088 3057 4132 ut
3082 4073 3348 4131 obnoxius
3381 4076 3579 4167 nostra:

2010 4156 2212 4247 natura:
2239 4187 2355 4241 sine
2381 4190 2619 4250 peccato.
2647 4178 2702 4232 Si
2726 4188 2852 4241 ergo
2878 4182 3074 4224 nostrm
3096 4176 3298 4219 natura:
3320 4156 3581 4213 obnoxius

2013 4284 2129 4346 fuit,
2177 4247 2412 4332 nostram
2457 4269 2696 4339 profecto
2734 4275 2971 4318 naturam
3006 4253 3222 4315 habuit,
3277 4258 3370 4304 aut
3398 4247 3440 4301 si
3475 4262 3578 4298 non

2014 4336 2218 4434 habuit,
2243 4336 2469 4422 ostende
2496 4359 2633 4414 unde
2660 4353 2921 4411 obnoxius
2954 4351 3072 4402 fuit.
3106 4344 3271 4399 Nemo
3313 4339 3453 4394 enim
3488 4336 3581 4389 de-

2014 4466 2104 4519 bet
2125 4429 2322 4529 aliquid
2349 4458 2395 4511 ei
2422 4470 2451 4509 a
2481 4466 2587 4523 quo
2614 4448 2741 4503 nihil
2768 4443 2994 4508 accepit.
3050 4437 3152 4494 Sed
3204 4444 3257 4489 et
3299 4447 3418 4487 cum
3448 4429 3583 4481 dit-is

2017 4559 2067 4610 In
2099 4549 2442 4620 sequentibus
2463 4586 2478 4610 ,
2531 4543 2599 4597 de
2629 4540 2840 4595 Christo
2867 4545 3139 4601 exponens
3164 4526 3413 4582 Ieremia:
3439 4523 3586 4575 testi-

2016 4609 2283 4699 monium:
2313 4638 2375 4692 Et
2397 4609 2510 4689 cunt
2524 4629 2807 4685 hominibus
2829 4631 3147 4678 conversatus
3164 4628 3234 4673 est
3253 4616 3400 4687 (Bar.
3418 4630 3453 4675 ι,
3471 4609 3583 4675 58).

2016 4917 2159 4973 enim
2209 4909 2489 4968 declarasti
2535 4903 2828 4961 secundum
2876 4898 3121 4951 humanm
3152 4904 3354 4946 naturae
3384 4902 3588 4940 assum-

2013 5011 2269 5079 ptionem,
2304 5002 2469 5056 Deum
2526 4998 2662 5051 inter
2712 4991 2953 5046 homines
2998 4993 3395 5040 com'etsatnm.
3441 4977 3588 5030 Sient

2012 5066 2154 5155 enim
2186 5066 2280 5150 Dei
2311 5095 2502 5157 forma,
2536 5089 2588 5143 in
2613 5100 2713 5155 qua
2752 5092 2835 5139 est
2863 5081 3034 5136 Filius
3065 5076 3281 5146 aequalis
3312 5072 3478 5132 Patri,
3509 5066 3589 5118 ni-

2012 5194 2089 5248 hil
2117 5186 2360 5247 estaliud
2389 5197 2547 5254 quam
2580 5179 2670 5234 Dei
2701 5185 2931 5238 natura;
2978 5172 3046 5226 ita
3079 5169 3219 5225 servi
3250 5157 3581 5254 forma‘nihil

2014 5293 2096 5342 est
2143 5279 2287 5335 aliud
2330 5247 2491 5347 quam
2536 5272 2766 5327 humana
2791 5276 3004 5327 natura,
3046 5261 3099 5314 in
3127 5273 3227 5328 qua
3258 5264 3343 5309 est
3370 5247 3590 5347 inferior

2017 5336 2194 5431 Patre.
2219 5336 2451 5426 Attende
2479 5367 2637 5434 igitur
2662 5361 2769 5415 vim
2797 5358 2925 5413 dicti
2958 5355 3055 5417 tui,
3084 5362 3137 5405 et
3166 5349 3256 5403 tibi
3289 5343 3458 5434 magis
3488 5336 3589 5406 ipsi

2017 5480 2175 5539 quam
2217 5461 2374 5518 nobis
2410 5432 2633 5514 credito.
2674 5450 2861 5507 Dixisti
2888 5448 3027 5501 enim
3056 5457 3121 5496 ex
3153 5438 3320 5537 Adam
3365 5432 3590 5539 formati:

2014 5518 2157 5615 ζει-νῆ
2189 5551 2462 5616 habuisse,
2492 5547 2619 5602 licet
2641 5540 2879 5598 uolueris
2915 5537 3094 5591 dicere
3124 5526 3415 5596 accepisse,
3446 5518 3591 5616 quod

2017 5610 2306 5717 'Apostolus
2354 5642 2428 5695 ait
2450 5610 2472 5691 ἐ
2506 5635 2844 5702 Semetipsum
2892 5621 3167 5681 eainanivit
3220 5619 3439 5690 formant
3467 5610 3593 5669 servi
