4044 6184
423 278 521 329 12';

1742 272 1963 327 ViGlLll
2005 271 2371 329 TAPSENSIS

3589 271 3688 325 ιω

417 385 668 454 accipiens
698 384 919 456 (Philip.
953 401 1015 452 tt,
1046 383 1126 454 7).
1160 382 1268 440 Sed
1298 383 1424 454 quid
1453 380 1519 436 ad
1550 390 1671 446 n'os,
1703 382 1745 435 si
1776 381 1996 436 verbum
2028 394 2079 451 Α
2106 382 2419 456 Apostolum
2445 384 2548 453 ἀι
2580 381 2703 436 audi
2728 382 2993 437 dicentem
3022 380 3090 436 dc
3123 380 3241 448 ipso
3271 399 3280 431 :
3314 378 3378 432 In
3416 398 3515 451 quo
3540 382 3689 435 inha-

420 478 676 547 refugeris
705 479 860 545 cujus
890 490 1106 532 sensum
1149 477 1316 530 vitare
1365 490 1472 530 non
1524 473 1993 542 potuisti?.Quod

419 584 549 639 ergo
577 585 642 624 ex
667 570 839 624 altero
867 578 948 624 est
979 566 1076 629 illi.
1107 582 1211 620 nou
1243 575 1357 621 erat
1383 566 1573 635 ipsius,
1603 565 1910 632 priusquam
1945 564 1995 617 id

422 659 705 728 acciperet.
724 646 891 714 Nismo
913 660 1055 714 enim
1072 658 1140 713 ab
1156 656 1326 711 altero
1352 664 1623 709 mutuatur
1650 655 1787 723 quod
1814 656 1865 709 in
1898 670 1999 708 se-

418 750 537 819 ipso
566 750 764 805 habere
794 751 1145 820 dignoscitur.
1172 748 1322 804 Unde
1364 758 1588 819 apparet
1638 747 1731 801 Dei
1768 747 1997 801 Verbum

421 843 500 898 sic
530 844 882 904 incantatam,
914 851 972 896 ut
999 858 1064 895 ex
1096 841 1251 895 nobis
1279 855 1397 909 quin
1432 847 1614 894 nostra
1642 849 1766 891 sunt
1794 839 1998 906 accipe-

424 942 524 993 ret.
559 948 662 986 non
693 942 749 985 ut
774 946 923 986 suam
970 940 1211 985 naturam
1245 932 1297 983 in
1346 944 1560 984 carnem
1613 936 1865 984 mutaret.
1923 929 2000 982 Ac

422 1024 500 1077 sic
529 1023 580 1076 in
608 1036 674 1076 eo
698 1023 894 1089 duplex
918 1024 1019 1078 erit
1046 1031 1257 1088 natura,
1282 1021 1444 1075 Verbi
1475 1021 1701 1085 scilicet,
1725 1035 1847 1089 qua:
1878 1035 1996 1074 mu-

396 1126 397 1129 ‘
424 1124 529 1168 tata
563 1130 669 1169 non
703 1125 805 1182 est,
829 1124 883 1170 et
906 1115 1105 1182 carnis,
1134 1130 1253 1185 qua:
1281 1129 1348 1170 ex
1376 1113 1544 1168 Adam
1574 1127 1730 1169 servo
1762 1114 1879 1183 ejus
1909 1128 1999 1166 ac-

421 1211 575 1270 cepta
601 1212 708 1259 est.

496 1294 630 1347 Vlll.
658 1294 760 1348 Sed
788 1294 897 1363 jam
936 1305 1130 1349 emtera
1161 1304 1246 1348 tua
1276 1294 1465 1363 quibus
1495 1292 1810 1347 catholicam
1844 1290 2001 1344 ﬁdem

423 1384 790 1452 reprehendis,
836 1387 1007 1449 qualia
1060 1387 1167 1439 sint
1210 1385 1503 1438 videamus.
1565 1383 1811 1451 Loquens
1857 1384 1999 1435 enim

423 1475 489 1529 ad
521 1477 751 1531 Leonem
796 1486 849 1530 et
879 1477 943 1529 ad
975 1492 1137 1530 omne
1162 1475 1470 1539 concilium,
1522 1474 1592 1528 ita
1624 1489 1807 1526 eorum
1840 1473 2000 1527 verba

426 1566 719 1634 interponis
744 1584 753 1617 :
784 1564 1000 1619 Dixist‘s
1027 1567 1181 1631 enim,
1210 1565 1407 1635 inquis,
1432 1565 1670 1617 addentes
1685 1562 1837 1617 etiam
1863 1563 2000 1615 ha'c:

427 1652 571 1707 Unus
600 1667 749 1722 atque
775 1655 903 1708 idem
931 1665 1001 1709 est
1048 1672 1159 1710 vere
1197 1654 1368 1708 Filius
1405 1653 1520 1719 Dei,
1565 1662 1610 1706 et
1649 1669 1757 1705 vere
1786 1653 2001 1705 hominis

2104 473 2250 537 bitat,
2294 472 2483 541 inquit,
2552 475 2713 526 omnis
2743 474 3006 541 plenitudo
3039 472 3321 524 divinitatis
3351 472 3687 540 corporaliter

2101 560 2238 631 (Col.
2261 581 2317 628 ll,
2333 565 2410 634 9).
2436 566 2499 618 Et
2517 567 2704 618 iterum
2728 582 2739 618 :
2760 566 2893 619 Deus
2908 577 3013 619 erat
3033 567 3084 617 in
3100 564 3323 629 Christo,
3344 565 3587 617 mundum
3608 581 3688 627 re-

2101 656 2377 708 concilians
2397 656 2493 708 sibi
2511 656 2576 725 (ll
2600 656 2716 710 Cor.
2740 673 2791 721 γ,
2818 657 2927 726 19).
2958 657 3022 711 Et
3043 658 3232 710 iterum
3253 673 3263 705 :
3284 656 3494 709 Solvens
3515 656 3686 708 inimi-

2104 746 2248 799 citias
2277 747 2328 799 in
2350 762 2501 799 carne
2518 747 2836 816 suaUL‘phes.
2853 761 2911 811 ll,
2935 746 3045 815 14).
3064 747 3136 799 De
3164 747 3485 815 proprietate
3506 754 3684 798 autem

2103 837 2428 902 Operatiouis
2451 838 2732 905 utriusque
2767 847 2969 891 naturte
2992 837 3101 905 jam
3127 836 3367 905 superius
3388 835 3682 903 disputavi-

2107 942 2247 990 mus,
2265 942 2421 995 quam
2440 936 2493 980 et
2512 937 2562 980 tu
2590 929 2698 994 pari
2722 928 3033 982 assensione
3054 927 3388 980 convinceris
3410 926 3679 995 proﬁteri;

2105 1016 2183 1070 ais
2203 1018 2341 1071 enim
2378 1035 2392 1069 :
2422 1017 2735 1085 Con/itemur
2759 1016 2954 1070 Filium
2978 1018 3196 1071 hominis
3219 1032 3282 1069 ea:
3303 1020 3493 1070 semine
3516 1018 3679 1069 Abra-

2105 1104 2247 1169 ham,
2272 1115 2315 1158 et
2340 1106 2524 1174 David,
2541 1117 2585 1158 et
2608 1108 2875 1174 infantem,
2895 1116 2938 1157 et
2960 1119 3255 1176 puerum,et
3273 1105 3679 1170 Bethleemitam,

2106 1206 2153 1248 et
2170 1214 2231 1249 ea:
2252 1196 2528 1262 Nazareth,
2558 1208 2602 1252 et
2624 1199 2667 1251 si
2688 1198 2813 1266 quid
2837 1200 2980 1251 aliud
3002 1199 3303 1252 voluntariis
3328 1200 3435 1266 ejus
3465 1215 3681 1268 pauper-

2104 1289 2225 1339 tatis
2251 1297 2322 1340 est
2354 1288 2631 1355 proprium.
2664 1289 2792 1355 Quin
2823 1296 2905 1342 est
2932 1290 3074 1342 enim
3103 1288 3217 1356 ejus
3244 1299 3546 1357 paupertas,
3577 1288 3678 1341 nisi

2106 1390 2307 1431 natura:
2338 1389 2534 1433 nostrae
2566 1380 2846 1434 inﬁrmitas
2873 1382 2895 1434 ?
2948 1382 3070 1449 quia
3101 1381 3151 1434 id
3179 1380 3318 1449 quod
3345 1382 3420 1433 ait
3450 1381 3678 1447 Aposto-

2107 1467 2189 1520 lus
2224 1485 2235 1519 :
2271 1470 2369 1533 Qui
2399 1485 2511 1522 cum
2540 1471 2676 1524 dices
2701 1481 2848 1535 esset,
2891 1486 3083 1540 pauper
3124 1475 3291 1539 {actus
3332 1479 3402 1522 est
3434 1470 3513 1538 (ll
3558 1469 3677 1524 Cor.
3748 1458 3749 1461 Ἴ

2106 1572 2219 1625 rm,
2262 1557 2339 1627 9),
2388 1559 2515 1627 quid
2544 1568 2626 1613 est
2664 1559 2805 1613 aliud
2843 1560 2944 1614 nisi
2977 1576 3098 1614 cum
3151 1561 3287 1614 Deus
3316 1568 3487 1625 esset,
3521 1558 3680 1613 homo

2109 1648 2278 1702 lactus
2306 1661 2387 1704 est
2416 1667 2429 1701 :
2459 1665 2521 1705 ac
2550 1665 2649 1719 per
2680 1650 2780 1706 hoc
2805 1651 2951 1705 salva
2982 1652 3261 1720 utriusque
3302 1662 3507 1704 naturze
3557 1666 3679 1718 pro-

425 1744 615 1799 Filius.
649 1747 815 1812 Quam
847 1748 1169 1800 sontentiam
1201 1746 1391 1800 talibus
1425 1747 1637 1799 incusas
1666 1744 1772 1815 ἀί)
1800 1744 1993 1807 verbis,
2033 1761 2076 1818 Β
2110 1742 2352 1807 prietate,
2382 1755 2519 1795 unus
2539 1752 2698 1812 atque
2724 1743 2861 1797 idem
2891 1752 2973 1797 est
2999 1742 3261 1797 Christus.
3307 1743 3457 1809 Quod
3486 1750 3540 1795 et
3567 1743 3680 1809 ipse

424 1845 479 1890 ct
491 1838 849 1906 petulantibus
868 1838 1058 1892 niteris
1079 1850 1359 1892 attenuare
1383 1838 1665 1891 conviciis:
1684 1835 1998 1900 Auscultate,

426 1926 656 1994 obsecro,
701 1928 911 1995 dicens,
960 1938 1222 1991 venenata:
1270 1927 1461 1997 lingua:
1507 1926 1703 1991 dolum,
1750 1927 2002 1993 quomodo

426 2016 938 2070 duosiutroducentes
958 2017 1114 2083 ﬁlios,
1138 2016 1483 2083 prwpowistis
1503 2031 1660 2067 unum
1679 2024 1827 2084 atque
1847 2015 1999 2077 idem,

428 2117 486 2161 ut
512 2106 719 2174 impiam
746 2106 1044 2160 distantiam
1067 2108 1218 2161 nudis
1242 2108 1469 2161 veritatis
1496 2107 1652 2161 verbis
1678 2107 2000 2159 obumbrctis.

430 2196 717 2264 Su/fecerat
764 2198 895 2250 enim
924 2198 1128 2251 dicere:
1154 2197 1296 2252 Unus
1326 2207 1476 2268 atque
1526 2197 1659 2251 idem
1686 2206 1759 2251 est
1809 2195 2002 2260 Filius,

430 2290 513 2357 qui
543 2278 986 2342 inconvertibiliter
1016 2289 1180 2358 [uerus
1231 2297 1303 2341 est
1346 2288 1517 2341 homo.
1573 2289 1684 2342 lloc
1732 2288 2003 2343 dixerunt.

431 2378 537 2435 Sed
595 2388 672 2442 tu,
726 2386 820 2433 aut
866 2392 971 2432 non
1022 2378 1294 2447 intelligis,
1326 2387 1436 2443 aut,
1462 2380 1600 2448 quod
1627 2379 1794 2447 magis
1823 2394 2005 2432 verum

432 2476 534 2533 est,
564 2468 725 2537 impie
747 2468 1110 2524 calumniaris.
1152 2469 1283 2523 Nam
1312 2469 1451 2539 quod
1501 2468 1682 2523 dixisti
1725 2480 1799 2532 tu,
1838 2468 2007 2536 [actus

434 2558 710 2623 cst‘homo,
742 2562 840 2614 hoc
863 2560 943 2613 illi
973 2559 1241 2627 dixerunt,
1275 2560 1409 2612 idem
1436 2568 1506 2614 est
1542 2560 1711 2612 Filius
1750 2559 1968 2612 hominis
1990 2574 2008 2610 :

432 2653 523 2707 sed
584 2652 630 2707 si
685 2653 778 2707 tibi
826 2653 945 2708 Filii
997 2653 1231 2708 hominis
1290 2653 1536 2722 displicet
1586 2668 1780 2706 nomen
1811 2692 1824 2713 ,
1891 2651 2010 2706 tlele

434 2745 802 2813 Evangelium,
832 2745 1002 2814 ipsum
1036 2745 1233 2799 Filium
1265 2745 1403 2798 male
1431 2744 1498 2798 de
1529 2758 1587 2797 se
1637 2744 2011 2812 pronuntiasse

433 2837 717 2892 contende.
750 2836 881 2890 Nam
912 2837 1027 2903 ipse
1058 2836 1239 2905 utique
1269 2836 1404 2889 hanc
1430 2834 1550 2888 lidei
1578 2835 1813 2902 regulam
1839 2832 2008 2897 dedit,

435 2928 549 2995 ipse
574 2926 675 2981 sibi
703 2934 989 2996 utrumque
1016 2941 1207 2981 nomen
1238 2924 1508 2994 imposuit.
1537 2922 1693 2977 (Στεεο
1722 2924 1864 2977 enim
1894 2937 1921 2974 a
1954 2935 2011 2976 se

435 3018 733 3072 illuminato
755 3018 835 3073 sic
860 3018 970 3071 ait:
1007 3017 1083 3070 Tu
1112 3017 1274 3070 credis
1298 3017 1349 3069 in
1380 3014 1579 3069 Filium
1606 3013 1701 3067 Dei
1726 3013 1903 3083 (Joan.
1934 3030 2008 3081 ix,

433 3108 563 3177 '55)?
590 3107 697 3162 Sed
724 3107 864 3177 quod
898 3107 983 3160 hic
1008 3108 1172 3161 Filius
1197 3107 1313 3173 Dei,
1349 3106 1460 3175 ipse
1490 3106 1558 3161 sit
1587 3114 1640 3159 et
1670 3106 1808 3159 [ilius
1841 3106 2003 3158 homi-
2037 3117 2089 3178 (ι

436 3201 538 3267 nis,
566 3200 688 3253 alibi
715 3201 790 3253 ait
818 3217 830 3253 :
876 3198 1008 3252 Cum
1047 3201 1234 3251 venerit
1282 3196 1449 3251 Filius
1481 3198 1719 3261 hominis,
1753 3205 1902 3262 putas
1929 3196 2013 3249 in-

437 3291 593 3344 veniet
643 3291 798 3359 fidem
842 3291 893 3343 in
936 3298 1069 3343 terra
1100 3287 1251 3359 (Luc.
1294 3304 1441 3348 xvm.
1489 3288 1583 3358 8)?
1640 3298 1694 3342 et
1723 3288 1822 3340 alia
1855 3300 2012 3355 quam

437 3364 684 3449 plurima.
716 3381 979 3451 Numquid
1012 3396 1141 3452 ergo
1170 3390 1223 3435 et
1261 3379 1373 3450 ipse
1398 3379 1639 3435 Christus
1677 3379 1912 3446 seipsqu
1942 3377 2017 3430 tti-

439 3471 625 3525 visisse
654 3471 954 3527 credendus
979 3482 1078 3536 est,
1109 3472 1200 3541 qui
1231 3486 1288 3525 se
1316 3481 1369 3525 et
1398 3470 1593 3524 Filium
1622 3469 1714 3523 Dei
1747 3477 1801 3523 et
1826 3467 2012 3521 Filium

439 3563 670 3617 hominis
690 3563 930 3618 eonliteri
961 3562 1207 3632 dignatus
1236 3562 1359 3617 est?
1735 3545 1741 3552 ’

509 3654 602 3709 IX.
635 3654 766 3710 Item
795 3655 1139 3711 calumniaris
1181 3656 1436 3719 Leonem,
1481 3650 1621 3722 quod
1652 3650 1804 3721 quasi
1835 3649 2012 3703 homio

441 3760 563 3800 uem
592 3745 875 3815 quemdam
905 3762 968 3800 ex
999 3746 1161 3801 Maria
1193 3745 1386 3800 dixerit
1415 3756 1619 3811 natum,
1670 3743 1723 3795 in
1756 3756 1862 3810 quo
1885 3740 2017 3794 Ver-

441 3835 564 3888 bum
596 3835 921 3901 inhabitarit,
964 3851 1028 3890 ex
1068 3836 1162 3890 illo
1199 3835 1313 3904 ejus
1358 3832 1690 3895 testimonio,
1743 3845 1849 3901 quo
1893 3832 2014 3883 ait:

440 3926 752 3996 Cooperatur
772 3929 903 3981 enim
934 3936 1147 3997 utraque
1189 3936 1376 3979 natura
1419 3940 1535 3977 cum
1563 3924 1915 3977 communione
1935 3920 2014 3974 al-

442 4017 600 4071 terius
625 4018 760 4084 quod
780 4017 1047 4088 proprium
1073 4027 1144 4071 est
1177 4016 1362 4091 (Num.
1394 4013 1474 4087 4).
1525 4013 1805 4068 llominem
1836 4028 2019 4081 quem-

444 4109 567 4163 dam
622 4125 892 4178 nunquam
947 4109 1150 4164 dixisse
1205 4124 1329 4164 eum
1399 4104 1817 4162 demonstrabis.
1865 4103 2015 4170 Quod

440 4213 617 4255 autem
670 4201 901 4257 Verbum
958 4200 1010 4254 in
1065 4216 1228 4256 carne
1270 4215 1401 4265 sua,
1457 4199 1509 4255 id
1559 4209 1642 4254 est
1686 4199 1737 4253 in
1770 4198 2015 4261 homine,

443 4289 586 4357 quod
618 4290 734 4359 ipse
760 4288 930 4344 factus
977 4301 1079 4355 est,
1112 4290 1452 4353 habitaverit,
1476 4288 1734 4343 Joannem
1765 4288 1907 4350 audi,
1937 4286 2020 4340 di-

442 4376 654 4435 centem
686 4397 700 4434 :
732 4378 801 4432 Et
836 4379 1059 4433 Verbum
1107 4397 1237 4433 caro
1257 4383 1446 4449 [actum
1476 4389 1567 4441 est,
1622 4390 1667 4432 et
1696 4377 1938 4431 habitavit
1965 4378 2016 4430 in
2056 4398 2063 4401 η

2108 1832 2404 1897 conliteris,
2430 1832 2614 1888 dicens
2648 1849 2661 1884 :
2695 1831 2907 1887 Divinas
2936 1836 3251 1904 operationes
3279 1845 3324 1885 et
3359 1833 3528 1885 carnis
3564 1850 3679 1893 ρας·
3716 1890 3721 1894 ,

2106 1921 2274 1973 siones
2322 1922 2625 1988 confitemur
2672 1933 2715 1975 ct
2762 1925 3033 1977 credimus.
3070 1925 3198 1977 Dum
3231 1924 3373 1979 enim
3402 1924 3682 1993 pasSiones

2108 2012 2414 2080 specialiter
2460 2015 2608 2069 carni
2652 2016 2983 2084 ascripsisti,
3026 2016 3401 2085 proprietatem
3438 2016 3682 2070 humana:

2111 2110 2313 2156 natura:
2348 2103 2686 2172 apertissime
2706 2103 3105 2161 demonstrasti.

2181 2190 2246 2244 Χ.
2278 2191 2563 2259 Videamus
2589 2204 2643 2249 et
2665 2196 2765 2248 alia
2792 2211 2907 2267 quae
2927 2196 3302 2265 reprehendis.
3334 2194 3682 2264 Quid,inquis

2109 2280 2295 2349 Leoni,
2324 2284 2601 2338 secundum
2641 2284 2737 2339 hoc
2780 2294 2827 2339 et
2870 2287 2986 2351 hoc,
3026 2286 3078 2339 in
3120 2285 3287 2339 Deum
3330 2297 3378 2339 et
3409 2286 3679 2349 hominem,

2109 2387 2262 2424 unum
2294 2372 2567 2427 Dominum
2593 2375 2773 2430 Iesum
2802 2375 3058 2430 Christum
3103 2376 3298 2429 Filium
3331 2376 3428 2430 Dei
3449 2377 3629 2429 dividis
3663 2393 3682 2429 :

2110 2460 2327 2516 dicendo
2358 2462 2521 2517 Deum
2550 2466 2755 2534 quidem
2781 2468 3059 2520 secundum
3094 2465 3189 2519 hoc
3212 2468 3350 2535 quod
3388 2468 3555 2521 omnia
3594 2484 3684 2536 per

2110 2551 2274 2621 ipsum
2304 2557 2441 2622 facta
2470 2567 2618 2622 sum;
2648 2557 2903 2611 hominem
2933 2568 3100 2611 autem
3130 2558 3405 2612 secundum
3430 2557 3524 2612 hoc
3552 2559 3684 2626 quod

2114 2643 2278 2709 factus
2306 2651 2375 2696 est
2401 2655 2464 2697 ex
2486 2648 2695 2701 muliere
2718 2650 2742 2701 ?
2783 2648 2839 2703 Si
2873 2663 2977 2702 nou
3013 2630 3138 2703 licet
3164 2649 3343 2703 dicere
3368 2650 3420 2703 in
3451 2648 3684 2713 Christo,

2113 2734 2406 2789 secundum
2437 2737 2541 2791 hoc
2568 2748 2623 2792 et
2655 2741 2776 2808 hoc,
2808 2740 2859 2793 id
2887 2750 2970 2794 est
3000 2749 3092 2793 aut
3112 2741 3409 2795 secundum
3438 2741 3684 2794 divinita-

2115 2829 2219 2877 tem
2249 2836 2339 2879 aut
2366 2823 2658 2882 secundum
2685 2844 2899 2884 carnem
2926 2871 2941 2899 ,
2993 2832 3262 2900 quomodo
3292 2831 3361 2886 de
3412 2834 3524 2901 ipso
3555 2832 3686 2886 dicit

2112 2915 2401 2982 Apostolus
2433 2935 2445 2969 :
2483 2919 2583 2985 Qui
2612 2924 2779 2987 factus
2818 2932 2887 2974 est
2913 2938 2975 2975 ea;
3002 2923 3190 2975 semine
3215 2921 3381 2975 David
3401 2924 3681 2977 secundum

2113 3019 2313 3059 carnem
2338 3006 2517 3071 (Rom.
2550 3024 2588 3073 ι,
2617 3010 2710 3077 5)?
2739 3012 2808 3065 At
2834 3022 2885 3064 ιιι
2917 3012 3182 3079 quomodo
3214 3013 3264 3065 iu
3298 3013 3553 3081 subjectis
3577 3014 3683 3067 δῖε·

2120 3091 2349 3149 Innullo
2374 3099 2615 3151 dividitur
2644 3099 2897 3165 Christus,
2951 3119 3107 3167 neque
3146 3104 3421 3155 secundum
3454 3104 3688 3156 incarna-

2119 3185 2325 3249 tionem,
2375 3203 2533 3256 neque
2560 3190 2837 3242 secundum
2880 3202 3179 3244 cowternam
3226 3203 3483 3257 naturam,
3533 3210 3690 3261 neque

2121 3278 2398 3328 secundum
2420 3279 2733 3332 voluntarias
2764 3282 3044 3347 passiones,
3078 3297 3232 3349 neque
3255 3283 3530 3336 secundum
3560 3283 3691 3349 inef‘

2117 3364 2325 3433 [abilem
2366 3367 2636 3437 gloriam?
2676 3370 2733 3425 Si
2766 3371 3060 3425 secundum
3100 3371 3203 3426 hoc
3242 3381 3297 3428 et
3338 3373 3461 3437 hoc,
3499 3373 3692 3427 divisio

2120 3456 2211 3510 tibi
2237 3468 2410 3520 sonat,
2444 3473 2569 3514 ecce
2597 3467 2652 3514 tu
2680 3461 2731 3514 in
2759 3473 2987 3532 quatuor
3016 3463 3288 3531 portiones
3311 3464 3584 3517 Christum
3606 3463 3690 3517 di-

2118 3553 2310 3619 visisti,
2335 3569 2495 3624 quem
2527 3565 2728 3622 tamen,
2758 3559 2897 3611 sicut
2925 3567 3027 3626 est,
3074 3557 3360 3613 iudivisum
3391 3574 3510 3615 esse
3548 3558 3693 3613 disi-

2119 3644 2207 3698 sti.
2240 3644 2393 3711 Quod
2420 3662 2547 3716 ergo
2572 3649 2733 3703 simili
2776 3650 2935 3704 modo
2967 3666 3291 3721 praesumere
3318 3667 3478 3707 ausus
3518 3657 3599 3717 es',
3635 3654 3689 3706 in
3786 3638 3789 3639 ⁷

2120 3735 2225 3789 alio
2255 3736 2651 3806 reprehendere
2681 3755 2789 3795 non
2820 3740 3005 3795 debes.
3038 3742 3293 3797 Stultitia:
3332 3753 3414 3797 est
3447 3743 3588 3797 enim
3638 3742 3693 3796 id

2119 3829 2255 3885 velle
2283 3830 2518 3886 refutare
2545 3833 2682 3901 quod
2716 3834 2917 3902 pariter
2943 3835 3277 3889 convinccris
3302 3848 3407 3889 non
3439 3848 3654 3904 negare.

2189 3920 2281 3976 XI.
2309 3920 2590 3987 Quomodo
2606 3932 2785 3978 autem
2811 3934 2866 3979 et
2904 3924 3006 3979 hoc
3030 3925 3263 3980 volueris
3296 3925 3696 3993 reprehendere

2121 4027 2227 4068 non
2256 4014 2515 4085 intelligo,
2549 4017 2689 4084 quod
2718 4017 2860 4071 idem
2894 4018 3078 4071 beatus
3100 4018 3331 4072 asseruit
3351 4017 3459 4071 Leo
3478 4015 3691 4071 dicens:

2121 4106 2377 4161 Nativitas
2401 4109 2605 4174 cernis,
2651 4110 2999 4179 manifestatio
3036 4120 3110 4162 est
3164 4108 3402 4163 humana:
3445 4117 3645 4162 natura:
3671 4122 3691 4161 :

2120 4208 2295 4267 partus
2325 4196 2573 4269 Virginis,
2602 4200 2786 4254 divina:
2811 4200 2916 4270 42
2939 4208 3012 4254 est
3043 4200 3238 4253 virtutis
3268 4198 3515 4252 indicium
3556 4213 3575 4250 :
3616 4198 3698 4250 in-

2121 4290 2287 4358 fantia
2311 4292 2511 4360 parvuli
2540 4290 2822 4344 ostenditur
2854 4289 3142 4343 humil'tate
3190 4305 3464 4353 cunarum,
3496 4287 3696 4356 magni-

2123 4382 2249 4434 tudo
2292 4381 2537 4435 Altissimi
2583 4383 2872 4436 declaratur
2907 4381 3109 4434 vocibus
3148 4381 3442 4448 angelorum
3468 4394 3489 4432 :
3516 4377 3698 4431 similis

443 4470 586 4526 nobis
617 4468 797 4542 (Joan.
822 4486 862 4535 ι,
898 4471 1013 4539 Η),
1058 4470 1110 4525 id
1134 4479 1217 4525 est
1246 4472 1299 4524 in
1350 4479 1547 4523 nostrae
1588 4479 1793 4523 natura:
1832 4482 2013 4521 carne.
2046 4483 2099 4543 ι)
2122 4482 2194 4525 est
2223 4474 2522 4527 rudimentis
2544 4474 2823 4538 hominum,
2864 4488 3014 4542 quem
3046 4470 3278 4524 Herodes
3310 4470 3464 4539 impie
3488 4468 3698 4520 molitur

444 4559 575 4615 Nam
605 4569 784 4628 posset
809 4559 991 4615 dicere
1018 4560 1259 4613 hatitavit
1281 4558 1564 4623 uobiscum,
1602 4558 1646 4611 si
1679 4557 2015 4627 prmsentiam

445 4652 562 4721 ejus
586 4652 653 4707 ad
685 4653 947 4717 homines,
973 4665 1022 4708 et
1046 4668 1151 4706 non
1184 4650 1564 4706 habitationem
1596 4649 1650 4704 in
1678 4663 1771 4704 sua
1804 4651 2017 4718 propria

446 4760 629 4810 carne,
661 4760 780 4814 quae
811 4760 880 4799 ex
924 4744 1078 4799 nobis
1106 4751 1209 4810 est,
1251 4742 1506 4797 voluisset
1557 4742 1863 4796 ostendere.
1913 4740 2019 4795 Sed

446 4839 568 4907 quia
596 4846 793 4893 nostra:
820 4848 1021 4892 natura:
1045 4839 1204 4891 homo
1236 4836 1427 4904 factus,
1455 4845 1653 4891 nostra:
1674 4845 1879 4891 natura:
1901 4850 2021 4890 cor-

447 4945 546 5001 pus
575 4930 815 4995 incoluit,
842 4930 1017 4984 dictus
1058 4941 1142 4984 est
1171 4929 1441 4985 habitasse
1484 4930 1534 4982 in
1574 4927 1749 4982 nobis.
1801 4926 1868 4981 Et
1898 4926 2021 4982 hinc

362 5020 368 5033 '
444 5025 553 5095 jam
579 5024 632 5080 in
659 5025 800 5079 ctelo
823 5038 965 5091 esse,
986 5033 1039 5078 et
1065 5022 1131 5077 ad
1161 5023 1440 5078 dexteram
1474 5022 1649 5076 Patris
1678 5022 1891 5085 sedere,
1925 5034 2022 5074 nos

446 5117 737 5188 Apostolus
759 5117 939 5182 docet,
985 5117 1037 5170 in
1063 5116 1182 5186 ipso
1227 5117 1312 5186 qui
1346 5123 1545 5170 nostrze
1586 5123 1791 5168 natura:
1837 5123 2022 5165 verum

442 5226 642 5281 corpus
670 5208 979 5279 assumpsit.
998 5209 1086 5264 Ait
1106 5207 1247 5264 enim
1274 5225 1288 5262 :
1320 5208 1418 5275 Qui
1443 5223 1536 5260 nos
1561 5205 1718 5258 simul
1738 5202 2018 5266 suscitavit,

444 5314 491 5358 et
531 5302 684 5359 simul
709 5304 879 5358 sedere
912 5302 1029 5372 fecit
1060 5303 1135 5370 in.
1155 5301 1458 5365 caelestibus,
1494 5299 1545 5351 in
1573 5294 1780 5351 Christo
1804 5293 2019 5365 (Ephes.

448 5411 507 5461 ην
534 5397 608 5465 ὃ).
641 5397 793 5454 Unde
819 5411 948 5466 ergo
979 5396 1047 5450 ibi
1077 5395 1361 5461 sedemus,
1403 5393 1448 5445 si
1483 5400 1727 5444 naturam
1782 5396 2018 5440 nostram

451 5488 505 5541 in
530 5488 746 5545 Christo
771 5503 878 5543 non
905 5487 973 5541 ibi
1021 5484 1317 5540 habemus?
1351 5479 1506 5549 thd
1561 5490 1739 5533 autem
1775 5475 2019 5534 Christus

447 5593 555 5632 non
583 5590 831 5648 tanquam
856 5579 993 5633 alius
1022 5578 1076 5632 in
1101 5577 1205 5631 alio
1234 5573 1515 5636 inhabitat,
1558 5569 1683 5624 dum
1714 5570 1766 5622 in
1800 5566 1849 5620 id
1875 5564 2020 5634 quod

447 5668 618 5739 ipsius
665 5682 748 5727 est
776 5672 1046 5743 propriqu
1077 5710 1092 5738 ,
1144 5667 1195 5725 id
1225 5674 1309 5725 est
1346 5664 1398 5721 in
1435 5678 1598 5721 carne
1622 5678 1713 5718 sua
1745 5659 2026 5725 inhabitat,

2126 4567 2388 4635 occidere;
2429 4565 2517 4616 sed
2558 4561 2807 4616 Dominus
2850 4574 2921 4615 est
2952 4562 3200 4627 omnium,
3230 4577 3380 4628 quem
3408 4560 3543 4628 magi
3569 4574 3699 4628 gau-

2128 4652 2246 4705 dent
2293 4654 2589 4723 suppliciter
2630 4653 2846 4705 adorare
2891 4651 3081 4721 (Num.
3108 4651 3187 4719 ι).
3238 4655 3526 4705 Asseveras
3555 4649 3698 4702 enim

2128 4742 2419 4797 secundum
2451 4744 2761 4811 pravitatem
2790 4753 2980 4796 sensus
3004 4743 3102 4805 tui,
3120 4742 3259 4811 quod
3290 4740 3374 4794 his
3395 4739 3572 4794 verbis
3594 4740 3701 4791 Leo

2129 4834 2263 4888 duos
2311 4834 2541 4889 voluerit
2583 4834 2867 4888 ostendere
2894 4832 3155 4897 Christos,
3185 4846 3305 4887 curn
3334 4832 3506 4898 ipsum
3538 4845 3700 4899 quem

2128 4927 2264 4981 dixit
2292 4927 2570 4991 infantem,
2600 4926 2671 4980 ob
2707 4925 3188 4981 manifestationem
3220 4927 3469 4979 humanae
3498 4936 3703 4977 natura:

2124 5016 2420 5072 involutum
2451 5015 2743 5071 humilitate
2759 5030 3039 5083 cunarum,
3072 5016 3316 5071 eumdem
3347 5015 3418 5070 ob
3448 5014 3702 5068 indicium

2127 5108 2473 5163 nihilominus
2495 5109 2688 5161 divinae
2719 5118 2924 5163 natura:
2952 5107 3285 5162 declaraturus
3334 5104 3566 5160 asseruit
3604 5119 3701 5155 vo—

2126 5198 2277 5253 cibus
2317 5198 2643 5267 angelorum.
2677 5199 2734 5253 Si
2771 5197 2915 5253 enim
2945 5197 3149 5251 diceret
3179 5213 3190 5248 :
3221 5196 3368 5248 Atius
3396 5194 3603 5265 jacebat
3648 5195 3704 5247 in

2127 5292 2329 5362 pannis,
2361 5290 2493 5343 alius
2520 5289 2893 5359 prmdicabatur
2920 5288 2984 5341 ab
3015 5288 3214 5358 angelis
3237 5301 3256 5351 ;
3282 5284 3445 5338 alium
3470 5284 3703 5338 Herodes

2130 5383 2382 5449 qua'rebat
2423 5381 2674 5442 occidere,
2701 5380 2860 5433 alium
2896 5378 3174 5451 gestiebant
3223 5377 3360 5445 magi
3407 5374 3707 5445 suppliciter

2132 5473 2366 5539 adorare,
2401 5474 2598 5528 rectius
2624 5481 2937 5541 argueretur
2965 5470 3101 5523 male
3131 5469 3389 5523 sensisse.
3419 5467 3552 5521 Cum
3581 5480 3709 5519 νει-ιι

2136 5563 2386 5619 eumdem
2430 5564 2573 5619 dicat
2617 5562 2769 5617 cunis
2794 5562 3097 5615 involutum
3138 5574 3294 5628 quem
3324 5558 3488 5611 millia
3511 5557 3681 5626 praedi

2136 5666 2256 5713 cant
2310 5656 2653 5728 angelorum;
2686 5656 2930 5711 eumdem
2979 5654 3206 5709 Herodis
3254 5650 3458 5707 insidiis
3500 5649 3708 5719 appeti-
