4044 6184
335 321 429 378 125

1423 321 1692 377 CONTRA
1730 321 2199 380 EUTYCIIETE-M
2242 326 2368 382 LIB.
2410 327 2495 382 tv.
2673 309 2699 336 ‘

3493 334 3588 388 126

327 434 1280 508 tum,quemcallensastrisqutesivit
1304 450 1433 490 cura
1453 440 1903 508 magorumzquid
1935 448 1981 506 Α
2014 451 2175 496 tatem
2231 441 2486 497 Ecclesia:
2536 443 2892 511 iutroducitis,
2948 447 3040 514 qui
3092 447 3143 500 in
3208 462 3314 502 uno
3375 445 3587 503 Christo

329 528 538 583 conaris
549 528 614 581 sd
627 525 908 582 divisionis
917 525 1102 581 vitium
1121 525 1417 590 reﬂectere,
1434 541 1550 594 qua;
1561 526 1627 581 de
1643 542 1746 581 uno
1759 528 1907 582 Chri-

328 629 410 672 sto
423 619 490 673 ad
509 617 1021 672 demonStrationem
1042 617 1185 672 dicta
1206 627 1329 671 sunt
1361 619 1635 687 utriusque
1662 627 1865 673 natura:
1883 619 1906 674 i

330 714 465 780 Quid
489 727 550 768 ea
571 711 924 781 reprehendis
944 711 1189 781 quasipse
1206 711 1358 766 lateri
1381 711 1718 766 convinceris
1735 712 1758 764 ἲ
1774 710 1904 765 Nam

330 807 398 859 ita
412 803 754 873 culpabiliter
768 803 1006 858 Leonem
1032 802 1213 858 allaris
1232 820 1245 856 :
1263 802 1390 868 Cur,
1407 802 1606 870 inquis,
1629 817 1729 854 non
1741 817 1832 855 con
1839 802 1875 870 β
1887 829 1905 841 -

330 897 448 950 teris
465 896 630 950 Deum
639 911 811 949 verum
834 897 1082 964 infantem
1094 905 1271 949 notum
1287 903 1491 962 propter
1510 910 1623 961 nos,
1639 903 1685 947 et
1703 909 1908 960 perma-

331 996 534 1038 nentem
544 985 783 1039 similiter
797 983 982 1050 Deum,
1007 985 1409 1039 etinvolnmenta
1433 984 1600 1036 carnis
1627 982 1907 1051 suscepisse

332 1085 524 1129 nostra:
535 1084 739 1130 natura
753 1085 958 1144 propter
974 1092 1066 1130 nos
1085 1077 1107 1129 Ρ
1123 1075 1212 1131 Sic
1233 1075 1366 1128 enim
1389 1073 1532 1127 nobis
1545 1072 1727 1126 similis
1743 1072 1908 1140 [actus

332 1177 402 1222 est
427 1185 521 1239 per
549 1170 724 1223 omnia
751 1169 859 1222 sine
879 1178 1102 1240 peccato.
1128 1169 1283 1232 Ecce,
1314 1165 1454 1236 quod
1482 1165 1677 1233 ubique
1705 1164 1905 1231 arguis,

331 1260 471 1326 quod
506 1259 704 1328 ubique
727 1260 1038 1330 exprobras,
1069 1259 1212 1329 quod
1249 1259 1469 1328 impium
1495 1267 1550 1312 et
1588 1256 1907 1324 sacrilegqu

334 1367 491 1419 putas
516 1369 530 1417 ;
560 1366 850 1421 oppressus
877 1352 1118 1408 veritatis
1139 1351 1390 1415 molibus,
1417 1349 1625 1418 cogeris
1647 1349 1906 1418 proﬁteri.

330 1443 382 1498 Si
413 1443 562 1498 enim
587 1444 946 1497 Involumenta
970 1449 1166 1496 nostra:
1196 1449 1401 1495 naturae
1428 1440 1682 1507 suscepit,
1713 1446 1910 1492 nostrae

333 1535 574 1603 proiecto
596 1544 799 1588 natura
829 1534 1104 1589 veritatem
1149 1533 1347 1587 habuit.
1383 1531 1563 1600 Neque
1593 1529 1734 1585 enim
1775 1544 1908 1599 pan-

333 1641 526 1679 norum
577 1625 958 1679 involumentis
985 1665 1002 1689 ,
1047 1633 1103 1678 et
1132 1624 1358 1678 materni
1394 1623 1546 1676 lactis
1572 1622 1826 1677 alimento
1857 1621 1908 1674 in

336 1717 448 1771 Deo
472 1717 668 1771 nutriri
701 1716 874 1784 pomit
900 1755 917 1782 ,
968 1715 1069 1769 nisi
1100 1713 1242 1783 quod
1275 1715 1327 1768 in
1356 1715 1444 1768 illo
1473 1721 1669 1768 nostrze
1710 1721 1913 1766 natura:

2009 540 2290 601 utramque
2313 542 2554 586 naturam
2585 533 2735 588 fateri
2766 552 2870 589 non
2896 536 3073 591 vultis.
3106 537 3361 606 Repetam
3393 539 3587 602 adhuc,

2009 626 2053 678 si
2084 623 2256 687 valeo,
2285 624 2511 692 plenius.
2545 624 2730 679 Patres
2759 627 2808 679 in
2840 627 3054 682 Niemno
3082 630 3308 682 concilio
3335 631 3586 697 proliteu-

2009 725 2089 769 tes
2122 716 2330 769 Patrem
2381 726 2435 770 et
2467 714 2658 769 Filium
2704 719 2862 770 unius
2901 733 3020 772 esse
3058 719 3401 786 substantim,
3456 721 3590 774 duas

2009 804 2193 872 utique
2229 818 2487 874 personas
2520 805 2571 858 in
2605 806 2808 859 unitate
2840 817 3043 862 naturae
3090 809 3464 879 intelligendas
3506 825 3590 864 re-

2010 894 2350 962 ligiosissime
2377 895 2732 950 tradiderunt.
2769 898 2929 966 Igitur
2959 915 3053 952 vos
3078 914 3199 954 cum
3230 902 3428 965 dicitis,
3459 901 3593 955 Ver-

2011 983 2136 1037 bum
2183 995 2235 1038 et
2279 1000 2493 1039 carnem
2546 987 2702 1038 unius
2751 1002 2872 1042 esse
2915 988 3023 1058 44
3062 990 3404 1054 substantiae,
3457 991 3590 1044 duas

2011 1076 2165 1130 nobis
2209 1077 2407 1131 Christi
2435 1093 2714 1147 personas,
2747 1079 2988 1148 duosque
3031 1081 3270 1136 Christos
3315 1083 3588 1138 inducitis.

2011 1167 2144 1235 Quia
2175 1170 2470 1223 secundum
2497 1173 2870 1226 auctoritatem
2893 1173 3103 1227 Patrum
3135 1183 3460 1237 nostrorum,
3487 1190 3588 1243 qua

2013 1279 2118 1318 non
2159 1265 2260 1319 nisi
2291 1264 2432 1319 inter
2479 1265 2612 1320 duas
2664 1281 2922 1334 personas
2970 1268 3232 1321 unitatem
3282 1269 3592 1321 substantias

2011 1354 2180 1421 accipi
2211 1356 2293 1408 vel
2311 1355 2413 1409 dici
2437 1357 2700 1409 sancitum
2725 1366 2826 1420 est,
2853 1356 2901 1410 id
2929 1358 3063 1411 ratio
3082 1358 3279 1426 ﬂagitat
3302 1367 3361 1411 ut
3381 1359 3424 1410 si
3443 1359 3592 1425 juxta

2013 1446 2225 1513 impiam
2256 1455 2487 1500 vestram
2537 1449 2887 1512 sententiam,
2932 1448 3089 1502 unius
3131 1449 3443 1503 substantia:
3470 1459 3594 1502 sunt

2017 1534 2243 1589 Verbum
2271 1545 2324 1590 et
2346 1551 2490 1600 caro,
2524 1537 2642 1590 dua:
2667 1538 2775 1592 sint
2811 1536 3051 1605 profecto
3081 1554 3324 1607 persona:
3354 1538 3513 1593 Verbi
3538 1548 3594 1592 et

2013 1627 2207 1693 carnis,
2237 1631 2664 1683 communionem
2695 1629 2851 1682 unius
2882 1629 3143 1685 habentes
3173 1639 3395 1685 naturae.

2089 1720 2226 1774 XIV.
2261 1720 2462 1774 Deinde
2495 1735 2716 1774 necesse
2746 1721 2850 1776 erit
2879 1729 2939 1774 ut
2969 1730 3022 1774 et
3042 1736 3188 1785 caro,
3217 1721 3356 1774 sicut
3381 1729 3434 1776 et
3465 1720 3518 1772 Ve
3539 1735 3592 1771 r-

333 1808 614 1876 proprium
646 1807 779 1871 luit;
812 1821 912 1861 nec
939 1807 991 1860 in
1018 1806 1198 1875 aliquo
1225 1806 1380 1859 nobis
1410 1814 1620 1873 poterat
1648 1803 1905 1868 similare.
1941 1831 1986 1891 Β
2017 1811 2166 1874 hum,
2197 1811 2243 1863 si
2298 1812 2454 1863 unius
2481 1825 2604 1864 cum
2645 1825 2710 1863 eo
2758 1818 2841 1864 est
2875 1818 3104 1874 naturte,
3137 1810 3372 1864 increata
3425 1810 3494 1862 sit
3539 1817 3594 1861 et

333 1900 379 1953 si
393 1915 503 1952 non
516 1898 568 1953 id
586 1898 728 1969 quod
741 1897 840 1968 ipsi
853 1899 1116 1976 sumus,in
1133 1898 1307 1966 seipso
1320 1897 1626 1966 dignaretur
1637 1895 1883 1963 accipere
1894 1935 1906 1948 .

404 1991 524 2046 XII.
557 1991 749 2046 Adhuc
779 2000 953 2045 autem
986 2005 1103 2060 qute
1129 1998 1309 2044 nostra
1340 1997 1486 2054 sunt,
1531 1989 1639 2044 imo
1665 2003 1784 2056 quas
1824 1999 1916 2041 ve-

336 2081 515 2135 ritatis
541 2089 689 2144 sunt,
720 2079 918 2134 invitus
962 2080 1142 2134 fateris
1172 2080 1356 2134 dicens
1389 2077 1699 2132 :‘Gloriatur
1744 2085 1918 2129 nostra

339 2183 525 2226 natura
556 2171 915 2239 honori/Scuta,
949 2170 1122 2224 videns
1152 2185 1267 2223 eum
1298 2170 1386 2238 qui
1407 2177 1478 2222 est
1509 2169 1658 2221 unius
1685 2165 1921 2220 substan-

340 2266 422 2317 tiw
448 2279 567 2316 cum
611 2261 770 2315 Patre
799 2262 1074 2315 secundum
1119 2261 1448 2344 divinitatem,
1481 2259 1739 2313 nobiscum
1767 2257 1920 2308 unius

344 2358 642 2410 substantia:
669 2358 948 2409 secundum
976 2353 1365 2407 inenarrabilem
1393 2369 1458 2406 ex
1504 2350 1709 2422 Virgine
1752 2350 1921 2401 incar-

344 2449 624 2510 nationem,
639 2446 892 2499 sedentem
914 2445 965 2498 in
987 2444 1193 2498 dextera
1220 2443 1614 2514 magniﬁcentiae
1625 2441 1702 2492 sui
1725 2438 1918 2490 Patris.

348 2538 531 2591 Divina
557 2537 691 2590 enim
723 2538 832 2607 ejus
875 2551 1026 2589 carne
1068 2551 1219 2605 super
1259 2549 1460 2589 omnem
1501 2534 1706 2586 sedente
1747 2528 1923 2598 gloria

342 2633 689 2703 splendorem,
711 2629 816 2700 43
844 2629 1034 2682 divitiis
1077 2638 1122 2682 et
1163 2627 1413 2694 ine/Tabili
1443 2624 1637 2678 lumine
1666 2621 1923 2691 refulgens

343 2724 599 2793 gloriatur
631 2730 820 2774 nostrae
848 2734 1047 2773 neutra:
1069 2719 1360 2787 inﬁrmitas.
1394 2717 1679 2771 Confessus
1705 2729 1762 2767 es
1786 2713 1923 2766 divi-

347 2815 433 2868 tiis
453 2812 758 2867 divinitatis
795 2811 932 2880 ejus,
960 2810 1325 2863 inﬁrmitatem
1355 2819 1551 2861 nostra:
1571 2803 1922 2874 gloriﬁcatam

346 2920 465 2960 esse
495 2901 734 2965 naturae;
765 2903 918 2970 cujus
945 2899 1348 2969 glorilicazionis
1377 2898 1492 2966 ejus
1523 2897 1660 2949 hanc
1686 2909 1804 2948 esse
1833 2907 1921 2945 as~

349 2999 483 3052 seris
507 3011 726 3052 causam
748 3037 760 3059 ,
784 2993 925 3063 quod
955 2996 1068 3047 haec
1098 2991 1284 3046 eadem
1313 2999 1504 3043 natura
1536 3003 1630 3056 per
1667 2987 1922 3040 unitatem

351 3090 512 3144 Verbi
547 3089 807 3160 glorietur
829 3089 1022 3142 sedere
1050 3101 1107 3140 se
1134 3086 1201 3138 ad
1249 3085 1525 3138 dexteram
1575 3081 1691 3136 Dei.
1728 3081 1849 3133 Ilaec
1883 3078 1926 3132 si

2019 1899 2302 1954 invisibilis
2323 1909 2481 1967 atque
2508 1899 2965 1954 in'contrectabilis
2987 1907 3042 1952 et
3069 1899 3221 1953 initio
3243 1914 3465 1962 carens;
3495 1898 3588 1948 ali-

2019 2000 2099 2045 ter
2127 1991 2269 2045 euim
2293 2005 2414 2044 cum
2440 1990 2616 2045 Verbo
2654 1991 2911 2044 unitatem
2937 2004 3041 2044 non
3069 1998 3243 2058 potest
3273 1989 3471 2041 habere
3501 2005 3594 2040 na-

2019 2081 2171 2135 t‘ime.
2203 2080 2306 2134 Sed
2336 2080 2456 2150 quia
2504 2095 2720 2134 carnem
2754 2079 2839 2134 h's
2883 2079 3278 2134 conditionibus
3318 2078 3597 2145 subjacere

2017 2170 2234 2224 dubium
2259 2187 2364 2224 nun
2395 2180 2517 2234 est;
2549 2172 2704 2224 unius
2735 2179 2908 2225 autem
2939 2170 3021 2242 (ut
3047 2169 3244 2239 dicitis)
3271 2184 3392 2224 cum
3427 2168 3599 2221 Verbo

2020 2273 2221 2316 natura:
2259 2272 2341 2316 est
2387 2280 2398 2314 :
2429 2262 2665 2316 Verbum
2696 2276 2824 2331 ergo
2853 2262 2978 2327 erit,
3022 2261 3314 2316 secundum
3348 2260 3596 2327 Arianos,

2020 2353 2348 2418 creabile,et
2374 2354 2759 2408 contrectabile
2781 2363 2938 2423 atque
2966 2354 3196 2418 visibile,
3247 2363 3302 2407 et
3343 2369 3410 2407 ex
3450 2353 3601 2406 initio

2023 2442 2340 2509 subsistens,
2379 2444 2502 2512 quia
2528 2445 2688 2498 aliter
2713 2459 2834 2498 cum
2863 2458 3024 2498 carne
3055 2459 3161 2497 non
3202 2444 3395 2512 poterit
3429 2445 3602 2496 unita-

2027 2545 2133 2590 tem
2181 2537 2380 2592 habere
2426 2545 2650 2590 naturae.
2706 2536 2906 2591 Deinde
2937 2537 2980 2590 si
3009 2535 3170 2590 Verbi
3209 2544 3263 2590 et
3291 2536 3468 2590 carnis
3500 2548 3601 2587 una

2027 2637 2214 2680 natura
2247 2637 2347 2688 est,
2381 2627 2650 2694 quomodo
2688 2641 2809 2682 cum
2853 2627 3085 2681 Verbum
3128 2626 3324 2695 ubique
3361 2627 3449 2689 sit,
3497 2641 3601 2678 non

2024 2719 2222 2787 ubique
2252 2719 2554 2772 inveniatur
2583 2727 2636 2772 et
2657 2718 2822 2772 caro?
2847 2717 2976 2771 Nam
2999 2718 3214 2786 quando
3236 2718 3288 2771 in
3321 2726 3460 2772 terra
3485 2717 3601 2779 fuit,

2028 2826 2133 2865 non
2165 2819 2280 2865 erat
2320 2809 2504 2879 utique
2533 2811 2585 2864 in
2609 2810 2770 2866 coelo.
2805 2809 2867 2865 Et
2891 2825 3039 2864 nunc
3061 2812 3183 2879 quia
3217 2812 3268 2864 in
3320 2807 3457 2864 ctilo
3493 2820 3603 2871 est,

2029 2926 2135 2965 non
2166 2918 2250 2965 est
2277 2911 2460 2979 utique
2489 2911 2539 2964 in
2569 2917 2731 2972 terra,
2763 2918 2817 2964 et
2844 2909 2896 2962 in
2930 2916 3134 2961 tantum
3167 2921 3273 2961 non
3305 2913 3408 2972 est,
3441 2914 3498 2957 ut
3526 2919 3606 2958 se-

2029 3003 2259 3058 cundum
2283 3003 2450 3071 ipsam
2477 3001 2750 3054 Christum
2781 3008 3082 3067 spectemus
3103 3012 3222 3052 esse
3247 3005 3524 3050 venturum
3545 2995 3607 3049 de

2032 3096 2190 3158 eteln,
2226 3108 2383 3164 quem
2408 3092 2700 3146 secundum
2736 3090 2964 3145 Verbum
2997 3089 3274 3144 nobiscum
3300 3101 3417 3140 esse
3439 3085 3610 3138 credi-

350 3183 672 3250 simpliciter
723 3183 1058 3242 sentiantur,
1106 3189 1251 3233 recte
1277 3187 1330 3232 et
1364 3176 1630 3230 catholico
1657 3175 1924 3228 dicuntur.
1954 3194 2002 3256 ρ
2034 3201 2150 3240 mus
2174 3186 2226 3239 ίη
2255 3195 2416 3238 mpm.
2448 3183 2610 3252 [gitur
2639 3183 2933 3236 secundum
2963 3195 3074 3248 vos,
3109 3189 3201 3232 θυι
3227 3179 3458 3233 verbum
3489 3190 3609 3229 cum

355 3276 540 3330 DixiSti
573 3274 736 3328 etiam
767 3272 904 3342 quod
936 3274 1077 3326 sicut
1116 3271 1273 3342 unius
1316 3268 1631 3322 substantiae
1657 3275 1737 3320 est
1765 3263 1930 3317 Filius

353 3384 476 3422 cum
510 3367 670 3420 Patre
700 3363 991 3419 secundum
1017 3363 1374 3426 divinitatem,
1410 3361 1479 3414 ita
1511 3360 1667 3413 unius
1689 3357 1934 3410 substan-

355 3462 441 3514 tia:
460 3469 541 3513 est
569 3461 844 3514 nobiscmn
868 3457 1162 3512 secundum
1191 3455 1633 3510 incarnationem.
1665 3452 1778 3517 Qua
1807 3463 1931 3519 pro-

357 3553 609 3618 fessione,
638 3563 695 3605 ut
763 3561 937 3605 tecum
979 3549 1289 3620 simpliciter
1330 3551 1529 3617 agam,
1587 3546 1848 3612 duplicem
1879 3541 1930 3595 in

358 3646 575 3699 Christo
605 3644 790 3698 lateris
819 3655 938 3696 esse
981 3650 1246 3694 naturam.
1288 3638 1420 3703 Quia
1454 3637 1499 3690 si
1530 3635 1824 3690 secundum
1853 3632 1930 3685 dio

355 3738 632 3791 vinitatem
676 3738 835 3789 unius
879 3749 997 3787 cum
1045 3733 1204 3787 Patre
1242 3730 1582 3794 substantias,
1625 3738 1678 3782 et
1722 3741 1930 3780 l'lll‘slllll

356 3833 514 3882 unius
534 3837 621 3882 est
641 3827 920 3882 nobiscum
945 3823 1239 3879 secundum
1264 3820 1684 3875 incarnationem
1709 3826 1930 3878 naturae,

353 3923 584 3990 geminae
629 3927 713 3975 est
759 3916 998 3987 profecto
1032 3926 1259 3971 natura.
1319 3915 1374 3968 Si
1424 3925 1554 3967 vero
1607 3920 1658 3964 te
1699 3908 1935 3962 strictius

355 4015 650 4083 exagitem,
683 4019 741 4066 et
785 4025 903 4076 qua:
955 4009 1124 4063 sentis
1153 4007 1386 4077 pressius
1422 4003 1697 4067 ventilcm,
1737 4007 1933 4071 quanta

357 4116 408 4162 te
432 4115 730 4175 Sequantur
757 4102 988 4156 absurda
1023 4101 1334 4171 perspicies.

424 4195 564 4250 XIII.
595 4194 787 4249 Dixisti
807 4193 1242 4259 Christumsicut
1274 4205 1392 4246 cum
1424 4190 1601 4254 Patre,
1643 4187 1714 4242 ita
1744 4192 1798 4241 et
1834 4199 1933 4239 no-

354 4287 562 4341 biscum
584 4284 841 4339 unitatem
864 4281 1065 4337 habere
1091 4281 1428 4343 substantize,
1457 4293 1619 4333 uuam
1653 4286 1828 4331 tamen
1857 4275 1936 4329 vis

352 4392 478 4432 eum
501 4374 704 4429 habere
727 4380 971 4426 naturam
999 4389 1011 4424 :
1044 4387 1148 4426 una
1178 4386 1306 4440 ergo
1335 4371 1435 4426 erit
1465 4380 1519 4425 et
1553 4369 1645 4423 Dei
1674 4377 1730 4423 et
1757 4376 1933 4422 nostra

353 4479 568 4523 natura.
596 4465 665 4520 Et
706 4463 831 4533 quid
860 4463 960 4518 hac
990 4463 1319 4532 professione
1347 4462 1566 4531 impium
1599 4459 1765 4528 magis
1793 4458 1934 4513 erit?

2034 3291 2194 3331 carne
2223 3290 2317 3329 sua
2345 3275 2462 3329 loco
2490 3275 2790 3328 continetur
2807 3286 2896 3326 aut
2925 3287 3049 3326 caro
3073 3286 3192 3325 cum
3216 3268 3388 3324 Verbo
3417 3267 3612 3334 ubique

2034 3378 2136 3433 est,
2170 3367 2423 3436 quoniam
2453 3380 2556 3418 una
2590 3377 2779 3418 natura
2818 3365 3143 3418 contrarium
3185 3361 3313 3431 quid
3359 3367 3413 3414 et
3443 3359 3612 3412 diver-

2034 3472 2153 3512 sum
2182 3472 2286 3512 non
2337 3456 2526 3524 recipit
2574 3456 2626 3509 in
2671 3456 2865 3524 seipsa.
2915 3454 3195 3508 Diversum
3223 3461 3305 3506 est
3351 3459 3526 3504 autem
3559 3456 3614 3503 et

2036 3549 2191 3618 longe
2214 3547 2473 3601 dissimile
2502 3545 2867 3600 circumscribi
2895 3545 3012 3597 loco
3044 3555 3097 3598 et
3129 3543 3325 3611 ubique
3353 3554 3473 3595 esse
3500 3556 3512 3590 :
3558 3547 3613 3590 et

2035 3640 2159 3708 quia
2190 3637 2423 3692 Verbum
2454 3637 2652 3705 ubique
2676 3647 2776 3701 est,
2798 3649 2923 3690 caro
2946 3639 3121 3689 autem
3147 3634 3260 3702 ejus
3284 3633 3480 3702 ubique
3507 3647 3612 3686 non

2033 3738 2138 3794 est,
2164 3737 2387 3798 apparet
2417 3743 2578 3781 unum
2614 3728 2970 3796 eumdemque
3015 3726 3288 3780 Christum
3333 3725 3615 3791 utriusque

2031 3838 2156 3880 esse
2185 3833 2388 3878 natura:
2414 3840 2429 3877 :
2457 3831 2510 3878 et
2538 3837 2660 3878 esse
2677 3821 2891 3891 quidem
2917 3822 3111 3890 ubique
3138 3817 3428 3874 se‘cundum
3458 3825 3617 3870 natu-

2035 3930 2149 3969 ram
2179 3915 2472 3969 divinitatis
2493 3927 2626 3981 sum,
2677 3920 2730 3966 et
2759 3912 2878 3966 loco
2913 3911 3176 3965 contineri
3203 3907 3496 3963 secundum
3528 3923 3616 3960 na-

2038 4016 2209 4061 turam
2240 4003 2585 4058 humanitatis
2605 4016 2720 4057 suae
2747 4020 2759 4056 :
2785 3997 3022 4057 creati'un
3055 4015 3173 4054 esse
3195 4009 3249 4054 et
3279 3999 3487 4052 initium
3511 4009 3616 4050 non

2037 4096 2266 4150 habere:
2300 4094 2459 4148 morti
2487 4093 2865 4158 succumbere,
2899 4101 2954 4145 et
2984 4089 3116 4143 mori
3141 4103 3245 4142 non
3279 4101 3463 4157 posse;
3488 4102 3616 4155 quo-

2001 4171 2153 4240 'rum
2193 4197 2357 4237 unum
2401 4182 2476 4235 illi
2528 4193 2608 4237 est
2648 4197 2716 4236 ex
2749 4191 2932 4235 natura
2983 4178 3182 4244 Verbi,
3210 4193 3311 4246 qua
3343 4177 3483 4229 Deus
3511 4184 3616 4239 est,

2035 4275 2181 4330 aliud
2209 4289 2279 4329 ex
2329 4282 2516 4326 natura
2567 4272 2765 4336 carnis,
2811 4285 2916 4340 qua
2967 4269 3112 4323 idem
3161 4253 3303 4321 Deus
3334 4266 3494 4319 homo
3515 4273 3616 4318 est.

2035 4368 2196 4439 Igitur
2223 4380 2358 4421 unus
2388 4364 2484 4419 Dei
2520 4362 2710 4428 Filius,
2752 4363 2998 4431 idemque
3033 4359 3268 4412 hominis
3319 4357 3493 4411 factus
3529 4355 3614 4408 Fi-

2035 4459 2156 4525 lius,
2179 4457 2338 4514 habet
2355 4457 2560 4511 initium
2589 4470 2650 4510 ex
2677 4463 2863 4509 natura
2892 4451 3070 4508 carnis
3093 4467 3224 4514 suae,
3250 4459 3303 4505 et
3332 4463 3436 4502 non
3461 4447 3619 4500 habet

357 4559 560 4613 Deinde
589 4565 644 4611 et
666 4554 882 4609 Patrum
906 4563 1210 4608 nostrorum
1240 4552 1558 4606 auctoritate
1584 4559 1638 4605 et
1665 4547 1931 4602 communi
1963 4559 2011 4620 ι)
2039 4552 2247 4607 initium
2286 4565 2353 4604 ex
2383 4557 2570 4602 natura
2612 4545 2901 4601 divinitatis
2943 4559 3054 4598 sua:
3089 4560 3102 4596 :
3154 4552 3368 4596 creatus
3401 4549 3484 4593 est
3525 4554 3620 4606 per

356 4648 596 4702 omnium
624 4646 921 4714 sapientum
949 4644 1168 4712 judicio,
1204 4658 1308 4696 non
1331 4653 1411 4696 est
1441 4642 1622 4706 unius,
1651 4640 1745 4695 sed
1789 4639 1934 4693 duo-

355 4755 500 4804 rum,
532 4739 965 4792 communionem
990 4735 1228 4803 ejusdem
1255 4735 1454 4790 habere
1483 4735 1815 4788 substantia.
1858 4734 1934 4787 Ac

351 4832 433 4884 sic
463 4840 519 4883 tn
540 4828 676 4883 duos
705 4828 858 4882 nobis
909 4827 1167 4897 quosdam
1209 4825 1453 4881 Christos
1496 4823 1725 4888 inducis,
1771 4838 1934 4877 unum

352 4923 445 4992 qui
467 4935 592 4996 eum
636 4921 792 4976 Patre
818 4920 975 4975 unius
1010 4919 1080 4974 sit
1110 4917 1403 4974 secundum
1444 4916 1775 4971 divinitatem
1806 4915 1936 4970 sub-

350 5014 588 5080 stantiae,
613 5013 775 5067 alium
796 5012 884 5081 qui
910 5012 1185 5067 nobiscum
1209 5009 1500 5066 secundum
1530 5024 1745 5065 carnem
1768 5011 1941 5064 unita-

351 5116 467 5160 tem
491 5104 688 5159 habeat
707 5112 908 5159 natura;
935 5119 946 5157 :
979 5103 1253 5173 quoniam,
1281 5110 1338 5157 ut
1363 5101 1494 5169 dixi,
1527 5111 1710 5155 nostra
1756 5112 1810 5157 et
1840 5101 1940 5155 Pa-

350 5199 457 5250 tris
486 5209 594 5250 non
617 5203 699 5249 est
716 5209 834 5248 .una
876 5192 1195 5257 substantia,
1221 5201 1277 5247 tu
1298 5201 1476 5248 autem
1499 5191 1552 5248 ln
1580 5190 1799 5247 Christo
1830 5205 1938 5246 non

349 5287 436 5340 vis
467 5284 736 5353 duplicem
774 5296 896 5339 esse
940 5294 1219 5349 naturam;
1272 5298 1493 5339 necesse
1521 5297 1652 5354 ergo
1701 5283 1824 5346 erit,
1856 5297 1941 5337 sc-

347 5377 596 5432 eundum
623 5383 675 5430 te
699 5375 859 5430 alium
889 5389 1007 5432 esse
1035 5377 1307 5430 Christum
1348 5373 1439 5444 qui
1469 5389 1592 5428 cum
1641 5373 1798 5429 Patre
1847 5376 1937 5427 ha-

347 5469 480 5524 beat
513 5470 767 5522 unitatem
798 5467 1128 5532 substantiae,
1159 5467 1322 5520 alium
1352 5467 1442 5536 qui
1467 5467 1765 5520 nobiscum.
1800 5465 1930 5531 Quia

346 5562 396 5616 si
432 5575 540 5615 non
569 5573 708 5611 unus
727 5568 978 5626 utrasque
1001 5558 1182 5621 habet,
1214 5571 1333 5613 cum
1367 5556 1486 5611 dua:
1513 5557 1638 5621 sint,
1670 5563 1723 5610 tu
1755 5566 1932 5611 autem

348 5661 614 5719 utrasque
643 5649 839 5703 habere
876 5647 1056 5704 dixisti
1098 5666 1112 5701 :
1143 5650 1248 5704 duo
1281 5649 1365 5703 hic
1395 5663 1514 5704 esse
1554 5662 1774 5703 necesse
1830 5657 1931 5710 est.

340 5742 446 5810 qui
472 5741 709 5810 singulas
733 5741 982 5808 habeant,
1012 5750 1065 5800 ct
1114 5755 1210 5810 per
1239 5741 1292 5797 id
1333 5757 1425 5797 vos
1456 5740 1630 5811 potius
1658 5740 1933 5810 quaterni-

2037 4652 2282 4700 naturam
2308 4642 2486 4698 carnis
2513 4640 2618 4712 45
2640 4654 2773 4706 sum,
2804 4646 2859 4692 et
2887 4652 2995 4690 non
3033 4644 3118 4690 est
3151 4645 3366 4688 creatus
3399 4647 3495 4701 per
3528 4647 3620 4684 na-

2038 4750 2211 4793 turam
2231 4735 2528 4791 divinitatis
2558 4746 2670 4787 sua:
2696 4749 2710 4786 :
2737 4728 3197 4785 circumscribitur
3218 4727 3336 4781 Ioco
3357 4741 3445 4794 per
3472 4731 3622 4777 natu-

2037 4845 2149 4883 ram
2173 4827 2349 4885 carnis
2375 4841 2503 4892 suae,
2537 4833 2592 4879 et
2615 4825 2734 4878 Ioco
2765 4837 2871 4876 non
2898 4821 3104 4891 capitur
3127 4834 3220 4888 per
3257 4825 3500 4871 naturam
3545 4815 3622 4868 di-

2040 4919 2273 4972 vinitatis
2310 4931 2420 4973 sua:
2448 4932 2463 4971 :
2492 4916 2666 4969 minor
2685 4923 2767 4968 est
2796 4914 2956 4968 etiam
3009 4911 3211 4980 angelis
3237 4924 3333 4979 per
3377 4918 3621 4962 naturam

2042 5010 2218 5064 carnis
2243 5023 2374 5072 suat,
2400 5016 2454 5062 et
2479 5007 2701 5076 aequalis
2743 5016 2827 5060 est
2864 5005 3006 5059 Patri
3043 5002 3337 5057 secundum
3380 5012 3622 5053 naturam

2041 5098 2332 5154 divinitatis
2360 5111 2473 5152 sua:
2507 5114 2520 5150 :
2553 5105 2794 5150 mortuus
2822 5102 2907 5150 est
2927 5102 3115 5148 natura
3160 5089 3339 5146 carnis
3376 5104 3520 5156 sure,
3571 5096 3624 5140 et

2044 5205 2148 5245 non
2180 5198 2262 5244 est
2285 5197 2526 5243 mortuus
2553 5197 2744 5241 natura
2767 5184 3061 5241 divinitatis
3095 5197 3226 5237 suae.

2117 5281 2232 5337 XV.
2259 5279 2384 5335 Haec
2406 5287 2488 5334 est
2505 5279 2636 5333 lides
2659 5288 2713 5333 et
2737 5276 3003 5332 confessio
3025 5274 3286 5331 catholica
3310 5285 3464 5341 quam
3496 5279 3624 5334 apo-

2043 5375 2163 5429 stoli
2197 5373 2551 5436 tradiderunt,
2600 5378 2863 5440 martyres
2892 5369 3303 5428 roboraverunt,
3353 5372 3405 5416 ct
3438 5359 3623 5414 lidelcs

2043 5481 2182 5522 nunc
2230 5478 2397 5532 usque
2432 5461 2760 5517 custodiunt.
2806 5459 2952 5515 Unde
2983 5457 3318 5526 impiissime,
3366 5464 3418 5508 et
3452 5451 3622 5523 Euty-

2041 5557 2245 5611 chianre
2269 5555 2539 5609 haereseos
2570 5566 2775 5607 veneno
2812 5551 3027 5613 infecte,
3063 5547 3295 5601 Leonem
3338 5547 3504 5600 audes
3536 5558 3623 5600 re-

2040 5647 2395 5716 prehendere,
2427 5646 2553 5699 dum
2582 5659 2649 5698 ex
2684 5642 2991 5696 diversitate
3017 5648 3287 5707 gestorum
3323 5639 3478 5692 unius
3523 5637 3621 5689 Du-

2044 5739 2406 5805 miniChristi,
2426 5738 2702 5792 veritatem
2735 5733 2921 5788 edocet
2947 5732 3222 5803 utriu5que
3249 5730 3363 5801 ejus
3387 5743 3620 5784 na'urznz
