4044 6184
410 303 506 358 127

1726 294 1947 353 VlLilLll
1985 291 2351 353 TAPSENSIS

3561 298 3668 354 198

409 416 625 487 utquod
651 415 738 471 ille
758 415 823 471 ad
852 416 1363 471 demonstrationem
1397 424 1739 483 utrarumque
1763 409 1981 482 protulit
2006 406 2061 466 Α
2082 426 2270 481 corpus
2299 428 2398 464 non
2428 420 2502 466 est
2527 427 2685 465 unum
2707 411 3005 477 membrum,
3030 410 3126 463 sed
3161 411 3339 464 multa.
3389 412 3451 467 Si
3478 415 3666 468 dixerit

410 516 743 569 naturarum,
790 504 1176 573 professionem
1226 504 1568 558 calumnieris
1600 506 1821 556 duarum
1860 515 1980 555 esse

411 611 782 666 personarum.
828 596 1063 665 Denique
1090 596 1206 664 ejus
1252 597 1349 650 ista
1389 606 1515 649 sunt
1542 595 1701 648 verba
1732 611 1745 647 :
1780 593 1984 646 Nativi-

412 697 489 740 tas
540 688 708 740 carnis
748 688 1089 755 ntanifeslatio
1126 697 1199 739 est
1245 686 1483 739 humana:
1519 696 1715 739 natura
1740 701 1759 739 :
1807 691 1984 753 partus

424 778 667 848 Virginis,
713 778 896 830 diuina:
938 787 1011 830 est
1049 778 1245 830 virtutis
1282 778 1530 831 indicium
1570 777 1757 849 (Num.
1798 776 1875 846 Δ).
1923 776 1986 829 Et

415 870 606 923 iterum
642 885 656 922 :
688 869 802 940 Agit
835 870 969 921 enim
1013 884 1224 937 utraque
1249 878 1456 933 natura,
1498 885 1609 922 cum
1636 869 1985 921 communione

414 961 647 1021 alterius,
676 958 812 1024 quod
845 959 1107 1027 proprium
1154 970 1224 1013 est
1266 976 1283 1013 :
1321 960 1490 1013 Verbo
1531 961 1719 1013 scilicet
1747 971 1985 1026 operante

413 1048 547 1115 quod
596 1047 742 1100 Verbi
770 1056 865 1112 est,
915 1057 961 1101 et
1010 1064 1163 1102 carne
1204 1058 1501 1116 exsequente
1545 1050 1680 1119 quod
1707 1050 1874 1102 carnis
1914 1059 1990 1102 est

416 1134 602 1203 (Num.
627 1137 704 1203 4).
742 1137 805 1190 Ει
836 1138 1028 1191 iterum
1059 1155 1073 1191 :
1103 1138 1341 1202 Quamvis
1364 1140 1414 1191 in
1447 1140 1664 1193 Domino
1688 1138 1813 1191 Jesu
1842 1138 1986 1191 Chri-

414 1235 491 1278 sto
522 1224 613 1279 Dei
633 1236 678 1279 ct
703 1227 917 1281 hominis
943 1244 1044 1280 una
1070 1246 1282 1296 persona
1311 1230 1393 1293 sit,
1418 1231 1561 1283 aliud
1587 1240 1750 1284 tamen
1769 1241 1841 1283 est
1857 1232 1989 1284 unde

416 1317 693 1368 communis
742 1317 933 1386 injuria
961 1327 1054 1383 est,
1083 1318 1228 1371 a'iud
1266 1321 1400 1372 unde
1430 1321 1707 1372 communis
1731 1330 1805 1372 est
1825 1322 1988 1390 gloria

418 1406 607 1472 (Num.
645 1407 724 1476 4).
751 1409 881 1474 Quae
913 1410 1068 1462 verba
1115 1416 1169 1462 tu
1223 1410 1415 1477 iniquis
1463 1412 1988 1479 interpretationibus

420 1496 518 1551 |t0c
547 1498 707 1552 modo
728 1499 1112 1565 reprehendis:
1146 1500 1274 1563 Quis
1308 1503 1513 1568 audeat,
1553 1503 1759 1571 inquis,
1796 1502 1989 1555 duobus

419 1590 693 1655 propositis
716 1589 950 1642 articulis
974 1598 1021 1644 et
1051 1591 1526 1661 signiﬁcationibus,
1557 1594 1609 1645 in
1644 1594 1840 1646 duobus
1884 1595 1991 1661 qni-

417 1678 628 1731 busdam
650 1680 957 1743 nominibus,
981 1697 1134 1733 unum
1166 1679 1295 1745 Deo,
1326 1691 1373 1735 et
1395 1681 1540 1735 aliud
1554 1682 1747 1736 homini
1767 1685 1819 1737 in
1836 1700 1987 1736 unam

2086 517 2173 571 pes
2197 516 2216 555 :
2247 501 2500 566 Quoniam
2532 518 2634 554 non
2661 518 2774 554 sum
2801 517 2998 565 manus,
3039 516 3141 553 non
3180 517 3292 554 sum
3323 503 3385 555 de
3428 520 3659 572 corpore,

2086 608 2187 647 non
2213 593 2324 645 ideo
2342 608 2440 645 non
2470 602 2543 645 est
2571 592 2636 646 de
2656 609 2867 657 corpore
2888 594 2910 646 ἲ
2932 592 2992 647 Si
3014 593 3195 646 dixerit
3213 596 3350 646 auris
3365 610 3383 647 :
3409 596 3662 661 Quoniam

2088 697 2188 735 non
2210 700 2322 735 sum
2350 682 2546 747 oculus,
2579 698 2680 735 non
2708 700 2817 736 sum
2845 682 2908 737 de
2930 699 3164 751 corpore,
3197 700 3297 736 non
3326 686 3438 739 ideo
3459 704 3559 739 non
3590 698 3663 741 est

2096 773 2159 825 de
2185 774 2435 842 corpore?
2462 771 2521 827 Si
2545 782 2701 826 totum
2743 789 2929 841 corpus
2970 776 3168 841 oculus,
3198 776 3284 828 ubi
3317 784 3387 828 est
3414 780 3619 830 auditus
3642 782 3666 833 2

2088 862 2148 918 Si
2171 873 2327 916 totum
2357 864 2688 927 auditus,‘ubi
2714 874 2785 918 est
2809 865 3048 918 odoratus
3075 864 3126 935 (1
3158 865 3279 919 Cor.
3306 883 3405 932 xu,
3429 867 3518 937 Η)
3543 871 3565 922 ?
3600 870 3664 927 Et

2089 954 2258 1008 infra:
2286 955 2404 1009 Non
2426 965 2585 1026 potest
2608 956 2776 1009 dicere
2808 954 2986 1008 oculus
3005 958 3179 1008 moniti
3199 973 3217 1010 :
3244 956 3413 1024 Opera
3444 968 3532 1011 tua
3563 976 3663 1011 non

2086 1043 2309 1114 indigeo;
2331 1056 2416 1097 aut
2439 1046 2621 1098 iterum
2642 1053 2795 1110 caput
2827 1044 3063 1099 aedibus:
3083 1043 3200 1098 Non
3214 1047 3332 1098 estis
3353 1046 3474 1098 mihi
3491 1062 3662 1099 neces-

2087 1134 2209 1186 sarii
2231 1133 2394 1203 (Ibid.
2414 1134 2528 1204 2|).
2559 1135 2694 1188 Ecce
2708 1133 2997 1200 Apostolus
3025 1134 3075 1187 in
3098 1148 3204 1187 uno
3226 1135 3462 1199 homine,
3486 1137 3538 1189 in
3563 1152 3663 1189 una

2090 1237 2339 1290 persona,
2370 1224 2470 1276 alia
2497 1236 2659 1293 atque
2682 1223 2784 1276 alia
2812 1223 2943 1276 dicit
2973 1223 3148 1276 inesse
3188 1239 3371 1293 opera,
3415 1227 3665 1279 multum-

2089 1327 2193 1381 que
2240 1328 2269 1365 a
2312 1328 2370 1367 se
2407 1314 2633 1367 invicem
2686 1312 2939 1368 diversa:
2974 1314 3067 1367 sed
3124 1314 3192 1366 ita
3253 1315 3666 1385 uniuscujusque

2092 1402 2315 1456 membri
2345 1412 2584 1471 separata
2612 1410 2664 1457 et
2682 1404 2916 1472 propria,
2941 1414 2997 1455 ut
3023 1418 3332 1458 tamencum
3360 1405 3465 1457 alio
3488 1410 3662 1459 metu!

2091 1495 2186 1547 hro
2217 1495 2512 1549 habeantur
2542 1497 2866 1569 communia.
2910 1495 3092 1563 Neque
3137 1496 3276 1550 enim
3316 1498 3435 1566 quia
3484 1498 3663 1552 diver-

2089 1600 2206 1638 sum
2235 1595 2317 1639 est
2338 1584 2442 1655 [‘7
2461 1586 2628 1640 oculis
2658 1585 2856 1650 videre,
2879 1596 2931 1640 et
2959 1588 3174 1641 auribus
3191 1589 3393 1648 audire.
3419 1589 3536 1642 ideo
3558 1604 3663 1643 non

2090 1684 2173 1729 est
2206 1676 2360 1729 unius
2391 1676 2622 1730 hominis
2648 1686 2930 1743 utrumque
2958 1692 2972 1731 :
3008 1685 3097 1729 aut
3125 1678 3247 1743 quia
3284 1678 3553 1731 diversum
3582 1688 3664 1733 est

416 1784 561 1836 posse
591 1770 854 1823 convenire
883 1772 1185 1837 personam?
1224 1770 1291 1824 In
1320 1790 1421 1825 una
1451 1774 1583 1825 enim
1614 1790 1829 1839 persona
1849 1774 1995 1829 aliud
2024 1764 2068 1824 Β
2096 1766 2256 1834 capiti
2283 1776 2335 1819 et
2359 1767 2580 1833 pedibus
2610 1767 2908 1830 ambulare,
2949 1767 3067 1820 ideo
3096 1782 3200 1821 non
3224 1778 3303 1821 est
3352 1785 3482 1835 npns
3520 1785 3664 1823 com-

417 1867 461 1909 et
479 1858 619 1909 “liud
639 1868 690 1911 et
707 1860 1041 1914 communiter
1063 1878 1325 1931 nunquam
1337 1864 1541 1917 dicitur.
1560 1862 1707 1918 Unde
1730 1865 1993 1932 manifeste

416 1948 576 2001 alium
599 1948 757 2001 Deum
789 1948 1028 2013 Verbum,
1058 1952 1216 2005 alium
1236 1954 1479 2025 injuriam
1507 1972 1709 2022 pastum
1739 1955 1993 2009 hominem

419 2041 709 2093 memorasti
738 2041 945 2094 dicens:
975 2042 1133 2097 Aliud
1179 2054 1259 2097 est
1289 2046 1429 2098 unde
1454 2046 1758 2099 communis
1780 2057 1863 2100 est
1912 2049 1991 2101 in~

417 2128 574 2196 iuria,
604 2130 742 2184 aliud
764 2131 902 2184 unde
930 2136 1231 2188 communis
1253 2144 1333 2189 est
1360 2136 1551 2203 gloria.
1582 2136 1749 2191 Nemo
1775 2141 1907 2199 enim
1938 2141 1991 2192 in

419 2236 522 2274 uno
546 2220 749 2274 homine
770 2225 1169 2278 communionem
1193 2227 1429 2293 patientis
1450 2228 1620 2281 carnis
1642 2230 1843 2297 accipit,
1876 2245 1991 2281 cum

418 2309 483 2361 sit
532 2326 650 2363 caro
703 2313 981 2366 secundum
1030 2324 1261 2368 naturam
1309 2315 1478 2371 homo.
1523 2319 1800 2385 Quomodo
1846 2320 1988 2374 aliud

423 2401 652 2456 Verbum
676 2403 1047 2473 glorificatum,
1081 2407 1244 2461 alium
1288 2409 1556 2463 hominem
1597 2410 1843 2478 iniuriam
1875 2426 1993 2479 pas-

423 2503 542 2543 sum
574 2490 774 2546 dixisse
797 2494 880 2548 vel
909 2497 1142 2551 sensisse
1170 2496 1467 2551 credendus
1490 2507 1592 2561 est,
1626 2500 1713 2568 qui
1760 2500 1815 2553 in
1862 2502 1990 2553 sub-

419 2576 573 2648 lectis
595 2580 699 2634 ait:
723 2582 902 2651 Quem,
940 2594 995 2637 ut
1042 2587 1319 2649 hominem,
1360 2587 1552 2641 diaboli
1589 2598 1743 2642 lentat
1783 2592 1989 2655 astutia,

419 2671 600 2734 cidem,
623 2673 751 2725 sicut
778 2675 905 2740 Deo,
925 2677 1155 2747 angelica
1183 2680 1499 2747 [opitulantur
1527 2681 1686 2749 o/ﬁcia
1704 2681 1893 2751 (Num.
1913 2683 1991 2751 l)?

426 2760 689 2831 Numquid
713 2764 874 2820 dixit:
897 2766 1071 2820 Alium
1091 2766 1291 2825 diaboli
1323 2776 1479 2821 tenlat
1506 2771 1713 2836 astutia,
1743 2780 1789 2824 et
1808 2773 1897 2824 alii
1922 2773 1992 2825 si-

418 2863 504 2906 cut
533 2849 643 2906 Deo
679 2856 908 2924 angelica
950 2856 1267 2925 famulantur
1304 2860 1465 2928 ofﬁcia
1488 2862 1513 2914 ?
1541 2861 1603 2915 Et
1629 2862 1855 2917 iterum:
1882 2861 1992 2916 Im-

420 2941 674 3008 passibilis
702 2942 840 2998 Deus
862 2961 962 2999 non
984 2947 1284 3017 dedignatus
1313 2958 1385 3003 est
1414 2949 1565 3003 homo
1586 2968 1693 3006 esse
1717 2954 1989 3021 passibil‘s.

418 3030 527 3100 46
558 3032 622 3086 Et
663 3036 885 3089 iterum:
913 3036 1013 3102 Qui
1040 3040 1172 3091 enim
1200 3054 1345 3093 uerus
1383 3051 1456 3094 est
1486 3040 1641 3104 Deus,
1688 3044 1821 3097 idem
1846 3060 1991 3099 verus

2095 1870 2275 1909 mune.
2312 1856 2458 1910 Sicut
2488 1872 2615 1924 ergo
2635 1856 2850 1909 diversa
2878 1856 3071 1909 habent
3101 1872 3262 1925 opera
3296 1868 3453 1925 caput
3490 1868 3544 1912 et
3578 1875 3666 1927 pec

2094 1945 2187 1998 des
2215 1945 2264 1998 in
2306 1946 2519 2001 homine
2578 1962 2700 2006 uno,
2746 1951 2807 1999 et
2831 1958 3007 1999 tamen
3058 1962 3193 2001 unus
3240 1958 3323 2001 est
3363 1952 3540 2011 homo,
3567 1964 3664 2003 nec

2093 2036 2228 2089 alius
2249 2046 2328 2091 est
2353 2037 2406 2089 in
2432 2038 2625 2104 capite,
2662 2036 2797 2090 nlius
2826 2037 2878 2089 in
2910 2036 3163 2106 pedibus:
3197 2039 3276 2092 sic
3296 2038 3500 2093 diversa
3540 2051 3665 2092 sunt

2092 2142 2254 2196 Opera
2282 2128 2435 2182 Verbi
2466 2137 2519 2182 et
2548 2129 2722 2182 carnis
2745 2128 2797 2182 in
2824 2128 3066 2183 Christo:
3099 2143 3195 2182 nec
3226 2139 3398 2182 tamen
3424 2130 3561 2182 alius
3583 2139 3665 2183 est

2092 2218 2144 2273 in
2178 2218 2371 2284 Verbo,
2404 2221 2541 2274 alius
2566 2221 2617 2273 in
2645 2235 2826 2287 carne,
2861 2221 2955 2274 sed
2989 2236 3052 2275 es
3081 2228 3323 2289 utroque,
3349 2229 3402 2274 et
3431 2222 3483 2274 in
3512 2231 3663 2275 utru-

2091 2327 2193 2381 que
2220 2326 2352 2363 unus
2382 2322 2541 2380 atque
2563 2311 2698 2364 idem
2728 2320 2809 2365 est
2837 2309 3099 2365 Christus.

2168 2402 2326 2455 XVII.
2372 2402 2498 2457 Mori
2533 2411 2677 2457 certe
2698 2413 2754 2456 et
2783 2418 2883 2456 non
2913 2403 3043 2456 mori
3069 2403 3223 2472 longe
3254 2402 3526 2457 diveisnm
3558 2414 3659 2465 est,

2094 2503 2147 2547 et
2180 2501 2356 2547 tamen
2390 2510 2485 2546 nos
2517 2494 2614 2560 ipsi
2658 2509 2844 2548 sumus
2892 2494 2982 2563 qui
3040 2496 3314 2557 morimur,
3355 2503 3407 2547 et
3437 2510 3533 2548 nos
3563 2495 3663 2563 ipsi

2094 2597 2277 2637 smnus
2302 2584 2390 2653 qui
2421 2585 2555 2639 mori
2603 2600 2708 2638 non
2740 2601 3038 2655 posuimus.
3089 2588 3177 2640 Ait
3221 2587 3363 2642 enim
3418 2587 3662 2643 Salvator

2094 2676 2366 2743 discipulis
2393 2678 2503 2732 suis
2536 2695 2549 2731 :
2588 2677 2728 2731 Tunc
2755 2683 2951 2733 tradent
2981 2696 3066 2734 vos
3104 2680 3155 2733 in
3197 2680 3583 2743 tribulationem,
3613 2690 3664 2734 et

2093 2768 2322 2821 occident
2343 2783 2429 2821 uos
2460 2766 2676 2831 (Matth.
2711 2762 2862 2835 sxw,
2903 2769 2983 2838 9).
3036 2769 3139 2825 Sed
3163 2769 3285 2825 'vide
3314 2770 3437 2835 quid
3469 2771 3663 2825 iterum

2093 2858 2216 2912 alibi
2243 2859 2407 2913 dicit:
2434 2858 2608 2913 Nolite
2636 2861 2807 2914 timere
2827 2877 2911 2915 eos
2946 2862 3034 2931 qui
3061 2878 3245 2929 corpus
3266 2862 3524 2929 occidunt,
3546 2865 3664 2915 oni-

2095 2966 2230 3004 mam
2246 2960 2413 3005 autent
2435 2968 2536 3005 non
2547 2962 2759 3021 possunt
2782 2953 3008 3006 occidere
3029 2946 3239 3020 (Matth.
3265 2969 3319 3016 χ,
3343 2952 3455 3022 28).
3475 2955 3664 3007 Osten-

2094 3042 2227 3095 dens
2272 3042 2326 3096 in
2366 3056 2684 3112 unoquoque
2715 3055 2956 3097 nostrum
2989 3060 3150 3098 unum
3179 3059 3299 3099 esse
3347 3046 3571 3099 mortale
3609 3054 3664 3099 ct

418 3133 490 3175 est
534 3124 683 3178 homo
731 3126 917 3196 (Nunt.
946 3127 1022 3195 4).
1057 3129 1319 3199 Numquid
1365 3132 1499 3185 dixit
1526 3150 1537 3182 :
1571 3134 1705 3187 alius
1736 3144 1806 3189 est
1856 3136 1991 3189 Deus
2018 3122 2063 3185 C
2094 3133 2233 3187 aliud
2264 3134 2585 3189 immortale.
2609 3133 2746 3190 Caro
2766 3135 2960 3204 quippe
2983 3136 3034 3190 in
3058 3137 3211 3190 nobis
3225 3139 3466 3202 moritur,
3488 3139 3661 3191 anima

418 3210 763 3279 intpassibilis,
794 3226 842 3268 et
869 3217 1003 3271 alius
1039 3229 1112 3271 est
1151 3220 1299 3273 homo
1333 3223 1620 3290 possibilia;
1654 3236 1742 3277 aut
1764 3226 1897 3280 alius
1917 3236 1989 3280 est

418 3315 564 3354 uerus
595 3300 752 3365 Dens,
779 3314 825 3357 et
841 3307 973 3359 alius
994 3319 1066 3361 est
1099 3326 1242 3363 rarus
1275 3310 1467 3365 homo?
1493 3313 1596 3367 Sed
1622 3316 1709 3384 qui
1734 3331 1879 3369 uerus
1919 3328 1988 3371 cst

420 3390 578 3455 Deus,
605 3394 760 3459 idem,
788 3395 974 3463 inquit,
1001 3414 1147 3452 uerus
1168 3411 1240 3454 est
1268 3402 1438 3455 homo.
1459 3402 1587 3469 Qum
1614 3420 1734 3458 cum
1764 3407 1832 3459 ita
1860 3408 1986 3471 sint,

419 3480 703 3536 inhonesto
725 3484 892 3539 uteris
913 3486 1110 3555 oflicio,
1142 3491 1404 3559 religiosis
1441 3493 1601 3548 dictis
1635 3495 1825 3551 callide
1854 3497 1987 3552 insi-

419 3575 604 3641 diaris,
629 3585 686 3629 ut
722 3581 995 3646 superiora
1024 3581 1315 3649 demendo,
1343 3599 1405 3639 ac
1442 3587 1716 3655 sequentia
1748 3604 1852 3643 non
1895 3590 1987 3642 ad.

422 3663 620 3730 dendo,
654 3667 725 3721 ita
751 3670 922 3724 media
951 3671 1136 3740 eligas,
1169 3683 1225 3726 ut
1258 3674 1418 3729 verba
1444 3666 1724 3732 sententiis
1758 3694 1985 3741 exuens.

419 3756 484 3809 de
526 3772 712 3812 eorum
738 3760 976 3816 nuditate
1008 3778 1100 3831 pro
1135 3765 1356 3819 arbitrio
1396 3766 1591 3821 ludas-
1620 3768 1802 3824 Redde
1830 3771 1989 3838 igitur

419 3847 532 3900 snis
555 3850 730 3901 omnia
757 3850 908 3911 locis,
938 3862 993 3907 et
1024 3855 1231 3920 propria
1259 3857 1543 3912 sententiis
1570 3858 1874 3913 indumenta
1909 3878 1988 3915 rc-

418 3938 608 3991 stituas
634 3954 649 3989 :
679 3949 732 3991 et
768 3941 873 3995 noli
905 3941 1181 3997 insidiosis
1208 3945 1483 4001 fraudibus
1518 3949 1809 4003 calumnias
1842 3954 1988 4004 inne-

415 4036 589 4091 ctere;
622 4038 678 4082 ut
703 4031 841 4099 quod
888 4032 954 4086 ad
993 4034 1501 4093 demonstrationem
1532 4051 1873 4111 utrarumque
1903 4045 1985 4098 di-

416 4126 560 4172 ctum
597 4127 679 4174 est
708 4129 1047 4191 naturarum,
1097 4126 1165 4180 ad
1211 4127 1515 4184 dualitatem
1556 4131 1757 4187 releras
1807 4140 2005 4202 perso-’

416 4225 623 4267 narum.

488 4300 626 4355 XVI.
658 4301 852 4356 Verum
892 4305 1012 4373 quia
1048 4306 1181 4361 dixit
1211 4308 1261 4362 in
1306 4324 1412 4365 uno
1456 4311 1670 4367 Christo
1698 4315 1839 4369 aliud
1867 4332 1987 4371 esse

418 4388 755 4455 Verbi,aliud
786 4394 963 4446 carnis
991 4398 1283 4464 proprium,
1307 4400 1384 4454 sic
1413 4411 1587 4456 tamen
1613 4405 1752 4457 utsit
1779 4413 1986 4460 utinm-

2092 3234 2267 3278 autem
2302 3240 2404 3279 non
2440 3224 2706 3281 moritur:
2736 3228 2881 3317 unde
2918 3238 2971 3282 et
3004 3228 3057 3282 in
3088 3228 3329 3299 symbolo
3366 3231 3540 3283 carnis
3579 3246 3667 3283 re-

2092 3317 2498 3380 surrectionem,
2557 3332 2660 3370 non
2720 3318 2912 3372 anima:
2955 3319 3301 3384 c'onfitemur,
3352 3334 3508 3374 unam
3547 3335 3666 3375 esse

2095 3406 2445 3460 immortalem
2477 3407 2987 3476 crederejnbemn'r.
3020 3409 3148 3474 Quia
3181 3424 3306 3478 ergo
3337 3409 3582 3465 Salvator
3612 3411 3665 3464 in

2093 3510 2198 3547 uno
2232 3495 2447 3549 homine
2478 3496 2583 3550 duo
2616 3496 2713 3551 iSIa
2745 3497 2946 3563 divisit,
2984 3489 3176 3566 q'uihus
3207 3509 3256 3552 et
3290 3501 3663 3568 proprietatem

2091 3587 2361 3652 qualitatis
2405 3588 2711 3657 assignavit,
2755 3604 2860 3644 non
2912 3588 3031 3643 ideo
3060 3590 3323 3656 putandus
3365 3602 3445 3644 est
3500 3608 3661 3659 unum

2093 3678 2362 3732 lominem
2389 3679 2440 3731 in
2479 3680 2614 3734 duos
2639 3681 2878 3736 homines
2903 3681 3168 3736 divisisse.
3206 3684 3353 3737 Sicut
3384 3699 3509 3751 ergo
3530 3699 3667 3736 unus

2090 3779 2167 3821 εει
2201 3767 2361 3822 ιιοιηυ
2389 3769 2481 3836 qui
2514 3771 2740 3824 moritur
2764 3786 2827 3825 es
2857 3787 2982 3835 uno,
3017 3780 3070 3825 et
3091 3787 3197 3827 ηοω
3229 3773 3451 3826 moritur
3488 3789 3549 3827 ex
3589 3774 3661 3825 al-

2091 3866 2229 3922 tero,
2254 3860 2330 3912 sic
2362 3876 2496 3913 unus
2518 3870 2600 3913 est
2620 3860 2885 3927 Christus,
2915 3862 3001 3930 qui
3026 3873 3266 3916 mortuus
3293 3873 3373 3917 est
3402 3865 3450 3916 in
3479 3880 3660 3929 carne,

2089 3958 2142 4001 et
2174 3963 2276 4003 non
2308 3959 2389 4002 est
2431 3960 2671 4003 mortuus
2697 3966 2759 4005 ex
2797 3951 2989 4006 Verbo.
3030 3953 3161 4017 Quia
3190 3953 3478 4007 secundum
3504 3966 3652 4006 natu-

2091 4059 2221 4104 ram,
2253 4059 2371 4111 qua:
2399 4044 2448 4097 in
2474 4059 2537 4098 eo
2568 4045 2805 4099 mortalis
2834 4044 2949 4109 fuit,
2974 4046 3107 4099 mori
3142 4046 3341 4113 potuit:
3372 4026 3661 4099 secundum

2088 4137 2231 4189 illam
2267 4145 2445 4190 autem
2473 4153 2591 4204 qua:
2618 4137 2668 4190 in
2699 4152 2763 4191 eo
2792 4138 2925 4191 mori
2967 4154 3069 4190 non
3107 4138 3294 4206 potuit,
3324 4142 3535 4206 setnp’er
3566 4138 3664 4190 im-

2089 4231 2341 4301 mortalis
2377 4229 2688 4298 permansit.
2730 4229 2895 4299 lgitur
2942 4246 3037 4283 vos
3079 4231 3166 4295 qui
3200 4247 3320 4284 eum
3353 4246 3510 4284 unam
3546 4241 3665 4283 tan-

2090 4319 2364 4373 tummodo
2428 4328 2670 4373 naturam
2730 4322 2979 4375 habuisse
3022 4321 3102 4375 vel
3155 4321 3354 4375 habere
3392 4320 3657 4387 fatemini,

2090 4410 2351 4465 ostendite
2374 4411 2526 4464 nobis
2552 4411 2818 4480 quomodo
2840 4413 2977 4465 idem
3003 4412 3233 4480 potuerit
3261 4413 3394 4465 mori
3414 4452 3428 4475 ,
3460 4422 3509 4466 et
3536 4427 3663 4479 quo-

413 4494 515 4547 que
545 4494 858 4571 commune;
883 4481 934 4535 id
961 4492 1043 4538 est
1072 4493 1129 4539 ut
1153 4496 1208 4541 et
1245 4503 1407 4551 mors,
1440 4493 1581 4559 quod
1613 4503 1695 4547 est
1716 4499 1984 4563 proprium
2019 4472 2068 4534 θ
2096 4500 2255 4553 modo
2277 4499 2413 4553 idem
2446 4516 2551 4554 non
2569 4472 2813 4570 potuerit
2838 4502 2992 4557 mori.
3036 4502 3149 4557 Non
3176 4502 3319 4557 enim
3351 4511 3525 4571 potest
3556 4518 3658 4556 una

413 4569 609 4634 carnis,
643 4570 908 4637 pertineat
940 4574 1007 4627 ad
1033 4574 1288 4643 Verbum,
1320 4588 1371 4632 et
1413 4581 1539 4650 vita,
1571 4584 1710 4651 quod
1752 4597 1834 4640 est
1867 4603 1988 4654 pro-

414 4659 584 4725 prium
618 4661 801 4751 Verbi,
836 4666 1100 4731 pertineat
1128 4668 1190 4722 ad
1222 4684 1463 4734 carnem,
1492 4676 1612 4738 quia
1653 4691 1716 4728 ex
1746 4678 1987 4747 utrisque

412 4747 655 4803 Christus
687 4747 982 4809 subistens
1014 4771 1151 4810 unus
1190 4768 1276 4812 est
1307 4761 1358 4812 in
1386 4770 1611 4830 utroque
1644 4781 1656 4817 :
1689 4766 1857 4820 visum
1892 4769 1984 4824 tibi

411 4847 493 4891 est
520 4840 754 4906 objicere
783 4844 924 4911 quod
957 4847 1009 4899 in
1042 4863 1146 4901 una
1190 4865 1417 4917 persona
1460 4855 1603 4909 aliud
1648 4864 1700 4911 et
1730 4858 1893 4924 aliud,
1934 4870 1987 4914 ct

409 4930 766 4985 communiter
790 4933 893 4987 dici
926 4949 1032 4990 non
1064 4938 1248 5004 possit.
1290 4941 1422 5008 Quia
1463 4959 1641 5010 nemo,
1682 4947 1858 5017 inquis
1879 4993 1892 5015 ,
1927 4950 1979 5003 in

408 5037 517 5075 uno
549 5023 763 5079 homine
792 5027 1225 5085 communionem
1270 5036 1519 5100 patientis
1552 5040 1728 5092 carnis
1756 5041 1978 5109 accipit,

405 5126 527 5165 cum
559 5113 629 5166 sit
652 5127 777 5180 caro
803 5118 1096 5176 secundum
1128 5130 1369 5177 naturam
1416 5125 1594 5182 homo.
1631 5128 1981 5197 Requiramns

410 5204 527 5269 quis
558 5203 611 5257 iu
652 5203 754 5260 hoc
794 5209 1099 5275 apostolicis
1122 5224 1381 5286 congrue:
1406 5219 1676 5286 sensibus,
1711 5230 1886 5276 utrum
1925 5233 1980 5277 tu

409 5307 474 5345 an
505 5293 632 5358 Leo,
666 5296 753 5365 qui
781 5297 919 5352 sicut
946 5299 1069 5356 fidei
1100 5305 1357 5374 regulam,
1378 5306 1449 5361 ita
1476 5316 1528 5361 et
1553 5309 1712 5363 verba
1743 5312 1980 5380 sequitur

409 5388 716 5449 apostolica.
748 5390 882 5445 Dicit
919 5407 1046 5463 ergo
1082 5398 1364 5463 Apostolus
1387 5399 1452 5453 ad
1484 5400 1753 5458 Romanos
1787 5421 1799 5455 :
1835 5405 1981 5458 Sicut

412 5475 465 5529 in
488 5490 586 5528 uno
615 5494 823 5548 corpore
850 5481 1011 5536 multa
1036 5494 1152 5538 sunt
1182 5488 1427 5553 membra,
1454 5490 1626 5543 omnia
1647 5501 1813 5545 autem
1828 5510 1982 5547 mem-

411 5560 499 5653 bra
527 5579 626 5617 non
659 5572 888 5624 eamdem
932 5574 1117 5629 habent
1158 5580 1503 5643 operationem
1544 5580 1719 5649 (llam.
1777 5599 1869 5646 xu.
1899 5587 1978 5653 4).

409 5650 559 5720 Quod
597 5655 664 5711 ad
704 5658 1009 5721 Corinthios
1058 5666 1215 5724 latius
1240 5668 1516 5740 explicans
1550 5670 1678 5728 dicit
1708 5690 1722 5729 :
1750 5673 1888 5731 Nam
1935 5650 1982 5734 'u

2094 4601 2281 4644 natura
2313 4591 2499 4645 eadem
2526 4592 2680 4658 mori,
2710 4601 2763 4646 et
2791 4592 2977 4645 eadem
3007 4610 3109 4645 non
3144 4594 3307 4647 mori:
3338 4593 3456 4659 quia
3490 4593 3532 4646 si
3560 4594 3663 4645 im-

2094 4682 2331 4735 mortalis
2360 4689 2462 4749 est,
2493 4681 2594 4735 hoc
2623 4682 2739 4750 ipso
2764 4697 2869 4750 quo
2888 4692 2970 4736 est
2999 4684 3316 4737 immortalis
3344 4699 3447 4736 non
3487 4684 3660 4736 mori-

2094 4781 2223 4837 tur;
2256 4782 2310 4827 et
2354 4772 2398 4826 si
2451 4772 2687 4826 mortalis
2735 4780 2839 4835 est,
2872 4773 3057 4827 eadem
3106 4774 3292 4827 mortis
3348 4774 3660 4828 conditione

2093 4865 2337 4917 moritur.
2366 4863 2477 4916 Non
2509 4872 2682 4930 potest
2713 4864 2763 4916 in
2809 4879 2910 4917 una
2942 4875 3131 4918 natura
3178 4879 3298 4920 esse
3349 4874 3654 4932 utrumque.

2088 4955 2152 5008 Et
2173 4954 2295 5022 quia
2317 4952 2562 5007 Christus
2591 4954 2773 5007 habuit
2791 4964 3094 5024 utrumque,
3125 4957 3397 5025 utriusque
3420 4956 3659 5026 profecto

2085 5052 2199 5099 erat
2228 5054 2450 5109 naturae,
2500 5058 2567 5097 ex
2595 5044 2787 5114 quibus
2820 5046 2874 5098 in
2919 5060 2985 5100 eo
3033 5046 3299 5100 invenitur
3327 5059 3654 5117 utrumque:

2083 5144 2174 5189 aut
2200 5133 2242 5187 si
2270 5149 2373 5188 non
2405 5133 2590 5188 habuit
2617 5143 2920 5204 utrumque,
2956 5136 3005 5189 id
3044 5145 3127 5191 est
3152 5146 3205 5191 et
3234 5139 3393 5192 vitam
3426 5148 3482 5193 et
3512 5154 3656 5192 mor-

2086 5235 2189 5281 tem
2216 5227 2268 5280 in
2291 5227 2489 5297 seipse,
2518 5226 2611 5281 sed
2633 5236 2724 5281 aut
2746 5228 2902 5281 vitam
2934 5236 3024 5282 aut
3047 5238 3270 5283 mortem
3290 5230 3660 5284 tantummodo

2084 5318 2229 5386 (quia
2267 5317 2370 5371 alia
2412 5326 2495 5372 est
2527 5327 2711 5372 natura
2742 5320 2951 5383 mortis,
2983 5319 3083 5373 alia
3130 5332 3315 5374 natura
3358 5321 3519 5385 vitae;
3563 5335 3660 5375 vos

2082 5407 2195 5478 48
2217 5416 2394 5461 autem
2414 5406 2590 5462 dictis
2619 5408 2888 5463 Christum
2921 5408 3076 5462 unius
3120 5424 3240 5464 esse
3282 5410 3528 5475 naturae),
3577 5410 3661 5465 di-

2088 5499 2190 5550 cite
2212 5497 2512 5552 evidentius
2535 5513 2653 5565 quae
2674 5513 2737 5550 ex
2762 5496 2846 5550 bis
2871 5497 3079 5553 duabus
3105 5501 3310 5554 naturis
3352 5515 3451 5554 una
3497 5502 3547 5555 in
3589 5516 3656 5556 eo

2089 5586 2244 5642 fuerit
2269 5597 2476 5643 natura.
2500 5586 2559 5643 Si
2596 5588 2737 5653 vitae,
2772 5587 2822 5641 id
2847 5598 2929 5643 est
2957 5588 3115 5643 Verbi
3147 5590 3290 5659 (quia
3320 5590 3553 5645 Verbum
3576 5604 3660 5646 est

2086 5678 2214 5749 vita)
2232 5720 2245 5744 ,
2266 5694 2392 5748 ergo
2418 5678 2670 5747 Verbum,
2702 5676 2753 5733 id
2780 5687 2862 5735 est
2888 5679 3015 5746 vita,
3040 5688 3249 5735 mortua
3276 5681 3433 5737 estin
3455 5683 3650 5753 seipsa.
