4040 6184
313 247 415 296 121⁸

1393 250 1666 307 CONTRA
1705 251 2164 309 EUTVCIIETEM
2210 255 2332 309 LIB.
2379 257 2464 311 lV.

3464 272 3564 324 130

305 357 411 409 Sed
443 358 568 426 quia
599 369 684 412 est
720 360 975 427 Verbum,
1025 363 1072 417 id
1104 373 1185 419 est
1214 365 1340 429 vita,
1372 366 1508 420 mori
1536 381 1641 420 non
1671 375 1885 435 potest;
1916 375 1961 429 Α
1995 376 2209 434 propter
2251 370 2391 435 quod
2436 385 2501 423 ex
2544 370 2696 424 nobis
2736 382 2815 426 est
2861 389 2984 430 vera
3032 378 3346 446 inrarnatio,
3401 382 3563 437 Deum

308 451 556 504 Lhristus
585 464 764 507 autem
798 465 1039 510 mortuus
1086 467 1191 521 est,
1226 457 1357 511 nihil
1396 458 1539 512 aliud
1589 469 1755 512 restat
1798 474 1887 514 se-

304 540 542 594 cundum
571 557 686 608 vos,
719 543 819 597 nisi
852 554 910 598 ut
932 545 1198 613 Christus,
1231 555 1320 600 aut
1346 548 1565 601 omnino
1597 562 1703 601 non
1734 548 1891 602 fuerit

304 638 579 692 mortuus,
610 646 769 685 unam
801 642 1006 687 tantum
1040 634 1220 700 Verbi,
1255 634 1307 689 id
1333 644 1417 690 est
1437 637 1558 690 vitae
1576 636 1778 691 habens
1798 653 1889 691 na-

307 731 508 784 turam,
551 736 675 790 quae
719 725 851 777 mori
902 740 1004 777 non
1037 726 1242 794 potuit:
1274 735 1365 780 aut
1416 727 1461 780 si
1492 743 1619 783 vere
1648 738 1889 784 mortuus

307 820 409 868 est.
442 813 588 877 quod
626 813 809 880 negari
837 828 944 867 non
988 823 1182 883 potest,
1210 816 1398 871 mortis
1437 826 1664 883 tantum,
1702 819 1773 881 _id
1804 830 1887 874 est

306 904 485 954 carnis
517 902 767 959 habuerit
793 915 1056 971 naturam,
1099 923 1218 975 qua:
1266 910 1400 963 mori
1435 911 1685 978 potuerit.
1710 912 1888 980 Agno-

315 992 450 1044 scite
476 993 659 1059 igitur,
694 1011 726 1047 ο
754 996 958 1059 miseri,
1003 1008 1216 1067 quanta:
1264 1001 1520 1069 perﬁdiae,
1551 1012 1763 1072 quantae
1790 1005 1886 1059 im-

308 1081 526 1148 pietatis
558 1086 652 1146 sit,
709 1101 868 1140 unam
902 1087 953 1142 in
1000 1089 1214 1145 Christo
1265 1091 1418 1147 fateri
1468 1101 1736 1160 naturam,
1793 1111 1887 1165 per

307 1188 463 1235 quant
493 1188 617 1226 eum
669 1187 759 1229 aut
789 1187 1054 1232 mortuum
1085 1181 1306 1236 credere
1354 1184 1748 1249 convincimini,
1796 1196 1887 1241 aut

308 1259 497 1315 falsum
527 1265 597 1318 de
625 1281 689 1319 ϐ’)
720 1268 953 1334 opinari,
996 1287 1099 1323 non
1124 1273 1193 1327 ibi
1237 1288 1357 1328 eum
1388 1275 1709 1331 confitentes
1750 1280 1883 1333 mori

310 1354 568 1418 potuisse,
604 1356 687 1408 ubi
718 1359 887 1425 potuit
917 1361 1075 1415 mori.

375 1443 566 1499 XVIII.
604 1448 682 1500 An
715 1446 852 1502 forte
882 1451 981 1504 ista
1007 1454 1188 1506 nescio
1218 1470 1316 1523 qua
1350 1466 1523 1509 vestra
1579 1466 1767 1513 natura
1815 1462 1885 1515 ita

307 1548 365 1587 ex
401 1534 582 1589 Verbo
612 1548 664 1589 et
699 1553 859 1593 carne
884 1552 1133 1601 concreta
1167 1556 1244 1598 est
1276 1556 1434 1615 atque
1480 1561 1780 1617 compacta.
1830 1562 1886 1605 ut
1960 1605 1963 1607 .

306 1641 365 1677 ex
396 1635 628 1693 utroque
672 1630 995 1697 subsistens,
1032 1643 1316 1705 utrumque
1355 1640 1622 1694 amitteret
1653 1642 1704 1694 in
1733 1652 1884 1696 utro-

1990 465 2168 508 autem
2198 460 2466 525 eumdem,
2497 471 2717 530 propter
2745 464 2883 532 quod
2911 475 2966 520 et
2999 478 3118 535 post
3144 469 3562 525 incarnationem

1988 543 2334 599 immutabilis
2359 550 2646 613 permansit
2669 551 2714 620 ej
2728 568 2787 606 ns
2808 570 2874 607 ex
2904 554 3011 610 Deo
3033 557 3189 611 Patre
3212 568 3418 631 natura,
3434 564 3566 627 Quis

1978 632 2055 685 ita
2085 632 2311 687 stolidus
2332 646 2385 690 et
2413 638 2587 706 exigui
2612 656 2802 695 sensus
2826 652 3011 703 contra
3039 660 3132 698 sua
3160 662 3390 717 unquam
3425 651 3563 702 mili-

1987 734 2061 779 tat
2086 728 2240 781 verba
2256 730 2278 781 ?
2294 730 2422 796 Quis
2446 747 2680 801 eousque
2709 735 2966 805 insipiens
2991 739 3059 791 ita
3093 739 3305 805 labitur,
3328 750 3385 793 ut
3405 741 3561 797 fidem

1987 834 2138 873 suam
2166 837 2228 875 es
2264 822 2377 890 ipsa
2405 823 2718 880 defensione
2742 866 2756 891 ,
2787 843 2888 897 qua
2921 830 3181 891 vindicat,
3218 834 3446 899 arguat?
3478 834 3564 887 lli-

1985 908 2105 961 cits
2130 914 2179 961 in
2210 911 2425 963 Christo
2451 928 2607 965 unam
2636 929 2758 967 esse
2780 925 3045 989 naturam,
3068 927 3122 970 et
3147 933 3270 973 ecce
3306 921 3355 973 id
3389 921 3561 989 ipsum

1985 997 2201 1063 quantis
2221 998 2495 1053 destruitis
2518 1002 2728 1055 verbis?
2754 1005 2928 1057 Fateri
2955 1007 3095 1059 enim
3125 1008 3349 1062 Verbum
3376 1010 3560 1063 incon-

1986 1086 2303 1140 vertibiliter
2332 1071 2600 1144 hominem
2626 1090 2840 1158 factum,
2864 1104 3024 1161 atque
3052 1113 3171 1151 cum
3194 1114 3354 1155 carne
3377 1104 3559 1156 incon-

1988 1174 2102 1229 fuse
2134 1178 2360 1243 ttnitum,
2404 1179 2789 1246 professionem
2823 1186 2977 1239 unius
3002 1197 3204 1242 natura:
3225 1195 3563 1259 apertissime.

1985 1263 2232 1329 destruit,
2264 1281 2383 1320 cum
2413 1278 2468 1322 et
2497 1271 2664 1322 unitio
2693 1288 2796 1325 non
2822 1275 2999 1340 unius,
3023 1276 3116 1331 sed
3142 1278 3366 1332 duorum
3394 1283 3562 1335 Solvat

1985 1364 2123 1412 esse,
2149 1364 2203 1406 et
2228 1355 2325 1408 hac
2347 1356 2457 1423 ipsa
2485 1358 2722 1413 unitione
2749 1376 2851 1414 non
2877 1367 3067 1418 mutari
3092 1381 3262 1435 neque
3284 1372 3560 1437 confundi,

1986 1440 2341 1506 integritatem
2361 1452 2414 1496 et
2430 1448 2809 1511 proprietatem
2830 1451 3026 1505 indicet
3042 1458 3318 1523 utriusque
3336 1469 3557 1514 natura.

1992 1527 2119 1580 item
2151 1544 2271 1582 CIIIII
2301 1531 2499 1597 dicitis,
2522 1534 2767 1588 eumdem
2802 1539 3073 1595 hominem
3106 1543 3263 1596 simul
3289 1556 3340 1599 et
3372 1547 3557 1611 Deum.

1986 1619 2109 1686 quid
2138 1620 2305 1683 aliud,
2337 1623 2437 1674 nisi
2466 1624 2515 1675 in
2539 1638 2644 1677 uno
2666 1627 2772 1678 duo
2799 1629 3039 1695 quaedam
3061 1634 3372 1687 ostenditis?
3392 1636 3559 1693 Nemo

307 1732 426 1780 “ne,
476 1728 728 1788 essmque
781 1733 1027 1776 mulmm
1077 1739 1140 1777 ex
1186 1739 1445 1795 unoque;
1477 1730 1523 1780 id
1570 1740 1669 1796 es"
1700 1741 1756 1784 ut
1785 1748 1880 1786 nec
1914 1722 1958 1781 Β
1985 1726 2126 1763 enim
2176 1712 2244 1764 de
2282 1715 2516 1780 quislibet
2562 1733 2621 1769 re
2659 1717 2910 1787 singulari
2954 1730 3099 1776 recte
3137 1725 3336 1780 dixerit
3378 1730 3554 1784 simul.

307 1809 540 1864 Verbum
568 1815 849 1870 retinuerit
876 1827 1118 1873 naturam
1149 1836 1320 1889 suam,
1345 1826 1726 1882 commistione
1766 1844 1884 1883 car-

306 1900 385 1953 nis
432 1903 703 1968 humanm,
738 1921 836 1960 nec
880 1922 1007 1961 caro
1058 1913 1436 1980 proprietatem
1486 1927 1687 1971 natura:
1730 1933 1915 1986 suae,

305 1994 686 2049 commixtione
716 2008 915 2052 natura:
937 2000 1157 2067 divinae;
1183 2012 1341 2074 atque
1370 2007 1567 2063 ita'nec
1596 2011 1757 2064 homo
1780 2026 1881 2065 nec

308 2080 442 2134 Deus
468 2083 537 2136 sit
563 2083 830 2153 Christus,
858 2098 1087 2159 utroque
1106 2094 1242 2148 inter
1268 2105 1553 2166 utrumque
1585 2099 1879 2157 fraudatus.

304 2170 451 2237 Quod
484 2185 688 2241 quanto
710 2179 992 2249 sacrilegio
1032 2186 1314 2253 cogitetur,
1363 2204 1545 2256 quieso
1582 2192 1880 2246 reminisci-

304 2262 450 2316 ntini.
480 2264 594 2319 Hoc
614 2269 755 2321 enim
781 2272 937 2325 unius
961 2283 1161 2330 natura:
1190 2276 1451 2346 professio
1472 2282 1613 2350 cogit
1632 2284 1876 2352 intelligi.

304 2350 403 2405 Sed
435 2354 481 2407 si
514 2358 807 2413 secundum
838 2364 977 2430 quoi
1002 2374 1056 2418 et
1083 2365 1180 2433 ipsi
1211 2368 1472 2436 fatemini,
1516 2373 1587 2425 ita
1628 2384 1709 2427 est
1748 2350 1876 2431 Ver-

305 2440 423 2493 bum
446 2458 574 2496 caro
598 2446 815 2512 factum,
853 2460 908 2504 ut
936 2469 1040 2506 non
1070 2454 1227 2509 fuerit
1256 2467 1431 2515 tamen
1464 2462 1517 2515 in
1555 2478 1716 2518 carne
1761 2481 1877 2519 mu-

304 2537 468 2583 tatum
504 2544 664 2602 atque
704 2553 1044 2607 conversum,
1080 2548 1316 2602 retinens
1366 2558 1421 2604 et
1469 2567 1573 2607 non
1623 2557 1876 2610 amittens

302 2622 678 2687 proprietatem
710 2638 911 2683 natura:
948 2646 1078 2699 suae,
1113 2635 1166 2690 in
1219 2640 1482 2695 counione
1519 2644 1696 2699 carnis
1739 2660 1873 2709 suae,

303 2725 459 2777 quam
494 2714 631 2768 miro
658 2726 711 2770 et
740 2718 992 2776 inetlhbiti
1017 2725 1173 2781 modo
1202 2739 1453 2796 operatus
1499 2742 1580 2787 est
1622 2735 1675 2790 in
1715 2746 1870 2790 utero

302 2803 486 2853 matris
539 2818 651 2857 suae
684 2823 695 2858 :
726 2821 774 2862 et
810 2826 1019 2879 rursus,
1050 2830 1176 2871 caro
1205 2817 1322 2887 ejus
1375 2837 1481 2876 non
1536 2825 1733 2895 amisit,
1776 2842 1876 2883 nec

301 2890 530 2955 perd;dit
577 2899 954 2964 proprietatem
1003 2918 1206 2963 natura:
1255 2919 1415 2980 atque
1444 2918 1657 2983 generis
1685 2919 1767 2973 sui
1817 2920 1871 2976 in

301 2983 564 3037 counione
607 2984 766 3042 Verbi
789 2991 989 3058 divini;
1017 2999 1135 3064 quis
1161 3014 1268 3054 non
1296 3001 1472 3059 videat
1492 3004 1646 3061 istam
1669 3008 1872 3065 aduna-

301 3068 497 3125 tionem
528 3074 687 3130 Verbi
715 3089 767 3131 et
793 3084 991 3149 carnis,
1012 3102 1115 3142 non
1143 3088 1210 3143 ad
1234 3092 1575 3151 abolitionem
1599 3099 1871 3169 utriusque
1898 3083 1945 3145 (ἶ

303 3171 522 3228 natura),
550 3166 646 3220 sed
678 3168 742 3222 ad
776 3173 1022 3229 unionem
1052 3178 1339 3249 singularis
1367 3187 1655 3253 profecisse
1686 3206 1872 3259 perso-

304 3252 418 3304 naz?
445 3253 580 3308 Nam
609 3272 728 3311 cum
754 3273 806 3315 et
836 3279 929 3317 vos
958 3268 1149 3324 dicatis
1175 3274 1328 3327 sicuti
1356 3252 1407 3331 et
1431 3292 1556 3333 vere
1586 3280 1869 3338 d;cendnm

303 3352 398 3405 est,
430 3347 677 3401 eumdem
703 3352 995 3418 perfectum
1028 3357 1213 3426 Deum,
1249 3365 1541 3431 perlectum
1575 3370 1869 3438 hotninetn,

303 3436 546 3489 eumdem
574 3454 755 3494 verum
788 3443 977 3511 Deum,
1010 3464 1193 3505 verum
1241 3454 1510 3513 hominem
1537 3477 1551 3524 ;
1600 3464 1741 3518 unde
1769 3466 1871 3520 erit

303 3525 569 3588 perfectus
597 3541 650 3583 et
680 3547 838 3588 verus
868 3538 919 3590 in
953 3547 1175 3611 utroque
1224 3544 1321 3600 nisi
1355 3564 1448 3615 per
1489 3555 1768 3609 veritatem
1819 3568 1871 3615 et

304 3620 680 3683 proprietatem
704 3625 978 3697 utriusque
1004 3642 1205 3688 natura:
1226 3636 1247 3688 ?
1270 3636 1375 3693 Sed
1402 3657 1466 3697 ne
1488 3642 1597 3714 49
1628 3656 1872 3713 putemur

302 3707 611 3766 talumniari
638 3716 805 3780 vobis,
840 3719 1067 3777 dicendo
1094 3742 1185 3782 vos
1216 3729 1286 3783 ita
1322 3734 1565 3801 credere,
1597 3739 1735 3793 sicut
1762 3740 1870 3795 for-

304 3807 435 3853 tasse
463 3818 572 3855 non
601 3807 843 3878 creditis,
877 3815 1037 3869 verba
1070 3829 1241 3874 vestra
1277 3838 1551 3892 ponamus,
1592 3832 1783 3898 quibus
1823 3836 1866 3890 si

303 3888 513 3953 pudoris
569 3894 769 3962 aliquid
812 3902 1019 3970 geritis,
1069 3888 1321 3966 resistere
1358 3931 1463 3969 non
1512 3888 1738 3975 debetis.
1793 3925 1867 3982 Ita

302 3978 431 4031 enim
472 3982 527 4033 in
554 3997 619 4036 eo
649 3986 803 4054 libro,
831 4006 984 4060 quem
1006 4008 1188 4051 contra
1218 4000 1651 4066 CitaICediinetise
1689 4019 1868 4070 conci-

302 4067 415 4123 lium
460 4087 620 4128 easso
671 4077 851 4135 labore
878 4086 1200 4154 confecistis,
1241 4093 1463 4153 habetur
1510 4117 1862 4171 expressum:

302 4159 383 4211 Sic
401 4166 535 4215 enim
556 4167 644 4233 qui
669 4184 731 4221 ea:
759 4170 925 4225 Maria
951 4188 1099 4231 natus
1125 4189 1199 4233 est
1226 4182 1482 4254 Salvator,
1514 4159 1867 4251 inconvertibi-

301 4252 403 4304 liter
428 4256 744 4320 incarnatus.
778 4280 892 4317 cum
933 4280 1056 4322 esset
1092 4271 1247 4342 Deus,
1287 4279 1453 4343 factus
1496 4295 1568 4337 est
1606 4289 1778 4355 homo,
1818 4300 1866 4344 et

300 4342 448 4399 dictus
472 4359 549 4400 est
570 4352 718 4414 ﬁlius
740 4353 975 4413 hominis.
997 4364 1178 4429 quiest
1218 4379 1333 4422 ante
1356 4375 1545 4427 sarcula
1574 4377 1708 4431 Deus
1742 4381 1864 4435 Ver-

301 4433 423 4503 bum,
466 4440 803 4499 immutabilis
824 4466 1125 4514 permanens
1167 4458 1219 4510 in
1262 4470 1448 4518 natura
1479 4466 1590 4522 Dei.
1648 4471 1791 4527 Unde
1814 4489 1861 4529 et

300 4537 420 4578 unus
442 4525 623 4583 Filius
655 4531 768 4596 Dei,
794 4537 849 4590 in
889 4555 989 4593 una
1020 4560 1238 4612 persona
1265 4550 1416 4620 digne
1439 4557 1617 4626 pieque
1640 4571 1711 4614 est
1743 4581 1862 4618 con-

299 4616 535 4681 ﬁtendus.
567 4620 695 4678 Sine
718 4630 850 4680 enim
878 4630 984 4685 Deo
1020 4634 1182 4692 Verbo
1205 4655 1467 4715 segregata
1485 4652 1654 4706 carnis
1678 4666 1863 4712 natura

297 4722 389 4760 non
408 4712 639 4767 subsistit
658 4716 709 4770 in
739 4717 969 4789 Virgine,
987 4735 1032 4777 et
1053 4728 1125 4781 ita
1142 4712 1548 4793 inenarrabiliter
1568 4745 1764 4799 unitum
1790 4758 1862 4801 est

298 4808 433 4858 carni
463 4807 604 4863 Deus
632 4810 877 4882 Verbum,
904 4829 960 4871 ut
985 4823 1304 4881 incarnatum
1334 4840 1381 4884 et
1417 4849 1539 4888 caro
1570 4838 1864 4896 immutabi-

300 4892 408 4945 liter
432 4897 622 4963 factum
646 4917 757 4956 vere
797 4917 843 4959 et
883 4910 1146 4980 inconfus:
1189 4921 1441 4989 perfectus
1480 4926 1623 4993 ﬁeret
1668 4930 1860 4989 homo:

297 4985 426 5039 unde
455 5004 570 5041 eum
612 4990 869 5049 hominem
895 5001 1047 5055 simul
1070 5014 1116 5058 et
1150 5006 1310 5062 Deum
1349 5016 1862 5084 conﬁtemur,'homi-

296 5090 404 5128 nem
432 5082 637 5149 quidem
666 5100 873 5156 propter
892 5096 1028 5160 quod
1051 5114 1113 5150 rx
1140 5101 1281 5155 nobis
1306 5115 1377 5157 est
1404 5124 1523 5161 vera
1542 5111 1862 5181 incarnatio;

299 5169 455 5224 Deum
484 5188 648 5231 autem
677 5185 911 5237 eumdem
937 5201 1141 5258 propter
1163 5193 1526 5254 immutabilem
1554 5205 1687 5276 ejus,
1712 5210 1863 5263 etiam

295 5271 400 5328 post
416 5264 833 5337 incarnationem,
851 5290 912 5327 ea:
932 5274 1040 5328 Deo
1064 5278 1218 5333 Patre
1240 5295 1497 5342 naturam.

361 5352 500 5407 XIX.
542 5356 678 5415 Ecce
705 5362 883 5418 dicitis
916 5365 1142 5423 Verbum
1183 5372 1656 5439 inconvertibiliter
1684 5386 1862 5444 incar-

293 5453 469 5498 natum
496 5458 550 5500 et
581 5450 851 5507 hominem
883 5454 1096 5521 factum,
1119 5460 1293 5517 dicitis
1317 5465 1547 5524 Verbum
1571 5477 1717 5529 carni
1747 5480 1863 5534 uni-

294 5542 421 5599 tum,
450 5540 623 5594 dicitis
652 5543 933 5599 inconfuse
963 5547 1228 5606 hominem
1260 5556 1475 5625 factum,
1507 5561 1683 5618 dicitis
1712 5581 1863 5623 euin-

292 5620 409 5678 dem
459 5628 729 5689 hominem
767 5637 932 5692 simul
981 5650 1032 5696 et
1080 5643 1243 5699 Deum
1282 5663 1295 5700 :
1338 5646 1606 5708 huminem
1646 5658 1856 5726 quidem

1987 1801 2115 1855 Item
2152 1820 2272 1857 cum
2302 1805 2501 1872 dicitis,
2532 1809 2601 1862 ob
2633 1808 2733 1863 hoc
2761 1810 2991 1867 Verbum
3032 1815 3300 1871 hominem
3343 1832 3558 1890 proliter

1983 1892 2099 1960 ejus
2129 1909 2193 1947 es
2228 1896 2381 1947 nobis
2415 1912 2598 1951 veram
2629 1901 3073 1961 incarnationem.
3106 1905 3257 1962 ειιώ
3287 1909 3405 1975 hoc,
3442 1926 3558 1965 rur-

1983 1999 2074 2037 sus
2107 2001 2288 2040 verum
2321 1989 2507 2054 Deum,
2538 2002 2758 2059 propter
2788 1994 3207 2054 immutationem
3236 2001 3431 2057 divime
3454 2005 3558 2075 δῦ

1981 2088 2046 2127 ex
2075 2075 2229 2129 Patre
2258 2086 2492 2143 naturae,
2532 2082 2692 2135 etiam
2726 2096 2844 2153 post
2874 2086 3293 2146 incarnationem
3318 2098 3558 2163 geminas

1983 2164 2225 2229 profecto
2267 2165 2523 2235 integras,
2573 2170 2901 2239 immutatas,
2948 2176 3256 2234 inconfusas
3300 2181 3459 2238 Verbi
3502 2196 3557 2241 et

1980 2253 2154 2305 carnis
2180 2251 2415 2306 fatemini
2434 2270 2557 2311 esse
2580 2263 2815 2315 naturas.
2844 2262 2974 2329 Quia
3000 2267 3043 2319 si
3064 2265 3223 2321 Verbi
3244 2282 3426 2323 natura
3453 2289 3557 2327 non

1980 2349 2060 2392 est
2094 2350 2292 2394 imitata
2331 2358 2505 2410 neque
2531 2348 2749 2401 confusa
2786 2350 2839 2404 in
2871 2367 3053 2416 carne,
3082 2366 3136 2410 et
3166 2372 3352 2413 rursus
3381 2365 3555 2419 carnis

1979 2442 2167 2481 natura
2189 2446 2292 2484 non
2316 2442 2395 2486 est
2419 2444 2618 2489 mutata
2647 2452 2745 2493 nec
2766 2444 2987 2497 confusa
3011 2446 3063 2500 in
3090 2446 3282 2516 Verbo,
3298 2453 3389 2505 sed
3412 2463 3555 2509 tenet

1980 2528 2202 2588 utraque
2240 2520 2500 2591 integram
2541 2535 2591 2579 et
2623 2525 2987 2599 incorruptam
3020 2537 3260 2592 veritatis
3284 2554 3394 2594 suae
3426 2558 3554 2610 pro-

1980 2613 2280 2678 prietatem,
2313 2628 2416 2666 non
2448 2626 2670 2682 possunt
2696 2628 2922 2691 utraque
2948 2625 3052 2679 dici
3086 2642 3268 2682 unum.
3294 2631 3348 2685 Si
3374 2644 3550 2688 autem

1977 2700 2243 2763 dicuntur,
2275 2703 2515 2770 sequitur
2540 2705 2682 2762 illico
2707 2717 2764 2762 ut
2788 2717 3180 2781 corruptionem
3209 2720 3289 2772 sui
3319 2723 3552 2788 pertule-

1979 2790 2106 2855 rint,
2153 2798 2207 2843 et
2246 2800 2462 2845 mutata:
2504 2793 2614 2847 sint
2659 2796 2711 2849 in
2760 2797 2813 2851 id
2857 2803 3001 2866 quod
3048 2804 3116 2857 ita
3169 2821 3331 2860 unutn
3376 2810 3465 2876 sit,
3497 2821 3551 2866 ut

1977 2888 2261 2945 utrumque
2282 2892 2402 2931 esse
2426 2894 2533 2933 non
2566 2882 2751 2948 possit.
2779 2885 2928 2950 Quod
2952 2903 3070 2943 cum
3100 2894 3288 2947 merito
3314 2894 3547 2964 fugiatis,

1976 2965 2095 3031 quia
2129 2975 2212 3020 est
2245 2966 2463 3034 impium
2497 2978 2548 3022 et
2576 2970 2912 3041 detestabile,
2947 2991 3044 3031 cur
3075 2993 3179 3032 uno
3210 2982 3373 3036 verbo
3402 2985 3453 3039 iit
3495 2988 3547 3041 id

1977 3052 2230 3122 inciditis,
2262 3059 2403 3125 quod
2445 3061 2625 3114 multis
2651 3062 2994 3119 detestatnini
3027 3071 3237 3124 verbis?
3266 3072 3373 3127 (iur
3401 3076 3547 3143 pium

1975 3156 2025 3196 et
2059 3143 2375 3199 catholicum
2408 3162 2623 3204 sensum
2648 3191 2665 3217 ,
2694 3167 2853 3221 quem
2900 3156 2965 3211 de
2992 3156 3147 3212 Verbi
3180 3160 3550 3222 immutatione

1974 3248 2023 3288 et
2047 3236 2223 3290 carnis
2257 3239 2374 3306 ejus
2402 3244 2622 3297 veritate
2653 3249 2863 3314 tenetis,
2903 3251 3000 3305 hac
3038 3269 3140 3309 una
3179 3256 3392 3313 infanda
3426 3277 3547 3333 pro-

1976 3330 2206 3386 fessione
2252 3333 2569 3390 destruitis?
2614 3337 2829 3397 Credite
2886 3344 3046 3413 igitur
3086 3350 3237 3404 vobis
3286 3330 3447 3421 ipsis,
3491 3367 3547 3410 et

1973 3435 2093 3475 cum
2116 3423 2427 3481 nrthodoxis
2446 3429 2556 3495 pari
2582 3432 2920 3489 confessione
2943 3436 3205 3505 fatemini,
3226 3442 3391 3498 Deum
3419 3446 3545 3501 Ver-

1974 3513 2095 3567 bum
2128 3515 2200 3568 ita
2228 3516 2279 3569 in
2308 3528 2461 3573 utero
2488 3520 2768 3591 virginali,
2810 3528 2956 3582 carni
2995 3543 3105 3583 sua:
3143 3533 3372 3601 unitum,
3402 3539 3543 3606 quod

1972 3611 2057 3656 est
2076 3618 2203 3658 caro
2233 3604 2452 3671 factum,
2486 3618 2544 3663 ut
2569 3613 2682 3681 ipse
2711 3630 2845 3669 unus
2872 3620 2942 3672 sit
2983 3620 3035 3674 in
3067 3630 3310 3693 utroque,
3341 3604 3545 3683 habens

1973 3691 2024 3744 in
2055 3691 2233 3760 scipso
2256 3705 2557 3767 utrumque,
2581 3712 2635 3755 et
2662 3714 2904 3760 naturam
2937 3708 3115 3778 Verbi,
3140 3691 3242 3782 qua
3274 3716 3330 3768 ῡι
3351 3733 3411 3772 us
3440 3732 3542 3785 εει,

1972 3790 2026 3834 et
2049 3791 2290 3839 naturam
2319 3789 2495 3842 carnis
2517 3833 2531 3858 ,
2570 3806 2672 3861 qua
2707 3794 2845 3850 idem
2877 3796 3018 3853 Deus
3050 3801 3208 3857 homo
3240 3816 3341 3860 est.
3375 3809 3543 3865 Aliter

1971 3874 2113 3927 enim
2156 3885 2302 3932 stare
2332 3893 2435 3933 non
2470 3886 2665 3950 poterit
2702 3889 2843 3955 quod
2884 3891 3162 3948 nobiscum
3199 3898 3435 3964 creditis,
3471 3900 3541 3956 i.a

1970 3976 2089 4016 eum
2120 3965 2317 4021 factum
2351 3970 2515 4025 luisse
2545 3976 2684 4041 quod
2721 3993 2825 4031 non
2854 3990 2996 4048 erat,
3048 3994 3104 4037 ut
3135 4002 3238 4039 non
3274 3988 3543 4044 amitteret

1969 4056 2108 4123 quod
2139 4070 2272 4113 erat.
2305 4062 2455 4126 Quod
2484 4075 2597 4116 erat
2631 4077 2836 4131 autem,
2875 4082 2927 4123 et
2957 4076 3096 4141 quod
3130 4091 3234 4128 non
3266 4086 3405 4142 erat,
3438 4096 3541 4134 non

1968 4152 2053 4197 est
2093 4148 2246 4199 unius
2273 4160 2474 4202 natura:
2502 4168 2514 4203 :
2547 4168 2609 4205 ac
2645 4169 2741 4221 per
2772 4156 2871 4209 bo‘c
2908 4158 2997 4213 Dei
3035 4161 3197 4215 Filius
3229 4177 3430 4219 natum:
3456 4180 3539 4222 est

1970 4234 2245 4305 utriusque
2265 4278 2278 4302 ,
2327 4254 2431 4291 non
2460 4243 2752 4295 amittendo
2784 4260 3078 4317 utramque.
3117 4253 3248 4317 Quia
3280 4254 3420 4310 sicut
3448 4258 3538 4312 Dei

1968 4322 2009 4376 F
2015 4324 2047 4379 il
2074 4342 2134 4379 us
2162 4327 2269 4379 dici
2296 4345 2399 4381 non
2436 4340 2629 4398 potest,
2662 4334 2764 4387 nisi
2790 4350 2857 4389 ex
2884 4338 3105 4395 veritate
3147 4350 3350 4397 natnrse
3386 4345 3536 4400 Verbi

1893 4454 1943 4514 Β
1972 4428 2086 4480 qum
2114 4415 2187 4468 illi
2206 4426 2288 4469 est
2308 4433 2371 4470 cx
2405 4418 2513 4472 Deo
2535 4418 2726 4484 Putre;
2750 4424 2824 4476 ita
2853 4425 2992 4478 idem
3020 4427 3159 4482 ﬁlius
3182 4430 3412 4487 hominis
3434 4436 3537 4489 diri

1969 4517 2072 4554 non
2108 4514 2301 4572 potest,
2340 4507 2441 4560 nisi
2480 4522 2542 4561 ex
2582 4513 2805 4566 veritate
2836 4523 3039 4571 natura:
3068 4521 3245 4575 carnis
3270 4564 3285 4589 ,
3315 4538 3433 4593 quae
3462 4528 3537 4582 illi

1967 4600 2048 4646 est
2075 4608 2139 4645 ex
2165 4594 2380 4651 homine
2409 4612 2598 4653 matre.

2040 4682 2157 4740 ΧΧ.
2183 4685 2317 4751 Quid
2334 4690 2431 4744 sibi
2456 4700 2631 4746 autent
2656 4696 2784 4749 velit
2807 4707 2949 4752 tanta
2974 4701 3321 4769 professionis
3346 4721 3541 4767 vestrze

1968 4782 2218 4840 varetas,
2258 4787 2315 4829 ut
2353 4780 2489 4847 quod
2522 4797 2621 4834 una
2664 4800 2820 4840 manu
2864 4791 3160 4862 :edifieatis,
3202 4800 3301 4853 alia
3344 4801 3538 4858 iterum

1969 4860 2275 4932 destruutis,
2310 4882 2414 4920 non
2444 4869 2703 4940 intelligo,
2734 4876 2832 4928 nisi
2864 4881 2984 4947 quia
3014 4860 3291 4943 veritatem
3322 4895 3533 4963 religio-

1966 4953 2047 5006 nis
2069 4956 2469 5013 mendaciorum
2492 4962 2624 5016 fucis
2652 4964 2884 5033 eluditis,
2902 4973 3044 5029 aliud
3068 4994 3181 5046 ore,
3207 4984 3351 5037 aliud
3373 4989 3538 5043 corde

1963 5050 2256 5107 gestantes.
2288 5045 2417 5098 Nam
2440 5050 2527 5116 qui
2558 5052 2714 5117 paulo
2735 5066 2857 5110 ante
2877 5058 2970 5114 Dei
3001 5064 3227 5122 Verbum
3258 5072 3538 5129 inconver-

1966 5130 2115 5186 tibile
2138 5134 2259 5189 fassi
2293 5136 2530 5209 fueratis,
2556 5158 2742 5198 rursus
2763 5148 2813 5201 id
2857 5156 3042 5210 nescio
3067 5176 3166 5228 qua
3188 5169 3536 5223 conversiOue

1968 5234 2225 5280 mutatum
2264 5243 2508 5286 asserere
2536 5236 2716 5291 vultis.
2749 5240 2822 5315 Ita
2862 5246 3004 5302 enim
3037 5252 3103 5306 de
3133 5255 3247 5322 ipso
3276 5259 3489 5315 dixistis
3518 5280 3531 5316 :

1974 5309 2161 5368 Valens
2193 5315 2288 5369 Dei
2329 5318 2543 5375 Verbum
2573 5312 2792 5383 liberare
2825 5331 3089 5392 hominum
3129 5309 3538 5417 genus,

1963 5411 2164 5456 creator
2189 5409 2270 5459 sui
2295 5409 2543 5480 ﬁgmenti,
2575 5419 2895 5488 semetipsum
2922 5409 3264 5496 replasrnavit,
3296 5435 3536 5493 incarna-

1964 5503 2045 5548 tus
2072 5498 2136 5551 de
2162 5512 2336 5555 nostra
2363 5506 2658 5561 substantia.
2704 5514 2833 5577 Quis
2864 5524 2968 5571 tam
2998 5520 3239 5578 nefanda:
3268 5527 3537 5596 opinionis

1967 5582 2218 5643 latentem
2262 5611 2364 5647 non
2404 5600 2627 5664 ειειίεἱαι
2662 5602 2875 5669 dolum,
2911 5612 3017 5662 imo
3056 5615 3222 5682 magis
3253 5632 3540 5690 apertum?

1914 5724 1925 5729 ,
1971 5673 2175 5744 Ergone
2201 5681 2295 5737 Dei
2326 5683 2550 5741 Vetbum
2577 5689 2677 5759 51
2710 5693 2941 5763 seipsum
2974 5673 3538 5773 replas‘mavi‘tlcrnon
