4044 6184
456 164 549 219 151

1772 180 1996 236 VlGlLll
2036 182 2405 245 TAPSENSIS

3606 212 3706 266 1'52

453 290 669 332 carnem
700 277 800 334 sibi
831 278 882 334 in
911 289 1064 335 utero
1092 284 1278 338 matris
1306 286 1542 340 creavit?
1568 286 1652 340 cui
1679 300 1737 342 se
1768 287 2020 348 ineffabili
2051 304 2097 361 Α
2127 297 2311 353 Patres
2344 300 2647 356 temeritate
2682 304 2941 377 sacrilega
2972 306 3024 361 in
3063 308 3221 364 simili
3253 315 3453 372 erroris
3479 318 3704 380 crimine

454 371 612 425 modo
651 372 836 436 univit,
875 373 1022 441 juxta
1062 374 1369 431 Salomonis
1397 378 1583 443 verba,
1628 378 1897 435 dicentis:
1928 381 2029 435 Sa-

452 463 641 531 pientia
661 465 927 529 wdiﬁcavit
949 467 1042 520 sibi
1065 468 1270 521 domum
1294 468 1479 537 (Prov.
1504 484 1576 536 lx,
1611 469 1820 539 l),qu:e
1849 482 2030 541 posset

454 562 625 604 morte
655 551 878 617 destrui,
911 555 1046 608 sicut
1077 556 1191 624 ipse
1219 558 1270 610 in
1302 557 1589 626 Evangelia
1616 560 1690 611 ait
1724 576 1736 609 :
1772 557 2029 614 Destruite

448 640 695 707 templum
722 642 840 715 hoc,
869 653 914 695 et
940 644 989 696 in
1013 645 1170 697 tribus
1201 646 1374 700 diebus
1402 647 1660 699 suscitabo
1684 646 1816 699 illud
1845 648 2023 717 (Jean.

450 745 509 794 ιι,
550 732 655 797 19).
698 731 811 783 Hoc
830 774 843 795 ,
873 732 1079 802 inquit,
1112 735 1307 787 dicebat
1333 774 1349 801 ,
1375 736 1436 788 de
1463 736 1651 802 templo
1671 737 1896 802 corporis
1924 738 2022 790 sui.

451 823 505 877 Si
538 821 715 891 i‘aque
743 826 975 891 seipsum
1000 826 1359 894 replasmavit,
1389 826 1676 894 plasmatus
1698 840 1824 895 ergo
1846 834 2023 893 antea,

448 928 551 965 non
582 914 789 980 genitus
829 915 945 968 fuit.
974 914 1082 967 Nos
1119 925 1294 968 autem
1322 914 1516 969 Filium
1549 914 1643 968 Dei
1681 924 1804 967 ante
1829 914 2025 968 sarcula

446 1002 513 1055 de
548 1002 702 1057 Patre
732 1019 837 1056 non
878 1004 1216 1072 plasmatum,
1261 1005 1353 1058 sed
1394 1004 1628 1073 genitum
1667 1000 2021 1067 confitemur;

447 1095 532 1161 qui
566 1093 644 1157 si,
679 1103 732 1145 ut
770 1107 862 1146 vos
892 1093 1163 1160 asseritis,
1197 1092 1499 1146 novissimis
1529 1093 1858 1161 temporibus
1887 1096 2026 1163 seip-

446 1195 562 1234 sum
592 1181 643 1234 in
670 1189 819 1233 utero
853 1181 1080 1251 Virginis
1104 1182 1467 1251 replasmavil,
1495 1184 1786 1251 plasmatus
1802 1198 1950 1253 ergo,
1966 1194 2023 1239 ut

445 1270 573 1334 uixi,
610 1270 661 1324 id
696 1281 775 1324 est
803 1270 975 1325 factus
1010 1272 1091 1325 vel
1123 1274 1359 1336 ereatus,
1402 1286 1507 1325 non
1546 1273 1758 1340 genitus
1788 1271 1907 1325 fuit.
1942 1271 2022 1325 Ac

443 1363 521 1416 sic
546 1361 775 1415 obtinuit
798 1361 1050 1414 Arianum
1074 1361 1289 1430 dogma,
1304 1360 1597 1415 secundum
1619 1361 1779 1413 istum
1802 1360 2020 1429 impium

442 1463 684 1514 sensum,
733 1449 987 1502 facturam
1027 1464 1274 1503 asserens
1317 1449 1509 1503 Filium
1559 1450 1674 1504 Dei.
1723 1449 1931 1505 Deinde
1973 1452 2019 1505 si

441 1536 679 1605 seipsum
709 1537 1078 1604 replasmavit,
1111 1538 1377 1593 destruxit
1414 1554 1540 1607 ergo
1568 1540 1935 1609 semetipsum,
1966 1541 2018 1595 id

439 1635 521 1677 est
552 1624 603 1677 id
638 1625 777 1694 quod
814 1625 964 1693 prius
995 1626 1112 1693 fuit,
1156 1638 1211 1681 et
1241 1629 1587 1697 replasmavit
1626 1644 1685 1684 se
1714 1629 1765 1683 in
1796 1630 1844 1684 id
1876 1632 2015 1701 quod

440 1728 593 1771 antea
635 1734 737 1771 non
770 1718 884 1773 fuit.
933 1720 1258 1789 lleplasmzui
1281 1744 1292 1769 ι
1319 1724 1463 1777 enim
1501 1725 1618 1779 sine
1654 1724 2017 1783 destructione

440 1807 633 1874 prioris
654 1810 837 1862 forma:
860 1824 964 1863 non
990 1820 1162 1878 potest
1186 1812 1428 1881 intelligi.
1458 1814 1521 1866 Et
1546 1816 1667 1868 audi
1686 1816 2014 1873 terentium:

444 1898 603 1961 Dixit,
632 1898 821 1967 inquit,
854 1900 1099 1954 Dominus
1123 1902 1191 1953 ad
1215 1919 1325 1956 me:
1351 1901 1611 1959 Descende
1636 1906 1689 1958 in
1716 1907 1923 1961 domum
1952 1909 2016 1976 [i-

440 1987 569 2057 guli,
605 1997 650 2039 et
685 1990 754 2041 ibi
793 1990 969 2043 audes
1006 1990 1155 2043 verba
1192 2007 1302 2043 mea
1339 2006 1358 2045 :
1386 2001 1433 2046 et
1468 1994 1705 2047 descendi
1734 1995 1787 2047 in
1811 1998 2016 2049 domum

440 2074 611 2143 ﬁguli,
648 2085 696 2129 et
727 2093 841 2131 ecce
862 2079 969 2147 ipse
997 2079 1211 2147 faciebat
1239 2094 1367 2149 Opus
1395 2096 1547 2133 suum
1574 2099 1729 2150 super
1758 2094 1945 2150 rotant,
1969 2096 2015 2139 et

438 2164 822 2217 exterminatur»
859 2175 932 2219 est
969 2182 1058 2219 vas
1084 2170 1222 2237 quod
1253 2168 1489 2237 faciebat,
1524 2170 1577 2222 in
1604 2172 1833 2223 manibus
1861 2176 1973 2242 ejus
1994 2190 2014 2227 :

438 2261 485 2307 et
510 2270 776 2309 conversus
804 2258 1125 2324 replasmavit
1153 2259 1283 2310 illud
1323 2262 1377 2312 in
1404 2260 1571 2325 aliud,
1594 2262 1727 2312 sicut
1752 2262 2015 2331 placuerat

439 2346 600 2398 oculis
624 2348 734 2417 ejus
757 2346 891 2413 (λεν.
922 2363 1066 2412 xvut,
1096 2349 1179 2419 2).
1211 2351 1367 2405 Vides
1395 2366 1522 2418 ergo
1545 2354 2013 2421 replasmationem

441 2436 718 2489 IlthSSIml
750 2436 948 2503 operis,
978 2440 1253 2492 interitum
1283 2441 1652 2496 demonstrare
1678 2442 1910 2510 prioris?
1939 2446 2011 2497 Ita

437 2535 563 2589 ergo
587 2530 641 2575 et
678 2521 907 2577 Verbum
939 2525 1031 2580 Dei
1057 2526 1175 2597 sine
1207 2527 1498 2582 abolitione
1524 2538 1581 2583 et
1604 2530 1819 2584 interitu
1843 2540 2012 2587 status

436 2611 518 2665 sui
547 2613 761 2678 prioris,
790 2614 1119 2682 replasmare
1148 2619 1385 2686 seipsum
1417 2636 1521 2674 non
1563 2624 1729 2690 potuit
1767 2625 1821 2677 in
1858 2636 2012 2681 utero

436 2706 647 2752 matris.
693 2702 797 2756 Sed
837 2715 895 2757 ut
930 2706 1310 2772 concedamus,
1348 2711 1489 2778 quod
1532 2712 1688 2782 hujus
1727 2718 2010 2771 sententiae

434 2788 673 2842 oondi;io
702 2806 804 2843 non
834 2793 983 2859 sinit,
1015 2793 1133 2849 sine
1152 2796 1234 2849 sui
1257 2797 1544 2855 abolitione
1571 2803 1808 2871 seipsum
1838 2808 2011 2873 repla-

432 2893 659 2943 smasse,
694 2882 819 2935 nihil
848 2882 958 2950 jam
986 2885 1254 2939 invenitur
1281 2892 1573 2957 sumpsisse
1594 2892 1659 2945 de
1696 2893 1925 2962 Virgine.
1945 2897 2009 2949 Et

434 2967 557 3034 quid
589 2973 860 3047 quatiebat
889 2973 958 3026 ibi
995 2987 1054 3027 se
1095 2980 1441 3042 rep'asuiure,
1482 2980 1625 3033 unde
1663 2983 1835 3049 potuit
1875 2986 2005 3037 nillil

2129 388 2416 444 vocarctis.
2457 389 2672 446 Nicaeus
2719 394 2862 449 enim
2911 398 3148 467 synodus
3194 400 3473 461 Dominum
3520 407 3703 466 .lesum

2126 477 2421 547 Christum,
2464 482 2760 540 secundum
2799 486 2851 541 id
2890 488 3031 557 quod
3067 498 3194 547 ante
3239 496 3434 551 saecula
3479 498 3546 554 de
3595 501 3704 558 Deo

2128 572 2288 629 Patre
2307 576 2521 640 genitus
2541 584 2645 645 est,
2661 578 2819 634 unius
2835 595 2954 635 cum
2977 597 3042 639 eo
3059 584 3196 639 dixit
3215 600 3336 643 esse
3358 589 3699 661 substantiae;

2128 665 2247 732 quia
2278 665 2457 719 Ariani
2500 669 2793 723 secundum
2836 671 2940 726 hoc
2979 688 3099 728 eum
3131 676 3281 733 lateri
3317 682 3505 741 nolunt
3545 688 3701 742 unius

2125 768 2246 809 esse
2293 764 2521 812 natura.
2574 758 2651 813 De
2687 775 2790 828 qua
2835 762 2979 817 enim
3023 765 3172 822 vobis
3219 769 3468 828 videntur
3512 787 3698 833 natura

2125 843 2327 900 dixisse
2349 846 2432 902 vel
2456 847 2665 904 dicere:
2699 850 2825 906 Erat
2854 857 3059 924 quando
3084 874 3183 912 non
3204 873 3335 929 erat,
3358 872 3406 916 et
3430 876 3698 937 autequant

2126 946 2415 991 nasceretur
2440 955 2541 994 non
2561 944 2706 997 erat?
2729 946 2909 1011 procul
2931 946 3094 1004 dubio
3117 951 3183 1007 de
3210 961 3397 1009 natura
3420 957 3596 1014 Verbi.
3623 962 3699 1018 De

2127 1025 2242 1094 ipsa
2265 1026 2423 1095 igitur
2446 1044 2760 1099 responsum
2789 1048 3113 1107 acceperunt
3135 1046 3276 1111 quod
3300 1058 3513 1115 semper
3530 1062 3691 1117 esset,

2122 1126 2178 1171 et
2201 1118 2406 1174 initium
2439 1137 2543 1176 non
2574 1125 2815 1193 haberet,
2837 1136 2892 1181 et
2910 1144 2976 1184 ex
3009 1132 3175 1186 nihilo
3204 1150 3308 1189 non
3331 1141 3696 1213 esset.Neque

2123 1208 2264 1262 enim
2299 1213 2484 1267 Ariani
2515 1222 2761 1271 naturam
2790 1220 2965 1275 carnis
2993 1222 3193 1279 Christi
3217 1241 3281 1281 ex
3311 1229 3477 1285 nihilo
3504 1208 3693 1290 factam

2121 1300 2455 1368 asserebant,
2482 1318 2640 1373 quam
2667 1322 2733 1361 ex
2766 1309 2984 1380 Virgine
3015 1327 3346 1381 procreatam
3378 1335 3480 1376 non
3514 1326 3694 1395 utique

2123 1389 2453 1446 nesciebant.
2488 1394 2727 1467 Denique
2758 1410 3102 1472 posteaquam
3138 1406 3465 1466 sufficienter
3488 1413 3553 1468 de
3594 1389 3693 1470 hac

2120 1480 2299 1536 divina
2341 1483 2459 1538 Filii
2505 1486 2597 1542 Dei
2633 1499 2820 1545 natura
2859 1492 3263 1563 disputaverunt
3305 1502 3690 1572 religiosissimi

2122 1568 2328 1639 Patres,
2374 1577 2424 1629 in
2470 1581 2816 1648 sequentibus
2861 1587 3043 1653 etiam,
3102 1600 3307 1646 natura:
3353 1568 3531 1652 carnis
3576 1599 3693 1669 ejus

2051 1677 2093 1735 Β
2120 1669 2684 1724 commemorationem
2721 1669 2983 1740 fecerunt,
3025 1676 3268 1735 dicentes
3304 1697 3425 1738 eum
3468 1686 3693 1743 descen-

2116 1754 2261 1811 disse
2304 1767 2359 1812 et
2396 1760 2725 1819 incarnatqu
2762 1781 2901 1823 esse.
2951 1771 3065 1824 Non
3111 1788 3241 1844 ergo
3283 1775 3465 1847 (sicut
3504 1789 3557 1834 tu
3596 1796 3692 1837 eos

2116 1860 2370 1903 accusare
2410 1852 2644 1923 voluisti)
2684 1870 3015 1927 prtepostero
3054 1865 3243 1920 ordine
3286 1880 3599 1937 posuerunt,
3634 1883 3692 1929 ut

2116 1936 2263 2005 prius
2286 1939 2526 1997 dicerent
2549 1946 2905 2013 incarnatum,
2930 1961 2983 2005 et
3006 1965 3187 2022 postea
3210 1958 3367 2012 unius
3388 1977 3507 2015 eum
3532 1963 3690 2020 Patre

2114 2029 2454 2102 substantia;
2503 2042 2599 2093 sed
2641 2044 2787 2110 prius
2834 2048 2991 2100 unius
3024 2048 3335 2106 substantiae
3373 2057 3688 2114 vocabulum

2117 2138 2429 2196 posuerunt,
2458 2133 2597 2199 quod
2624 2137 2853 2203 pertinet
2880 2140 2943 2190 ad
2973 2141 3115 2194 illam
3147 2142 3302 2197 Verbi
3335 2155 3596 2215 naturam,
3616 2150 3691 2204 de

2114 2230 2214 2284 qua
2260 2223 2483 2287 qumstio
2509 2229 2843 2294 vertebatur;
2879 2240 2930 2285 et
2963 2239 3144 2301 p’ostea
3177 2237 3507 2294 incarnatum
3537 2243 3690 2297 dixe-

2116 2316 2262 2373 runt,
2302 2312 2442 2379 quod
2473 2320 2705 2383 pertinet
2743 2322 2808 2373 ad
2840 2325 3016 2377 carnis
3046 2325 3162 2394 ejus
3192 2338 3458 2395 naturam,
3488 2332 3555 2387 de
3583 2351 3686 2404 qua

2117 2396 2247 2452 nihil
2286 2400 2458 2458 fuerat
2498 2408 2822 2463 mutilatum.
2857 2413 2961 2482 53
3000 2415 3100 2481 Qui
3132 2432 3259 2486 ergo
3289 2427 3343 2472 et
3386 2396 3689 2490 tempus-et

2114 2487 2361 2543 ordinem
2392 2503 2444 2546 et
2476 2496 2871 2554 distinetionem
2902 2504 3038 2557 inter
3063 2504 3257 2569 Usiam,
3290 2518 3344 2562 et
3370 2511 3693 2567 incarnatio—

2114 2589 2235 2629 nem
2265 2596 2616 2640 servaverunt
2647 2604 2659 2639 :
2696 2588 2872 2643 Usiam
2902 2593 3141 2649 dicentes
3172 2588 3489 2655 (maternam
3523 2602 3682 2671 Patri,

2113 2674 2535 2733 incarnationem
2568 2694 2748 2736 autem
2783 2699 2847 2738 ex
2887 2694 3126 2755 tempore
3156 2690 3371 2759 factam,
3410 2695 3686 2751 evidenter

2112 2764 2167 2819 ln
2199 2762 2307 2821 uno
2339 2769 2632 2840 eodemque
2673 2773 2766 2828 Dei
2798 2774 2934 2830 Filio
2954 2817 2970 2843 ,
3001 2777 3132 2834 duas
3157 2782 3385 2838 confessi
3413 2795 3537 2840 sunt
3565 2803 3684 2843 esse

2114 2866 2359 2922 naturas;
2404 2874 2562 2913 unam
2594 2877 2695 2930 qua
2722 2872 2805 2917 est
2831 2865 2897 2919 de
2926 2866 3082 2922 Patre
3113 2879 3237 2924 ante
3266 2881 3501 2940 tempora
3535 2877 3683 2944 geni-

2113 2955 2216 3010 tns,
2247 2958 2301 3001 et
2324 2949 2485 3003 aliain
2514 2966 2615 3020 qua
2656 2964 2736 3007 est
2775 2970 2839 3008 ex
2883 2959 3103 3013 tnuliere
3137 2960 3188 3013 in
3231 2962 3336 3017 fine
3383 2974 3681 3035 temporum

386 3090 387 3093 η
433 3031 676 3127 accipere
700 3063 719 3112 ἶ
771 3062 874 3115 Sed
903 3065 947 3115 si
971 3031 1189 3132 accepit
1216 3068 1373 3135 (quin
1400 3031 1837 3136 Ᾰρυειριυζέῖίξ
1873 3031 2005 3129 or-
2033 3031 2079 3091 ϐ
2111 3037 2300 3091 [³6⁸⁸³⁸⁸
2325 3038 2491 3094 unam
2510 3057 2610 3136 qi.”
2639 3053 2719 3136 ei"
2740 3044 3389 3115 Patricnmemus’aliam
3412 3055 3462 3107 ευ
3483 3072 3582 3124 qua
3600 3069 3682 3110 esi

432 3166 568 3202 mam
598 3154 726 3204 serti
753 3169 1005 3219 accipiens
1034 3156 1290 3227 [ΡΙιὲιίρρ.
1325 3175 1382 3225 ιι,
1414 3159 1492 3230 7])
1524 3163 1652 3217 illud
1682 3166 1798 3221 sine
1823 3169 2005 3236 dubio,

431 3242 571 3310 quod
600 3257 703 3296 non
732 3254 866 3306 erat,
892 3246 1123 3299 uuieudo
1151 3247 1252 3301 sibi
1276 3248 1575 3316 plasmavit.
1599 3252 1750 3308 Sicut
1774 3266 1828 3310 et
1852 3258 2008 3313 Pater

431 3333 497 3386 ad
532 3348 653 3387 eum
689 3349 780 3400 per
808 3332 996 3389 lsaiam
1024 3335 1276 3403 loquitur,
1303 3338 1532 3396 dicens;
1564 3340 1633 3397 Et
1660 3345 1909 3413 plasmavi
1938 3359 2004 3416 te,

429 3432 475 3475 et
498 3420 615 3473 dedi
638 3431 685 3474 te
706 3421 761 3475 in
781 3432 1128 3477 testamentum
1147 3428 1371 3497 gentium
1394 3427 1705 3502 (Istthth,
1725 3437 1800 3506 8),
1815 3448 1868 3492 et
1893 3439 2008 3508 ipse

432 3513 485 3563 in
516 3509 705 3565 eodem
736 3513 1014 3581 prepheta,
1047 3518 1159 3584 pari
1198 3533 1327 3574 voce
1351 3529 1611 3577 testatur:
1640 3525 1705 3578 Et
1735 3544 1868 3581 nunc
1885 3531 2008 3585 dicit

433 3597 705 3663 Dominus,
726 3600 955 3667 formans
994 3621 1071 3658 me
1106 3622 1169 3659 ex
1198 3617 1339 3663 utero
1363 3625 1566 3665 servum
1586 3614 1682 3666 sibi
1700 3613 1892 3683 (llud,
1922 3617 2002 3689 ν).

433 3686 582 3742 Unde
604 3689 737 3742 mira
761 3692 1087 3759 impudentia
1111 3707 1167 3751 et
1188 3697 1493 3754 detestabili
1518 3705 1796 3771 pravitatis
1821 3686 2007 3766 errore

435 3780 666 3835 Verbum
721 3783 815 3838 Dei
865 3787 1243 3855 replastnatum
1290 3794 1500 3849 audetis
1548 3810 1832 3866 asserere,
1882 3815 2003 3856 cum

432 3875 533 3929 hoc
582 3874 777 3930 divinis
821 3880 1184 3949 conscriptum
1232 3882 1424 3940 litteris
1472 3901 1731 3957 nusquam
1786 3894 2006 3958 [roteSiis

427 3964 730 4021 ostendere.

502 4056 613 4126 52
639 4055 777 4110 XXI.
809 4056 874 4111 Et
902 4059 1023 4126 quia
1056 4058 1271 4129 longum
1300 4072 1382 4116 est
1425 4064 1473 4117 si
1510 4065 1667 4119 velim
1708 4067 1868 4121 istum
1910 4084 2006 4124 ve~

425 4156 596 4201 strum
643 4147 861 4217 impium
900 4163 1115 4203 sensum
1144 4152 1513 4207 subtilioribus
1542 4167 1817 4211 eoarCtare
1855 4173 2004 4227 qua:-

425 4234 710 4299 stionibus,
747 4246 801 4290 et
838 4237 1125 4293 ostendere
1156 4251 1495 4307 quantacum
1528 4242 1774 4309 nefanda,
1808 4262 2002 4315 quanta

426 4336 716 4393 sequantur
753 4325 1017 4390 acinorda;
1058 4342 1200 4382 nunc
1226 4329 1355 4385 illud
1396 4333 1665 4387 rideamus
1688 4376 1703 4401 ,
1734 4339 1874 4405 quod
1907 4353 2001 4392 vos

2112 3138 2353 3197 tempore
2375 3132 2640 3198 posterior
2669 3134 2937 3191 inventus.
2964 3136 3130 3193 Unam
3159 3157 3277 3211 qua:
3305 3160 3424 3197 cum
3449 3150 3683 3202 ostendit

2112 3219 2253 3273 Patri
2275 3224 2554 3291 aequalem,
2572 3224 2727 3278 aliam
2751 3242 2871 3295 quae
2893 3229 3051 3284 docet
3074 3231 3227 3287 Patre
3249 3249 3368 3288 esse
3396 3238 3677 3294 minorem.

2109 3309 2368 3375 Qumcum
2388 3313 2455 3366 ita
2472 3315 2600 3381 sint,
2617 3301 2718 3385 qua
2740 3330 2917 3373 auem:
2932 3319 3060 3374 itate
3075 3324 3277 3378 audetis
3292 3340 3555 3391 asserere,
3572 3346 3680 3384 non

2111 3417 2272 3469 posse
2301 3405 2526 3460 inveniri
2552 3408 2603 3461 in
2618 3408 2830 3464 Christo
2848 3412 3046 3479 aliquid
3069 3414 3237 3483 majus
3258 3427 3311 3471 et
3338 3418 3533 3483 minus,
3557 3436 3680 3475 cum

2111 3493 2225 3561 ipse
2254 3493 2394 3549 dicat
2421 3515 2433 3549 :
2468 3496 2626 3552 Pater
2660 3504 2828 3572 major
2866 3519 2944 3557 me
2980 3514 3055 3558 est
3084 3506 3261 3577 (Joan.
3294 3515 3401 3578 inv,
3430 3513 3553 3581 28);
3583 3524 3637 3567 et
3663 3534 3676 3568 :

2111 3583 2221 3655 Ego
2250 3595 2297 3641 et
2328 3588 2482 3644 Pater
2520 3609 2678 3647 unum
2704 3611 2876 3650 smnus
2916 3596 3097 3668 (Joan.
3141 3617 3194 3666 x,
3242 3600 3368 3672 50)?
3405 3604 3471 3658 Et
3511 3605 3682 3662 Lucas

2107 3680 2433 3749 evangelista
2462 3681 2530 3736 de
2562 3684 2676 3752 ipso
2700 3683 2932 3741 referat:
2977 3687 3115 3745 Puer
3152 3689 3316 3745 mitem
3348 3698 3593 3750 crescebat
3630 3712 3681 3752 et

2107 3773 2483 3840 conici-labatur
2503 3775 2656 3844 (Luc.
2673 3792 2711 3841 I,
2726 3775 2818 3845 80)
2843 3794 2857 3831 :
2883 3779 3010 3844 Quae
3027 3795 3118 3836 vos
3142 3781 3333 3836 videtis
3359 3783 3680 3853 professioni

2108 3869 2265 3918 unius
2304 3876 2509 3919 natura:
2548 3869 2818 3922 contraria
2855 3883 3003 3936 esse;
3042 3873 3164 3941 quia
3205 3888 3311 3939 non
3350 3872 3527 3944 potest
3574 3894 3708 3932 una.

2106 3963 2318 4019 natura,
2348 3962 2403 4009 et
2431 3956 2663 4011 maxime
2690 3957 2889 4024 divina,
2908 3959 3285 4020 detrimentum
3312 3980 3681 4038 augmentum.

2104 4058 2208 4112 que
2235 4046 2507 4113 recipere,
2536 4054 2594 4102 et
2623 4051 2792 4118 major
2822 4051 2905 4105 vel
2944 4053 3119 4107 minor
3157 4057 3355 4123 pariter
3394 4061 3675 4128 appellari.

2107 4136 2354 4207 Elegistis
2380 4148 2563 4207 aperta
2594 4139 2942 4210 impudentia,
2970 4154 3153 4199 contra
3185 4147 3345 4202 fidem
3371 4150 3677 4219 Scrptura-

2105 4243 2223 4282 rum
2248 4229 2314 4284 de
2342 4229 2555 4286 Christo
2594 4234 2828 4298 mentiri,
2863 4252 3018 4303 quant
3047 4238 3176 4291 duas
3202 4254 3323 4294 eum
3354 4242 3559 4296 habere
3583 4259 3677 4296 na-

2107 4328 2251 4373 turas
2277 4321 2538 4378 catholice
2558 4324 2819 4389 confiteri,
2846 4342 2940 4395 per
2962 4343 3092 4398 quas
3112 4330 3251 4384 idem
3273 4346 3518 4402 magnus,
3536 4334 3677 4390 idem

423 4415 626 4469 Ariano
639 4430 801 4471 sensu
813 4416 1010 4474 dixisse
1020 4420 1479 4492 manifestumest,
1493 4441 1595 4478 non
1612 4398 1769 4493 posse
1781 4428 1834 4481 in
1850 4432 1886 4480 (μ
1896 4430 2004 4482 hri-

2110 4410 2280 4464 miuor
2311 4426 2412 4466 non
2440 4423 2613 4481 potest
2634 4416 2906 4487 denegari.

424 4518 510 4560 sto
524 4506 665 4562 aliud
680 4509 849 4577 majus
865 4518 921 4565 et
933 4512 1106 4565 minus
1120 4511 1643 4582 intelligi,cupientes
1658 4512 2004 4571 eisolitacal-

425 4597 645 4651 liditatis
674 4602 1159 4669 argumentatione,
1186 4601 1471 4657 butum-1
1499 4606 1711 4661 aulcrre
1732 4616 1996 4675 ruituram,

424 4704 517 4756 per
538 4704 697 4757 quam
722 4692 892 4758 possit
916 4692 1137 4747 infeiior
1163 4693 1411 4748 inveniri.
1434 4694 1673 4765 Denique
1695 4698 1793 4752 ista
1820 4709 1997 4755 vestra

337 4784 343 4791 ‘
420 4789 547 4837 sunt
574 4779 735 4835 verba
762 4797 777 4837 :
804 4781 1071 4845 Quomodo
1095 4794 1266 4837 autem
1286 4784 1341 4837 in
1361 4782 1567 4838 Christo
1586 4788 1713 4840 nihil
1734 4804 1993 4858 magnum,

418 4874 547 4929 nihil
576 4875 841 4930 nuntiatum
869 4878 1090 4947 intelligi
1124 4880 1305 4947 possit,
1339 4880 1491 4934 etiam
1518 4881 1568 4935 si
1592 4883 1778 4937 nostris
1810 4884 1999 4938 conde-

415 4962 609 5016 sccudit
639 4964 893 5017 mansuris
906 4978 994 5031 per
1010 4980 1160 5017 mus
1176 4967 1508 5031 uoluntatem,
1527 4969 1817 5038 manifestat
1839 4971 1992 5024 etiam

415 5055 586 5108 diuina
613 5064 955 5109 trecentorum.
989 5055 1166 5110 decem
1201 5066 1249 5111 et
1282 5068 1394 5112 octo
1421 5056 1637 5113 Patrum
1672 5060 1986 5126 deliberatio,

412 5148 671 5202 continens
694 5148 747 5202 in
783 5164 943 5202 unum
984 5148 1261 5203 Dominum
1280 5148 1456 5204 Iesum
1495 5150 1753 5206 Caristum
1792 5149 1990 5204 Filium

415 5238 511 5293 Dei
539 5241 742 5294 credere
760 5283 773 5307 ,
800 5257 944 5308 quem
967 5250 1018 5295 et
1045 5244 1368 5295 incantatam
1384 5281 1399 5305 ,
1445 5251 1491 5295 et
1519 5244 1669 5296 unius
1694 5243 1990 5296 substantia

412 5345 527 5382 cum
548 5328 702 5386 Patre
722 5340 1059 5401 cognoscunt;
1081 5348 1183 5386 non
1203 5332 1479 5386 dividentes
1499 5334 1745 5386 minorem
1769 5334 1819 5386 in
1840 5330 1991 5386 Chri-

412 5430 488 5471 sto
528 5421 916 5488 humanitatem,
957 5433 1005 5476 et
1040 5422 1287 5492 aqualem
1323 5421 1469 5485 Patri
1505 5423 1687 5476 iterum
1730 5424 1982 5478 deitatem.

416 5508 628 5566 Utinam
654 5514 795 5571 solos
819 5529 909 5571 \os
934 5515 987 5569 in
1015 5513 1117 5571 hoc
1137 5527 1321 5570 errare
1349 5513 1578 5581 sciretis,
1604 5523 1659 5571 et
1686 5530 1793 5569 non
1818 5514 1982 5570 etiam

2174 4502 2339 4558 XXII.
2377 4505 2511 4560 illud
2535 4509 2693 4562 etiam
2722 4510 2851 4566 libet
2892 4520 3213 4580 pertractare
3255 4515 3571 4585 capitulum,
3623 4520 3675 4572 in

2102 4611 2206 4666 quo
2230 4608 2337 4652 tcta
2369 4598 2611 4655 effrenati
2637 4603 2829 4658 furoris
2848 4605 3009 4660 vestri
3044 4608 3221 4677 erupit
3244 4609 3474 4678 insania,
3508 4611 3557 4664 id
3589 4611 3673 4667 ni-

2101 4698 2272 4743 tentes
2298 4704 2572 4757 asserere,
2602 4695 2743 4763 quod
2779 4694 3005 4750 Verbum
3032 4698 3122 4753 Dei
3156 4715 3250 4768 per
3270 4711 3509 4755 naturam
3541 4704 3676 4757 divi-

2099 4779 2303 4847 nitatis,
2337 4796 2439 4834 non
2470 4797 2562 4851 per
2583 4792 2832 4849 naturam
2882 4787 3262 4845 incarnationis
3318 4806 3451 4859 suae,
3486 4795 3668 4864 palpa-

2099 4868 2213 4924 bile
2235 4872 2470 4940 seipsum
2497 4882 2551 4927 et
2578 4874 2788 4931 visibile
2834 4878 3106 4948 dignatum
3153 4891 3237 4936 est
3278 4884 3675 4940 demonstrare.

2098 4960 2223 5014 Haec
2248 4962 2389 5015 enim
2418 4971 2542 5016 sunt
2567 4966 2728 5020 verba
2757 4978 2961 5023 vestra:
2993 4970 3144 5034 Quod
3164 4973 3206 5025 is
3233 4974 3323 5044 qui
3346 4975 3400 5027 in
3420 4977 3669 5051 principio

2094 5060 2204 5104 erat
2240 5051 2480 5119 Verbum,
2508 5058 2599 5124 qui
2628 5073 2717 5123 per
2744 5060 3013 5130 prophetas
3044 5064 3328 5129 nuntiatus,
3354 5081 3474 5119 caro
3505 5069 3669 5137 {actus

2093 5152 2187 5208 est,
2218 5159 2372 5214 super
2401 5153 2587 5200 terram
2609 5149 2743 5202 visus
2771 5162 2865 5216 est,
2890 5161 2936 5206 et
2955 5168 3070 5206 cum
3091 5154 3380 5212 hominibus
3408 5173 3671 5213 conversa-

2093 5248 2189 5303 tus,
2214 5239 2423 5292 visibilis
2443 5249 2497 5293 et
2513 5242 2787 5310 palpabilis
2816 5248 3000 5313 factus,
3043 5248 3145 5301 vita
3180 5258 3371 5303 (eterna
3406 5260 3453 5304 et
3482 5260 3667 5303 natura

2092 5327 2231 5383 Deus
2260 5329 2366 5396 sit,
2409 5319 2676 5387 attestatur
2722 5334 2895 5389 beatus
2943 5336 3205 5406 Joannes,
3260 5342 3431 5397 dicens
3466 5359 3486 5397 :
3514 5336 3667 5409 Quod

2091 5430 2206 5474 erat
2232 5421 2298 5473 ab
2321 5422 2497 5486 initio,
2527 5424 2666 5492 quod
2697 5426 3017 5495 audivimus,
3044 5430 3185 5500 quod
3237 5434 3471 5487 vidimus
3496 5433 3671 5488 oculis

2090 5514 2308 5583 nostris,
2339 5515 2478 5587 quod
2506 5518 2831 5588 aspeximus,
2860 5530 2913 5578 et
2940 5537 3129 5581 manus
3156 5532 3358 5583 nostra
3402 5536 3667 5584 tractave-
