4044 6184
331 254 435 308 133

1432 254 1711 311 CONTRA
1748 256 2217 315 EUTYCHETEM
2258 261 2384 317 LIB.
2424 264 2487 319 V.

3509 274 3617 330 liii

327 376 456 422 runt
481 366 550 420 de
577 364 753 422 Verbo
780 375 903 420 vita:
932 366 987 435 (1
1010 365 1167 421 Joan.
1202 368 1263 437 t).
1326 368 1592 436 Quantum
1630 386 1729 441 ego
1759 372 1812 427 in
1844 372 1925 428 liis
1953 389 2002 444 Α
2029 383 2150 448 quid
2177 380 2396 446 erimus;
2425 396 2539 435 cum
2569 391 2737 436 autem
2761 387 3075 452 apparuerit,
3105 386 3295 442 similes
3323 390 3367 443 ei
3391 393 3601 457 erimus,

327 458 509 515 verbis
572 456 873 527 intelligere
930 461 1080 527 potui
1133 459 1237 515 boc
1289 459 1421 515 mibi
1472 462 1727 517 videmini
1782 465 1923 521 velle

328 559 599 613 astruere,
627 548 769 617 quod
802 546 1086 603 Trinitatis
1128 560 1342 617 natura,
1370 553 1622 620 quoniam
1653 562 1735 607 est
1759 553 1923 609 Verbi

329 648 542 701 natura,
564 654 686 708 quae
729 639 1011 697 invisibilis
1066 656 1281 710 semper
1351 651 1405 697 et
1467 644 1924 702 incoutrectabilis

331 739 631 799 permanet,
674 731 727 787 in
757 732 869 798 ipsa
920 744 979 786 se
1012 730 1247 786 Verbum
1298 732 1389 787 Dei
1424 735 1631 791 visibile
1657 746 1711 791 et
1740 737 1923 807 palpa-

331 821 433 875 bile
463 822 777 888 przcbuerit,
808 836 914 875 non
945 822 1000 876 in
1031 833 1219 878 natura
1270 825 1472 891 carnis,
1526 840 1685 895 quam
1739 828 1843 882 sibi
1871 829 1923 883 in

329 924 487 965 utero
515 914 707 965 matris
735 914 921 969 univit.
953 912 1107 979 Quod
1138 915 1183 968 si
1233 913 1309 970 ita
1349 924 1454 981 (st,
1482 918 1608 985 quid
1655 917 1756 973 hac
1803 934 1923 989 pro‘

331 1000 569 1056 iessione
596 1000 703 1074 55
726 1004 970 1071 impium,
1026 1005 1157 1072 quid
1213 1006 1533 1076 sacrilegmn
1607 1008 1733 1073 erit,
1785 1009 1925 1065 unde

329 1107 430 1146 nos
461 1102 625 1148 tanta:
654 1092 891 1161 perﬁdiae
922 1103 977 1149 et
1025 1094 1341 1151 temeritatis
1397 1095 1730 1152 detestantes
1774 1113 1927 1157 erro-

331 1199 470 1249 rem,
494 1183 720 1241 Joannis
746 1186 977 1253 apostoli
1002 1187 1190 1252 verba,
1217 1201 1337 1256 qua:
1363 1188 1450 1242 isti
1479 1188 1545 1242 ad
1569 1189 1923 1259 patrocinium

330 1274 615 1343 pravitatis
643 1288 757 1331 sua:
804 1276 1038 1343 pessime
1093 1277 1409 1345 abutuntur,
1455 1294 1560 1333 non
1616 1279 1722 1335 alio
1764 1294 1923 1349 quam

329 1366 574 1432 ejusdem
606 1367 833 1435 apostoli
887 1381 1049 1423 sensu
1104 1376 1395 1423 tractemus
1416 1406 1433 1433 ,
1495 1370 1925 1440 constringentes

329 1458 480 1525 prius
514 1467 569 1510 et
598 1466 933 1513 coarctantes
962 1458 1188 1513 istorum
1224 1459 1569 1529 imperitiam,
1612 1473 1667 1516 ut
1696 1477 1921 1531 respon-

328 1547 521 1614 deant,
547 1548 819 1616 quomodo
844 1549 892 1604 si
921 1548 977 1604 in
999 1562 1188 1604 natura
1218 1550 1513 1605 divinitatis
1543 1565 1654 1606 sum
1697 1553 1841 1609 visus
1869 1563 1924 1608 et

329 1638 578 1707 palpatus
606 1646 690 1694 est
720 1638 811 1697 Dei
841 1638 1033 1707 Filius,
1063 1655 1228 1709 quare
1255 1656 1377 1696 eum
1404 1642 1505 1698 soli
1573 1645 1799 1713 apostoli
1842 1645 1923 1699 vi-

327 1728 473 1783 disse
494 1738 549 1783 et
578 1727 830 1797 palpasse
859 1730 1113 1785 credendi
1144 1740 1298 1796 sunt;
1331 1746 1451 1788 cum
1482 1734 1594 1803 pari
1637 1735 1843 1792 visione
1868 1744 1925 1790 et

2024 471 2145 539 quia
2170 472 2447 525 uidebimus
2478 489 2595 526 eum
2647 475 2797 529 sicuti
2830 487 2904 529 est
2929 478 2992 547 (l
3023 478 3182 533 Joan.
3222 496 3298 549 HI,
3324 481 3403 552 Ξ).
3452 488 3608 540 Certe

2027 563 2354 631 palpaverat,
2386 576 2532 619 certe
2571 564 2778 621 viderat
2823 582 2963 623 eum.
3017 570 3155 638 Quid
3196 586 3255 627 se
3302 573 3462 642 igitur
3513 593 3610 644 pro

2027 669 2220 723 magno
2242 656 2584 713 beatitudinis
2608 675 2828 715 munere
2858 662 3097 718 visurum
3148 677 3429 735 praeoptat,
3459 678 3512 723 et
3539 668 3608 724 ibi

2028 754 2193 799 totam
2240 749 2320 801 sui
2354 747 2557 803 laboris
2587 752 2887 807 mercedem
2942 757 3239 821 constituit,
3299 759 3341 811 si
3368 776 3488 814 eum
3533 764 3612 816 vi-

2026 834 2187 889 deat?
2221 836 2354 906 (Non
2384 839 2527 893 enim
2556 841 2631 893 ait
2655 842 2890 905 vidimus,
2913 844 3006 897 sed
3030 848 3305 901 videbimus
3324 866 3437 903 eum
3464 854 3612 906 sicuti

2026 934 2098 978 est
2126 940 2144 977 :
2177 940 2273 979 nec
2291 928 2364 981 ait
2386 931 2647 997 apparuit.
2677 932 2769 985 sed
2819 949 2936 985 cum
2986 938 3302 1006 apparuerit)
3349 941 3450 995 nisi
3490 942 3611 1011 quia

2028 1015 2193 1070 Filius
2215 1032 2320 1072 non
2350 1020 2593 1087 apparuit
2616 1022 2771 1075 sicuti
2793 1033 2896 1086 est,
2933 1026 3027 1078 sed
3075 1027 3232 1082 sicuti
3282 1028 3449 1086 factus
3495 1046 3610 1101 est,

2025 1118 2078 1163 et
2108 1109 2228 1163 ideo
2259 1126 2362 1165 non
2392 1120 2473 1165 est
2498 1112 2640 1167 visus
2683 1114 2735 1168 in
2760 1116 2860 1169 hoc
2883 1118 3079 1171 suculo
3105 1120 3260 1174 sicuti
3286 1132 3388 1188 est,
3418 1126 3510 1178 sed
3542 1127 3612 1179 si-

2024 1200 2133 1253 cuti
2165 1200 2335 1255 factus
2364 1210 2465 1267 est,
2493 1203 2751 1258 videndus
2779 1206 2830 1259 in
2860 1206 3037 1261 futuro
3067 1210 3225 1262 sicuti
3243 1221 3344 1265 est.
3377 1212 3612 1269 Credon-

2025 1289 2094 1343 do
2113 1306 2265 1360 ergo,
2312 1307 2416 1346 non
2448 1294 2699 1363 videndo,
2747 1296 2823 1350 ait
2876 1298 3166 1367 Apostolus
3204 1301 3401 1358 vid;sse
3454 1320 3512 1359 se
3562 1307 3613 1358 id

2025 1381 2167 1451 quod
2200 1382 2266 1437 ab
2290 1382 2444 1438 initio
2472 1393 2575 1440 est.
2617 1386 2759 1440 Vidit
2788 1403 2882 1454 per
2910 1389 3030 1443 litlei
3076 1393 3349 1459 speculum
3403 1395 3455 1449 in
3480 1399 3611 1450 ami-

2025 1484 2226 1544 gmate,
2258 1475 2469 1529 visurus
2520 1478 2851 1533 manifestius
2888 1480 3085 1548 rejecto
3107 1482 3391 1555 velamine,
3421 1487 3487 1542 de
3512 1506 3611 1556 qua

2027 1568 2246 1621 visionis
2274 1568 2705 1625 manifestatione
2731 1588 2847 1640 qua:
2877 1574 3004 1626 solis
3036 1574 3609 1645 fidelibusresurvatur,

2027 1659 2141 1727 ipse
2172 1658 2428 1712 Dominus
2470 1661 2521 1714 in
2566 1662 2854 1730 Evangelio
2881 1664 3092 1719 dicebat
3134 1682 3149 1719 :
3185 1666 3287 1733 Qui
3315 1669 3483 1739 diligit
3535 1689 3612 1724 me

2026 1749 2321 1817 diligetura
2348 1749 2505 1803 Patre
2553 1767 2685 1817 meo,
2720 1762 2767 1804 et
2823 1770 2914 1823 ego
2968 1758 3227 1809 ostendam
3275 1759 3323 1811 ei
3367 1762 3610 1830 meipsnm

327 1828 569 1888 pa'patu,
599 1820 798 1917 milites
819 1834 1032 1917 quoque
1055 1821 1146 1891 qui
1167 1838 1309 1917 eum,
1332 1824 1735 1891 erucilixeruut,
1788 1842 1917 1882 con—
1953 1813 1999 1872 Β
2028 1813 2207 1908 (Jonn.
2243 1854 2351 1902 xiv,
2381 1837 2494 1909 21).
2529 1840 2586 1895 Si
2614 1813 2871 1895 videbani
2891 1859 3009 1896 eum
3041 1846 3288 1911 apostoli,
3346 1813 3610 1917 quomodo

326 1910 679 1967 trectaverint
705 1920 761 1967 et
782 1913 1014 1971 viderint
1040 1931 1053 1967 :
1082 1926 1139 1969 et
1159 1929 1254 1983 per
1298 1915 1399 1972 boc
1451 1918 1663 1973 Patrem
1711 1933 1922 1989 quoque

327 2004 515 2061 videre
536 2013 858 2075 potuerunt;
888 2007 1011 2077 quia
1038 2008 1152 2077 ipse
1172 2011 1283 2064 ait:
1317 2009 1417 2076 Qui
1460 2028 1538 2066 me
1589 2013 1744 2080 uidet,
1787 2016 1921 2067 ridet

326 2106 373 2157 et
399 2095 619 2151 Patrem
651 2097 831 2168 (Joan.
865 2115 971 2165 xiv,
1000 2100 1099 2169 9)?
1130 2101 1267 2169 Quid
1308 2104 1408 2159 hac
1452 2105 1788 2174 professione
1823 2108 1923 2161 im-

329 2187 475 2255 pium
497 2187 643 2242 erit?
672 2189 880 2245 Deinde
895 2190 1025 2259 quid
1048 2206 1273 2248 necesse
1295 2194 1395 2249 fuit
1415 2197 1676 2266 Apostolo
1701 2198 1880 2254 dicere
1903 2215 1919 2256 :

331 2278 480 2344 Quod
511 2281 732 2335 uidimus
761 2284 1146 2350 aununticmiu,
1176 2300 1297 2340 cum
1328 2301 1517 2343 omnes
1566 2289 1646 2342 illi
1674 2291 1764 2359 Qui
1798 2300 1923 2345 tunc

330 2374 572 2439 aderant,
630 2375 765 2430 etin
822 2390 944 2431 eum
985 2376 1345 2448 crediderant,
1396 2381 1649 2436 similiter
1695 2383 1924 2438 viderint

330 2470 487 2525 eum?
515 2470 671 2536 Quod
724 2485 845 2525 cum
873 2472 943 2527 ita
989 2474 1193 2529 sentire
1241 2474 1531 2530 absurdum
1589 2486 1643 2531 et
1691 2477 1923 2532 vanitate

335 2560 555 2629 plenum
580 2562 673 2627 sit,
704 2564 969 2631 spiritalia
998 2564 1239 2634 Apostoli
1278 2566 1437 2620 verba
1467 2567 1782 2636 spiritaliter
1829 2568 1924 2624 ad-

333 2662 633 2719 vertamus,
664 2655 858 2725 quibus
874 2671 933 2711 se
954 2672 1059 2711 non
1084 2658 1251 2712 oculis
1277 2667 1329 2712 et
1347 2659 1595 2713 manibus
1613 2661 1888 2730 corporeis
1903 2701 1918 2726 ,

332 2743 426 2798 sed
448 2743 728 2800 interioris
756 2745 990 2800 hominis
1019 2748 1274 2803 membris
1301 2750 1521 2815 vidisse,
1574 2758 1630 2805 et
1680 2751 1923 2821 palpasse

332 2833 565 2890 Verbum
586 2835 683 2895 Dei
716 2844 963 2892 testatur.
992 2838 1127 2904 Quia
1158 2838 1353 2909 quibus
1376 2840 1593 2895 naribus
1645 2842 1779 2896 odor
1807 2843 1923 2910 ejus

332 2924 602 2993 hauritur,
630 2938 682 2981 et
707 2943 817 2997 quo
843 2943 941 2984 ore
966 2931 1203 2984 suavitas
1222 2929 1340 2999 ejus
1356 2941 1617 3001 gustatur,
1636 2931 1764 3001 ipsis
1788 2946 1920 2986 ocu-

333 3019 393 3073 lis
420 3031 477 3074 et
517 3020 739 3076 auribus
760 3033 815 3076 et
837 3022 1080 3077 manibus
1105 3032 1485 3078 contrectatur.
1529 3025 1764 3093 Denique
1792 3025 1925 3079 dicit

330 3111 394 3164 ad
421 3127 547 3166 eum
597 3111 878 3168 Ecclesia:
913 3112 1242 3185 Ungtmmtm
1287 3114 1506 3182 «πωπω.
1547 3132 1727 3169 nomen
1781 3127 1922 3168 tuum

332 3199 507 3270 (Cant.
536 3218 573 3268 t,
607 3203 663 3272 2)
693 3218 713 3268 ;
743 3212 798 3258 et
827 3218 841 3256 :
870 3202 994 3258 Post
1024 3213 1073 3257 te
1102 3205 1155 3258 in
1179 3206 1383 3258 odorem
1421 3214 1791 3275 unguentorum
1814 3216 1923 3259 tuo-

334 3307 444 3346 rum
470 3309 738 3351 curramus
765 3294 938 3363 (Cant.
958 3310 997 3360 ι,
1028 3295 1106 3364 5).
1136 3296 1207 3349 Et
1229 3294 1453 3350 Paulus:
1485 3295 1691 3359 Christi,
1726 3298 1924 3365 inquit,

335 3387 492 3441 iam
505 3388 637 3441 odor
651 3403 829 3443 sumus
856 3384 943 3457 (II
960 3386 1080 3443 Cor.
1106 3403 1169 3453 ιι,
1192 3386 1305 3455 15).
1323 3388 1388 3443 Et
1420 3387 1582 3442 David
1605 3386 1847 3442 :Gustate
1876 3400 1922 3442 et

333 3480 496 3533 ridete
526 3480 769 3548 quoniam
793 3480 964 3535 suavis
992 3487 1067 3537 est
1113 3477 1368 3533 Dominus
1420 3477 1595 3549 (Prol.
1625 3494 1812 3542 χχχιιι,
1843 3479 1920 3549 9).

332 3570 567 3627 Credere
594 3587 722 3642 ergo
757 3573 813 3629 in
843 3570 1035 3629 Filium
1059 3571 1174 3631 Dei.
1205 3571 1307 3627 hoc
1351 3584 1435 3629 est
1486 3572 1686 3641 videre,
1714 3576 1813 3626 hoc
1839 3581 1923 3626 est

332 3664 545 3728 audire,
580 3664 683 3718 hoc
734 3672 819 3719 est
880 3663 1113 3731 odorari,
1169 3662 1273 3718 hoc
1324 3661 1789 3733 estgusnire,boc
1842 3671 1924 3718 est

332 3764 670 3813 contrectare
710 3770 854 3810 eum.
883 3756 940 3810 In
968 3763 1111 3809 tactu
1137 3763 1314 3809 autem
1346 3754 1571 3809 [inuitas
1593 3754 1923 3810 credulitatis

330 3847 655 3911 insinuatur,
687 3848 771 3902 cui
823 3849 1001 3903 sensui
1053 3862 1160 3916 prae
1193 3846 1403 3903 caeteris
1454 3847 1702 3903 sensibus
1754 3848 1924 3917 major

330 3939 463 3994 ﬁdes
492 3939 779 3992 habeatur.
803 3937 933 3993 Nam
964 3948 1019 3992 et
1047 3939 1185 3992 oculi
1212 3939 1607 4008 phantasmate,
1661 3949 1717 3997 et
1763 3954 1922 3994 aures

330 4031 616 4083 mendacio
644 4043 788 4097 saepe
814 4029 1084 4085 falluntur.
1120 4030 1229 4085 lloc
1255 4045 1386 4100 ergo
1428 4046 1591 4086 sensu
1634 4032 1921 4101 Apostolus

331 4120 404 4175 ita
429 4137 555 4177 eum
586 4124 852 4191 tetigerat,
898 4122 950 4176 id
1003 4131 1089 4181 est
1139 4124 1208 4177 ita
1274 4126 1330 4177 in
1381 4139 1502 4178 eum
1553 4126 1920 4180 iundatissime

330 4211 657 4275 crediderat,
692 4221 746 4264 ut
765 4226 1034 4281 nunquam
1061 4212 1131 4267 de
1156 4228 1221 4267 eo
1272 4223 1456 4282 posset
1503 4213 1790 4284 aliquando
1817 4215 1919 4269 du-

331 4302 521 4355 bitare.
555 4302 621 4354 Et
671 4303 925 4359 ideoait:
957 4301 1105 4367 Quod
1158 4304 1319 4358 oculis
1368 4306 1556 4359 nostris
1594 4308 1830 4371 vidimus,
1872 4316 1919 4360 et

330 4408 514 4447 manus
551 4403 745 4448 nostrae
764 4393 1098 4463 palpaverunt
1121 4394 1173 4467 (Ι
1199 4394 1359 4449 Joan.
1392 4412 1432 4463 ι,
1467 4398 1543 4467 1).
1595 4398 1724 4452 Nam
1773 4397 1919 4452 vide-

2025 1932 2095 1986 ob
2121 1932 2423 1985 dilectionis
2476 1935 2743 1999 meritum,
2787 1946 3122 1990 ostensurum
3153 1951 3211 1991 se
3234 1940 3311 1991 eis
3344 1942 3393 1991 in
3436 1942 3610 1994 futuro

2027 2022 2398 2090 pollicebatur,
2426 2023 2526 2076 nisi
2551 2028 2673 2092 quia
2694 2025 2940 2079 ridebant
2964 2038 3014 2081 et
3048 2045 3151 2080 non
3178 2029 3427 2084 videbant
3456 2035 3611 2086 cum?

2026 2114 2293 2169 Videbunt
2321 2130 2441 2169 eum
2468 2115 2621 2169 sicuti
2655 2116 2821 2170 iactus
2850 2127 2953 2181 cst,
2987 2130 3037 2171 et
3066 2136 3168 2173 non
3196 2122 3446 2177 videbant
3489 2140 3610 2178 eum

2024 2204 2180 2259 sicuti
2210 2204 2630 2260 esLCrcdebant
2653 2216 2825 2262 tamen
2857 2209 3013 2263 sienti
3044 2219 3145 2275 est,
3204 2219 3258 2266 et
3318 2211 3436 2266 ideo
3461 2215 3608 2268 vide-

2027 2294 2156 2348 bant
2184 2310 2305 2350 eum
2340 2296 2497 2351 sicuti
2521 2305 2619 2351 est.
2661 2299 2863 2353 Merces
2889 2302 3030 2354 enim
3089 2303 3418 2358 credulitatis
3446 2307 3612 2359 mani-

2024 2386 2237 2442 festatio
2256 2396 2338 2442 est
2367 2389 2604 2443 visionis.
2640 2389 2696 2443 Si
2725 2402 2905 2443 autem
2931 2390 3051 2445 huic
3094 2394 3414 2460 expositioni
3448 2395 3610 2448 Obsti-

2026 2480 2304 2535 natissime
2336 2481 2590 2535 resistere
2614 2482 2793 2545 vultis,
2846 2497 3148 2537 asserentes
3175 2484 3402 2538 Verbum
3433 2484 3483 2538 in
3516 2501 3610 2539 sua

2026 2585 2214 2625 natura
2241 2572 2603 2640 apostolorum
2634 2572 2879 2626 manibus
2911 2583 3322 2641 contrectatum,
3353 2575 3474 2629 date
3518 2590 3611 2628 no-

2024 2661 2107 2715 bis
2153 2662 2310 2730 liujus
2367 2662 2733 2731 intelligentia:
2788 2664 3045 2732 integram
3103 2665 3385 2718 verborum
3425 2680 3609 2719 conse-

2024 2756 2331 2823 quentiam:
2365 2770 2469 2809 non
2497 2756 2638 2809 enim
2694 2756 2769 2808 ait
2796 2758 3086 2824 Apostolus
3118 2774 3131 2809 :
3188 2756 3252 2809 Et
3298 2774 3477 2811 manus
3520 2777 3610 2812 no-

2023 2853 2142 2897 stra'
2172 2854 2505 2897 tractaverunt
2543 2842 2761 2897 Verbum
2798 2846 2930 2909 vitaz,
2979 2846 3072 2899 sed
3122 2855 3482 2914 tractaverunt,
3537 2850 3610 2901 in-

2025 2934 2161 3003 quit,
2184 2935 2246 2987 de
2268 2933 2431 2988 Verbo
2458 2936 2570 2987 vita:
2596 2934 2648 3005 (I
2671 2934 2825 2988 Joan.
2850 2950 2887 3001 ι,
2914 2936 2984 3003 ι).
3018 2936 3131 2989 Non
3152 2952 3278 3005 ergo
3302 2937 3493 3006 ipsum,
3518 2940 3610 2993 sed

2024 3025 2092 3080 de
2114 3025 2231 3094 ipso
2253 3034 2640 3080 tractaverunt:
2658 3027 2795 3095 quod
2814 3043 2918 3081 non
2944 3029 3007 3080 ad
3031 3031 3502 3085 contrectationem
3526 3035 3608 3085 vi-

2028 3118 2198 3173 sibilis
2237 3126 2428 3184 tactus,
2459 3120 2553 3173 sed
2604 3118 2670 3173 ad
2698 3122 3171 3175 contrectatiouem
3212 3122 3404 3177 mentis
3460 3124 3609 3179 inve-

2031 3208 2175 3262 nitur
2197 3209 2626 3265 manifestissime
2654 3211 2946 3279 pertinere.
2975 3211 3173 3267 Deinde
3203 3214 3438 3283 nunquid
3488 3230 3611 3282 apo-

2027 3300 2148 3353 stoli
2178 3299 2230 3352 in
2255 3298 2357 3354 boc
2394 3301 2556 3353 totius
2583 3300 2705 3354 ﬁdei
2763 3304 3140 3355 auctoritatem
3193 3304 3610 3367 constituebant,

2030 3399 2085 3445 ut
2110 3391 2491 3466 crederemus,
2507 3407 2600 3447 eos
2631 3391 2726 3447 Dei
2750 3392 2980 3448 Verbum
3029 3393 3326 3448 visibilibus
3367 3395 3610 3448 manibus

2025 3492 2411 3551 contrectasse,
2449 3484 2590 3539 unde
2618 3495 2896 3553 corieptus
2928 3495 3011 3541 est
3039 3485 3232 3539 dubius
3262 3485 3352 3540 ille
3380 3486 3610 3554 discipu-

2029 3571 2137 3639 lus,
2172 3574 2260 3643 qui
2288 3574 2381 3629 tali
2411 3575 2576 3628 voluit
2636 3576 3005 3644 experimento
3069 3577 3347 3631 Dominum
3401 3587 3609 3646 perten-

2025 3667 2175 3721 tare?
2204 3677 2295 3721 aut
2319 3668 2585 3738 quomodo
2600 3681 2719 3721 cum
2746 3669 2824 3722 eis
2840 3666 2995 3737 liujus
3005 3667 3186 3738 gratia:
3199 3668 3506 3723 societatem
3521 3669 3610 3723 lia-

2024 3758 2158 3814 bere
2183 3773 2498 3830 possumus,
2524 3775 2629 3814 non
2655 3760 2898 3815 valentes
2920 3759 3136 3829 palpare
3156 3759 3450 3823 Christum,
3473 3763 3609 3817 sicut

2024 3850 2103 3905 illi
2139 3850 2527 3920 palpaverunti
2547 3852 2719 3917 Quod,
2750 3850 2939 3920 inquit.
2972 3852 3190 3905 vidimus
3223 3861 3273 3905 et
3298 3853 3608 3918 audivimus,

2023 3946 2389 3997 annuntiamur
2414 3944 2573 4012 vobis,
2604 3952 2659 3995 ut
2687 3953 2734 3995 et
2763 3959 2848 3996 vos
2876 3943 3163 3997 societatem
3193 3944 3415 3997 habeatis
3461 3943 3605 3996 nobi-

2022 4050 2165 4088 acum
2193 4034 2246 4105 (I
2268 4034 2423 4089 Joan.
2454 4051 2490 4100 t,
2518 4036 2595 4103 3).
2622 4034 2863 4089 Societas
2891 4043 3069 4088 autem
3100 4050 3218 4088 cum
3241 4036 3339 4099 eis,
3361 4034 3482 4088 hinc
3508 4036 3608 4091 erit

2022 4126 2201 4191 nobis,
2226 4127 2272 4180 si
2304 4127 2411 4196 56
2430 4126 2711 4180 credamus
2759 4127 2898 4180 sicut
2933 4135 2987 4179 et
3025 4126 3126 4190 illi,
3158 4128 3209 4178 in
3252 4126 3441 4178 Filium
3487 4127 3600 4189 Dei,

2021 4234 2179 4289 quem
2199 4221 2488 4274 secundum
2514 4218 2844 4272 divinitatem
2872 4217 2973 4273 lide
3001 4219 3176 4272 Cordis
3202 4218 3601 4282 intellexerunt,

2021 4320 2076 4364 et
2098 4310 2390 4365 secundum
2420 4309 2799 4363 humanitatem
2853 4309 3123 4377 corporeis
3171 4309 3337 4362 oiulis
3384 4324 3605 4375 aspexe-

2024 4410 2167 4453 rant.
2200 4400 2261 4453 Et
2283 4398 2533 4469 quoniam
2554 4400 2803 4453 omnibus
2833 4398 3058 4467 objectis
3081 4414 3106 4451 a
3128 4408 3179 4453 te
3201 4409 3387 4453 contra
3414 4399 3606 4454 Leonis

330 4494 452 4538 runt
482 4486 664 4553 utique
682 4494 736 4539 et
763 4493 1234 4542 contrectaverunt
1254 4490 1414 4543 etiam
1438 4490 1701 4545 increduli
1726 4490 1914 4543 Filium
1950 4531 1994 4592 ο
2020 4492 2304 4560 epistolam
2342 4492 2611 4561 Capitulis,
2634 4493 2977 4560 competenti,
3005 4499 3063 4545 ut
3099 4491 3353 4555 arbitror,
3381 4507 3605 4560 respuo-

332 4573 445 4639 Dei,
471 4591 567 4644 per
598 4586 843 4631 naturam
866 4580 1045 4632 carnis
1064 4579 1210 4647 ejus;
1235 4581 1335 4635 sed
1356 4583 1456 4637 soli
1484 4586 1724 4653 Apostoli
1746 4598 1911 4653 agno-

331 4679 523 4724 verunt
556 4682 617 4727 et
652 4682 897 4728 naturam
928 4674 1223 4731 dvinitatis
1259 4678 1396 4743 ejus.

404 4761 599 4817 XXIII.
623 4764 775 4831 Quod
804 4775 862 4820 ut
884 4768 1095 4821 noveris
1112 4768 1407 4837 apostolum
1422 4768 1912 4834 Joannem,tactum

331 4851 414 4906 vel
453 4853 720 4909 visionem
761 4870 859 4924 pro
893 4857 1095 4911 mentis
1144 4857 1468 4912 credulitate
1513 4858 1912 4925 posuisse,audi

329 4942 526 5009 quidin
552 4944 1196 5016 55mnent-busdieat:
1223 4946 1426 5015 Filioli,
1448 4949 1913 5018 uecdumapparuit

2020 4583 2175 4637 sione
2199 4582 2553 4652 occurrimus,
2605 4593 2659 4638 et
2709 4582 2943 4636 inanium
2983 4584 3332 4651 qutestionum
3380 4583 3605 4637 nebulas

2018 4674 2221 4745 fulgido
2241 4678 2483 4732 veritatis
2520 4678 2719 4731 lumine
2773 4675 3158 4744 eﬂugavimus;
3211 4691 3349 4729 nunc
3412 4686 3465 4730 et
3513 4678 3602 4729 illa

2020 4764 2315 4831 videamus,
2346 4781 2465 4833 quae
2485 4774 2670 4820 contra
2701 4766 2985 4819 concilium
3009 4766 3444 4819 tihalccdoneuse
3476 4780 3603 4818 con-

2019 4857 2314 4911 tumeliosis
2346 4858 2562 4912 vocibus
2585 4858 2914 4922 anltelastis;
2955 4873 3182 4927 quorum
3224 4857 3599 4913 refutationem

2017 4951 2123 5005 alio
2154 4952 2425 5007 ordiemur
2448 4952 2620 5006 initio.

339 5087 3483 5113 W

1306 5183 1781 5292 LIBER
1874 5183 2629 5311 QUINTUS.

1202 5389 1517 5437 Βεῐωςιο
1560 5390 1837 5437 ῺΕΟΒΕἸΊ
1882 5389 2123 5433 εῑκουι
2164 5389 2738 5434 CHALCEDONENS-IS.

1740 5503 1932 5520 ῃ

400 5574 456 5625 t.
478 5569 676 5628 Sciens
700 5570 885 5631 beatus
902 5569 1175 5640 apostolus
1201 5568 1399 5629 Paulus
1425 5571 1655 5641 profana
1674 5579 1730 5625 et
1756 5572 1916 5627 noxia

323 5662 542 5722 letbalis
578 5663 836 5727 doctrinm
865 5663 1103 5727 instituta
1131 5677 1292 5733 posse
1339 5664 1453 5720 veri
1503 5664 1683 5731 Specie
1729 5664 1917 5720 obum-

1935 5503 2222 5519 *ῳ

2025 5570 2169 5627 brari
2198 5580 2253 5627 et
2274 5571 2563 5628 latentibus
2586 5571 2903 5625 intrinsecus
2925 5563 3077 5627 dolis,
3095 5572 3280 5632 arguta
3312 5564 3422 5619 verl
3445 5581 3600 5621 omni

2024 5663 2307 5733 superﬁcie
2333 5705 2348 5732 ,
2410 5662 2733 5732 serpentium
2775 5653 3119 5727 grassatiouis
3158 5654 3304 5710 virus
3357 5657 3592 5711 obduci:
