4040 6184
369 191 470 245 1ῧὸ

1674 185 1900 242 VIGILII
1924 182 2303 242 'TAPSENSIS

3512 197 3612 257 l36

357 319 458 359 uec
514 302 668 358 facile
717 303 1077 363 venettilerum
1149 300 1397 371 poculum
1436 300 1607 353 mellis
1653 298 1937 353 dulcedine
1964 300 2016 357 Α
2043 311 2342 366 quanquam
2388 296 2455 352 de
2493 297 2842 353 ccnciliorum
2877 299 3109 357 diversis
3147 305 3513 363 sanctionibus
3558 322 3613 366 et

356 394 579 448 oblitum
606 393 719 447 sive
754 395 1096 462 permixtum,
1132 393 1184 445 in
1214 394 1329 459 ipso
1370 391 1540 458 primo
1590 386 1807 442 libantis
1836 402 1932 454 gu-

358 494 442 539 stu
496 486 679 538 sentiri
710 492 869 553 atque
896 484 1151 548 discerni,
1183 497 1430 550 magnum
1476 480 1630 534 nobis
1664 487 1719 533 et
1754 478 1935 546 singu-

360 574 470 628 lare
503 574 811 642 indaganda
837 573 1041 627 fraudis
1082 572 1341 647 indicium
1381 569 1619 631 dedit,ut
1661 584 1723 623 ex
1754 570 1934 636 cujus-

362 680 465 733 que
528 665 760 718 doctoris
819 679 1024 717 morum
1051 663 1329 731 qualitate,
1355 660 1613 715 doctrina:
1657 660 1937 713 sinceritas

359 754 692 822 exploretur.
715 752 952 820 Namque
977 762 1033 806 ut
1066 750 1204 806 facili
1257 761 1311 805 et
1352 760 1593 820 prompta
1631 749 1936 817 sagacitatis

360 844 675 908 attentione,
712 842 988 898 sceleratae
1011 843 1271 896 doctrina:
1330 841 1600 910 praestigia
1639 839 1939 907 deprehen-

324 956 327 960 -
363 931 492 986 dere
518 933 809 998 valeamus,
834 934 1069 999 ipsorum
1108 934 1259 986 nobis
1280 942 1553 985 auctorum
1574 930 1696 983 vitia
1720 929 1943 998 probro-

363 1024 439 1075 sis
469 1033 524 1075 ct
550 1023 780 1090 indignus
805 1025 1129 1089 voluptatum
1181 1021 1418 1075 moribus
1466 1020 1817 1089 perpetranda
1844 1020 1939 1074 de—

362 1116 552 1182 pinxit,
609 1116 790 1167 dicens
830 1132 843 1167 :
885 1114 950 1166 In
1001 1114 1283 1166 novissimis
1334 1117 1641 1181 temporibus
1683 1111 1942 1164 instabunt

365 1211 589 1270 tempora
608 1204 914 1268 periculosa,
971 1214 1017 1255 et
1048 1213 1193 1255 erunt
1232 1204 1457 1256 homines
1485 1206 1675 1270 seipsos
1692 1211 1939 1266 amantes,

364 1295 559 1363 cupidi,
584 1298 802 1365 superbi,
828 1282 1128 1363 blasphemi,
1182 1297 1473 1364 parentibus
1519 1311 1619 1346 non
1641 1297 1717 1346 abi
1730 1295 1939 1362 dientes,

358 1386 565 1452 ingrati,
608 1387 822 1450 scelesti,
866 1385 1066 1452 per/icti,
1098 1385 1207 1437 sine
1229 1386 1348 1452 ﬁde,
1379 1386 1485 1436 sine
1506 1382 1713 1449 alfectu,
1765 1383 1941 1435 crimi-

358 1484 585 1542 natores,
619 1490 791 1541 pacem
815 1491 917 1526 non
946 1475 1285 1527 custodientes
1315 1471 1394 1542 (Il
1457 1473 1587 1526 Tim.
1633 1488 1713 1541 Ill,
1756 1472 1829 1541 l),
1888 1485 1943 1527 et

362 1573 572 1617 caetera.
606 1565 722 1618 Non
752 1574 987 1634 estergo
1038 1567 1362 1633 ambiguum,
1423 1581 1487 1618 ex
1534 1566 1804 1633 impietate
1837 1564 1943 1617 ha:-

2036 389 2309 441 nominum
2338 388 2585 458 religiose
2606 390 2802 445 additis
2839 393 3189 463 novitatibus,
3218 396 3530 464 plenissime
3556 404 3606 457 in

2036 478 2115 532 eis
2164 478 2311 532 libris
2363 494 2499 547 quos
2558 480 2815 537 adversus
2857 484 3172 550 Sabelliutn,
3225 486 3512 544 Photinum
3558 503 3614 547 et

2037 568 2248 634 Arium,
2286 570 2385 622 sub
2416 571 2630 625 nomine
2656 572 2957 637 Athanasii,
3003 586 3253 645 tanquam
3302 580 3345 632 si
3379 595 3613 648 praisen-

2040 665 2119 712 tes
2148 661 2657 728 cum-pratsenlibus
2697 674 2918 730 agerent
2950 666 3062 734 (ubi
3106 668 3269 723 etiam
3310 669 3613 741 Cognitoris

2040 765 2274 818 persona
2325 752 2541 807 videtur
2592 754 2829 822 inducta)
2876 760 3335 827 conscripsimus,
3380 778 3409 816 a
3461 769 3614 820 nobis

2042 843 2201 896 fuerit
2248 858 2595 911 expressum;
2635 854 2811 899 tamen
2856 858 2910 903 et
2941 864 3083 904 nunc
3124 866 3391 921 perpauca
3436 858 3615 912 studio

2043 932 2320 987 brevitatis
2347 933 2653 998 inserimus,
2686 951 2750 990 ex
2774 939 2962 1006 quibus
2992 940 3124 995 istos
3149 926 3352 999 clareat
3387 949 3612 1004 nimium

2043 1025 2320 1093 imperitos
2350 1035 2403 1079 et
2443 1028 2761 1082 temerarios
2801 1044 2940 1097 esse,
2983 1033 3069 1100 qui
3114 1038 3376 1103 nesciant,
3418 1044 3613 1098 multas

2044 1114 2163 1169 fidei
2202 1117 2628 1186 constitutiones,
2672 1130 2790 1188 post
2820 1121 3091 1177 Nicmnam
3133 1130 3397 1196 synodum
3427 1144 3613 1189 centra

2044 1218 2301 1259 novorum
2347 1206 2713 1262 haereticorum
2756 1212 2970 1267 insanas
3008 1220 3337 1285 eruptiones,
3378 1225 3614 1282 diversis

2045 1295 2096 1348 in
2126 1296 2256 1350 locis
2280 1309 2632 1367 congregatos
2659 1301 2939 1371 episcopos
2962 1307 3214 1364 edidisse.

2114 1386 2200 1439 ΙΙΙ.
2231 1387 2297 1440 Ει
2326 1390 2503 1457 primo
2532 1390 2746 1457 quidem
2791 1397 2928 1463 apud
2967 1398 3343 1456 Alexandriam
3375 1408 3613 1463 Athana-

2043 1477 2175 1544 sius,
2207 1478 2485 1545 Eusebius,
2520 1481 2732 1537 Lucifer
2760 1500 2855 1554 per
2885 1489 3136 1563 legatum,
3166 1502 3222 1549 et
3243 1498 3500 1564 aliquanti
3526 1508 3613 1571 qui

2045 1585 2214 1637 nuper
2268 1572 2336 1626 de
2394 1574 2587 1627 exsilio
2646 1575 2859 1631 fuerant
2914 1581 3153 1647 reducti,
3207 1592 3612 1661 convenientes,

366 1654 547 1707 retica:
571 1657 849 1724 pravitatis
866 1658 967 1726 57
998 1656 1345 1719 descendere,
1371 1657 1676 1724 parentibus
1699 1670 1804 1709 non
1818 1654 1949 1711 obe-
1984 1656 2029 1716 Β
2054 1675 2354 1731 quanquam
2382 1675 2564 1719 essent
2598 1683 2820 1722 numero
2850 1674 3024 1739 pauci,
3052 1675 3147 1730 sed
3180 1682 3383 1736 meritis
3414 1654 3611 1754 magni,

362 1745 497 1809 dire,
543 1747 867 1816 eosdemque
902 1748 1048 1802 falsis
1084 1749 1510 1803 criminatiouum
1550 1748 1744 1816 jar-uiis
1781 1762 1940 1815 appe-

367 1848 499 1891 tere.
527 1837 660 1892 llinc
690 1838 830 1892 enim
868 1839 995 1892 tales
1041 1838 1273 1907 perfidos
1307 1845 1360 1890 ct
1407 1838 1522 1891 sine
1574 1837 1695 1901 (ide,
1730 1846 1945 1904 aposto-

372 1929 505 1981 licus
527 1942 705 1982 sermo
737 1932 961 1995 notavit,
987 1930 1126 1997 quod
1157 1928 1463 1996 parentibus
1503 1945 1605 1982 non
1634 1929 1805 1982 solum
1838 1929 1947 1981 ino-

374 2018 675 2083 bedientes,
703 2034 885 2072 verum
912 2021 1073 2072 etiam
1124 2018 1371 2073 acerrimi
1408 2034 1592 2072 eorum
1645 2020 1945 2073 criminato-

366 2121 453 2160 res
483 2110 735 2160 existant.
761 2107 890 2173 Qua:
929 2123 1047 2160 cum
1104 2107 1178 2161 ita
1215 2108 1343 2171 sint,
1396 2108 1524 2161 nulli
1559 2109 1662 2163 erit
1710 2111 1945 2175 profecto

367 2197 698 2264 ambiguum,
741 2198 871 2251 istos
899 2197 1178 2252 lucreticos
1206 2212 1346 2263 esse,
1370 2200 1459 2267 qui
1492 2199 1660 2253 sancti
1691 2214 1753 2253 ac
1787 2214 1946 2254 vene-

371 2300 426 2336 ra
438 2284 508 2337 bil
530 2301 556 2339 s
577 2285 1247 2341 conciliiChalcedonensis
1270 2287 1484 2342 decreta
1510 2298 1763 2357 respuunt
1787 2298 1947 2356 atque

375 2385 743 2442 contemnunt,
785 2384 1160 2446 tantorumque
1186 2378 1396 2432 Patrum
1448 2379 1708 2447 religiosis
1751 2380 1947 2431 consti-

372 2466 660 2519 tutionibus
689 2465 874 2520 audaci
919 2468 1216 2521 temeritate
1262 2468 1515 2521 resistunt
1558 2485 1583 2519 a
1613 2468 1715 2521 fide
1740 2482 1832 2523 eos
1855 2483 1945 2523 ca-

373 2556 566 2609 tholica
592 2557 895 2611 declinasse
926 2573 1018 2611 ore
1040 2560 1299 2627 sacrilego
1322 2559 1685 2613 criminantes.

442 2646 501 2699 ll.
538 2646 605 2699 Et
634 2647 809 2716 primo
839 2648 1055 2717 quidem
1078 2663 1171 2703 eos
1197 2653 1262 2705 de
1286 2652 1530 2720 personis
1560 2666 1701 2707 nunc
1731 2650 1797 2706 de
1818 2664 1947 2706 cou-

370 2738 493 2792 cilio
518 2738 724 2807 ejectis,
759 2740 1061 2809 iterumque
1089 2752 1207 2810 post
1229 2750 1526 2811 temporum
1557 2741 1722 2799 interi
1735 2742 1839 2797 alla
1863 2757 1947 2796 re-

371 2828 539 2896 ceptis
578 2840 851 2893 accusant.
883 2830 1045 2898 Quasi
1076 2847 1203 2885 vero
1247 2846 1351 2885 non
1391 2833 1463 2886 sit
1503 2831 1863 2887 Christianum
1892 2839 1948 2887 et

372 2921 746 2990 apostolicum,
796 2939 916 2976 eum
950 2922 1036 2990 qui
1078 2921 1320 2977 fortassis
1360 2923 1430 2978 ob
1468 2922 1827 2979 contentionis
1870 2922 1945 2977 vi-

372 3025 502 3066 tium
542 3014 609 3067 de
649 3015 876 3067 concilio
906 3012 1079 3068 fuerat
1126 3016 1349 3084 i-jcctus,
1402 3015 1598 3070 debere
1642 3017 1834 3071 iterum
1873 3015 1943 3069 ob
1971 3014 2017 3075 C
2050 3033 2340 3095 venientes,
2365 3033 2519 3099 alias,

374 3108 520 3174 pacis
547 3116 600 3157 et
629 3104 931 3157 concordia:
960 3106 1182 3172 gratiam
1212 3104 1394 3173 recipi.
1426 3104 1537 3157 Hac
1564 3106 1705 3159 enim
1736 3106 1943 3160 ratione

372 3205 622 3264 pulel‘uul
654 3208 704 3250 et
737 3196 959 3249 Paulum
1001 3197 1297 3264 apostolum
1334 3211 1608 3262 accusare,
1642 3199 1782 3267 quod
1813 3199 1941 3253 dum

372 3287 657 3352 JOaHIIem,
686 3286 773 3355 qui
814 3288 1219 3355 cognominatus
1256 3294 1339 3341 est
1364 3288 1595 3351 Marcus,
1625 3289 1691 3342 de
1720 3302 1819 3343 suo
1846 3304 1942 3344 co-

372 3380 559 3432 mitatu
586 3379 891 3446 abjecisset,
925 3382 993 3432 ita
1027 3389 1081 3431 ut
1107 3396 1202 3434 nec
1226 3380 1431 3449 roganti
1460 3371 1718 3435 Barnabas
1737 3382 1945 3451 acquie.

373 3482 569 3533 sceret,
614 3471 729 3539 pari
758 3484 881 3524 eum
922 3473 1177 3524 societate
1208 3470 1260 3524 in
1290 3471 1590 3525 ministerio
1619 3471 1768 3526 verbi
1807 3474 1944 3527 asci-

372 3575 522 3615 scere
546 3562 913 3632 (quamobrem
947 3566 1083 3616 inter
1115 3572 1287 3617 tantos
1314 3572 1368 3618 et
1399 3574 1504 3618 tam
1533 3567 1778 3636 egregios
1800 3569 1942 3622 viros

372 3654 494 3707 talis
525 3658 798 3708 contentio
827 3665 940 3707 orta
965 3664 1069 3721 cst,
1104 3667 1157 3709 ut
1191 3657 1527 3714 discederent
1546 3660 1615 3713 ab
1656 3660 1940 3729 invicem);

374 3759 560 3798 rursus
599 3755 774 3799 autem
822 3745 1015 3799 Paulus
1056 3749 1302 3801 eumdem
1350 3749 1609 3820 Marcum,
1645 3766 1805 3821 quem
1846 3753 1944 3806 du-

373 3836 500 3889 dum
544 3836 835 3904 abjecerat,
886 3839 1115 3905 recepit,
1154 3839 1394 3894 scribens
1433 3840 1716 3897 Timotheo
1756 3843 1945 3896 :Mar—

372 3943 486 3979 cum
516 3943 733 3993 assume,
777 3937 823 3980 et
852 3928 1019 3980 adduc
1048 3939 1248 3991 tecum;
1277 3941 1348 3984 est
1376 3933 1511 3985 enim
1553 3934 1676 3986 milii
1716 3933 1855 3987 utilis
1890 3936 1943 3988 in

358 4021 651 4077 ,ministerio
699 4018 784 4089 (II
815 4019 949 4072 Tim.
983 4036 1056 4084 ιν,
1098 4024 1203 4091 11).
1243 4024 1315 4077 Ita
1356 4039 1483 4094 ergo
1526 4034 1581 4079 et
1626 4025 1703 4081 illi
1734 4028 1941 4093 Patres,

374 4125 511 4179 quos
540 4111 739 4165 dudum
770 4112 1014 4165 fortassis
1036 4114 1102 4166 de
1130 4115 1357 4169 concilio
1388 4118 1455 4171 ob
1486 4118 1717 4186 aliquam
1748 4135 1940 4173 noxam

377 4205 647 4271 ejecerant
679 4200 950 4275 (quoniam
986 4207 1237 4261 Salomon
1267 4209 1341 4263 ait
1368 4227 1379 4261 :
1404 4208 1549 4277 Ejice
1574 4214 1944 4265 contentiosum

372 4298 436 4349 de
461 4300 697 4360 concilio,
723 4309 768 4351 et
790 4314 904 4351 cum
932 4317 989 4353 eo
1012 4303 1147 4353 vadit
1176 4305 1431 4357 contentio
1461 4308 1575 4375 ejus
1602 4303 1779 4374 [Ρη-ου.
1808 4323 1938 4371 xxn,

2045 1750 2409 1817 plenissimam
2447 1764 2631 1807 contra
2659 1755 3044 1828 Macedonium,
3066 1765 3133 1819 de
3164 1767 3344 1823 Sancti
3384 1750 3617 1842 Spiritus

2044 1842 2239 1896 deitatc
2278 1844 2635 1901 confessionis
2674 1851 2912 1918 regulam
2959 1858 3421 1929 conscripserunt;
3467 1869 3615 1934 ejus-

2049 1930 2172 1985 dem
2204 1946 2350 2002 euut,
2385 1937 2535 2002 cujus
2565 1936 2722 1992 Pater
2749 1952 2802 1994 et
2832 1942 3016 2011 Filius,
3046 1952 3358 2006 substantiae
3396 1930 3613 2014 demon-

2045 2031 2277 2079 strantes
2306 2040 2320 2076 :
2349 2037 2531 2081 contra
2572 2044 2705 2097 quos
2737 2030 2843 2097 ille,
2881 2034 3017 2087 sicut
3044 2048 3098 2090 et
3140 2040 3221 2093 iSIi
3255 2040 3475 2112 faciunt,
3519 2048 3613 2103 Ni-

2045 2114 2179 2166 cmni
2227 2116 2437 2169 concilii
2477 2120 2794 2174 auctoritate
2835 2123 3124 2191 nitebatur,
3172 2138 3419 2188 asserens
3459 2151 3552 2191 cos
3586 2154 3613 2195 a

2048 2201 2261 2257 Patrum
2290 2208 2569 2260 sententiis
2596 2201 2912 2279 declinasse,
2955 2229 3089 2267 nova
3138 2227 3211 2283 et,
3242 2231 3298 2274 ut
3339 2224 3450 2291 ipse
3479 2227 3611 2282 dice-

2047 2292 2155 2356 bat,
2201 2293 2357 2363 impia
2396 2297 2463 2351 de
2505 2297 2705 2366 Spiritu
2736 2299 2934 2358 Sancto
2987 2305 3343 2377 decernendo,
3379 2331 3498 2383 qua:
3540 2318 3611 2373 ibi

2049 2397 2259 2441 constat
2298 2389 2485 2442 tradita
2520 2406 2622 2446 non
2659 2391 2843 2449 fuisse.
2877 2396 2990 2463 Qua
3037 2400 3325 2469 impietatis
3371 2414 3614 2474 priescri-

2055 2479 2252 2546 ptione,
2290 2480 2614 2548 Apollinaris
2652 2499 2863 2555 quoque
2893 2487 2961 2541 de
3002 2489 3261 2548 incarnati
3302 2496 3460 2551 Verbi
3492 2516 3612 2567 pes-

2047 2570 2182 2624 sima
2211 2575 2644 2641 interpretatione
2672 2591 2854 2632 contra
2888 2580 3179 2638 Ecclesiain
3222 2591 3407 2646 utitur.
3459 2594 3613 2648 Denio

2047 2679 2151 2731 que
2187 2664 2444 2720 adversus
2483 2667 2790 2738 sacrilegam
2837 2672 3013 2742 impia:
3042 2677 3385 2745 professionis
3436 2690 3615 2741 unita-

2048 2767 2175 2823 tem,
2208 2773 2329 2827 qute
2361 2774 2452 2825 per
2473 2761 2677 2827 Usium,
2712 2762 3003 2831 Valentem,
3038 2768 3302 2827 Ursatiutn
3334 2785 3388 2830 et
3408 2775 3612 2832 Germi-

2050 2850 2219 2914 nium,
2265 2862 2597 2922 cmterosque
2638 2854 2828 2909 similis
2867 2859 3144 2925 pravitatis
3183 2866 3321 2931 apud
3362 2867 3613 2925 Sirmium

2050 2939 2259 2993 fuerant
2283 2942 2608 3011 conscripta,
2640 2945 2872 3009 universi
2901 2947 3198 3007 Orientalis
3228 2957 3467 3028 episeopi
3487 2975 3613 3015 con-

2560 3035 2609 3089 id
2644 3048 2728 3092 est
2758 3039 3037 3096 duodecim
3062 3049 3446 3105 sententiarum
3479 3054 3614 3107 deli-

2048 3124 2280 3177 uitiones
2317 3124 2615 3190 ediderunt,
2648 3145 2767 3196 quae
2797 3130 3009 3187 Nicieuo
3039 3138 3266 3192 concilio
3293 3156 3397 3196 non
3437 3146 3614 3198 centi-

2045 3227 2259 3270 uentur.
2290 3217 2419 3271 Item
2455 3220 2593 3285 apud
2635 3220 2908 3277 Sardicam
2952 3229 3188 3281 omnium
3221 3235 3613 3297 prmiuciarum

2045 3311 2281 3366 Orientis
2302 3314 2540 3383 episcopi
2569 3319 2897 3386 congregati,
2929 3321 2979 3374 id
3015 3331 3097 3375 est
3126 3323 3423 3392 Thebaida,
3452 3327 3614 3382 Palas.

2045 3401 2204 3463 stina,
2239 3400 2511 3486 thnice,
2547 3404 2943 3474 Mesoliotamia,
2980 3411 3232 3482 Aﬂgypto,
3264 3417 3476 3482 Arabia,
3511 3419 3613 3488 Sy-

2044 3495 2145 3556 ria,
2181 3492 2391 3560 Cilicia,
2432 3494 2786 3565 Cappadocia,
2821 3501 3007 3569 Ponto,
3054 3505 3435 3577 Paphlagonia,
3465 3508 3614 3564 Gala-

2052 3585 2145 3648 tia,
2191 3585 2459 3655 Bithynia,
2511 3587 2875 3657 llelleSponto,
2920 3594 3063 3657 Asia,
3104 3593 3348 3666 Phrygiis
3387 3599 3613 3663 duabus,

2046 3674 2273 3740 Pisidia;
2298 3675 2585 3745 Cycladum
2615 3679 2926 3745 insularum,
2951 3682 3282 3756 Pamphylia,
3305 3686 3484 3756 Caria,
3517 3690 3614 3760 Ly-

2046 3767 2175 3833 dia;
2224 3768 2469 3837 Europte,
2510 3770 2758 3837 Thracia,
2796 3772 3148 3841 Emimnnto,
3193 3779 3381 3848 Mysia,
3412 3781 3615 3835 Panno-

2046 3860 2149 3914 niis
2175 3860 2282 3931 59
2311 3861 2536 3915 duabus.
2574 3862 2741 3929 lianc,
2788 3864 3052 3934 inquiunt.
3086 3872 3413 3936 exposuimus
3439 3872 3612 3939 ﬁdem.

2045 3949 2101 4004 lit
2130 3967 2231 4019 qua
2258 3953 2592 4018 reperiuntur
2617 3966 2820 4018 septem
2850 3956 3218 4012 detinitionum
3250 3959 3482 4026 capitula
3526 3962 3613 4015 ΝΞ-

2045 4057 2210 4097 ciente
2237 4044 2555 4110 expositioni
2584 4044 2874 4111 addidisse,
2907 4062 3022 4115 qua:
3054 4048 3129 4101 illi
3164 4050 3448 4118 negabant,
3476 4067 3614 4105 con-

2049 4146 2127 4189 tra
2159 4152 2294 4204 quos
2333 4136 2618 4190 concilium
2661 4136 2830 4192 fuerat
2867 4151 3269 4208 congregatum.
3310 4142 3456 4197 Illius
3487 4159 3613 4198 vero

2046 4227 2300 4280 catholici
2326 4228 2536 4280 concilii
2563 4227 2701 4295 apud
2730 4227 2983 4283 Sirmium
3019 4241 3205 4285 contra
3234 4232 3515 4288 Photinum
3544 4252 3614 4289 ex

2049 4325 2161 4369 toto
2188 4316 2407 4369 Oriente
2436 4318 2761 4386 congregati,
2800 4319 2917 4387 quis
2948 4321 3176 4376 sufficiat
3204 4324 3410 4392 multipl
3434 4341 3523 4379 ces
3555 4328 3614 4378 ti-

380 4384 517 4455 10]),
551 4388 741 4441 iterum
771 4403 864 4442 cos
903 4392 1294 4447 emendatiores
1320 4394 1487 4448 factos
1519 4397 1569 4449 in
1605 4398 1749 4465 pacis
1775 4400 1941 4468 gratia
1972 4374 2021 4433 D
2048 4409 2133 4464 dei
2164 4410 2466 4464 sanctiones
2503 4411 2982 4477 comprehendere,
3016 4430 3132 4483 quae
3176 4416 3315 4483 apud
3345 4417 3614 4472 Niczenam

379 4490 717 4545 receperunt.
752 4480 805 4533 Si
832 4490 1008 4535 tamen
1039 4482 1107 4536 ita
1153 4492 1253 4550 est,
1284 4484 1369 4539 vel
1402 4500 1586 4540 verum
1625 4497 1728 4556 est,
1762 4498 1819 4542 ut
1857 4490 1943 4543 isti

378 4566 637 4635 petulanti
680 4572 963 4637 supercilio
1006 4572 1354 4627 contendunt.
1387 4575 1588 4632 Deinde
1636 4579 1738 4633 alia
1786 4596 1940 4645 nova,

375 4674 534 4725 quam
564 4675 680 4727 qum
714 4662 942 4715 concilio
967 4662 1182 4717 Nicaano
1213 4671 1406 4719 statuta
1438 4666 1672 4733 fuerant,
1715 4670 1939 4726 Chalce-

376 4751 665 4804 donensem
689 4754 949 4820 synodum
973 4753 1276 4810 decrevisse
1293 4757 1676 4824 criminantur;
1702 4762 1945 4817 nescien-

377 4850 455 4894 tes
489 4842 722 4910 regulam
773 4851 823 4894 et
854 4846 1289 4899 consuetudinem
1321 4848 1673 4902 conciliorum
1714 4851 1939 4904 catholi-

373 4948 578 4996 corum,
602 4934 678 4986 sic
708 4926 840 4984 nova
867 4936 1252 5001 posterioribus
1276 4939 1536 5004 conciliis,
1572 4952 1729 5009 prout
1756 4956 1941 4996 neces-

371 5023 500 5076 sitas
540 5025 927 5093 emergentium
981 5026 1351 5084 haeretiCorum
1394 5036 1672 5102 exegerit,
1730 5039 1939 5090 sancire

372 5118 586 5171 decreta
611 5136 627 5182 ;
652 5126 710 5170 ut
738 5128 911 5171 tanien
940 5119 1135 5172 invicta
1162 5133 1410 5177 maneant
1431 5139 1550 5193 qua:
1571 5125 1768 5179 dudum
1800 5128 1938 5179 anti-

370 5208 642 5276 quioribus
668 5208 910 5263 conciliis
952 5217 1135 5263 contra
1165 5220 1372 5266 veteres
1406 5214 1687 5271 lizereticos
1730 5217 1936 5271 fuerant

371 5300 725 5369 promulgata.
754 5299 883 5353 Nam
906 5301 950 5353 si
977 5308 1093 5370 post
1120 5302 1321 5356 Nicatni
1344 5306 1554 5359 concilii
1580 5316 1775 5361 statuta
1807 5308 1934 5362 nihil

371 5392 595 5457 amplius
624 5392 746 5445 licet
775 5394 1038 5460 recipere,
1064 5408 1165 5460 qua
1188 5396 1506 5451 auctoritate
1529 5397 1784 5465 Spiritum
1807 5415 1932 5454 sau-

371 5489 513 5533 ctum
543 5485 699 5538 unius
728 5484 833 5554 58
857 5499 978 5539 cum
1011 5484 1165 5539 Patre
1187 5485 1502 5542 substantiae
1529 5489 1819 5545 audeamus
1844 5508 1932 5547 as-

371 5588 569 5638 serere,
604 5575 739 5643 quod
773 5577 840 5631 ibi
871 5585 1080 5633 constat
1118 5579 1333 5633 omnino
1367 5581 1581 5636 tacitum
1625 5580 1830 5640 fuisse?
1862 5587 1931 5644 Et

2048 4498 2332 4569 synodum,
2366 4501 2489 4568 quia
2534 4502 2654 4555 talis
2680 4501 2756 4556 rei
2790 4505 3081 4558 necessitas
3112 4506 3256 4560 nulla
3287 4512 3477 4573 luerat,
3509 4526 3540 4562 n
3582 4527 3613 4563 n

2046 4599 2170 4644 sunt
2192 4591 2411 4644 omnino
2448 4592 2673 4656 sancita,
2706 4607 2825 4661 quas
2855 4593 3033 4648 nullus
3063 4595 3299 4651 fidelium
3343 4600 3503 4653 audet
3533 4615 3615 4654 re-

2044 4694 2256 4745 spuere,
2285 4690 2376 4735 aut
2400 4692 2677 4735 cunctatur
2696 4683 2957 4749 recipere,
2988 4686 3030 4739 si
3063 4703 3166 4741 non
3196 4689 3311 4743 vult
3336 4704 3456 4744 cum
3478 4691 3616 4746 Pho-

2049 4772 2159 4824 tino
2188 4773 2540 4826 austltematis
2577 4788 2763 4827 eorum
2788 4779 3068 4831 sententia
3092 4779 3404 4849 subjacere?

2122 4864 2211 4920 Ν.
2250 4866 2351 4919 Sed
2383 4866 2491 4933 jam
2536 4866 2661 4920 illud
2703 4868 2999 4933 videamus,
3030 4886 3163 4940 quas
3199 4873 3287 4927 isti
3318 4874 3384 4928 de
3413 4875 3616 4929 duabus

2051 4955 2259 5008 naturis
2283 4954 2508 5007 afferant
2529 4956 2874 5023 quaestiones,
2895 4975 3118 5027 quarum
3144 4976 3400 5032 nusquam
3423 4964 3490 5018 ab
3513 4981 3614 5017 au-

2050 5047 2207 5115 tiquis
2248 5046 2501 5101 Ecclesia:
2544 5052 2919 5104 tractatoribus
2953 5052 3142 5107 factam
3174 5066 3419 5110 asserunt
3462 5072 3612 5111 men-

2048 5141 2268 5204 tionem,
2302 5139 2396 5193 sed
2427 5155 2454 5191 a
2501 5140 2753 5206 Diodoro,
2792 5152 2842 5196 et
2871 5144 3175 5206 Theodoro.
3215 5156 3270 5201 et
3295 5147 3472 5202 Leone
3500 5150 3613 5213 epi-

2045 5233 2221 5298 scopis
2251 5231 2389 5283 velut
2420 5247 2612 5285 novum
2635 5232 2824 5300 dogma
2849 5233 3011 5288 fu'sse
3034 5234 3330 5301 inventum,
3359 5253 3455 5306 per
3472 5238 3615 5307 quod

2045 5320 2305 5374 .Iudaisuii
2349 5321 2505 5374 simul
2555 5333 2602 5375 et
2633 5322 2944 5390 gentilitatis
2983 5340 3134 5380 error
3180 5328 3341 5383 fuerit
3374 5330 3617 5383 introdu-

2043 5423 2183 5474 ctus,
2212 5412 2336 5467 dum
2368 5414 2421 5466 in
2444 5416 2657 5470 Christo
2686 5416 2882 5485 aliquid
2903 5431 3023 5473 esse
3047 5429 3286 5475 creatum
3311 5421 3616 5497 factumque

2041 5502 2226 5558 suadet
2260 5506 2521 5560 confiteri.
2553 5506 2598 5560 υ
2630 5506 2861 5577 imperiti
2897 5518 2950 5563 et
2994 5512 3139 5566 omni
3170 5513 3406 5567 veritatis
3432 5526 3615 5566 sacra-

2042 5603 2223 5653 mcuto
2246 5596 2441 5664 ignari!
2502 5596 2708 5666 Ergone
2740 5613 2997 5666 nusquam
3031 5600 3233 5666 antiqui
3266 5602 3447 5658 Patres
3473 5601 3611 5658 dua-
