4044 6184
256 289 364 343 157

1366 288 1629 344 CONTRA
1673 287 2137 350 EUTYCHETEM
2180 296 2303 351 LIB.
2350 292 2408 351 ν.

3422 296 3524 353 138

250 417 381 456 rum
411 402 465 453 iu
495 398 709 454 Christo
743 407 1057 453 naturarum
1098 398 1296 453 faciunt
1344 402 1706 465 mentionem?
1738 402 1836 456 Le-
1866 405 1916 464 Α
1943 412 2179 460 strantur
2207 424 2326 461 es<e
2369 424 2632 478 personm.
2667 412 2772 464 Ant
2801 412 2842 464 si
2872 419 2980 466 tres
3025 422 3149 467 sunt
3187 428 3426 482 personm
3462 431 3515 471 et

251 492 382 559 gite,
412 506 448 543 ο
477 489 681 551 miseri,
709 488 834 558 quid
865 487 1208 553 Athanasius,
1239 490 1489 553 ililarius,
1525 490 1761 545 Joannes
1787 501 1841 545 et

252 581 583 635 Ambrosius
609 579 979 643 conlessores;
1009 579 1133 648 quid
1155 579 1504 648 Theophilus,
1527 580 1841 650 Gregorius,

254 670 510 733 Basilius,
554 668 784 739 Cyrillus
828 678 882 724 et
911 670 1237 738 Augustinus
1286 670 1354 725 de
1388 670 1594 725 duabus
1637 671 1844 725 naturis

263 760 599 823 edisseram;
643 769 698 814 et
730 758 941 821 tandem
970 760 1039 814 ab
1082 760 1407 829 Apollinaris
1441 771 1494 815 et
1533 758 1843 830 Eutychetis

261 866 456 906 errore
504 849 769 905 desinite:
800 860 1088 919 sequentes
1134 853 1380 919 egregios
1424 861 1477 906 et
1519 852 1843 907 clarissimos

258 944 427 1010 viros,
472 952 529 998 et
562 944 613 997 in
660 942 761 997 lide
792 945 1055 998 catholica
1089 946 1252 998 totius
1279 943 1461 999 mundi
1483 944 1687 1012 judicio
1719 960 1843 1014 pro-

260 1036 591 1099 batissimos,
623 1050 851 1102 quorum
893 1035 1190 1090 sententias
1218 1049 1446 1090 necesse
1476 1050 1572 1089 nos
1600 1035 1721 1101 erit,
1753 1037 1842 1091 ubi

262 1135 624 1194 Opportunum
669 1126 996 1191 videbimus,
1049 1135 1358 1181 annectere.
1397 1127 1548 1182 Nunc
1591 1128 1721 1182 illud
1763 1136 1847 1184 est

262 1218 455 1270 divinis
511 1217 845 1271 edocendum
906 1216 1265 1281 testimoniis,
1314 1224 1369 1271 et
1427 1227 1667 1273 creatum
1725 1233 1845 1274 esse

264 1310 539 1364 Christum
569 1310 859 1363 secundum
884 1309 1161 1365 veritatem
1190 1310 1436 1365 humana:
1464 1310 1580 1380 ejus
1618 1321 1842 1377 naturae,

265 1410 313 1453 et
352 1402 603 1453 eumdem
658 1416 778 1454 esse
826 1400 1076 1454 infectum
1128 1402 1423 1457 secundum
1470 1402 1846 1471 proprietatem

266 1496 615 1548 nihilominus
638 1494 835 1549 divina:
866 1494 984 1562 ejus
1011 1504 1238 1548 naturai.
1266 1495 1369 1550 Sed
1394 1510 1558 1549 unum
1584 1496 1721 1564 quod
1756 1495 1845 1550 isti

266 1586 560 1640 difﬁtentur
609 1601 964 1657 properemus
1001 1586 1307 1641 ostendere.
1363 1585 1551 1640 Petrus
1608 1601 1734 1656 ergo
1790 1586 1844 1640 in

267 1676 481 1729 Actibus
510 1676 882 1744 apostolorum
928 1677 999 1729 ita
1029 1675 1163 1730 dicit
1192 1694 1203 1726 :
1239 1676 1526 1730 Certissime
1569 1678 1695 1729 sciat
1736 1692 1848 1729 om-

1947 511 2047 549 una
2085 510 2291 563 natura,
2327 499 2515 554 falsum
2546 511 2629 555 est
2668 503 2807 569 quod
2845 501 3047 567 dicunt,
3088 517 3515 572 ttttamquamqnn

1942 600 2231 655 personam
2292 590 2560 658 propriam
2608 592 2804 645 habere
2860 601 3123 644 naturam.
3172 594 3299 645 Nam
3347 610 3514 662 usque

1943 675 2076 731 adeo
2107 676 2323 744 falsum,
2357 689 2415 732 ut
2456 696 2574 735 cum
2610 683 2661 736 in
2700 677 2914 736 homine
2944 684 3045 735 alia
3075 684 3142 736 sit
3184 694 3368 737 natura
3401 688 3517 736 ani-

1945 783 2068 832 mae,
2095 767 2195 821 alia
2222 771 2485 837 corporis,
2520 785 2622 824 una
2663 780 2839 825 tamen
2868 773 2934 825 sit
2963 773 3190 825 hominis
3221 774 3517 838 eademque

1946 873 2196 926 persona.
2228 860 2378 914 L‘nde
2408 864 2765 915 necessarium
2790 862 2970 929 judico
3000 862 3086 916 hic
3126 864 3280 931 paulo
3306 864 3409 935 ει
3442 867 3516 916 la-

1947 948 2051 1004 tius
2081 963 2369 1018 propagare
2395 966 2717 1011 sermonem,
2753 967 2850 1005 nec
2875 952 3162 1017 constricta
3205 955 3277 1007 uti
3308 957 3515 1023 penitus

1947 1038 2228 1105 brevitate,
2264 1053 2318 1095 ut
2362 1056 2447 1095 res
2484 1041 2785 1096 necessarie
2825 1044 3142 1108 aperiendas
3180 1061 3516 1115 nequaquam

1948 1130 2059 1199 ipsa
2089 1130 2365 1185 brevitatis
2390 1132 2627 1200 angustia
2653 1130 3004 1186 ittvolvamus.

2017 1219 2107 1273 Vl.
2149 1219 2526 1290 Superioribus
2566 1222 2714 1275 lihris
2741 1222 3090 1288 sufﬁcienter,
3123 1234 3375 1293 quantum
3404 1228 3516 1295 opi-

1948 1324 2068 1374 nor,
2098 1310 2164 1365 de
2192 1312 2396 1365 duabus
2424 1310 2621 1367 Christi
2664 1316 2867 1367 naturis
2912 1314 3247 1384 disputantes
3279 1319 3518 1372 ostendi-

1949 1415 2090 1465 mus,
2136 1400 2586 1469 Quemadmodum
2635 1404 2797 1456 rectis
2842 1404 3119 1459 catholica:
3168 1408 3519 1473 professionis

1951 1490 2107 1544 lineis
2148 1490 2423 1545 Nestorius
2451 1501 2504 1545 et
2536 1492 2803 1562 Eutyches
2844 1495 2908 1546 ad
2949 1496 3275 1563 impietatem
3308 1500 3389 1553 sui
3419 1500 3516 1553 do-

1950 1581 2143 1649 gmatis
2168 1581 2468 1647 abutentes,
2498 1580 2844 1636 densissimas
2885 1586 3088 1639 erroris
3118 1587 3373 1654 caligines
3398 1591 3518 1642 nni-

1953 1686 2108 1725 verso
2149 1671 2470 1725 obduxerint
2498 1672 2726 1726 Orienti.
2768 1672 2833 1728 At
2865 1674 2984 1741 quia
3034 1678 3085 1727 in
3136 1674 3365 1731 Domino
3393 1679 3519 1732 Jesu

268 1769 342 1818 nis
368 1767 553 1820 domus
588 1766 770 1832 Israel,
800 1769 921 1836 quia
947 1775 993 1821 et
1020 1765 1294 1820 Dominum
1318 1768 1487 1831 illum,
1514 1777 1558 1821 et
1588 1766 1845 1821 Christum
1875 1763 1922 1822 B
1949 1762 2163 1817 Christo
2204 1762 2366 1818 Verbi
2414 1772 2468 1817 et
2516 1764 2694 1818 carnis
2734 1779 2835 1818 una
2877 1780 3100 1833 persona
3145 1777 3247 1835 est,
3296 1770 3521 1838 duaeque

269 1856 401 1909 Deus
430 1858 573 1927 fecit,
605 1856 740 1910 hunc
762 1857 939 1909 Iesum
965 1872 1111 1926 quem
1136 1873 1223 1910 vos
1262 1857 1589 1924 cruciﬁxistis
1619 1857 1755 1927 (Act.
1784 1873 1844 1925 tl,

266 1948 374 2013 56).
404 1947 533 2000 item
562 1946 757 1999 Paulus
783 1949 846 1999 aii
874 1944 1143 2001 Romanos
1168 1965 1179 1997 :
1216 1946 1294 2000 De
1318 1945 1475 2014 Filio,
1505 1948 1694 2016 inquit,
1726 1966 1843 2015 suo,

269 2040 349 2103 qui
375 2043 547 2107 factus
594 2049 668 2093 est
716 2041 761 2092 ei
798 2054 861 2093 ea:
889 2042 1077 2093 semine
1120 2040 1285 2093 David
1325 2044 1603 2094 secundum
1647 2059 1847 2096 carnem

271 2128 438 2191 (Rom.
469 2146 507 2197 ι,
541 2128 620 2200 3).
658 2128 789 2183 ltent
834 2129 898 2182 ad
934 2129 1148 2184 Galatas
1178 2148 1190 2182 :
1223 2129 1351 2184 Cum
1376 2143 1544 2185 autem
1584 2134 1716 2185 venit
1738 2135 1847 2203 pte-

270 2220 441 2272 nitudo
473 2230 778 2289 temporum,
805 2220 939 2273 misit
968 2212 1101 2273 Deus
1126 2219 1319 2274 Filium
1349 2237 1494 2274 suum
1521 2225 1711 2291 factum
1741 2223 1849 2293 60

270 2327 329 2363 ex
362 2311 578 2364 muliere
622 2310 765 2380 (Gal.
797 2327 868 2379 tv,
900 2310 977 2381 4).
1006 2311 1131 2365 item
1174 2312 1240 2366 ad
1282 2312 1533 2367 Hebraeos
1564 2330 1575 2364 :
1603 2314 1847 2368 Conside-

274 2414 378 2453 rate
416 2404 707 2471 apostolum
752 2412 799 2455 et
846 2403 1133 2472 pontiﬁcem
1164 2404 1494 2469 confessionis
1533 2414 1727 2458 nostra!
1758 2404 1849 2459 Je-

272 2509 400 2552 ειη,
444 2494 531 2558 qui
558 2495 727 2560 ﬁdet'is
766 2503 838 2547 est
898 2497 943 2547 ei
972 2495 1059 2561 qui
1092 2495 1209 2564 fecit
1258 2493 1404 2548 illum
1434 2494 1620 2565 (Ilcbr.
1661 2511 1737 2560 ιη,
1775 2496 1845 2565 l).

271 2583 397 2637 Item
431 2585 501 2638 ibi
534 2604 546 2638 :
590 2585 777 2651 Tanto,
810 2588 1003 2656 inquit,
1032 2588 1208 2641 melior
1228 2589 1424 2658 angelis
1448 2591 1632 2658 factus,
1657 2600 1848 2659 quanto

268 2676 595 2731 excellentius
635 2695 743 2748 prie
782 2679 884 2731 illis
928 2695 1107 2733 nomen
1149 2681 1337 2747 accepit
1364 2679 1547 2750 (Hebr.
1591 2696 1627 2741 t,
1660 2680 1740 2751 4).
1781 2683 1849 2737 Et

270 2763 379 2830 ipse
418 2779 513 2832 per
543 2764 732 2819 Isaiam
768 2766 976 2819 Filius:
1012 2764 1079 2819 Et
1108 2783 1257 2832 nunc,
1287 2766 1477 2835 inquit,
1512 2769 1632 2819 dicit
1668 2753 1852 2821 Domi—~

271 2871 391 2920 nus,
415 2860 645 2922 formans
676 2873 753 2910 me
781 2873 844 2909 ea:
880 2868 1020 2910 utero
1049 2872 1246 2910 servum
1280 2856 1375 2909 sibi
1407 2858 1558 2926 (lsai.
1594 2874 1737 2923 xux,
1769 2856 1846 2927 5).

268 2942 368 2997 Per
410 2944 755 2999 Salomonem
807 2946 965 2999 etiam
1022 2956 1258 2999 creatum
1310 2961 1369 2999 se
1419 2947 1518 3001 hoc
1571 2950 1728 3001 modo
1773 2958 1851 3003 te-

269 3042 482 3088 statur:
518 3034 769 3087 Dominus
818 3037 1004 3088 creavit
1060 3053 1138 3088 me
1190 3036 1336 3089 initio
1400 3038 1592 3090 ciarum
1640 3055 1849 3091 suarum

1951 1863 2176 1917 naturte,
2203 1870 2300 1923 per
2320 1870 2380 1909 ea
2408 1870 2528 1923 quae
2555 1855 2735 1923 negari
2766 1871 2869 1908 non
2898 1866 3138 1924 possunt,
3166 1861 3408 1928 neganda
3440 1862 3521 1915 in-

1950 1945 2231 2000 troducere
2252 1946 2420 1999 moliti
2453 1954 2595 1999 sunt.
2626 1944 2902 2000 Nestorins
2926 1948 3067 2001 enim
3099 1952 3379 2005 occasione
3400 1967 3521 2020 pro-

1950 2034 2198 2090 fessionis
2226 2036 2446 2089 duarum
2485 2045 2816 2101 naturarum,
2844 2037 2976 2091 duas
3000 2040 3151 2093 nisus
3179 2050 3261 2095 est
3290 2042 3340 2095 in
3362 2043 3522 2097 Chri-

1952 2136 2035 2180 sto
2060 2141 2316 2195 personas
2362 2126 2668 2181 ostendere.
2706 2127 2973 2197 Entyches
3013 2140 3188 2185 autem
3221 2134 3375 2188 unius
3411 2151 3522 2204 per-

1951 2230 2097 2270 sonre
2127 2218 2427 2287 patrocinio
2469 2218 2698 2282 lulcitus,
2734 2233 2890 2275 unam
2919 2221 3267 2290 eamdemque
3287 2224 3443 2280 Verbi
3470 2235 3523 2281 et

1950 2307 2128 2359 canis
2151 2307 2394 2361 deliravit
2423 2321 2543 2361 esse
2573 2316 2813 2361 naturam
2846 2326 2857 2360 :
2887 2318 2940 2363 et
2968 2308 3035 2363 ita
3067 2325 3291 2382 uterque
3327 2320 3522 2370 verita-

1951 2406 2056 2452 tem
2097 2400 2356 2469 religiostr.
2391 2400 2740 2469 professionis
2771 2402 2834 2455 ad
2870 2403 3195 2471 impietatem
3245 2407 3325 2460 sui
3358 2410 3523 2462 traxit

1951 2494 2153 2547 erroris
2187 2512 2198 2546 :
2230 2494 2317 2560 qui
2356 2495 2397 2548 si
2428 2495 2608 2549 divino
2639 2506 2914 2551 uterentur
2944 2497 3269 2567 magisterio,
3300 2509 3352 2554 et
3381 2517 3521 2570 prae-

1952 2588 2067 2640 vios
2107 2585 2159 2640 in
2205 2586 2317 2641 suis
2342 2586 2600 2642 doctrinis
2641 2596 2994 2655 sequerentur
3035 2591 3324 2657 apostolos.
3359 2606 3523 2660 agno-

1952 2686 2165 2733 scerent
2208 2679 2389 2748 utique
2433 2687 2485 2731 et
2515 2678 2648 2733 duas
2692 2679 2744 2732 in
2791 2694 2893 2732 una
2932 2692 3157 2746 persona
3204 2688 3437 2744 naturas,
3468 2690 3522 2735 et

1953 2784 2109 2822 unam
2135 2770 2185 2822 in
2216 2768 2421 2822 duabus
2444 2770 2646 2822 naturis
2678 2783 2834 2836 posse
2864 2783 2983 2822 esse
3013 2782 3314 2837 personam.
3346 2770 3522 2840 Siqui-

1952 2861 2073 2914 dem
2115 2860 2292 2928 negari
2343 2876 2446 2913 nott
2489 2867 2679 2928 potest,
2714 2868 2771 2913 ut
2812 2862 3054 2928 superius
3084 2861 3215 2930 dixi,
3250 2863 3518 2917 hominem

1953 2966 2019 3003 ex
2054 2948 2257 3001 duabus
2301 2957 2546 3002 constare
2590 2949 2811 3015 naturis,
2846 2948 3038 3000 animae
3076 2949 3283 3004 scilicet
3321 2958 3377 3004 et
3404 2966 3524 3005 car-

1954 3039 2057 3092 nis.
2091 3036 2259 3092 Nemo
2291 3046 2464 3092 tamcn
2497 3038 2592 3092 nisi
2624 3037 2900 3106 insipiens,
2930 3050 2983 3092 et
3008 3039 3168 3093 totius
3192 3040 3414 3097 rationis
3431 3058 3523 3097 ex-

270 3123 452 3192 (Prov.
486 3141 602 3185 vin,
633 3125 746 3196 ἓξ).
780 3126 933 3192 Quod
981 3126 1274 3181 secundum
1309 3128 1656 3184 humanitatis
1700 3141 1851 3185 natu-
1879 3127 1925 3190 C
1956 3143 2098 3197 pers,
2134 3137 2279 3182 recte
2309 3127 2577 3181 hominem
2611 3126 2803 3181 dixenit
2828 3128 2960 3182 duas
2998 3127 3194 3184 habere
3226 3145 3520 3199 personas:

271 3231 405 3280 ram,
435 3231 599 3285 quam
628 3218 677 3270 in
706 3219 960 3285 temporis
984 3218 1313 3286 plenitudine
1334 3230 1685 3287 suscepturus
1714 3233 1850 3288 erat,

271 3309 573 3376 anticipans
619 3312 939 3377 praelocutus
979 3319 1079 3364 est.
1120 3310 1253 3364 Cum
1295 3327 1421 3379 ergo
1451 3314 1652 3368 clareat
1696 3312 1853 3367 Citri-

270 3410 410 3453 stum
462 3411 701 3456 creatum
754 3402 833 3456 vel
889 3402 1083 3456 factum
1126 3418 1245 3458 esse
1282 3404 1573 3459 secundum
1620 3406 1670 3460 id
1710 3407 1852 3476 quod

274 3492 433 3545 homo
460 3492 711 3561 dignatus
740 3504 820 3547 est
853 3493 988 3558 fieri,
1031 3504 1122 3548 aut
1150 3494 1434 3549 concedite
1477 3495 1577 3550 hoc
1608 3496 1855 3552 humana:

272 3586 385 3652 ejus
417 3595 648 3649 natura,
689 3596 780 3640 aut
822 3587 867 3641 si
898 3588 1198 3641 concedere
1230 3602 1334 3640 non
1375 3588 1553 3654 vultis,
1609 3596 1853 3644 naturam

274 3677 565 3731 divinitatis
591 3687 827 3731 creatam
859 3694 978 3732 esse
1003 3679 1335 3733 allirmahitis
1371 3696 1383 3732 :
1416 3694 1478 3732 ac
1502 3680 1577 3733 sic
1600 3694 1696 3733 vos
1722 3695 1849 3734 cum

272 3768 489 3821 Arianis
556 3768 638 3821 vel
669 3785 788 3822 cum
832 3768 1075 3838 gentibus
1108 3769 1497 3824 convincemiui
1551 3779 1853 3825 creaturam

273 3862 519 3917 venerari
550 3872 606 3917 et
635 3864 834 3917 coiere.
1412 3922 1415 3925 _

344 3954 409 4008 ν.
437 3953 569 4007 Item
603 3954 670 4007 ad
702 3954 1081 4008 destruendam
1110 3954 1384 4022 utriusque
1414 3965 1615 4009 natura:
1644 3954 1853 4023 profes-

274 4045 483 4100 sionem
516 4046 625 4100 isto
655 4046 807 4115 quasi
849 4045 1141 4099 ittevitabili
1183 4045 1479 4113 gloriantur
1520 4046 1852 4117 syllogismo,

272 4147 581 4192 asserentes
610 4152 717 4190 non
745 4152 863 4191 esse
894 4146 1139 4191 naturam
1172 4153 1297 4207 qnze
1326 4153 1430 4190 non
1458 4139 1726 4206 propriam
1761 4139 1857 4193 ha-

278 4228 403 4283 beat
452 4243 765 4297 personam,
809 4244 985 4297 neque
1030 4236 1537 4297 rursus‘personam
1582 4244 1701 4298 quae
1749 4243 1855 4285 non

274 4321 547 4387 propriam
600 4320 794 4381 habeat
830 4330 1092 4376 naturam.
1142 4321 1252 4376 Hoc
1294 4322 1414 4375 ideo
1444 4323 1749 4388 intendunt,
1801 4334 1857 4379 ut

274 4414 396 4478 quia
432 4412 572 4465 duas
600 4410 872 4466 Christum
904 4414 1217 4480 prolitemur
1252 4412 1448 4467 habere
1478 4424 1720 4478 naturas,
1753 4429 1854 4468 una

273 4514 453 4558 autem
476 4519 711 4573 qumque
741 4512 924 4559 natura
955 4506 1225 4574 propriam
1245 4504 1534 4560 secundum
1569 4506 1711 4573 ipsos
1730 4520 1859 4559 con-

275 4604 382 4647 s'at
428 4595 637 4649 habere
677 4611 988 4665 personam,
1034 4611 1256 4652 necesse
1304 4596 1392 4661 sit,
1432 4596 1581 4665 juxta
1630 4598 1854 4653 duarum

276 4687 668 4753 professionem
700 4698 1033 4750 naturarum,
1062 4688 1196 4742 duas
1219 4687 1492 4742 Christum
1519 4688 1715 4743 habere
1736 4704 1858 4759 per-

275 4791 460 4831 sonas.
485 4778 596 4833 Nec
630 4786 805 4832 tamen
832 4778 1092 4848 exemplis
1123 4778 1389 4846 aliquibus
1420 4779 1518 4848 ipsi
1548 4777 1636 4833 isti
1662 4779 1859 4835 docere

274 4882 627 4935 curaverunt,
676 4886 1108 4940 unamquamque
1149 4881 1392 4925 naturam
1443 4874 1714 4940 prapriam
1766 4871 1860 4925 ha-

274 4961 407 5015 bere
430 4976 714 5029 personam
738 4978 753 5025 ;
786 4962 882 5017 sed
906 4961 1276 5017 tantummodo
1300 4963 1646 5032 quaestionem
1673 4963 1855 5018 inten-

271 5052 472 5107 derttes
500 5053 827 5107 transierunt
856 5053 922 5107 ad
959 5053 1078 5116 hoc,
1115 5061 1171 5106 ut
1193 5062 1247 5108 et
1274 5055 1484 5107 veritati
1532 5054 1752 5109 nebulas
1781 5053 1861 5108 of-

270 5140 591 5205 luttderent,
633 5150 689 5195 et
719 5141 1015 5208 periculum
1054 5141 1434 5208 disiuttationis
1469 5142 1683 5196 silentio
1723 5157 1857 5211 prte-

270 5230 526 5284 lerireut.
562 5230 666 5288 Sed
692 5231 889 5295 videte,
922 5232 1173 5295 obsecro,
1201 5233 1471 5300 quomodo
1491 5232 1616 5287 dum
1643 5234 1861 5303 laqueos

270 5320 582 5383 innectunt,
626 5321 1024 5376 inextricabiles
1049 5320 1150 5390 ipsi
1178 5320 1529 5390 qumstionum
1577 5324 1745 5378 nodos
1779 5324 1862 5378 in-

270 5422 522 5467 currunt.
572 5414 957 5485 Resyondeant
1001 5414 1161 5482 igitur
1197 5414 1431 5476 Ar'auis,
1475 5415 1763 5483 quomodo,
1817 5415 1861 5469 si

266 5518 612 5573 unaqumque
667 5513 857 5558 natura
906 5504 1175 5572 propriam
1228 5502 1388 5557 habet
1431 5517 1711 5570 personam
1740 5547 1755 5573 ,
1809 5513 1863 5559 et

1957 3227 2047 3272 aut
2075 3220 2192 3288 quia
2235 3231 2418 3272 rursus
2446 3233 2548 3271 una
2579 3227 2661 3270 est
2694 3216 2923 3272 hominis
2952 3234 3199 3287 persona,
3239 3231 3383 3274 recte
3412 3222 3523 3289 opi«

1957 3322 2111 3366 natus
2138 3312 2207 3365 sit
2228 3326 2383 3365 ttnam
2415 3325 2533 3365 esse
2562 3312 2737 3364 carnis
2780 3312 3078 3378 animmque
3116 3322 3380 3366 naturam.
3408 3312 3524 3368 Non

1956 3418 2075 3458 esse
2102 3414 2279 3458 autem
2314 3404 2468 3477 unius
2513 3415 2715 3456 natura:
2744 3418 2939 3473 corpus
2960 3412 3016 3459 et
3043 3405 3297 3471 animam,
3337 3406 3526 3461 Salva-

1959 3504 2040 3551 tor
2080 3495 2132 3549 in
2184 3495 2468 3563 Evangelio
2508 3494 2709 3559 docuit,
2754 3494 2973 3548 dicens:
3007 3494 3182 3549 Nolite
3227 3498 3401 3551 timere
3442 3516 3525 3552 eos

1956 3585 2044 3655 qui
2068 3585 2303 3638 occidunt
2331 3601 2535 3652 corpus,
2568 3585 2793 3637 animum
2816 3596 2979 3638 autem
3013 3602 3113 3638 non
3145 3598 3357 3654 possunt
3386 3590 3524 3641 ocri-

1959 3678 2079 3731 dere
2117 3676 2329 3749 (Matth.
2369 3692 2423 3743 x,
2450 3676 2566 3742 28).
2614 3674 2748 3741 Quid
2794 3689 2922 3746 ergo
2970 3677 3287 3741 inauditum,
3331 3679 3458 3747 quid
3496 3694 3525 3732 τι

1961 3767 2247 3836 Scripturis
2269 3767 2544 3821 canonicis
2566 3767 2797 3820 alienum
2830 3775 2882 3820 et
2912 3769 3278 3835 peregrinum;
3310 3777 3363 3822 ut
3392 3770 3530 3823 sicut

1958 3859 2228 3913 credimus
2254 3868 2305 3914 et
2327 3857 2635 3929 experimur
2662 3862 2823 3912 unu’m
2855 3866 2972 3913 eSse
2992 3859 3260 3913 hominem
3296 3860 3529 3917 animam

1958 3951 2325 4007 rationabilem
2360 3958 2414 4005 et
2458 3966 2695 4016 carnem,
2749 3951 2820 4003 ita
2863 3950 3143 4004 credamus
3198 3966 3360 4005 unum
3410 3969 3529 4009 esse

1958 4040 2227 4095 Christum
2263 4039 2425 4094 Deum
2469 4049 2519 4093 et
2568 4039 2860 4103 hominem,
2902 4040 3040 4093 sicut
3079 4041 3305 4109 apostoli
3334 4041 3529 4097 docue-

1962 4138 2108 4197 runt,
2138 4138 2193 4185 et
2217 4129 2352 4184 sicut
2377 4129 2530 4183 nobis
2558 4130 2656 4182 viri
2679 4129 2957 4197 apustolici
2982 4129 3357 4187 tradiderunt?

2032 4220 2143 4274 VII.
2197 4221 2261 4273 Et
2291 4220 2413 4287 quia
2458 4234 2597 4273 nunc
2638 4219 2792 4273 nobis
2835 4221 3057 4275 intentio
3090 4231 3275 4275 contra
3310 4235 3404 4278 eos
3449 4234 3531 4278 est

1964 4309 2211 4375 maxime,
2259 4309 2347 4379 qui
2392 4324 2629 4364 errorem
2672 4309 2827 4364 unius
2868 4319 3072 4366 natum
3116 4322 3405 4375 sedantes,
3436 4315 3534 4368 de-

1964 4414 2111 4455 creto
2152 4401 2363 4455 concilii
2396 4399 2849 4455 Chalcedonensis
2879 4402 3133 4471 pertinaci
3172 4404 3533 4460 obstinatione

1886 4471 1932 4529 D
1964 4495 2237 4559 resistunt,
2268 4493 2604 4547 commodum
2630 4503 2755 4563 puto
2777 4494 2841 4548 ad
2872 4510 3056 4549 eorum
3091 4496 3276 4550 inanes
3320 4507 3534 4552 contra-

1961 4584 2317 4639 dictiunculas
2372 4584 2675 4654 vitreasque
2718 4587 3016 4640 sententias
3051 4586 3292 4642 veritatis
3342 4588 3535 4644 malleo

1961 4675 2304 4741 obterendas,
2335 4676 2403 4731 de
2425 4677 2655 4730 humana
2679 4675 2800 4730 Filii
2821 4677 2913 4732 Dei
2939 4686 3152 4745 natura,
3174 4695 3331 4749 quam
3354 4681 3459 4752 62
3479 4682 3533 4736 in

1962 4782 2029 4822 eo
2055 4766 2227 4821 modis
2258 4767 2505 4823 omnibus
2542 4778 2757 4838 negant,
2800 4784 2968 4837 pauca
3008 4780 3274 4841 repetere,
3302 4782 3357 4828 et
3381 4789 3535 4843 quam

1966 4876 2069 4913 non
2101 4860 2208 4915 sint
2229 4857 2540 4924 Christiani,
2573 4870 2675 4915 eta
2719 4875 2814 4930 spe
2853 4860 3040 4918 salutis
3079 4873 3297 4919 sclerum
3326 4867 3538 4935 penitus

1965 4952 2124 5006 alieni
2149 4952 2539 5007 demonstrare.
2592 4951 2791 5021 Regula
2821 4962 2903 5006 εει
2926 4953 3046 5009 ﬁdei
3067 4955 3345 5011 catholica:
3372 4972 3538 5012 unum

1965 5042 2317 5111 eumdemque
2366 5042 2646 5096 Dominum
2696 5042 2881 5098 Jesum
2926 5043 3224 5113 Christum,
3272 5047 3410 5101 sicut
3448 5064 3538 5103 ve-

1967 5150 2082 5190 rum
2112 5135 2298 5198 Deum,
2327 5135 2397 5187 ita
2430 5148 2615 5188 verum
2640 5132 2909 5188 hominem
2937 5136 3201 5201 conliteri,
3233 5152 3394 5190 unum
3421 5152 3539 5193 esse

1966 5244 2035 5284 ex
2063 5236 2310 5296 utroque,
2336 5242 2440 5280 non
2465 5226 2600 5280 duos
2629 5226 2681 5279 in
2705 5234 3023 5295 uttumque;
3055 5228 3225 5297 ipsum
3256 5227 3372 5281 sine
3402 5237 3538 5281 tem-

1969 5334 2097 5387 pore
2127 5326 2305 5373 natum
2352 5319 2419 5373 de
2445 5318 2624 5383 Patre,
2653 5318 2826 5387 ipsum
2873 5334 2937 5373 ex
2970 5329 3211 5387 tempore
3255 5328 3433 5373 natum
3475 5320 3540 5373 de

1968 5410 2320 5480 Virgine:ita
2370 5420 2425 5462 ut
2466 5420 2687 5479 utraque
2732 5410 2981 5463 nativitas
3030 5410 3107 5461 sic
3147 5423 3306 5461 unum
3364 5419 3540 5466 teneat

1969 5502 2263 5567 Christum,
2314 5510 2370 5553 nt
2418 5502 2470 5555 in
2498 5500 2643 5555 nullo
2675 5502 2755 5553 sui
2798 5498 3080 5567 pertulerit
3116 5497 3537 5568 detrimentum;

264 5609 503 5663 unaque:
525 5609 613 5659 tue
656 5609 884 5661 persona
931 5595 1203 5662 propriam
1245 5594 1405 5649 habet
1452 5602 1720 5661 naturam,
1755 5609 1861 5649 non
1972 5593 2210 5660 mtiuens
2243 5592 2294 5644 in
2318 5605 2377 5646 se
2406 5590 2547 5660 quod
2578 5598 2659 5645 est
2687 5590 2766 5642 sui
2797 5589 3011 5658 generis
3043 5586 3338 5655 proprium,
3370 5589 3420 5644 id
3460 5602 3539 5646 est

259 5693 382 5739 tres
409 5687 519 5738 sint
557 5686 609 5738 in
643 5684 906 5751 Trinitate
951 5694 1178 5749 natnrte,
1214 5684 1357 5740 sicut
1408 5695 1459 5740 ct
1490 5695 1602 5741 tres
1634 5684 1863 5742 demon-
1975 5694 2031 5737 nt
2067 5692 2121 5738 et
2150 5682 2312 5736 Verbi
2343 5678 2529 5737 natura
2564 5696 2667 5734 non
2703 5678 3081 5754 mutareturin
3118 5693 3302 5767 carne,
3335 5689 3389 5734 et
3426 5695 3541 5767 car:

554 5778 831 5838 ΡΑτιιοι.
880 5775 1071 5836 LXII.

3228 5766 3262 5827 5
