4044 6184
486 305 586 362 159

1791 308 2015 364 VlCiLll
2058 304 2431 367 TAPSENSIS

3638 317 3743 374 HO

486 425 569 476 n's
610 428 798 474 norma
842 436 947 474 non
980 420 1167 476 luisset
1198 420 1266 475 'in
1308 418 1496 477 "Verbo
1540 430 1877 489 consumpta.
1931 420 2061 475 Iliuc
2093 424 2138 484 Α
2173 433 2391 492 propter
2417 434 2656 478 naturam
2684 419 2864 490 Verbi,
2908 437 3025 494 qua:
3055 426 3187 479 mori
3222 442 3327 479 non
3386 435 3576 493 potest.
3611 430 3741 486 item

486 513 742 566 Dominus
777 512 939 566 Jcsus
969 513 1211 567 Christus
1237 510 1375 567 idem
1401 527 1560 566 verus
1588 516 1672 565 est
1716 512 1876 577 Deus,
1917 510 2053 565 idem

487 619 647 657 verus
676 612 759 657 est
786 604 966 669 homo,
1007 619 1069 657 ex
1117 602 1325 657 duabus
1353 598 1693 657 ineliabiliter
1720 601 1773 656 in
1813 601 2057 669 virginali

488 697 608 749 alvo
648 695 811 748 unitis
860 696 913 747 in
956 710 1057 747 una
1102 708 1327 762 persona
1378 695 1586 748 naturis
1635 694 2058 762 existenszqure

483 796 703 850 natura},
730 785 978 853 quoniam
1002 785 1053 837 in
1078 783 1163 837 illa
1191 782 1417 836 mirabili
1438 784 1701 837 counione
1728 798 1833 836 non
1861 786 1981 836 sunt
2006 785 2056 836 in

484 890 549 928 eo
579 875 815 938 abolita},
839 874 904 927 ad
940 870 1408 927 demonstrandam
1440 882 1788 941 utrarumque
1818 872 2059 941 proprie—

487 968 611 1020 tatis
635 964 975 1029 exstantiam,
1006 965 1057 1018 in
1081 978 1187 1018 uno
1215 965 1395 1033 seipso
1425 966 1700 1033 utriusque
1729 978 1817 1017 res
1850 962 2058 1017 locutus

484 1069 567 1112 est
614 1068 774 1127 atque
830 1057 977 1126 egit:
1013 1072 1117 1110 non
1170 1070 1330 1110 voces
1375 1054 1648 1123 dividens,
1696 1070 1800 1109 non
1839 1051 2058 1109 aﬂ‘ectus

482 1151 741 1218 partiens,
785 1163 892 1203 non
935 1158 1084 1218 gesta
1133 1162 1461 1211 secernens;
1503 1146 1598 1201 sed
1641 1146 1757 1215 ipse
1802 1160 1956 1210 unus,
2003 1143 2055 1198 iu

482 1242 771 1309 seipsoque
818 1239 917 1293 sibi
962 1255 1028 1294 ex
1076 1248 1304 1308 utroque
1349 1248 1402 1293 et
1438 1238 1489 1292 in
1529 1245 1813 1306 utrumque
1860 1251 2059 1291 conve-

479 1336 657 1403 niens,
691 1334 911 1404 etquod
945 1334 1215 1402 pr0prium
1248 1333 1418 1387 fuerat
1440 1332 1664 1401 loquens
1689 1339 1742 1385 et
1772 1345 2054 1399 peragens.

483 1428 547 1480 Et
601 1435 655 1479 ut
700 1425 840 1493 quod
894 1424 1121 1478 dicimus
1174 1424 1387 1492 planum
1445 1422 1569 1487 ﬁat,
1620 1414 1801 1491 aliquo
1847 1428 2057 1476 utamur

479 1516 752 1583 exemplo.
784 1514 943 1568 Verbi
965 1513 1133 1583 gratia
1166 1528 1181 1568 :
1227 1528 1327 1583 ego
1358 1512 1471 1581 ipse
1492 1527 1608 1566 sum
1638 1510 1920 1581 qui_oculis
1940 1526 2059 1565 cor-

479 1608 660 1674 poreis
713 1605 892 1658 album
943 1602 1179 1657 colorem
1232 1602 1508 1671 nigrumve
1548 1600 1815 1665 discerno,
1855 1610 1910 1655 et
1956 1614 2056 1668 ego

480 1697 595 1765 ipse
636 1710 754 1749 sum
801 1708 987 1747 rursus
1015 1693 1103 1762 qui
1150 1691 1347 1745 malum
1392 1691 1707 1760 iniquitatis,
1758 1696 1809 1742 et
1835 1688 2055 1756 justitize

2161 521 2383 581 propter
2433 508 2700 576 iueﬂ'abile
2760 513 3077 584 mysterium
3132 512 3343 568 unionis
3397 525 3744 589 utrarumque

2163 608 2492 663 unturarum,
2525 599 2828 654 couuunuis
2860 601 2911 653 in
2938 599 3052 667 ipso
3085 598 3181 654 fuit
3211 599 3506 655 mortalitas
3536 606 3741 670 carnis,

2160 682 2318 742 Verbi
2348 699 2572 754 naturae,
2604 706 2721 759 qua:
2746 693 2879 744 mori
2912 705 3015 745 non
3049 691 3250 760 potuit;
3284 697 3339 746 et
3359 696 3660 751 communis
3685 697 3741 750 in

2159 778 2275 847 ipso
2318 790 2399 834 est
2452 779 2822 834 immortalitas
2860 778 3046 848 Verbi,
3100 782 3304 838 natura:
3350 778 3563 849 carnis,
3619 802 3739 853 quae

2159 872 2318 924 morti
2347 868 2650 927 succubuit.
2679 864 2816 943 Ergo
2843 874 2979 928 sicut
3008 873 3088 929 illi
3126 880 3260 930 mori
3285 889 3338 931 et
3369 891 3475 932 non
3505 879 3636 933 mori
3665 895 3732 934 ex

2162 964 2401 1032 utrisque
2430 964 2633 1020 naturis
2662 974 2748 1021 est
2795 968 3091 1037 proprium,
3140 969 3209 1023 ita
3237 984 3521 1026 commune
3550 984 3631 1027 est
3682 974 3735 1027 in

2160 1051 2276 1120 ipso
2304 1055 2545 1124 utrisque
2593 1057 2820 1128 naturis,
2868 1052 3008 1129 quod
3064 1056 3275 1115 illarum
3324 1071 3406 1118 cst
3437 1066 3733 1133 proprium.

2160 1136 2227 1197 Et
2253 1142 2332 1216 (ut
2358 1142 2589 1217 exempli
2645 1148 2816 1219 gratia
2846 1146 3099 1221 dixerim)
3152 1153 3426 1224 pr0prium
3474 1155 3605 1211 mibi
3653 1166 3736 1212 est

2158 1246 2340 1292 notam
2374 1236 2558 1295 livoris
2586 1239 2845 1312 cujusque
2872 1240 3114 1299 verberis
3160 1256 3370 1314 gestare
3412 1248 3463 1301 in
3509 1262 3736 1319 corpore

2160 1330 2300 1393 meo,
2327 1344 2423 1398 per
2457 1341 2698 1387 naturam
2742 1335 2917 1389 carnis
2972 1352 3136 1400 mem;
3166 1349 3219 1391 et
3278 1340 3545 1407 proprium
3601 1338 3733 1395 mihi

2158 1424 2240 1470 est
2262 1414 2399 1471 hanc
2420 1419 2662 1474 eamdem
2703 1431 2880 1475 notam
2913 1438 3017 1477 non
3059 1436 3269 1492 gesrate
3299 1440 3351 1479 in
3382 1427 3568 1495 spiritu
3612 1444 3734 1482 meo

2159 1510 2255 1577 per
2307 1513 2549 1564 naturam
2605 1513 2797 1567 anima:
2830 1530 2983 1568 meae.
3016 1515 3145 1569 ltem
3197 1516 3468 1586 proprium
3496 1518 3621 1573 mihi
3652 1530 3734 1574 est

2159 1596 2364 1667 plagam
2397 1601 2567 1668 verbi,
2593 1598 2703 1673 64
2751 1603 2802 1657 id
2832 1615 2914 1659 est
2962 1618 3263 1660 sermonem
3304 1607 3493 1662 durum
3525 1614 3733 1679 gestare

2158 1690 2212 1743 in
2243 1693 2423 1746 mente
2453 1708 2567 1746 mea
2603 1711 2696 1762 per
2723 1706 2964 1750 naturam
2990 1697 3184 1752 animm
3206 1713 3339 1755 mea:
3358 1715 3373 1765 ;
3394 1709 3447 1754 et
3463 1701 3731 1770 pr0prinm

478 1789 677 1842 bonum
708 1784 904 1840 tuentis
933 1784 1117 1838 obtutu
1148 1776 1405 1851 dijudico,
1432 1796 1530 1835 nec
1555 1789 1729 1834 tamen
1764 1776 1885 1833 ideo
1913 1779 2049 1833 alius
2083 1784 2127 1845 Β
2160 1778 2289 1834 mihi
2316 1782 2399 1835 est
2427 1780 2669 1838 eamdem
2700 1782 2907 1854 plagam
2939 1801 3041 1840 non
3071 1798 3284 1856 portare
3301 1790 3352 1843 in
3368 1805 3592 1861 corpore
3614 1808 3733 1847 meo

476 1887 634 1947 atque
656 1878 788 1930 alius
814 1891 957 1941 sum,
984 1874 1107 1942 quia
1137 1882 1423 1941 utrumque
1454 1868 1580 1924 mihi
1614 1879 1695 1924 est
1724 1885 1787 1923 ex
1813 1868 2043 1922 diverso.

478 1951 596 2023 Non
623 1968 764 2021 enim
791 1967 923 2034 ipsis
953 1965 1122 2021 oculis
1167 1963 1321 2017 video
1348 1954 1543 2016 variari
1573 1961 1806 2026 colores,
1851 1959 2048 2029 quibus

475 2060 635 2113 video
662 2058 857 2112 variari
887 2069 1186 2119 sermones,
1229 2063 1284 2108 et
1324 2063 1503 2108 tamen
1528 2067 1627 2122 ego
1671 2066 1787 2105 sum
1819 2050 1933 2120 ἰρεε
1956 2051 2046 2119 qui

476 2166 542 2204 ex
593 2158 816 2217 utroque
856 2161 997 2217 ago:
1030 2154 1315 2214 utrumque
1356 2158 1531 2198 meum
1578 2150 1680 2209 est,
1721 2158 1825 2196 non
1864 2138 2048 2194 videre

476 2243 734 2312 justitiam
768 2240 867 2294 nisi
896 2238 1062 2293 oculis
1093 2234 1308 2303 mentis,
1338 2242 1391 2289 et
1417 2248 1592 2289 meum
1620 2242 1704 2288 est
1730 2248 1834 2285 non
1867 2226 2047 2284 videre

476 2334 688 2386 colores
719 2330 818 2384 nisi
848 2329 1018 2384 oculis
1051 2328 1268 2382 carnis:
1299 2341 1474 2381 meum
1497 2334 1579 2378 est
1608 2340 1713 2377 non
1744 2313 2047 2377 videre'vo-

476 2439 592 2477 cem
625 2420 816 2488 oculis,
848 2429 903 2475 et
925 2434 1101 2475 meum
1135 2427 1343 2474 estnon
1376 2416 1561 2472 audire
1589 2415 1769 2469 lumen
1793 2408 2044 2477 auribus;

477 2532 651 2569 nucum
687 2522 769 2568 est
797 2529 899 2567 non
924 2510 956 2567 d
982 2525 1236 2567 scernere
1269 2508 1486 2580 naribus
1515 2517 1751 2577 gustum,
1786 2513 1840 2561 et
1870 2519 2045 2559 meum

476 2619 555 2661 est
601 2607 771 2675 palato
805 2621 907 2659 non
942 2603 1220 2674 percipere
1264 2601 1544 2656 odoratum
1575 2617 1587 2652 :
1616 2609 1670 2654 et
1712 2613 1831 2653 cum
1881 2604 2047 2652 totum

475 2714 650 2752 meum
681 2700 750 2750 sit
774 2698 824 2750 in
862 2696 1089 2764 meipso.
1119 2692 1170 2748 id
1214 2699 1299 2748 est
1335 2690 1546 2758 videre,
1573 2689 1780 2757 audire,
1810 2680 2046 2752 odorari,

476 2800 713 2857 gustare,
756 2798 991 2841 attamen
1032 2784 1176 2839 aliud
1219 2793 1302 2839 est
1332 2784 1462 2837 mihi
1507 2783 1647 2838 unde
1672 2783 1850 2848 video,
1904 2781 2049 2835 aliud

475 2878 612 2931 unde
629 2876 809 2942 audio,
839 2874 983 2930 aliud
1015 2873 1153 2928 unde
1179 2883 1336 2943 gusto
1358 2872 1657 2943 odoresque
1686 2872 1936 2928 discerno
1960 2889 1972 2925 :
1996 2880 2051 2927 et

475 2985 591 3024 cum
620 2970 762 3023 Sitit]
795 2985 879 3022 me
911 2976 1077 3022 totum
1107 2966 1339 3035 quodam
1390 2966 1601 3034 privato
1626 2966 1749 3036 jure
1774 2964 2048 3022 diversum

474 3072 632 3130 atque
655 3061 905 3127 divisum,
934 3074 1031 3126 ego
1064 3068 1241 3111 tamen
1274 3057 1387 3124 ipse
1411 3056 1573 3111 dividi
1600 3066 1655 3112 et
1678 3058 1917 3126 separari
1944 3073 2049 3112 non

2154 1878 2249 1941 per
2281 1880 2523 1928 naturam
2550 1877 2727 1931 carnis
2761 1893 2913 1932 mete.
2942 1877 3008 1933 Et
3036 1895 3154 1934 cum
3196 1881 3264 1934 sit
3288 1878 3416 1936 mihi
3448 1886 3734 1951 utrumque

2152 1966 2453 2034 proprium;
2482 1976 2535 2021 et
2562 1968 2771 2036 corpori
2806 1968 2860 2023 et
2885 1968 3081 2023 anima:
3134 1985 3269 2025 meae
3296 1979 3583 2048 utrumque
3606 1969 3730 2026 alic-

2151 2068 2307 2115 num;
2339 2055 2462 2123 quia
2491 2070 2588 2110 nec
2636 2070 2833 2126 corpus
2881 2059 3074 2112 durum
3129 2058 3379 2115 lat-tumve
3431 2075 3734 2116 sermonem

2151 2144 2436 2213 intelligit,
2470 2160 2568 2200 nec
2596 2148 2770 2201 anima
2799 2147 2994 2217 ﬂagelli
3023 2150 3239 2205 vulnere
3269 2149 3473 2205 livescit
3500 2170 3513 2204 :
3538 2154 3737 2206 utrum-

2151 2250 2257 2305 que
2286 2247 2465 2291 tamen
2493 2252 2779 2293 commune
2797 2250 2878 2294 est
2910 2243 2958 2294 in
2990 2243 3213 2311 meipso,
3239 2248 3293 2297 et
3319 2242 3511 2296 anima:
3536 2251 3589 2297 et
3613 2260 3736 2297 cor-

2152 2326 2268 2394 pori
2296 2342 2448 2393 meo;
2482 2330 2602 2398 quia
2631 2345 2730 2384 nec
2757 2330 2933 2384 anima
2979 2341 3135 2385 extra
3167 2346 3362 2400 corpus
3412 2332 3464 2387 id
3493 2332 3631 2402 quod
3678 2335 3733 2389 ei

2151 2419 2355 2488 sentire
2400 2420 2672 2487 proprium
2726 2420 2899 2475 fuerat
2933 2422 3131 2483 sensit;
3188 2436 3286 2476 nec
3331 2436 3528 2491 corpus
3583 2435 3737 2477 extra

2150 2508 2343 2562 aniinae
2374 2511 2701 2565 consortium
2749 2514 3019 2582 plagarum
3054 2513 3248 2568 iudicia
3299 2514 3548 2584 gestavit.
3579 2515 3733 2579 Quod

2151 2608 2282 2671 ergo
2307 2602 2578 2671 proprium
2612 2603 2739 2657 mihi
2770 2615 2848 2659 est
2876 2606 2924 2657 in
2957 2604 3200 2674 singulis,
3249 2613 3303 2660 ct
3332 2605 3561 2660 alienum
3590 2618 3665 2660 est
3701 2622 3733 2659 a

2160 2691 2404 2761 singulis,
2430 2693 2481 2747 id
2512 2708 2796 2751 commune
2819 2706 2900 2751 est
2932 2696 2984 2750 in
3035 2702 3238 2765 meipso
3291 2696 3539 2767 singulis,
3593 2699 3735 2767 quod

2156 2782 2425 2850 proprium
2447 2791 2528 2837 est
2555 2783 2800 2854 singulis,
2854 2795 2906 2840 et
2942 2788 3115 2839 tamen
3146 2802 3246 2855 ego
3278 2786 3393 2857 ipse
3446 2803 3582 2842 unus
3613 2803 3733 2843 sum

2152 2870 2204 2925 in
2255 2872 2518 2942 utrisque,
2545 2882 2600 2929 et
2642 2875 2693 2930 in
2720 2876 2926 2945 meipso
2985 2877 3379 2944 communibus,
3412 2888 3465 2933 ει
3492 2893 3591 2949 ego
3622 2880 3734 2948 ipse

2155 2979 2291 3019 unus
2314 2981 2431 3019 sum
2460 2967 2511 3020 in
2543 2966 2765 3036 singulis
2793 2968 3139 3038 mihimetipsi
3195 2969 3451 3038 propriis.

2225 3055 2318 3110 lx.
2360 3055 2488 3121 Quae
2510 3070 2630 3110 cum
2655 3058 2725 3111 ita
2751 3057 2881 3122 siut,
2905 3057 3074 3112 series
3107 3056 3261 3113 nobis
3281 3056 3581 3113 divinarum
3613 3074 3736 3130 per-

475 3165 713 3221 possum.
766 3148 842 3203 ita
891 3161 1019 3215 ergo
1054 3155 1110 3201 et
1135 3130 1514 3218 63'Cbristus
1556 3148 1673 3215 ipse
1711 3163 1849 3202 unus
1893 3158 2053 3217 atque
2080 3144 2126 3211 C
2157 3140 2418 3199 curreuda
2436 3156 2515 3201 est
2546 3146 2866 3215 litterarum,
2890 3155 2948 3202 et
2989 3146 3217 3216 plurima
3269 3148 3574 3204 testimonia
3603 3164 3735 3203 con-

476 3240 617 3294 idem
648 3248 731 3293 est
755 3247 810 3293 et
832 3247 1048 3291 creatus
1084 3244 1139 3291 et
1168 3251 1274 3290 non
1301 3246 1515 3291 creatus
1542 3253 1556 3301 ;
1583 3236 1785 3291 habens
1810 3237 2043 3304 initium,

478 3345 529 3387 et
561 3332 707 3384 initio
730 3343 947 3394 carens;
982 3338 1140 3382 aetate
1174 3336 1337 3398 atquc
1372 3329 1643 3384 intellecm
1668 3329 1972 3398 proﬁciens,
1996 3328 2051 3385 ει

479 3422 844 3492 intelligentiae
902 3424 1178 3486 aetatisme
1242 3430 1526 3489 augmenta
1562 3432 1687 3474 ‘non
1756 3420 2048 3489 recipiens;

481 3523 708 3569 mortem
764 3511 1089 3581 perpetiens,
1138 3518 1191 3563 et
1238 3510 1428 3563 mortis
1468 3510 1675 3580 legibus
1715 3526 1820 3565 non
1871 3511 2051 3580 subja-

482 3621 646 3671 cens;
672 3596 906 3658 honores
955 3602 1022 3656 ob
1063 3601 1313 3655 meritum
1350 3601 1643 3671 accipiens,
1693 3610 1747 3655 et
1779 3594 1922 3656 nullo
1951 3603 2048 3656 bo-

477 3713 610 3753 nore
660 3696 904 3764 indigens
937 3713 948 3746 :
979 3703 1033 3748 et
1070 3709 1190 3748 cum
1240 3694 1353 3747 haec
1393 3695 1571 3749 omnia
1603 3693 1811 3749 diversa
1853 3697 1962 3750 sint
1992 3696 2045 3750 in

476 3791 674 3861 seipsa,
707 3790 875 3858 ipsius
908 3798 1083 3843 tamen
1107 3796 1231 3841 sunt
1262 3789 1507 3857 propria;
1536 3798 1590 3843 et
1620 3782 1741 3844 ideo
1766 3803 1948 3857 voces,
1971 3788 2047 3844 al-

481 3881 651 3937 lectus
673 3889 726 3941 et
749 3891 899 3949 gesta
934 3879 1142 3948 utrique
1170 3879 1246 3933 rei
1273 3879 1624 3948 congruentia
1655 3878 1707 3933 in
1737 3880 1917 3950 seipso
1940 3894 2045 3935 non

475 3971 686 4036 dividit,
734 3971 854 4037 quia
894 3969 1062 4040 ipsius
1111 3977 1194 4023 est
1224 3976 1511 4039 utrumque
1552 3969 1694 4040 quod
1733 3964 1923 4032 habet;
1953 3970 2047 4025 sed

475 4079 638 4118 unum
679 4063 756 4117 illi
792 4072 876 4117 est
912 4077 975 4115 ex
1018 4069 1202 4115 natura
1238 4060 1424 4128 Verbi,
1456 4076 1614 4131 quam
1663 4063 1805 4116 Deus
1835 4079 2047 4133 perma-

477 4169 611 4210 nens
641 4169 744 4207 non
793 4149 992 4216 amisit,
1036 4160 1088 4204 et
1115 4148 1255 4204 aliud
1287 4151 1365 4205 illi
1404 4160 1488 4207 est
1524 4167 1593 4207 ex
1628 4162 1816 4207 natura
1847 4155 2045 4218 carnis,

474 4261 632 4317 quam
663 4243 825 4297 homo
858 4242 1026 4296 fat-tus
1063 4241 1334 4312 accepit...

546 4338 682 4391 Vlll.
724 4335 911 4391 Adhuc
938 4334 1179 4389 dicamus
1210 4334 1561 4402 manifestius,
1597 4345 1813 4407 propter
1841 4352 1934 4392 eos
1959 4340 2047 4407 qui

477 4446 574 4501 per
601 4428 921 4496 imperitiam
952 4441 1175 4491 sensus,
1210 4434 1516 4480 naturarum
1564 4429 1939 4497 proprietatem
1995 4442 2047 4484 et

2152 3234 2405 3303 gerenda,
2438 3236 2630 3306 quibus
2670 3237 3088 3305 demonstretur,
3124 3253 3282 3307 quam
3315 3239 3389 3293 si-t
3414 3239 3631 3308 impium
3675 3249 3735 3295 et

2152 3325 2488 3395 sacrilegum,
2514 3341 2576 3381 ea
2606 3342 2727 3397 qua:
2756 3328 2883 3382 sunt
2940 3328 3155 3397 prOpria
3186 3329 3367 3383 carnis
3417 3326 3617 3384 Christi
3663 3326 3735 3384 ad

2157 3423 2359 3470 naturae
2412 3414 2570 3473 Verbi
2625 3418 3002 3487 proprietatem
3045 3414 3288 3486 referre;
3340 3424 3395 3475 et
3438 3435 3558 3489 qua:
3607 3431 3734 3474 sunt

2155 3509 2365 3579 propria
2400 3508 2579 3575 Verbi,
2617 3508 2685 3565 ad
2744 3512 3125 3581 proprietatem
3177 3521 3381 3566 naturae
3417 3511 3595 3566 carnis
3644 3526 3734 3566 as-

2152 3600 2397 3656 cribere:
2451 3608 2501 3656 et
2528 3616 2684 3671 quam
2730 3600 2801 3656 sit
2848 3600 3195 3657 nihilominus
3238 3601 3485 3671 impium,
3515 3610 3576 3656 ea
3606 3617 3732 3671 qua

2152 3698 2279 3746 sunt
2323 3692 2535 3761 propria
2579 3690 2782 3756 carnis,
2835 3704 2936 3761 per
2980 3692 3347 3759 exceptionem
3391 3691 3731 3760 proprietatis

2152 3782 2391 3838 alienare
2415 3796 2443 3835 a
2475 3780 2695 3848 Verbo;
2718 3791 2771 3837 et
2798 3797 2916 3852 qua:
2943 3791 3066 3837 sunt
3105 3782 3314 3851 propria
3342 3780 3503 3836 Verbi
3540 3781 3729 3836 eadem

2152 3874 2482 3941 exceptionis
2512 3873 2628 3943 lege
2651 3873 2889 3927 alienare
2916 3887 2949 3926 a
2970 3887 3133 3927 carne
3157 3888 3172 3937 ;
3196 3886 3317 3925 cum
3336 3870 3405 3927 sit
3424 3872 3502 3926 eis
3524 3884 3736 3925 utrum-

2151 3979 2255 4034 que
2278 3965 2327 4018 iu
2353 3964 2564 4018 Christo
2593 3979 2904 4029 commune,
2934 3971 2989 4018 et
3038 3962 3282 4018 Christus
3320 3964 3390 4016 sit
3426 3970 3733 4031 utrumque.

2153 4055 2483 4127 thuoniam
2515 4056 2670 4109 unius
2699 4064 2908 4110 naturai
2939 4055 3280 4126 professores
3319 4054 3418 4109 hac
3463 4052 3562 4108 sibi
3599 4066 3730 4107 con-

2153 4142 2386 4202 fessione
2413 4142 2781 4210 blandiuntur,
2811 4142 3061 4201 dicentes
3085 4162 3099 4199 :
3133 4142 3268 4212 Quid
3297 4140 3622 4213 impossible
3641 4152 3733 4197 aut

2155 4241 2542 4296 inconveniens
2568 4230 2667 4295 iuit
2691 4236 2984 4309 dignationi
3024 4232 3142 4292 Filii
3195 4232 3313 4300 Dei,
3346 4244 3403 4290 ut
3432 4236 3484 4291 in
3540 4234 3733 4290 natura

2152 4329 2447 4386 divinitatis
2478 4344 2611 4396 sum,
2637 4326 2706 4384 ob
2736 4336 2936 4384 nostra?
2960 4327 3145 4383 salutis
3165 4326 3585 4397 redemptionem
3607 4338 3731 4395 qua:

2153 4424 2317 4477 vellet
2344 4422 2556 4492 indigna
2580 4422 2635 4477 et
2663 4420 2884 4476 humilia
2908 4420 3228 4483 sustineret,
3262 4434 3356 4489 per
3405 4429 3523 4489 quae
3559 4419 3732 4486 magis

476 4520 927 4599 communionem,
987 4516 1434 4586 quemadmodum
1474 4517 1683 4573 dicatur
1741 4519 1792 4572 in
1840 4517 2052 4574 Christo
2082 4517 2128 4575 D
2155 4512 2469 4581 ωηριῑοτεηι
2495 4509 2648 4566 "DNS
2668 4511 2733 4565 ad
2764 4520 2823 4567 se
2862 4506 3186 4581 diligendum
3214 4508 3449 4564 Caritatis
3474 4509 3731 4564 enitare!

482 4632 588 4669 non
617 4611 997 4679 intelligentes,
1038 4610 1295 4679 objiciunt
1343 4620 1395 4663 et
1416 4607 1687 4679 refugiunt.
1709 4614 1821 4667 hare
1849 4613 2050 4668 omnia.

480 4710 759 4766 Diversum
783 4714 862 4759 est
893 4713 1051 4773 atque
1073 4703 1328 4770 al'enum,
1366 4704 1574 4758 initium
1608 4721 1710 4761 non
1742 4707 1957 4776 habere,
1999 4720 2052 4765 ct

482 4814 547 4852 ex
582 4796 733 4849 initio
759 4794 1087 4858 subsistere,
1121 4794 1278 4859 mori,
1319 4803 1373 4849 ει
1420 4797 1553 4850 mori
1601 4812 1703 4849 nou
1750 4813 1911 4868 posse
1944 4819 1955 4852 :
1998 4812 2051 4855 ει

480 4900 655 4942 tamen
688 4888 824 4941 sicut
846 4886 942 4954 ipsi
986 4884 1202 4941 Christo
1220 4888 1492 4957 proprium
1522 4897 1602 4943 est
1634 4898 1932 4961 utrumque,
1976 4894 2049 4946 ita

480 4996 585 5034 non
606 4980 724 5048 ipsi,
749 4978 841 5033 sed
872 4978 922 5031 in
954 4978 1069 5046 ipso
1091 4987 1172 5031 εει
1195 4989 1475 5049 utrumque
1501 4994 1803 5036 commune.
1824 4982 1877 5036 Si
1905 4984 2047 5038 enim

478 5071 740 5132 diramus,
769 5066 888 5136 quia
918 5065 1017 5136 ipsi
1050 5076 1131 5121 est
1165 5081 1465 5136 commune,
1501 5085 1586 5123 net
1602 5084 1719 5124 esse
1746 5080 1827 5124 est
1854 5079 1911 5123 ut
1937 5073 2050 5125 exi-

480 5169 634 5229 gatur
669 5175 696 5212 a
756 5156 909 5211 nobis
938 5155 1068 5211 dare
1095 5167 1149 5211 ει
1179 5158 1463 5212 ostendere
1494 5159 1679 5222 alium,
1707 5173 1826 5213 cum
1863 5174 1967 5229 quo
1999 5160 2051 5214 ei

473 5265 503 5304 δ
526 5262 543 5301 ι
570 5255 667 5303 hoc
697 5250 865 5317 ipsum
888 5261 1208 5313 commune;
1241 5263 1357 5316 qum
1391 5248 1735 5314 professionis
1758 5248 2049 5303 necessitas

476 5339 530 5391 in
570 5337 801 5392 Nestorii
837 5336 1006 5405 vergit
1036 5335 1255 5403 impium
1305 5335 1523 5403 dogma.
1572 5335 1757 5411 Melius
1798 5337 1956 5407 igitur
1993 5347 2048 5393 et

473 5427 740 5482 catholico
762 5425 1006 5490 dicimus,
1034 5426 1084 5479 iu
1109 5427 1223 5495 ipso
1240 5435 1292 5478 et
1321 5440 1425 5478 non
1454 5425 1554 5493 ipsi
1582 5440 1699 5480 esse
1736 5441 2042 5483 commune.

472 5515 745 5573 Iitmelius
772 5517 895 5585 ipsi,
919 5527 972 5572 et
1002 5532 1105 5570 non
1131 5517 1183 5570 in
1207 5517 1323 5585 ipso
1353 5510 1576 5571 dicimus
1600 5517 1869 5586 proprium
1902 5535 2041 5574 esse.

472 5598 611 5676 Ergo
634 5609 901 5676 proprium
933 5618 1016 5662 est
1039 5608 1109 5661 illi
1142 5610 1300 5675 mori,
1334 5616 1549 5678 propter
1580 5619 1819 5663 naturam
1837 5611 2040 5679 carnis,

473 5716 593 5768 quae
626 5701 866 5753 tuortaiis
894 5710 1007 5764 est;
1038 5709 1090 5754 et
1136 5699 1406 5768 promtum
1458 5711 1538 5755 est
1590 5698 1665 5755 illi
1724 5715 1827 5755 non
1886 5704 2045 5767 mori,

2157 4602 2427 4668 allectum,
2460 4610 2521 4655 ea
2554 4612 2652 4671 pro
2683 4600 2837 4656 nobis
2860 4602 2910 4655 iu
2934 4610 3124 4655 natura
3153 4612 3245 4655 sua
3270 4600 3573 4670 perpetiens
3610 4608 3730 4668 que

2155 4693 2203 4745 ei
2228 4695 2520 4760 probantur
2548 4698 2667 4745 εεεε
2688 4690 2904 4760 indigna
2928 4688 2952 4745 ?
2982 4688 3313 4761 Exigendum
3342 4690 3410 4745 ab
3430 4692 3508 4746 eis
3532 4694 3614 4745 est
3633 4703 3733 4745 cur

2156 4780 2202 4836 is
2231 4783 2317 4849 qui
2350 4790 2519 4836 morte
2544 4795 2638 4835 sua
2667 4788 3039 4851 perempturus
3066 4788 3181 4837 erat
3208 4784 3460 4845 mortem,
3490 4781 3629 4835 sicut
3670 4790 3733 4835 et

2155 4874 2414 4945 prbpheta
2443 4874 2783 4942 praedixerat,
2808 4873 2991 4929 dicens
3019 4890 3035 4928 :
3080 4871 3185 4928 Ero
3211 4886 3347 4926 mm
3371 4880 3479 4938 tua,
3533 4887 3562 4925 ο
3591 4884 3730 4925 mars

2155 4960 2332 5038 (Osee,
2362 4976 2475 5028 xm.
2501 4964 2588 5035 Η)
2617 4982 2629 5017 :
2657 4963 2702 5019 si
2731 4964 2830 5019 hoc
2853 4964 2900 5020 ei
2934 4962 3192 5035 possibile
3216 4963 3333 5027 fuit,
3352 4962 3511 5017 idest
3543 4963 3593 5015 in
3636 4972 3703 5016 na

2155 5060 2271 5110 tura
2301 5070 2391 5109 sua
2423 5056 2580 5119 mori,
2613 5050 2739 5126 quid
2767 5056 2815 5111 ei
2835 5068 2969 5126 opus
3015 5063 3133 5111 erat
3183 5054 3249 5110 de
3282 5050 3498 5123 Virgine
3529 5053 3678 5108 nasci
3710 5056 3733 5108 2

2154 5140 2255 5205 Sed
2291 5149 2473 5217 utique
2500 5152 2549 5201 in
2580 5148 2684 5204 hoc
2709 5158 2792 5205 est
2818 5148 3130 5204 admiranda
3160 5148 3279 5217 ejus
3315 5146 3641 5217 benignitas,
3672 5147 3733 5201 in

2153 5239 2257 5294 hoc
2285 5254 2504 5309 magnus
2525 5254 2649 5309 erga
2678 5254 2774 5294 nos
2800 5239 3016 5309 pietatis
3051 5238 3167 5307 ejus
3213 5237 3610 5293 demonstratur
3656 5236 3731 5291 al-

2154 5328 2343 5395 lectus,
2369 5330 2476 5403 65
2504 5338 2562 5385 ut
2590 5332 2710 5401 quia
2733 5338 2878 5383 mors
2898 5330 3013 5399 ejus
3051 5326 3209 5384 nobis
3259 5328 3435 5384 fuerat
3478 5338 3732 5384 necessa-

2154 5424 2258 5489 ‘ria,
2292 5422 2404 5493 ipse
2427 5434 2603 5478 autem
2635 5426 2685 5478 in
2715 5432 2903 5477 natura
2931 5436 3024 5476 sua
3056 5423 3195 5477 mori
3222 5430 3328 5477 non
3360 5428 3587 5491 poterat,
3617 5421 3733 5489 dig-

2154 5523 2307 5569 natus
2330 5525 2410 5569 est
2433 5516 2671 5570 naturam
2697 5526 2933 5570 nostram
2962 5524 3259 5582 assumere,
3290 5516 3343 5569 in
3377 5522 3479 5584 qua
3513 5522 3609 5583 pro
3635 5528 3728 5567 no-

2152 5600 2234 5662 bis
2266 5607 2398 5661 mori
2427 5608 2704 5677 patuisset,
2735 5608 2875 5676 quod
2910 5606 3081 5662 fuerat
3101 5621 3342 5662 necesse.

2232 5698 2297 5754 Χ.
2341 5698 2443 5755 Sed
2475 5698 2831 5754 concedamus
2858 5700 2939 5755 eis
2986 5708 3169 5755 contra
3224 5698 3387 5754 totius
3426 5696 3718 5768 Scriptura
