4044 6184
355 347 449 400 ΗΞ

1662 338 1885 395 VIGILII
1924 337 2294 394 TAPSENSIS

3498 333 3600 389 ΙΗ

348 476 410 512 ex
443 471 664 528 persona
694 456 865 511 Patris
936 455 1090 509 l’nstti
1119 454 1431 526 adjutorium
1465 469 1617 523 super
1648 464 1921 521 potentem,
1954 459 1996 514 A
2026 452 2092 507 de
2117 454 2232 521 ipso
2263 452 2427 505 dicit:
2461 450 2523 503 Et
2552 450 2690 503 dabit
2715 448 2791 503 illi
2820 448 3062 502 Dominus
3084 445 3217 499 Deus
3246 445 3411 499 sedem
3440 444 3603 498 David

349 560 395 603 et
417 550 631 604 exaltari
654 550 862 602 elei-tum
887 550 947 601 de
975 549 1163 611 populo
1186 563 1292 601 meo
1320 546 1492 619 (Psal.
1516 562 1774 611 Lxxxvtn,
1799 548 1914 617 20).

350 638 415 691 Et
430 638 619 692 Petrus
633 638 698 691 de
715 639 856 705 ipso:
874 636 1137 703 Lapidem,
1155 636 1342 704 inquit,
1358 636 1419 688 ab
1444 637 1727 690 hominibus
1745 652 1920 705 repro-

350 728 546 792 batum,
566 743 595 778 a
618 726 727 779 Deo
748 736 913 779 autem
941 728 1147 779 electura
1169 733 1213 777 et
1234 726 1509 794 pretiosum
1527 724 1579 796 (ι
1604 724 1746 778 Petr.
1764 742 1823 789 tt,
1840 725 1916 796 4).

350 814 617 882 Numquid
645 813 732 866 Dei
770 813 933 866 Filius
961 827 1022 865 ex
1056 828 1115 865 ra
1147 821 1328 865 natura
1365 814 1475 884 68
1510 828 1611 883 qua
1647 815 1787 867 Deus
1814 824 1917 881 est,

350 913 401 954 et
437 915 540 953 non
570 915 636 953 ex
684 899 770 951 illa
816 900 992 968 potius
1031 914 1130 965 qua
1175 900 1337 953 homo
1379 907 1547 955 Iactus
1590 912 1693 967 est,
1722 903 1924 956 electus

351 990 546 1056 poterit
573 988 860 1056 appellari;
896 996 951 1041 ut
994 987 1117 1040 inde
1150 995 1333 1041 natura
1365 988 1658 1043 divinitatis
1701 990 1927 1058 eligere—

351 1090 437 1133 tur
458 1121 471 1142 ,
504 1094 621 1146 qua:
649 1092 751 1131 una
780 1087 863 1131 est
891 1085 946 1129 et
972 1093 1090 1145 qua:
1120 1078 1170 1130 in
1206 1077 1445 1145 pluribus
1477 1093 1581 1132 non
1623 1088 1795 1147 potest
1835 1079 1929 1133 de-

355 1167 562 1234 putari?
597 1167 732 1220 Dicit
756 1167 896 1220 enim
930 1167 1166 1220 Ecclesia
1205 1168 1256 1220 in
1298 1166 1516 1223 Cantico
1545 1168 1885 1223 Canticorum
1914 1186 1926 1221 :

355 1257 644 1312 Fratruelis
674 1274 836 1319 meus,
868 1258 1057 1311 electus
1088 1260 1148 1310 tle
1175 1258 1407 1325 pluribus
1434 1258 1609 1329 (Cant.
1633 1274 1685 1323 v,
1721 1259 1831 1324 10).
1866 1258 1933 1310 Et.

356 1351 511 1400 Pater
536 1365 549 1400 :
570 1346 809 1400 Exaltavi
830 1349 1041 1400 electum
1065 1348 1129 1399 de
1150 1348 1340 1414 populo
1359 1364 1466 1401 meo
1487 1348 1653 1417 (Psal.
1675 1362 1929 1413 Lxxxvm,

352 1437 467 1501 9.0).
504 1438 673 1490 Dicite
712 1437 903 1504 igitur.
934 1452 966 1488 o
996 1451 1092 1490 vos
1132 1436 1289 1489 unius
1333 1446 1537 1489 natura:
1575 1436 1929 1505 professores,

352 1542 473 1580 cum
520 1541 620 1579 una
658 1526 727 1578 sit
761 1526 850 1578 Dei
892 1534 1101 1591 natura,
1131 1524 1399 1593 quomodo
1435 1526 1521 1579 vel
1560 1523 1699 1579 unde
1728 1524 1935 1579 dicatur

354 1615 562 1668 electa?
606 1614 723 1681 quis
767 1612 854 1666 illa
904 1613 1150 1680 superior
1194 1614 1367 1683 potuit
1408 1628 1526 1668 eam
1575 1613 1644 1668 de
1698 1613 1936 1681 pluribus

354 1703 588 1773 eligere?
616 1704 697 1757 An
728 1703 864 1757 forte
893 1703 1003 1772 ipsa
1030 1702 1098 1757 de
1121 1703 1298 1757 medio
1328 1704 1507 1772 populi
1533 1718 1656 1758 sese
1683 1703 1862 1771 eli-git,
1884 1710 1941 1757 et

2027 545 2182 610 patris
2213 542 2308 607 sui,
2339 551 2387 595 et
2411 541 2637 610 regnabit
2662 543 2715 593 in
2745 541 2894 594 domo
2919 539 3096 599 Jacob.
3125 547 3171 591 et
3195 538 3339 605 regni
3364 540 3477 609 ejus
3504 554 3604 590 non

2025 634 2119 685 erit
2145 632 2260 701 ﬁnis
2278 631 2425 704 (Luc.
2449 644 2490 696 ι,
2514 630 2623 699 52).
2652 631 2729 684 Ad
2762 630 2927 684 David
2949 644 3161 697 quoque
3179 629 3278 681 ista
3299 634 3425 680 sunt
3445 627 3604 680 verba

2026 719 2199 774 Patris
2246 720 2311 773 de
2355 719 2510 784 ipso:
2538 717 2615 772 De
2646 720 2814 787 fructu
2869 718 3053 772 t'entris
3099 717 3173 769 tui
3224 729 3413 783 ponant
3456 729 3609 782 super

2028 816 2193 866 sedem
2232 824 2373 864 tuam
2413 812 2583 881 (Psal.
2629 828 2812 875 cxsxr,
2848 813 2953 879 11).
3002 813 3129 865 Item
3174 827 3188 863 :
3228 809 3294 863 Et
3340 826 3524 878 ponam
3554 810 3606 862 in

2027 902 2267 954 oraculum
2296 900 2470 955 sceculi
2499 901 2666 955 sedem
2695 902 2827 967 ejus.
2854 911 2901 953 et
2929 899 3169 953 thronum
3195 901 3310 970 ejus
3339 900 3470 952 sicut
3498 899 3607 952 dies

2030 991 2139 1044 caeli
2170 990 2355 1059 (Psal.
2394 1005 2658 1055 Luxu",
2695 988 2819 1060 50).
2872 989 2935 1042 Et
2981 989 3372 1059 primogenitum
3423 1002 3610 1055 ponam

2030 1080 2204 1144 illum,
2247 1080 2499 1133 excelsum
2538 1096 2645 1150 pra:
2678 1080 2877 1151 regibus
2930 1090 3077 1133 teme
3135 1078 3316 1150 (Psal.
3355 1094 3609 1143 Lxxxvnt,

2030 1167 2148 1236 9.8).
2192 1168 2319 1222 Item
2346 1185 2360 1223 :
2385 1169 2570 1223 Manus
2625 1169 2757 1223 enim
2804 1185 2919 1222 mea
2955 1170 3291 1223 auxiliabitur
3331 1169 3395 1232 ei,
3420 1178 3466 1222 et
3496 1170 3611 1222 bra-

2033 1258 2203 1310 chium
2232 1274 2399 1311 meum
2427 1259 2732 1328 confortubit
2761 1276 2872 1312 eum
2897 1258 3071 1327 (Psat.
3101 1275 3357 1326 unum,
3385 1259 3499 1330 22).
3545 1260 3614 1314 Et

2035 1364 2221 1416 ponam
2241 1348 2293 1399 in
2318 1351 2444 1401 mari
2472 1365 2681 1402 manum
2709 1350 2838 1418 ejus,
2868 1357 2914 1403 et
2945 1350 2999 1401 in
3026 1350 3323 1418 ﬂuminibus
3352 1350 3615 1403 dexteram

2036 1442 2147 1506 ejus
2173 1436 2344 1505 (Psal.
2372 1455 2629 1506 Lxxxvnt,
2648 1439 2761 1506 26).
2790 1438 2858 1492 Et
2879 1441 3219 1494 dominabitur
3248 1458 3279 1494 a
3306 1442 3437 1494 mari
3460 1458 3617 1511 usque

2037 1528 2104 1578 ad
2138 1543 2297 1591 mare,
2326 1539 2373 1581 et
2411 1545 2442 1581 a
2478 1531 2693 1595 [lumine
2736 1545 2892 1597 usque
2919 1529 2987 1581 ad
3031 1530 3268 1585 terminos
3297 1530 3433 1585 orbis
3467 1540 3618 1584 terra:

2040 1614 2212 1685 (Psal.
2245 1634 2387 1682 Lm,
2416 1620 2496 1684 8).
2532 1621 2592 1673 Et
2630 1620 2793 1673 David
2824 1620 2891 1674 de
2923 1621 3037 1687 ipso
3062 1621 3127 1675 ad
3166 1622 3415 1675 Patrem:
3441 1620 3620 1676 Gloria

2040 1714 2087 1757 et
2138 1705 2329 1759 honore
2372 1709 2627 1761 coronasti
2678 1725 2827 1771 cum,
2870 1717 2915 1762 et
2962 1710 3266 1763 constituisti
3309 1726 3427 1763 eum
3472 1726 3620 1778 super

354 1808 654 1861 quanquam
680 1806 840 1846 nemo
866 1792 1099 1860 seipsum
1120 1791 1279 1860 eligat
1300 1803 1352 1846 et
1372 1803 1555 1860 aperte
1573 1792 1730 1862 hujus
1751 1793 1938 1847 electio
1970 1819 2015 1877 B
2044 1811 2199 1862 opera
2241 1812 2484 1849 manuum
2525 1810 2746 1851 tuarum.
2797 1796 2983 1851 Omnia
3010 1800 3267 1867 subjecisti
3294 1802 3384 1853 sub
3413 1800 3621 1870 pedibus

356 1899 386 1937 a
422 1885 471 1935 υ.
495 1900 526 1936 ο
559 1883 692 1936 facta
715 1897 836 1936 esse
863 1881 1092 1946 dicatur,
1118 1890 1296 1937 tamen
1323 1883 1367 1936 si
1396 1883 1508 1951 ipsa
1540 1899 1600 1937 se
1635 1882 1939 1937 novissimis

361 1977 693 2044 temporibus
736 1974 929 2044 elegit,
976 1977 1026 2028 in
1066 1976 1211 2028 omni
1254 1974 1347 2029 illo
1384 1975 1649 2043 superiori
1700 1985 1941 2042 tempore

358 2073 564 2124 incerta
596 2069 691 2122 fuit
720 2080 774 2123 et
814 2068 1105 2138 ittCognila,
1137 2068 1316 2136 populi
1354 2077 1408 2122 et
1443 2068 1709 2122 sociorum
1752 2068 1937 2122 conin-

360 2161 513 2215 sione
539 2162 817 2228 permixta,
852 2158 917 2211 de
948 2172 1174 2226 quorum
1205 2157 1480 2212 consortio
1508 2157 1629 2225 eligi
1668 2167 1721 2212 et
1756 2165 1942 2212 sancto

364 2251 563 2317 Spiritu
594 2250 714 2318 ungi
756 2249 1144 2315 meruit?Quia
1192 2248 1354 2301 David
1405 2248 1515 2300 ait:
1545 2245 1704 2302 Unsit
1748 2257 1793 2301 te
1835 2262 1943 2316 prte

362 2338 681 2391 consortibus
712 2340 809 2391 tuis
833 2337 1001 2407 (Psal.
1034 2353 1178 2402 suv,
1205 2338 1281 2406 8).
1329 2338 1554 2406 Eligitur
1582 2353 1730 2408 ergo,
1762 2347 1818 2393 et
1847 2354 1945 2393 un-

362 2432 537 2499 gitur,
568 2440 619 2484 et
665 2445 825 2496 super
867 2444 927 2483 se
977 2429 1133 2484 habet
1178 2429 1433 2498 Spiritum
1480 2440 1721 2484 sanctum
1765 2429 1945 2485 divina

367 2531 579 2575 natura.
621 2521 767 2584 Dedi,
795 2521 987 2590 inquit,
1023 2521 1276 2588 Spiritum
1316 2539 1479 2576 meum
1518 2539 1671 2594 super
1698 2539 1812 2577 eum
1840 2522 1942 2595 (Is.

368 2625 500 2673 xm,
528 2610 602 2679 1).
633 2611 694 2663 Et
719 2611 833 2680 ipse
855 2609 1021 2663 Filius
1047 2627 1058 2662 :
1086 2609 1334 2679 Spiritus,
1357 2612 1548 2680 inquit.
1571 2609 1779 2666 Domini
1797 2630 1948 2680 super

365 2714 465 2761 me,
499 2708 698 2769 propter
723 2701 857 2767 quod
888 2701 1033 2752 unxit
1062 2716 1139 2752 me
1168 2700 1317 2772 (Luc.
1345 2716 1416 2765 tv,
1451 2702 1557 2770 18).
1589 2702 1651 2756 Et
1679 2704 1948 2770 quomodo

365 2790 585 2859 aequalis
613 2799 695 2843 est
723 2788 856 2843 Filio
887 2789 1121 2858 Spiritus
1156 2799 1393 2856 sanctus,
1418 2806 1539 2847 cum
1580 2807 1743 2862 super
1773 2794 1945 2862 ipsum

366 2893 488 2933 esse
539 2878 910 2932 describatur?
959 2879 1092 2933 Dicit
1142 2888 1317 2934 autem
1365 2879 1431 2935 de
1476 2880 1595 2952 ipso
1646 2883 1805 2937 Isaias
1836 2900 1851 2940 :
1880 2882 1946 2937 Et

367 2967 639 3035 requiescet
664 2984 813 3038 super
837 2984 949 3021 eum
993 2968 1217 3039 Spiritus
1247 2968 1485 3036 Domini,
1508 2984 1551 3024 et
1583 2972 1805 3042 implebit
1832 2990 1948 3028 eum

368 3058 592 3131 Spiritus
618 3059 880 3129 sapientia:
914 3059 1066 3129 (lsai.
1100 3076 1173 3122 χι,
1197 3060 1281 3130 2).
1329 3060 1393 3114 Et
1427 3061 1595 3115 Lucas
1625 3061 1678 3116 in
1710 3063 1950 3132 Evange-

368 3151 442 3204 Iio
467 3168 479 3202 :
505 3150 643 3204 Puer
679 3159 843 3202 autem
887 3149 1155 3214 crescebat,
1186 3159 1231 3202 et
1261 3150 1662 3219 confortabatur,
1694 3160 1739 3205 et
1770 3152 1947 3222 imple¢
1975 3179 2022 3242 ο

367 3243 516 3293 batur
558 3239 806 3309 sapientia
855 3237 1002 3306 (Luc.
1050 3252 1089 3302 ι,
1145 3236 1244 3304 80;
1300 3253 1356 3304 ιι,
1414 3236 1528 3308 5‘2).
1579 3238 1728 3295 Unde
1757 3242 1951 3299 'mani-

368 3331 561 3383 festum
595 3338 674 3382 est
707 3326 898 3381 Filium
930 3325 1022 3379 Dei
1054 3341 1159 3380 non
1192 3327 1486 3382 secundum
1515 3336 1755 3384 naturam
1787 3329 1948 3388 Verbi

368 3418 489 3487 eligi
522 3419 587 3470 de
620 3416 887 3486 pluribus,
909 3424 1002 3469 aut
1029 3416 1341 3483 conl’ortari,
1370 3426 1460 3473 aut
1500 3417 1709 3484 impleri
1739 3423 1951 3491 sapien-

370 3508 462 3562 tia.
492 3506 607 3562 Non
638 3506 782 3562 enim
810 3513 1014 3560 natura:
1041 3504 1198 3560 Verbi
1229 3514 1313 3561 est
1340 3506 1653 3573 confortari,
1685 3524 1805 3563 cum
1837 3510 1947 3580 ipsa

370 3597 439 3651 sit
474 3598 679 3658 virtus;
708 3610 808 3650 nec
847 3595 1125 3650 crescendi
1169 3605 1454 3665 augmenta
1494 3597 1799 3666 suscipere,
1826 3614 1946 3654 cum

369 3685 603 3755 perfecta
627 3686 695 3741 sit
715 3686 769 3740 in
794 3685 1000 3754 seipsa;
1032 3698 1128 3739 nec
1150 3685 1409 3754 sapientia
1435 3684 1665 3754 impleri,
1690 3701 1809 3741 cum
1837 3687 1947 3758 ipsa

371 3777 588 3846 impleat
628 3774 834 3841 omnia;
868 3789 965 3829 nec
1008 3773 1124 3843 ejus
1159 3783 1243 3829 est
1277 3773 1438 3844 eligi,
1469 3789 1588 3829 cum
1630 3775 1746 3844 ipsa
1784 3777 1950 3846 magis

371 3866 551 3935 eligat,
577 3874 630 3921 et
660 3864 801 3919 unde
829 3864 1057 3933 eligatur
1084 3878 1189 3917 non
1230 3862 1445 3920 habeat.
1481 3864 1611 3932 Quia
1644 3880 1772 3936 ergo
1801 3867 1948 3921 verbi

372 3965 578 4010 natura:
616 3956 717 4009 ista
762 3970 866 4007 non
911 3954 1235 4009 conveniunt
1272 3954 1325 4009 In
1368 3952 1616 4020 Christo,
1645 3956 1791 4011 carni
1833 3957 1950 4025 ejus

372 4053 667 4116 congruant
702 4058 923 4099 necesse
950 4052 1055 4111 est,
1078 4043 1373 4099 secundum
1413 4060 1573 4115 quam
1599 4044 1720 4113 jure
1755 4045 1950 4102 dicitur

372 4150 561 4190 servus
598 4135 824 4201 electus,
848 4134 970 4201 jure
1015 4130 1368 4198 confortatus,
1396 4134 1517 4203 jure
1555 4134 1817 4202 sapientia
1847 4134 1945 4189 im-

372 4227 567 4295 pletns,
593 4224 714 4294 jure
752 4224 1023 4289 crevisse,
1047 4222 1170 4293 jure
1209 4224 1465 4295 Spiritum
1505 4236 1748 4281 sanctum
1789 4241 1951 4296 super

373 4329 432 4368 se
459 4314 677 4368 habere.

446 4402 585 4457 XIII.
634 4401 784 4468 Quod
837 4409 894 4453 ut
936 4398 1115 4455 adhuc
1162 4400 1465 4457 evidentius
1518 4401 1736 4464 clareat,
1786 4418 1950 4473 pauca

375 4491 770 4544 subnectemus.
821 4488 954 4541 Dicit
1003 4488 1070 4542 de
1117 4502 1183 4543 eo
1227 4489 1387 4544 Isaias
1423 4508 1433 4542 :
1474 4487 1779 4558 Priusquam
1824 4492 1951 4545 sciat

377 4596 501 4648 puer
552 4594 787 4645 respuere
840 4576 1030 4629 malum
1078 4586 1125 4630 et
1171 4578 1357 4647 eligere
1408 4579 1591 4631 bonum
1628 4551 1653 4633 τ’
1683 4592 1951 4651 antequam
1980 4551 2031 4613 Β

377 4676 648 4737 cognoscat
670 4682 794 4738 puer
820 4682 1001 4720 vocare
1032 4676 1225 4734 patrem
1249 4676 1337 4720 aut
1364 4675 1593 4731 matrem,
1619 4670 1829 4737 accipiet
1859 4671 1953 4724 vir-

379 4771 533 4814 tutcm
558 4759 795 4813 Damasci
822 4768 868 4813 et
898 4761 1063 4827 spolia
1088 4759 1339 4813 Samaria
1368 4757 1523 4825 (Isai.
1550 4760 1758 4830 vm,4).
1788 4761 1953 4818 Num-

379 4848 503 4917 quid
533 4850 644 4920 69
679 4862 922 4903 naturam
964 4848 1118 4902 Verbi
1151 4857 1310 4903 tantae
1348 4848 1607 4904 audemus
1637 4850 1953 4919 ignorantia!

379 4940 661 5007 subjicere,
698 4940 785 4993 cui
837 4952 934 4992 nec
980 4939 1284 5007 praeterita,
1324 4952 1424 4994 nec
1474 4938 1645 4992 futura
1692 4938 1954 4996 habentur

379 5031 620 5084 occulta?
666 5030 726 5083 Et
776 5033 967 5083 iterum
1017 5027 1407 5083 Lucaszlesus
1444 5039 1613 5083 autem
1662 5032 1956 5101 proficiebat

380 5129 550 5183 a'tute,
580 5129 626 5172 et
672 5118 942 5184 sapientia,
976 5127 1026 5171 et
1071 5119 1236 5188 gratia
1288 5119 1429 5187 apud
1461 5118 1622 5173 Deum
1651 5129 1698 5172 et
1726 5122 1956 5177 homines

383 5209 532 5278 (Luc.
565 5225 621 5274 ιι,
654 5208 765 5278 52).
798 5207 854 5262 Si
888 5207 1043 5262 Verbi
1073 5209 1124 5262 itt
1156 5224 1221 5263 eo
1252 5210 1564 5278 proficiebat
1592 5221 1800 5277 natura,
1824 5228 1953 5283 ergo

382 5304 650 5358 mutabilis
676 5303 809 5357 facta
832 5312 913 5357 est
936 5318 1029 5367 per
1053 5303 1348 5371 profectum
1366 5321 1378 5357 :
1397 5306 1537 5372 quod
1565 5306 1704 5357 enim
1726 5306 1954 5374 prolicit,

383 5401 616 5445 mutatur
651 5394 701 5446 in
751 5392 960 5447 melius.
1009 5394 1083 5447 De
1130 5403 1393 5462 potestate
1442 5408 1653 5462 quoque
1693 5404 1747 5448 et
1789 5396 1956 5460 gloria

384 5480 530 5547 regni
561 5491 613 5534 et
645 5481 827 5549 judicii
875 5482 1213 5547 auctoritate,
1254 5496 1412 5548 quam
1458 5496 1527 5534 ex
1584 5489 1848 5548 tempore,
1888 5484 1955 5537 ob

385 5577 631 5627 meritum
663 5575 948 5642 passionis,
975 5574 1266 5629 secundum
1316 5582 1558 5626 naturam
1589 5574 1766 5627 carnis
1803 5589 1958 5628 acce-

386 5666 480 5734 pit,
502 5665 735 5721 bretitcr
760 5665 934 5734 aliqua
956 5666 1215 5722 dicamus.
1241 5664 1457 5721 Gabriel
1489 5665 1541 5719 in
1567 5664 1852 5735 Evangelio
1884 5665 1956 5720 ita

2043 1885 2154 1952 ejus
2200 1884 2371 1951 (Psal.
2403 1901 2515 1951 vttt,
2554 1886 2630 1957 6).
2678 1887 2846 1942 Item:
2874 1887 3099 1943 Posuisti
3136 1906 3289 1957 super
3333 1902 3483 1961 caput
3511 1893 3623 1961 ejus

2041 1987 2279 2024 coronam
2322 1974 2386 2028 de
2432 1975 2603 2041 lapide
2642 1977 2882 2046 pretioso.
2940 1976 3109 2031 Vitam
3154 1979 3317 2045 petiit,
3348 1988 3395 2032 et
3437 1979 3623 2033 dedisti

2042 2064 2086 2114 ei
2116 2063 2484 2131 longitudinem
2523 2066 2719 2119 dierum
2747 2066 2801 2119 in
2826 2068 3069 2121 saxulum
3106 2068 3280 2122 saculi
3311 2066 3492 2138 (Psal.
3524 2085 3614 2128 xx,

2044 2154 2121 2224 4).
2152 2156 2314 2211 Juxta
2347 2156 2476 2211 illud
2503 2156 2685 2211 Isaiae:
2713 2156 2773 2209 Si
2799 2157 3069 2209 tradiderit
3091 2156 3143 2210 in
3166 2167 3375 2210 mortem
3403 2158 3625 2210 animum

2044 2261 2210 2311 suam,
2241 2246 2423 2300 videbit
2453 2262 2620 2301 semen
2648 2246 2931 2315 longtevum
2970 2245 3125 2315 (lsai.
3158 2262 3269 2312 Lm,
3303 2247 3408 2316 10).
3443 2248 3572 2302 Item
3601 2266 3616 2300 :

2049 2332 2266 2403 Pr0pter
2288 2336 2565 2399 veritatem,
2589 2346 2635 2389 et
2663 2335 3113 2399 mansuetudinem,
3146 2347 3192 2388 et
3213 2336 3470 2406 justitiam
3500 2353 3622 2404 pro-

2044 2425 2163 2478 cede
2188 2433 2236 2478 et
2264 2441 2420 2496 regna
2458 2423 2632 2497 (Psal.
2663 2440 2807 2488 κων,
2849 2424 2926 2492 5).
2966 2424 3027 2477 Et
3069 2423 3251 2478 Daniel
3278 2441 3291 2476 :
3319 2422 3431 2493 Ipsi
3470 2426 3622 2480 datus

2046 2524 2119 2566 est
2147 2514 2480 2584 principatus,
2510 2514 2672 2567 honor
2710 2521 2756 2567 et
2800 2528 3009 2582 regnum
3042 2511 3202 2581 (Dan.
3236 2528 3325 2576 ιιι.
3362 2514 3468 2583 14).
3498 2514 3626 2581 Qute

2047 2603 2223 2657 omnia
2253 2617 2348 2657 cur
2372 2603 2637 2671 acceperit
2667 2617 2770 2656 non
2802 2611 3025 2655 tacetur.
3066 2602 3197 2655 Nam
3231 2601 3343 2671 ipse
3374 2605 3623 2658 met-itum

2054 2701 2214 2745 tanta:
2243 2693 2515 2762 dignitatis
2562 2702 2795 2761 accepta:
2821 2694 3226 2755 demonstrans,
3255 2693 3365 2747 ait:
3400 2692 3627 2749 Vincenti

2050 2790 2097 2833 et
2126 2783 2343 2836 sert'anti
2372 2799 2524 2853 opera
2564 2799 2673 2835 mea
2709 2799 2865 2851 usque
2904 2789 2954 2835 ln
3001 2784 3150 2851 finem
3179 2784 3308 2836 dabo
3335 2795 3627 2853 potestatem

2050 2886 2201 2940 super
2242 2882 2453 2942 gentes:
2487 2880 2534 2926 et
2594 2881 2728 2941 reget
2772 2888 2857 2925 eas
2900 2874 2951 2924 in
2990 2873 3132 2943 t'irga
3184 2872 3376 2937 ferrea,
3407 2875 3540 2927 sicut
3581 2884 3628 2927 ιρι

2050 2978 2139 3031 ego
2168 2964 2338 3033 accepi
2362 2980 2393 3015 α
2420 2963 2575 3018 Putre
2605 2980 2712 3018 meo
2749 2964 2933 3033 (Apoc.
2963 2979 3035 3027 ιι,
3063 2963 3273 3034 26-28).
3319 2965 3447 3019 Item
3478 2981 3492 3018 :
3528 2966 3626 3032 Qui

2051 3052 2244 3115 vicerit,
2277 3051 2407 3105 dabo
2437 3053 2481 3106 ei
2501 3053 2674 3106 sedere
2702 3069 2887 3106 mecum
2919 3054 2972 3107 in
2997 3054 3113 3108 sede
3150 3070 3279 3118 mea,
3307 3056 3437 3107 sicut
3465 3067 3510 3107 et
3535 3072 3626 3126 ego

2050 3138 2166 3201 oici,
2189 3150 2233 3192 et
2262 3141 2369 3193 sedi
2397 3157 2507 3193 cum
2552 3140 2706 3195 Patre
2732 3157 2845 3195 meo
2885 3143 2936 3195 in
2967 3142 3088 3196 sede
3132 3142 3292 3211 ipsius
3322 3144 3505 3214 (Apoc.
3544 3161 3623 3209 nt,

2051 3228 2164 3297 21).
2198 3227 2292 3283 Cui
2332 3229 2564 3284 victoriae
2603 3232 2776 3284 omnis
2816 3230 3073 3285 cmlurutn
3105 3232 3371 3287 exercitus
3409 3241 3627 3287 attesta-

2053 3328 2155 3381 tur,
2188 3318 2371 3374 dicens
2401 3338 2414 3373 :
2450 3319 2643 3388 Dignus
2662 3329 2734 3373 cst
2764 3319 2936 3390 Agnus
2965 3321 3053 3389 qui
3082 3322 3275 3373 occisus
3305 3330 3378 3375 est
3403 3326 3627 3391 accipere

2050 3409 2288 3478 gloriam,
2320 3420 2364 3463 et
2394 3408 2654 3476 honorem,
2682 3419 2730 3463 et
2753 3410 3075 3479 sapientiam,
3105 3418 3150 3463 et
3180 3410 3551 3482 fortitudinem,
3579 3422 3627 3467 et

2051 3511 2339 3569 potestatem
2371 3502 2550 3571 (Apoc.
2582 3517 2629 3566 ν,
2664 3503 2775 3571 12).
2823 3502 2946 3555 Htec
2972 3501 3040 3557 de
3068 3504 3214 3572 regni
3245 3507 3413 3574 gloria
3444 3516 3498 3562 et
3527 3522 3624 3576 po-

2054 3602 2263 3657 testate,
2292 3609 2449 3661 quam
2479 3607 2542 3644 ex
2573 3600 2811 3659 tempore
2860 3592 2932 3646 ob
2961 3595 3207 3647 meritum
3240 3597 3502 3663 passionis
3531 3597 3625 3653 Dei

2053 3681 2214 3736 Filius
2262 3682 2557 3736 secundum
2614 3692 2853 3735 naturam
2885 3682 3062 3735 carnis
3093 3696 3203 3735 sum
3248 3686 3473 3753 accepit,
3503 3701 3625 3740 cum

2051 3772 2158 3842 70
2186 3772 2474 3827 secundum
2520 3770 2675 3825 Verbi
2721 3781 2959 3825 naturam
3009 3772 3139 3825 nihil
3176 3775 3380 3842 eguerit
3410 3775 3625 3843 borum,

2052 3862 2285 3926 bruiter
2305 3861 2617 3916 dixerimus.
2641 3860 2790 3915 Nunc
2817 3862 2883 3915 de
2906 3861 3092 3930 judicii
3114 3864 3428 3919 auctoritate
3455 3866 3627 3919 multo

2054 3951 2269 4005 brevius
2296 3951 2557 4007 dicamus.
2586 3951 2900 4021 Quanquam
2936 3951 2988 4005 in
3026 3952 3155 4007 sede
3178 3955 3325 4025 regni
3353 3970 3458 4010 non
3486 3956 3627 4011 aliud

2051 4055 2208 4109 quam
2237 4039 2440 4095 Judicis
2464 4042 2751 4094 auctoritas
2774 4041 3255 4096 demonstraretur.

2123 4128 2260 4183 XIV.
2293 4129 2560 4199 PrOpIteta
2601 4145 2727 4198 ergo
2760 4131 2836 4183 sic
2868 4130 2934 4186 de
2972 4131 3087 4200 ipso
3113 4130 3178 4185 ad
3212 4130 3419 4187 Patrem
3457 4132 3628 4203 loqui-

2055 4229 2178 4274 tur:
2204 4217 2362 4283 Deus,
2396 4219 2650 4289 judicium
2692 4227 2833 4272 tuum
2853 4219 2960 4289 regi
3003 4219 3090 4285 da,
3113 4228 3161 4272 et
3194 4221 3449 4291 justitiam
3486 4232 3629 4275 tuam

2052 4309 2163 4375 lilio
2186 4307 2314 4379 regis
2337 4307 2503 4378 (Psal.
2540 4324 2682 4372 aut,
2712 4308 2783 4379 I).
2816 4307 2883 4362 Et
2907 4307 3020 4376 ipse
3047 4326 3059 4361 :
3092 4306 3215 4363 Cum
3242 4326 3481 4379 accepero
3504 4321 3629 4365 tem-

2053 4414 2168 4468 pus,
2208 4413 2300 4468 ego
2332 4398 2564 4470 justitias
2599 4398 2847 4470 judicabo
2892 4396 3065 4471 (Psal.
3117 4414 3295 4465 LXXtv,
3335 4399 3418 4465 3).
3470 4401 3533 4456 Et
3574 4403 3627 4457 in

2056 4487 2347 4556 Evangelio
2373 4504 2386 4541 :
2412 4486 2741 4552 Potestatem,
2774 4488 2962 4558 inquit,
2987 4489 3126 4542 dedit
3177 4490 3224 4543 ei
3259 4490 3518 4562 judicium
3543 4492 3629 4562 fa-

2055 4580 2241 4648 ciendi,
2273 4582 2512 4651 quoniam
2548 4578 2718 4635 Filius
2758 4582 2976 4636 hominis
2995 4590 3068 4634 est
3093 4581 3272 4653 (Joan.
3304 4597 3356 4645 v.
3385 4582 3498 4654 27).
3524 4584 3631 4639 IIo-

2055 4686 2171 4725 rutn
2224 4686 2499 4725 sacrorum
2552 4671 2887 4740 eloquiorum
2944 4671 3216 4726 meliorem
3255 4671 3627 4742 interpretem,

2054 4774 2211 4830 quam
2262 4759 2437 4828 ipsum
2494 4759 2775 4813 Dominum
2822 4774 2927 4814 non
2970 4759 3306 4828 invenimus,
3337 4762 3428 4832 qui
3476 4763 3632 4818 nobis

2057 4859 2324 4904 tantorum
2355 4848 2614 4903 bonorum
2646 4848 2858 4903 sibimet
2880 4849 3193 4905 collatorum
3219 4865 3409 4906 causas
3435 4863 3490 4907 et
3518 4868 3631 4908 me-

2055 4943 2216 4995 ritum
2248 4940 2424 4993 valeat
2462 4953 2725 4995 reserare.
2760 4937 2947 4995 Cesset
2984 4941 3158 4996 omnis
3202 4941 3446 4997 humana:
3476 4958 3632 5013 argu-

2059 5031 2401 5088 mentationis
2428 5030 2716 5095 calliditas,
2743 5045 2842 5085 nec
2869 5046 2928 5085 se
2956 5031 3148 5085 audeat
3177 5032 3420 5101 imperita
3446 5033 3632 5102 peritia

2059 5126 2196 5177 ultra
2254 5122 2467 5177 modum
2518 5121 2709 5177 divina:
2755 5120 3105 5191 expositionis
3151 5121 3464 5177 extendere.
3512 5122 3632 5191 Ipse

2060 5213 2154 5267 Dei
2203 5211 2373 5266 Filius
2413 5225 2568 5265 sacro
2610 5210 2900 5265 divinitat's
2939 5224 3033 5265 ore
3078 5210 3382 5278 perdocent,
3415 5225 3511 5265 cur
3548 5209 3633 5265 vel

2060 5302 2349 5357 Secundum
2395 5301 2517 5370 quid
2560 5301 2720 5355 tantis
2762 5300 2919 5354 fuerit
2948 5315 2977 5351 a
3005 5299 3160 5354 Patre
3187 5300 3504 5355 sublimatus
3537 5299 3634 5353 ho-

2060 5391 2299 5456 noribus,
2327 5391 2415 5459 qui
2447 5391 2524 5445 sic
2546 5390 2851 5444 incarnatus
2883 5388 3042 5444 homo
3074 5388 3240 5443 factus
3268 5398 3370 5451 est,
3404 5398 3459 5443 ut
3484 5389 3538 5443 in
3578 5389 3632 5444 id

2060 5484 2198 5556 quod
2250 5494 2366 5539 erat
2416 5484 2816 5539 immutabiliter
2873 5498 3211 5553 permanens,
3257 5485 3389 5539 nihil
3443 5500 3632 5540 eorum

2059 5576 2329 5630 amitteret
2378 5593 2495 5644 quae
2549 5579 2693 5646 prius
2742 5578 2986 5633 habebat.
3043 5580 3191 5635 Dicat
3245 5594 3396 5651 ergo,
3429 5595 3524 5634 cur
3564 5594 3631 5635 ex

2062 5674 2299 5736 tempore
2329 5676 2645 5736 potestatem
2676 5668 2963 5740 acceperit,
2992 5670 3081 5740 qui
3124 5686 3337 5741 semper
3378 5669 3632 5727 habebat.
