4040 6184
370 281 467 338 135

1483 273 1753 330 CONTRA
1795 273 2259 330 EUTYCIIETEM
2304 274 2428 328 LIB.
2476 274 2540 328 V.

3522 275 3620 330 HG

364 396 428 449 Et
455 405 767 467 potestatem,
794 393 988 463 inquit,
1017 393 1156 445 dedit
1183 393 1226 446 ei
1265 390 1514 459 iudicium
1553 391 1798 460 faciendi,
1822 407 1943 458 quo-
1977 394 2022 451 Α
2053 390 2244 442 inimici
2300 406 2550 451 essemus,
2599 389 2914 443 reconciliati
2971 406 3141 444 smnus
3195 388 3302 443 Deo
3351 405 3438 456 per
3489 405 3622 440 tuor-

361 487 500 537 niam
537 485 675 552 filius
722 483 944 538 hominis
976 491 1046 536 est
1087 480 1299 547 (lbid.).
1337 480 1470 545 Quid
1510 480 1687 549 igitur,
1722 481 1852 534 Dom
1879 498 1944 534 ne

359 575 488 629 Jesu
510 573 746 638 Christe,
775 572 915 626 alius
942 582 994 624 et
1021 570 1158 624 alius
1188 569 1340 625 nobis
1370 570 1670 638 apparehis,
1693 585 1814 623 cum
1849 587 1943 623 nos

365 676 418 720 te
459 680 624 718 unum
658 663 1015 731 eumdemque
1065 661 1256 714 Filium
1296 659 1389 712 Dei
1425 669 1479 713 et
1515 659 1676 712 ﬁlium
1711 659 1944 713 hominis

365 758 661 813 fateantur?
691 758 800 812 Cur
829 758 1006 826 itaque
1037 773 1141 810 non
1172 755 1353 809 dixisti
1380 773 1392 807 :
1419 754 1485 808 Et
1529 765 1820 824 potestatem
1857 757 1945 807 de-

363 854 438 904 dit
463 853 532 913 ei,
562 851 805 919 quoniam
841 847 1010 902 Filius
1043 848 1138 901 Dei
1167 850 1274 902 est?
1302 848 1473 911 linus,
1505 848 1696 916 inquit,
1725 857 1779 902 et
1804 848 1944 901 idem

363 958 510 1007 sitm,
535 957 637 997 nec
663 941 827 996 dividi
856 957 1093 1009 possum.
1140 941 1244 995 Sed
1285 955 1451 1009 quare
1493 941 1581 994 vel
1618 941 1758 994 unde
1795 956 1948 994 acce-

368 1034 566 1103 perim,
595 1034 737 1099 quod
777 1047 990 1102 semper
1033 1031 1216 1092 habui,
1244 1031 1384 1084 volui
1431 1031 1818 1085 demonstrare.
1850 1031 1948 1086 Se-

370 1124 606 1178 cundum
661 1132 904 1176 naturam
951 1123 1123 1188 enim,
1171 1136 1275 1190 qua
1320 1122 1459 1174 Deus
1511 1120 1741 1175 Verbum
1794 1136 1943 1185 sum,

373 1215 502 1268 nihil
546 1217 702 1280 esui,
745 1215 877 1269 nihil
923 1216 1139 1283 accepi,
1179 1213 1428 1282 quoniam
1469 1212 1636 1266 Filius
1682 1213 1772 1267 Dei
1803 1229 1944 1278 sutn,

370 1315 425 1359 et
475 1305 530 1358 in
579 1308 680 1360 hoc
731 1315 885 1359 natus
941 1303 1415 1359 smnzsecundum
1470 1311 1714 1357 naturam
1770 1311 1946 1357 autem

370 1397 575 1460 carnis,
606 1411 709 1465 qua
757 1396 898 1450 Deus
951 1395 1177 1449 Verbum
1228 1395 1531 1448 incarnatus
1582 1394 1741 1447 homo
1781 1393 1949 1448 factus

372 1503 514 1549 sum,
539 1495 594 1541 et
621 1488 762 1556 egui,
786 1496 838 1541 et
869 1487 1074 1555 accepi,
1101 1485 1351 1557 quoniam
1383 1485 1522 1540 ﬁlius
1553 1484 1786 1540 hominis
1805 1501 1948 1549 sum,

373 1589 422 1632 et
448 1579 517 1633 ad
547 1579 651 1633 hoc
679 1589 836 1633 natus
867 1595 1007 1633 sum.

443 1667 562 1722 XV.
598 1669 663 1723 Et
697 1684 999 1740 quanquam
1032 1671 1146 1724 haec
1175 1669 1509 1735 suﬁ‘eeerint,
1543 1683 1640 1737 pro
1668 1669 1749 1724 sui
1779 1669 1947 1722 ﬁrmi-

2049 492 2147 532 tem
2195 479 2319 532 Filii
2361 483 2474 549 ejus
2525 481 2708 549 (Rom.
2753 498 2810 545 v,
2855 481 2977 550 10).
3030 482 3095 535 Et
3133 483 3322 535 iterum
3350 499 3362 532 :
3389 481 3621 545 Solvens,

2051 574 2242 640 inquit,
2271 573 2560 626 inimicitias
2590 575 2641 626 in
2676 591 2826 627 carne
2854 590 2949 627 sua
2979 573 3194 644 (Ephcs.
3230 590 3286 640 Il,
3321 574 3439 642 14):
3465 587 3623 640 quam

2049 678 2266 717 carnem
2317 665 2486 718 nostri
2532 667 2772 734 generis,
2823 676 3126 733 nostrasque
3174 675 3376 718 natura:
3427 664 3623 726 fuisse,

2051 757 2188 808 idem
2239 764 2461 809 testatur
2497 757 2562 810 ad
2606 758 2857 812 llehrazos
2904 759 3009 828 72
3049 758 3359 826 Apostolus,
3395 757 3577 810 dicens
3611 773 3624 808 :

2052 845 2267 899 Decebat
2309 848 2441 898 enim
2485 864 2600 900 eum
2649 858 2850 916 prapter
2894 864 3037 916 quem
3066 850 3258 912 omnia,
3288 857 3332 901 et
3364 863 3452 914 per
3477 863 3624 916 quem

2051 938 2242 1002 omnia,
2273 937 2460 990 multos
2507 937 2640 1004 filios
2687 939 2754 989 ad
2797 939 3012 1008 gloriam
3054 941 3406 1003 adducentem,
3432 939 3624 1008 princi-

2050 1043 2162 1095 pem
2185 1028 2365 1080 salutis
2386 1043 2560 1080 eorum
2589 1044 2676 1094 per
2698 1030 2982 1096 passionem
3005 1029 3136 1097 ﬁeri.
3167 1029 3264 1093 Qui
3284 1030 3418 1081 enim
3438 1031 3625 1081 sancti-

2051 1120 2189 1184 ﬁcat,
2213 1129 2258 1170 et
2287 1119 2373 1186 qui
2397 1118 2798 1186 sanctiﬁcantur,
2824 1134 2994 1172 onmes
3020 1135 3084 1173 ea:
3104 1135 3204 1173 uno
3225 1135 3244 1172 :
3265 1131 3468 1190 propter
3491 1121 3626 1188 quod

2052 1225 2150 1261 non
2190 1209 2526 1278 confunditur
2564 1211 2745 1280 fratres
2784 1227 2867 1265 eos
2913 1227 3090 1265 vocare
3110 1254 3123 1276 ,
3152 1213 3323 1266 dicens
3345 1228 3365 1266 :
3390 1211 3626 1265 Narrabo

2053 1315 2234 1352 nomen
2273 1310 2414 1352 tuum
2458 1299 2706 1367 fratribus
2750 1302 2875 1356 meis
2903 1301 3087 1372 (Hebr.
3121 1319 3172 1367 tt,
3211 1303 3319 1372 10).
3350 1304 3450 1371 Qui
3480 1304 3626 1357 enim

2053 1389 2370 1452 sanctiﬁcat,
2401 1390 2450 1443 id
2497 1399 2580 1444 est
2624 1391 2904 1457 Christus;
2937 1403 2991 1447 et
3015 1394 3102 1462 qui
3133 1394 3551 1458 sanctiticantur,
3577 1394 3626 1447 id

2053 1492 2134 1536 est
2161 1481 2378 1544 ﬁdeles,
2408 1495 2625 1546 onmes,
2654 1483 2845 1552 inquit,
2876 1498 2942 1538 ex
2984 1499 3114 1538 uno.
3147 1484 3224 1538 Ex
3275 1500 3403 1551 uno,
3433 1485 3625 1548 inquit,

2055 1572 2244 1626 habent
2281 1582 2338 1626 ut
2366 1573 2473 1627 sint
2502 1573 2713 1629 fratres.
2745 1575 2862 1640 Quo
2894 1589 3023 1640 uno,
3055 1576 3156 1629 nisi
3188 1585 3384 1629 nostrae
3422 1585 3624 1628 naturae

2055 1670 2281 1738 genere?
2329 1685 2432 1723 non
2481 1671 2620 1724 enim
2666 1686 2728 1725 ex
2771 1671 3010 1740 utrisque
3052 1670 3252 1725 naturis
3284 1669 3473 1724 fratres
3503 1678 3623 1721 sunt

374 1768 483 1813 tate
505 1759 732 1824 roboris,
748 1760 814 1814 ad
836 1759 1344 1815 demonstrationem
1368 1760 1418 1814 in
1441 1760 1652 1815 Christo
1671 1759 1944 1826 utriusque
1979 1751 2023 1810 Β
2048 1760 2277 1826 Christi,
2306 1761 2490 1816 ﬁdeles
2533 1763 2681 1831 ejus;
2713 1764 2806 1816 sed
2851 1779 2916 1816 ex
2964 1777 3098 1828 una,
3127 1763 3178 1816 id
3221 1771 3304 1815 est
3351 1761 3576 1813 humana
3611 1775 3623 1810 :

375 1862 604 1915 naturae,
636 1860 810 1905 tamen
847 1859 909 1906 ut
947 1851 1116 1919 magis
1162 1850 1434 1920 magisque
1464 1850 1706 1905 veritatis
1730 1850 1948 1904 claritas

372 1944 664 2005 eluceseat,
692 1941 820 1995 libet
850 1943 1008 1994 etiam
1037 1941 1184 1994 illum
1213 1941 1454 2010 Apostoli
1487 1949 1717 1994 tractare
1746 1954 1948 1993 sermo-

374 2047 496 2085 nem
545 2047 652 2101 quo
705 2048 801 2098 pro
849 2032 1002 2086 nobis
1047 2031 1320 2085 Christum
1370 2030 1714 2085 mediatorem
1759 2031 1950 2084 asserit

374 2124 572 2176 factum
605 2119 660 2191 (l
696 2122 823 2175 Tim.
848 2138 906 2185 ll,
939 2123 1017 2192 5).
1041 2122 1191 2189 Quod
1222 2123 1484 2187 ofﬁcium,
1508 2122 1609 2176 nisi
1634 2136 1703 2176 ex
1729 2123 1952 2176 veritate

375 2223 582 2268 natura
613 2216 716 2286 71
747 2221 945 2278 earn‘s.
988 2231 1145 2285 quam
1178 2232 1246 2270 ex
1295 2216 1448 2270 nobis
1491 2215 1694 2276 habuit.
1729 2215 1951 2282 implere

377 2321 482 2359 non
529 2308 732 2373 potuit,
763 2307 1013 2375 quoniam
1059 2323 1152 2375 per
1200 2307 1368 2375 ipsam
1402 2308 1541 2361 inter
1574 2307 1740 2362 Deum
1769 2314 1823 2362 et
1858 2307 1954 2360 ho-

376 2398 546 2451 mines
584 2397 790 2451 medius
830 2399 1092 2466 apparuit.
1130 2398 1194 2451 Et
1227 2399 1446 2466 quia,ut
1477 2398 1766 2467 Apostolus
1795 2398 1870 2450 ait
1899 2405 1954 2450 et

377 2504 552 2542 rerum
585 2489 780 2542 vetitas
807 2488 982 2552 docet,
1004 2489 1254 2541 mediator
1285 2505 1385 2541 non
1409 2498 1482 2542 est
1521 2489 1669 2541 unius
1703 2486 1848 2556 (Gal.
1876 2502 1950 2550 ut,

377 2580 510 2649 20),
558 2580 761 2634 habens
805 2587 981 2634 autem
1021 2577 1268 2634 Christus
1313 2579 1604 2634 secundum
1651 2594 1744 2634 vos
1794 2592 1952 2633 unam

377 2683 653 2736 naturam,
688 2670 955 2726 ostendite
1009 2671 1150 2726 unde
1197 2673 1266 2726 sit
1315 2671 1526 2726 medius
1577 2673 1716 2727 inter
1755 2687 1853 2726 nos
1900 2681 1955 2726 et

377 2757 522 2811 illam
551 2777 562 2810 :
610 2759 731 2828 quia
761 2760 830 2825 si,
860 2768 920 2812 ut
949 2759 1113 2829 impie
1140 2759 1353 2828 sapitis,
1383 2776 1482 2814 una
1512 2771 1597 2814 est
1623 2760 1739 2830 ejus
1768 2770 1954 2815 natura

378 2853 710 2917 mediatoris,
743 2853 796 2908 in
817 2868 884 2908 eo
909 2854 1048 2923 quod
1087 2863 1175 2909 cst
1203 2869 1364 2908 unum
1393 2863 1448 2908 et
1471 2855 1737 2924 singulare
1767 2855 1955 2910 salutis

380 2957 576 3000 nostra
618 2946 934 3012 remedium,
961 2947 1304 3002 frustrabitur
1339 2959 1754 3002 sacramentum.
1805 2947 1956 3004 Unde

379 3039 522 3090 enim
553 3037 761 3092 medius
797 3039 920 3102 erit,
953 3039 995 3092 si
1044 3047 1327 3107 utrumque
1368 3053 1472 3092 non
1513 3038 1794 3092 habuerit?
1816 3037 1953 3105 Quia

380 3129 482 3184 nisi
515 3130 675 3184 talem
714 3130 929 3185 dederis
973 3132 1113 3186 inter
1141 3105 1304 3187 Deum
1347 3140 1401 3187 et
1443 3132 1705 3196 homines,
1748 3132 1837 3203 qui
1883 3133 1951 3185 ita
1981 3105 2027 3168 Ο

379 3225 444 3276 sit
493 3224 732 3286 medius,
761 3235 816 3276 ut
870 3238 936 3278 ex
978 3233 1208 3294 utroque
1251 3236 1535 3294 utrumque
1577 3223 1666 3290 sit,
1700 3223 1750 3277 id
1787 3230 1868 3277 est
1901 3230 1958 3277 ut

380 3325 434 3369 et
471 3317 612 3369 Deus
654 3318 725 3370 sit
774 3325 992 3385 propter
1027 3315 1354 3380 divinitatis,
1398 3325 1452 3369 et
1501 3315 1640 3371 idem
1687 3315 1848 3368 homo
1889 3316 1959 3367 sit

383 3414 602 3475 propter
627 3407 973 3460 humanitatis
1001 3414 1265 3471 naturam,
1293 3406 1518 3460 humana
1550 3404 1744 3458 divinis
1772 3418 1957 3472 quem-

381 3496 669 3550 admodum
714 3497 1128 3551 reconcilientur
1181 3513 1288 3550 non
1340 3497 1600 3551 ostendis.
1659 3495 1790 3549 Nam
1834 3497 1954 3564 quia

383 3588 807 3655 tzansgressione
835 3587 1090 3651 mandati,
1122 3587 1318 3640 inimici
1357 3586 1448 3640 Dei
1478 3586 1880 3648 exstiteramus,
1901 3593 1957 3637 et

385 3679 436 3730 in
464 3678 792 3731 contrarium
832 3679 1023 3731 animis
1062 3678 1493 3731 discordantibus
1528 3675 1897 3744 vergebamus,
1931 3690 1958 3726 a

384 3769 631 3835 supernis
665 3768 1012 3835 declinantes,
1046 3777 1098 3821 et
1135 3769 1199 3821 ad
1249 3770 1349 3820 ima
1399 3767 1708 3829 tendentes,
1739 3781 1960 3820 necesse

388 3862 557 3914 fuerat
595 3867 895 3916 interventu
936 3861 1292 3916 miserationis
1330 3861 1523 3915 divinre
1560 3862 1749 3915 solutis
1781 3845 1958 3912 initiu-

384 3956 544 4017 otiis,
572 3955 840 4008 contraria
881 3954 931 4007 in
971 3971 1133 4008 unum
1181 3954 1440 4018 revocari,
1472 3963 1524 4008 et
1571 3941 1819 4023 supernis
1853 3955 1952 4004 itna

386 4045 796 4113 restitui:un
837 4062 943 4099 non
982 4046 1138 4102 aliter
1178 4047 1289 4100 ﬁeri
1323 4047 1513 4116 potuit,
1545 4047 1647 4101 nisi
1689 4049 1809 4102 talis
1841 4060 1957 4097 me—

385 4135 558 4189 diator
597 4136 874 4206 existeret,
907 4136 994 4207 qui
1037 4137 1105 4192 de
1148 4138 1461 4193 cmlestihus
1500 4139 1748 4202 veniens,
1779 4142 1960 4193 conni-

389 4237 534 4281 retur
562 4229 824 4294 terrenis,
858 4229 1093 4284 retinens
1122 4229 1173 4282 in
1205 4245 1264 4284 se
1298 4230 1347 4281 id
1378 4232 1517 4298 quod
1549 4243 1696 4294 erat,
1728 4242 1780 4284 et
1810 4247 1961 4285 assu-

391 4335 538 4374 mens
561 4323 612 4374 id
633 4322 774 4389 quod
803 4336 908 4375 non
935 4332 1072 4377 erat.
1097 4321 1197 4390 Qui
1229 4339 1364 4375 unus
1393 4322 1543 4376 ﬁeret
1572 4325 1621 4375 in
1647 4334 1892 4392 utroque,
1911 4332 1964 4375 et

392 4412 457 4466 ita
512 4428 610 4481 per
663 4414 938 4481 utriusque
986 4424 1190 4468 natura:
1244 4415 1704 4481 cortininnioncm,
1755 4415 1808 4468 in
1861 4430 1960 4467 una

2051 1851 2277 1919 Pmpter
2297 1855 2432 1920 quod
2471 1871 2570 1907 non
2605 1855 2961 1925 confunditur,
2991 1856 3194 1924 inquit,
3223 1856 3405 1924 fratres
3430 1869 3512 1906 eos
3543 1869 3627 1906 oo-

2051 1957 2164 1995 rare
2193 1957 2212 1996 :
2241 1943 2660 1997 confunderetur
2712 1952 2890 1998 autem
2932 1943 3126 1999 fratres
3178 1958 3272 1999 eos
3320 1941 3530 2007 dicere,
3582 1943 3624 1994 si

2053 2049 2208 2087 unam
2239 2043 2442 2089 tantum
2465 2035 2814 2106 eamdemque
2837 2035 3076 2090 divinam
3103 2035 3320 2091 haberet
3350 2043 3622 2088 naturam:

2053 2139 2192 2179 nunc
2205 2135 2381 2179 autem
2398 2135 2677 2196 utramque
2693 2127 2915 2192 habens,
2934 2129 3056 2181 etin
3076 2137 3298 2196 utroque
3315 2133 3625 2181 naturarum

2051 2231 2249 2285 genere
2275 2216 2572 2272 subsistens
2591 2257 2608 2285 ,
2631 2233 2697 2272 ex
2727 2233 2832 2273 uno
2852 2234 2946 2273 eos
2974 2218 3190 2287 fratres,
3213 2233 3277 2273 ex
3307 2217 3414 2272 alio
3441 2230 3627 2272 servos

2051 2311 2304 2379 appellat.
2337 2310 2487 2368 Unde
2514 2321 2746 2378 constat,
2772 2328 2869 2383 per
2899 2313 3182 2368 humanam
3215 2322 3456 2368 naturam
3488 2312 3625 2367 inef-

2054 2402 2287 2457 fabititer
2334 2403 2509 2460 Verbo
2556 2405 2785 2473 unitam,
2815 2405 3162 2460 mediatorem
3215 2404 3380 2458 fuisse
3431 2405 3624 2458 factum

2057 2495 2337 2549 Dominum
2366 2495 2549 2550 .lesum
2580 2497 2848 2551 Christum
2877 2512 2976 2553 :ac
3022 2512 3115 2566 per
3146 2497 3247 2551 hoc
3287 2497 3375 2564 qui
3417 2495 3552 2549 hanc
3578 2495 3627 2548 ei

2057 2606 2319 2659 naturam,
2345 2595 2393 2650 id
2423 2605 2504 2650 est
2533 2597 2837 2660 humanam,
2871 2611 2964 2666 per
2996 2595 3150 2649 unius
3181 2604 3384 2649 natura:
3416 2593 3625 2661 profes-

2055 2685 2258 2740 sionem
2297 2687 2509 2740 auferre
2551 2685 2762 2750 nititur,
2793 2701 2952 2740 omne
2989 2684 3108 2739 ﬁdei
3141 2693 3336 2737 nostra:
3363 2693 3417 2737 et
3442 2681 3628 2736 salutis

2056 2779 2370 2849 mySIerium
2400 2793 2660 2832 cvacuare
2686 2791 2927 2833 conatur.
2961 2777 3089 2832 Item
3121 2779 3365 2847 sequitur
3401 2779 3629 2846 Aposto-

2058 2869 2162 2934 lus,
2191 2871 2257 2922 ad
2302 2869 2553 2924 iiebrreos
2587 2869 2770 2924 dicens
2813 2887 2826 2921 :
2871 2868 2992 2924 Non
3031 2871 3163 2922 enim
3206 2870 3379 2921 statim
3424 2868 3630 2937 angelos

2057 2959 2296 3029 suscepit,
2330 2960 2416 3012 sed
2455 2973 2623 3013 semen
2667 2958 2906 3024 Abrahw,
2940 2960 3073 3012 unde
3112 2959 3280 3013 debuit
3334 2975 3423 3024 per
3463 2959 3637 3012 omnia

2060 3051 2305 3120 fratribus
2332 3050 2577 3116 similare,
2615 3059 2669 3104 ut
2700 3051 2982 3104 misericors
3020 3052 3159 3119 ﬁeret
3189 3059 3234 3103 et
3271 3050 3436 3118 fidelis
3463 3065 3632 3103 sacer-

2059 3141 2149 3193 dos
2186 3141 2240 3193 in
2287 3141 2368 3193 his
2399 3155 2511 3210 qua:
2552 3151 2669 3194 sunt
2713 3141 2780 3194 ad
2832 3140 3013 3207 Deum,
3045 3143 3113 3194 ad
3141 3142 3513 3210 deprecandum
3541 3157 3635 3208 pro

2059 3231 2255 3282 delictis
2287 3231 2481 3298 populi.
2512 3227 2576 3283 In
2608 3247 2667 3285 eo
2694 3231 2828 3285 enim
2858 3232 2908 3284 in
2936 3247 3035 3301 quo
3075 3241 3302 3300 expertus
3340 3247 3518 3301 passus
3544 3241 3634 3295 est,

2061 3332 2221 3387 potest
2249 3323 2557 3392 experientes
2587 3323 2828 3392 adjuvare
2849 3323 3034 3392 (Hebr.
3065 3339 3122 3387 tl,
3155 3323 3262 3393 16).
3299 3322 3447 3388 Quod
3479 3321 3631 3390 dicit,

2063 3413 2163 3465 hoc
2190 3423 2290 3476 est,
2323 3413 2443 3481 quia
2476 3412 2716 3468 Christus
2743 3429 2846 3468 non
2878 3415 3207 3482 angelorum,
3236 3414 3327 3468 sed
3355 3415 3631 3468 hominum

2066 3515 2305 3555 naturam
2343 3519 2405 3557 ex
2447 3504 2650 3558 semine
2685 3503 2912 3557 Abrahae
2954 3506 3207 3572 Suscepit,
3245 3514 3297 3557 ut
3330 3515 3510 3574 posset
3540 3519 3634 3574 per

2064 3595 2337 3646 veritatem
2362 3603 2629 3660 susceptce
2655 3603 2858 3647 naturae
2891 3594 3139 3648 fratribus
3168 3611 3261 3664 per
3291 3600 3465 3649 omnia
3494 3597 3638 3650 simi-

2067 3686 2205 3747 lare;
2254 3697 2309 3738 ut
2357 3685 2480 3738 hinc
2522 3685 2825 3738 misericors
2864 3695 2916 3738 et
2963 3684 3131 3738 ﬁdelis
3175 3685 3427 3740 sacerdos
3459 3685 3633 3748 ﬁeret,

2066 3777 2205 3846 quod
2240 3793 2342 3830 non
2391 3778 2726 3846 angelorum,
2759 3776 2853 3831 sed
2896 3776 3167 3831 hominum
3209 3778 3442 3845 suscepit
3485 3787 3638 3832 natu-

2071 3884 2204 3932 ram,
2239 3868 2559 3921 infirmitatis
2602 3876 2656 3921 et
2684 3867 2980 3936 fragilitatis
3010 3867 3306 3930 consciam;
3354 3882 3446 3934 per
3477 3882 3633 3934 quam

2065 3969 2116 4012 et
2149 3959 2198 4009 in
2229 3972 2329 4024 qua
2363 3957 2624 4021 passionis
2655 3955 2990 4010 inﬁrmitates
3025 3966 3302 4022 expertus,
3333 3955 3638 4008 misericor.

2064 4048 2203 4101 diter
2230 4061 2279 4100 et
2313 4048 2538 4101 fideliter
2583 4047 2720 4100 Patri
2752 4062 2846 4114 pro
2875 4045 3214 4113 peccantibus
3263 4045 3588 4111 supplicaret
3615 4063 3629 4096 :

2069 4140 2202 4203 Quia
2249 4141 2303 4193 in
2342 4155 2419 4202 ec,
2450 4137 2637 4205 inquit,
2666 4139 2718 4189 in
2764 4153 2861 4204 quo
2888 4146 3123 4203 expertus
3165 4151 3339 4203 passus
3366 4145 3455 4199 est,
3480 4145 3640 4204 potest

2067 4229 2376 4295 experientes
2406 4227 2669 4295 adjuvare.
2701 4225 2835 4290 Quid
2865 4233 2944 4278 est
2977 4224 3124 4291 illud,
3155 4225 3204 4277 in
3235 4238 3342 4292 quo
3371 4239 3557 4292 passus
3586 4234 3638 4278 et

2069 4327 2319 4384 expertus
2359 4325 2440 4370 est
2478 4315 2860 4379 inﬁrmitatem,
2904 4315 3002 4368 nisi
3047 4313 3277 4368 humana
3318 4324 3538 4380 natura,
3573 4316 3638 4368 de

2071 4425 2170 4478 qua
2212 4410 2264 4462 in
2314 4408 2604 4476 Evangelio
2645 4417 2886 4475 tempore
2929 4406 3190 4475 passiOniS
3242 4422 3353 4460 sua:
3393 4407 3640 4460 dicebat:

387 4505 680 4574 eademque
741 4521 964 4575 persona
983 4549 996 4572 ,
1029 4515 1086 4560 et
1135 4506 1359 4560 humana
1411 4506 1606 4561 divinis
1630 4547 1643 4569 ,
1675 4516 1730 4561 et
1783 4507 1958 4560 divina
1998 4481 2043 4539 Π
2071 4503 2294 4571 Spiritus
2319 4502 2516 4569 quidem
2547 4510 2826 4571 promptus,
2849 4515 2970 4552 caro
2998 4506 3170 4553 autent
3191 4500 3398 4567 inﬁrma
3425 4499 3642 4569 (Matth.

388 4599 615 4654 sociaret
653 4599 901 4654 humanis
937 4617 950 4654 :
988 4600 1136 4668 prius
1177 4608 1489 4668 utrumque,
1522 4599 1639 4653 sine
1687 4600 1963 4667 utriusque

388 4692 706 4755 abolitione,
754 4693 944 4746 uniens
994 4695 1046 4746 in
1099 4692 1308 4761 seipse;
1358 4693 1480 4746 dein
1543 4707 1730 4745 omnes
1779 4691 1964 4746 ﬁdeles

395 4783 534 4838 Patri
579 4784 930 4838 reconcilians
961 4783 1088 4839 Deo.
1129 4785 1196 4838 Et
1237 4787 1356 4854 quia
1400 4785 1850 4839 reconciliationis
1880 4801 1962 4836 sa—

393 4883 718 4928 cramentum
751 4875 1145 4928 immaculatum
1175 4874 1440 4944 ﬂagitabat
1473 4875 1814 4942 sacriﬁcium,
1846 4876 1964 4930 talis

393 4965 560 5018 hostia
601 4965 920 5034 requirenda
968 4963 1142 5019 fuerat
1175 4979 1293 5034 quae
1331 4967 1401 5018 ita
1441 4966 1613 5019 media
1653 4977 1797 5020 esset
1832 4967 1967 5020 inter

394 5056 556 5110 Deum
576 5066 631 5111 et
661 5057 930 5119 homines,
962 5067 1019 5109 ut
1044 5065 1097 5110 et
1125 5058 1283 5111 morti
1313 5057 1683 5111 succumberet
1709 5073 1806 5125 per
1841 5058 1964 5111 illud

389 5148 530 5215 quod
581 5149 814 5203 hominis
859 5148 1112 5216 habebat,
1153 5159 1207 5204 et
1255 5158 1479 5203 mortem
1524 5150 1823 5205 revinceret
1873 5165 1969 5218 per

388 5241 527 5310 quod
557 5241 609 5294 in
638 5256 696 5294 se
727 5240 1017 5294 divinitatis
1046 5242 1278 5296 tenebat.

459 5334 593 5388 XVI.
637 5335 773 5388 lline
806 5334 1092 5402 Apostolus
1120 5335 1192 5388 ait
1221 5355 1232 5388 :
1261 5334 1397 5387 Nam
1439 5335 1530 5386 etsi
1576 5336 1851 5402 crucifixus
1891 5344 1963 5389 est

385 5441 448 5478 ea:
477 5425 773 5491 inﬁrmitate
801 5436 991 5488 nostra,
1031 5426 1121 5477 sed
1150 5426 1264 5477 vivit
1295 5441 1358 5479 ex
1386 5427 1567 5479 virtute
1602 5424 1697 5478 Dei
1727 5423 1811 5496 (ll
1841 5423 1958 5479 Cor.

389 5531 501 5583 aut,
527 5515 606 5584 4).
640 5516 804 5587 Igitur
831 5531 926 5586 per
957 5516 1095 5571 hanc
1121 5517 1444 5570 oblationem
1488 5517 1676 5569 mortis
1714 5531 1824 5568 sua:
1848 5529 1967 5584 quae

389 5612 456 5664 de
486 5619 667 5664 nostro
707 5610 780 5664 illi
829 5609 1022 5673 fuerat,
1054 5607 1366 5662 mediatoris
1412 5607 1590 5661 ofﬁcio
1628 5622 1754 5660 usus
1785 5621 1970 5660 recon-

389 5709 590 5764 Ciliavit
618 5722 717 5763 nos
753 5707 882 5772 Deo,
921 5708 1056 5762 sicut
1088 5706 1371 5774 Apostolus
1402 5703 1529 5758 dicit
1562 5721 1571 5755 :
1599 5702 1658 5757 Si
1700 5701 1830 5755 enim
1862 5716 1972 5752 rum

2071 4612 2214 4659 xxvr,
2245 4597 2367 4661 4t)?
2396 4597 2547 4664 cujus
2577 4591 2899 4647 infirmitatis
2935 4593 3204 4653 conscius,
3236 4591 3472 4645 inﬁrmos
3499 4592 3636 4645 didi-

2067 4689 2139 4739 cit
2160 4687 2263 4756 73
2286 4687 2556 4754 adjuvare.
2579 4688 2745 4750 Quem
2767 4698 2984 4735 sensum
3002 4682 3171 4736 adhuc
3191 4681 3346 4735 latius
3370 4682 3642 4750 explicans

2073 4783 2359 4846 Apostolus
2405 4779 2569 4833 dicit:
2602 4776 2723 4830 Non
2774 4776 2908 4828 enim
2955 4774 3190 4827 habemus
3231 4774 3516 4841 pontificem
3561 4777 3645 4841 qni

2073 4888 2170 4923 non
2199 4871 2351 4940 possit
2381 4869 2596 4937 compati
2625 4865 3003 4934 infirmitatibus
3034 4864 3236 4926 nostris,
3268 4864 3356 4916 sed
3384 4871 3647 4929 expertum

2074 4979 2162 5030 per
2216 4962 2384 5014 omnia
2440 4968 2484 5013 ct
2534 4960 2587 5011 in
2633 4957 2889 5019 omnibus,
2941 4957 3213 5008 secundum
3262 4955 3646 5006 similitudinem

2073 5054 2260 5123 absque
2286 5064 2487 5121 peccato
2518 5049 2698 5120 (Hebr.
2745 5065 2814 5115 tv,
2849 5049 2957 5116 15).
2995 5049 3122 5102 ltetn
3159 5066 3170 5100 :
3204 5045 3270 5098 Et
3301 5049 3427 5112 ipse,
3457 5047 3644 5111 inquit,

2073 5146 2231 5200 simili
2274 5146 2424 5197 modo
2471 5145 2520 5195 in
2561 5143 2738 5195 iisdem
2767 5141 3083 5210 passionibus
3113 5137 3412 5208 fuit(Hebr.
3455 5151 3510 5199 ιι,
3538 5136 3646 5201 i8).

2075 5239 2139 5293 Et
2178 5241 2370 5291 iterum
2404 5256 2416 5291 :
2451 5233 2516 5287 Et
2545 5249 2837 5304 quanquam
2875 5233 2939 5284 sit
2981 5229 3028 5281 F
3033 5231 3150 5283 ilius
3191 5228 3304 5286 Dri.
3335 5242 3422 5294 per
3451 5242 3509 5277 ea
3535 5240 3647 5292 quia

2074 5346 2252 5399 passus
2281 5338 2373 5390 est,
2406 5327 2588 5380 didicit
2632 5325 2816 5397 (Hebr.
2853 5341 2905 5386 ν.
2946 5323 3040 5392 8);
3071 5321 3210 5374 unde
3246 5329 3298 5371 et
3327 5318 3642 5383 compatlitut

2072 5421 2466 5478 inﬁrmitatibus
2507 5420 2727 5474 n05tris.
2773 5419 2994 5485 Quaeso,
3026 5413 3165 5466 unde
3205 5425 3322 5479 qua:
3364 5421 3415 5463 et
3461 5424 3649 5479 passus

2073 5525 2154 5571 est
2183 5513 2403 5569 didicit?
2433 5512 2574 5567 unde
2600 5520 2654 5568 et
2675 5508 2993 5577 coinpatitur
3016 5506 3038 5556 ?
3061 5503 3200 5557 unde
3231 5504 3281 5556 in
3307 5502 3498 5556 iisdem
3531 5518 3649 5569 pas-

2078 5607 2318 5661 sionibus
2367 5603 2503 5658 fuit?
2539 5604 2678 5656 unde
2727 5607 2975 5667 expertus
3024 5595 3380 5659 inﬁrmitates,
3413 5593 3654 5648 inﬁrmos

2079 5698 2267 5752 didicit
2319 5695 2616 5760 adjuvare?
2670 5691 2818 5744 Unde
2865 5687 3155 5741 remedium
3189 5689 3381 5758 ohjccit
3425 5688 3530 5740 Deo
3561 5701 3650 5752 pro
