4040 6184
360 311 458 362 H'.’

1681 310 1903 365 VIGILII
1947 309 2316 368 TAPSENSIS
3515 322 3606 375 {:8

356 426 603 490 inﬁrmis,
634 426 677 479 si
718 442 821 479 non
854 426 1033 479 habuit
1075 434 1318 478 naturam
1348 432 1544 477 nostrae
1575 424 1934 477 inlirmitatis?
1964 428 2011 484 Α
2042 426 2124 476 nia
2172 427 2309 491 qtmd
2340 428 2414 480 ait
2441 444 2451 479 :
2488 427 2589 493 Qui
2628 428 3015 494 pra'dcstinatus
3049 437 3124 482 est
3181 428 3347 483 Fil'us
3396 430 3529 497 Dei;
3552 445 3612 487 ut

356 538 476 575 eum
527 530 581 575 et
626 521 890 591 incognita
937 518 1169 588 experiri
1222 526 1381 586 atque
1428 516 1656 582 discere,
1686 516 1932 570 humana:

360 612 657 681 proprium.
686 626 789 663 non
835 608 1128 664 divinitatis
1153 609 1321 662 soleat
1345 623 1467 663 esse
1494 617 1717 662 natura.

436 700 596 754 XVII.
626 700 839 754 Possem
864 700 1036 753 adhuc
1058 699 1337 766 multiplici
1363 699 1789 753 testimoniorum
1806 712 1937 752 con-

362 794 522 859 gerie,
554 792 893 845 humanitatis
916 791 1113 845 Christi
1148 791 1415 859 negotium
1446 790 1727 852 ventilare,
1749 800 1802 844 et
1824 804 1936 842 ma-

365 883 547 933 teriam
590 882 696 934 Iate
744 890 1013 950 patentem
1056 896 1388 950 nequaquam
1446 881 1686 948 angustis
1743 880 1937 935 finibus

363 974 682 1034 terminare;
715 972 813 1025 nisi
863 971 929 1025 ad
960 972 1161 1041 reliqua
1199 972 1528 1042 expedienda
1556 1010 1571 1036 ,
1606 972 1713 1025 imo
1759 972 1935 1040 potius

366 1061 657 1117 refellenda
679 1078 798 1130 qua:
823 1073 1005 1116 contra
1032 1063 1316 1117 concilium
1348 1062 1801 1126 Chalcedonense,
1830 1064 1932 1117 im-

366 1154 679 1219 pudentiam
704 1154 1002 1208 temeritate
1028 1156 1327 1223 conscripta
1358 1166 1479 1208 sunt
1511 1154 1791 1209 festinaret
1816 1169 1936 1209 ora-

364 1244 438 1295 tio
461 1284 476 1308 ,
506 1258 627 1311 qua:
671 1243 843 1311 qualia
871 1244 978 1297 sint
1009 1243 1302 1297 videamus.
1336 1244 1410 1298 Ex
1446 1244 1663 1299 decreto
1701 1244 1889 1313 synodi
1918 1260 1934 1299 :

370 1333 632 1401 Su/ﬁeiret
655 1333 861 1402 quidem
889 1335 956 1386 ad
1001 1333 1286 1403 plenariam
1312 1336 1513 1405 pietatis
1554 1335 1860 1404 agnitionem
1887 1345 1936 1387 et

362 1424 818 1489 conﬁrmationem,
848 1431 1079 1476 sanctum
1106 1424 1202 1476 hoc
1226 1433 1273 1477 et
1300 1427 1524 1478 salutare
1553 1425 1735 1477 divinis
1761 1426 1939 1495 gratia:

362 1524 754 1568 sacramentum.
784 1516 858 1569 De
886 1516 1040 1569 Patre
1059 1517 1274 1578 enim,“
1298 1514 1455 1578 Filio,
1480 1526 1525 1570 et
1549 1516 1747 1585 Spiritu
1762 1526 1939 1570 sancto

362 1605 653 1672 plenissime
680 1607 843 1671 docet,
876 1615 921 1658 et
955 1605 1161 1659 Domini
1191 1607 1350 1659 nostri
1379 1607 1777 1660 incarnationem
1808 1607 1937 1673 ﬁde-

362 1694 478 1749 liter
496 1696 887 1762 suscipientibus
911 1698 1108 1750 eashibet
1138 1696 1314 1767 (Cone.
1352 1697 1589 1751 Chalced.
1620 1708 1720 1752 act.
1753 1696 1830 1766 5).
1882 1700 1935 1751 In

2040 519 2160 584 qua
2194 516 2562 580 pra-destinari
2591 518 2706 584 ejus
2730 518 2901 571 soleat
2922 533 3042 572 esse
3073 521 3346 588 proprium
3367 522 3457 589 qui
3485 540 3613 577 nuu-

2038 620 2196 673 quam
2224 605 2419 670 fut-rat,
2452 623 2557 660 non
2578 607 2695 673 ejus
2715 608 2803 676 qui
2828 622 3042 676 semper
3068 620 3395 671 erat,-unum
3421 612 3610 668 Filium

2042 696 2132 748 Dei
2161 696 2503 765 temporalem
2537 697 3025 765 prmdestinationis
3071 701 3319 767 nomine,
3352 715 3405 757 et
3446 704 3611 759 alium

2039 796 2299 840 internum
2326 787 2554 842 voluerit
2578 789 2832 842 indicare.
2869 790 2999 843 Nam
3022 793 3293 860 quomodo
3313 794 3612 850 beatissimi

2040 878 2225 931 Patres
2244 879 2409 932 alium
2442 889 2687 947 quartum
2720 881 3079 937 introduxisse
3103 885 3322 951 putandi
3353 895 3498 950 sunt,
3523 889 3613 956 qui

2040 968 2093 1020 in
2120 970 2474 1036 sequentibus
2504 970 2574 1023 ita
2597 969 2818 1024 dicunt?
2845 972 3134 1041 Sequemur
3160 974 3373 1027 Patrum
3416 987 3613 1029 nostro-

2037 1073 2150 1108 rum
2179 1061 2474 1122 sententias,
2500 1068 2553 1111 i:t
2582 1075 2736 1113 unum
2762 1062 3090 1130 eamdemque
3118 1065 3414 1132 conﬁtentes
3440 1067 3614 1120 Domi-

2039 1164 2159 1199 num
2201 1149 2378 1202 Iesum
2416 1147 2705 1217 Christum,
2734 1152 3081 1206 convenienter
3132 1155 3407 1209 doceamus
3451 1160 3613 1228 perfe-

2039 1250 2173 1291 ctum
2201 1240 2433 1291 eumdem
2453 1240 2507 1291 in
2533 1241 2821 1303 divinitate,
2850 1251 2896 1294 et
2925 1243 3205 1311 perfectam
3239 1246 3468 1298 eumdem
3497 1260 3613 1299 car-

2038 1331 2204 1384 nalem
2244 1331 2499 1385 hominem
2542 1332 2704 1386 Deum
2734 1333 2919 1404 (Cone.
2950 1336 3197 1391 Chalced.
3237 1348 3338 1391 act.
3370 1339 3445 1407 ὅ).
3479 1340 3615 1404 Quid

2040 1424 2300 1490 apertius,
2330 1425 2457 1493 quid
2482 1426 2738 1491 lucidius,
2769 1429 2850 1482 vel
2876 1429 2944 1484 de
2971 1446 3076 1485 uno
3103 1433 3398 1501 eodemque
3438 1435 3613 1488 Domi-

2041 1530 2110 1568 no
2134 1515 2355 1570 Christo
2381 1516 2683 1585 religiosius
2714 1520 2887 1586 potuit
2915 1520 3052 1574 diei?
3079 1524 3161 1575 vel
3190 1524 3314 1590 quid
3343 1525 3409 1577 ad
3443 1541 3481 1578 τι
3504 1528 3615 1593 pel~

2041 1607 2125 1660 Ien
2149 1609 2224 1659 Ias
2252 1616 2305 1660 et
2348 1608 2559 1675 penitus
2580 1610 2937 1663 eonterendas
2961 1611 3066 1680 75
3099 1623 3303 1667 temere
3326 1616 3613 1683 reprehen-

2043 1697 2280 1752 dentium
2311 1698 2606 1752 calumnias
2636 1698 2831 1754 fortius
2851 1704 3047 1766 poterit
3075 1702 3475 1760 demonstrari?

367 1790 466 1840 hoc
496 1804 590 1843 eos
621 1789 690 1842 ita
716 1790 1115 1856 reprehendunt
1144 1791 1398 1857 capitulo,
1418 1790 1558 1859 quod
1592 1800 1710 1857 post
1743 1791 1933 1855 Patris,
1969 1783 2013 1841 Β
2112 1786 2298 1842 XVIII.
2328 1789 2691 1853 Quamobrem
2714 1790 2782 1843 ad
2814 1791 2919 1845 alia
2942 1800 3274 1849 transeamus
3306 1810 3373 1850 es
3398 1797 3614 1853 decreto

362 1892 417 1935 et
446 1882 586 1947 Filii,
618 1892 674 1936 et
695 1882 925 1950 Spiritus
952 1885 1124 1936 sancti
1152 1883 1565 1947 confessionem,
1590 1883 1748 1937 veluti
1779 1898 1939 1950 quar-

368 1980 476 2023 tmn
512 1972 695 2026 nescio
722 1988 792 2041 qu
813 1989 878 2025 -m
928 1973 1207 2026 Dutnitnnn
1242 1974 1555 2027 tradiderint
1583 1975 1935 2027 incarnatum.

363 2061 516 2126 Quod
545 2072 742 2131 quanta
769 2064 1056 2129 calumnia,
1091 2063 1198 2116 imo
1230 2064 1405 2131 potius
1436 2064 1697 2132 imperitia
1723 2075 1934 2117 notave-

367 2156 473 2206 rint
500 2153 675 2208 nullus
703 2169 807 2209 non
835 2154 976 2208 videt
1000 2156 1323 2221 sapientum.
1367 2155 1422 2210 Si
1452 2156 1594 2209 enim
1628 2157 1697 2209 ita
1741 2164 1798 2208 ut
1825 2155 1939 2208 istis

368 2246 649 2300 verborum
672 2248 1091 2316 aueupatoribus
1120 2249 1327 2303 videtur
1356 2249 1676 2315 posuissent,
1711 2258 1767 2302 ut
1792 2248 1938 2303 dire-

365 2346 510 2390 tent:
540 2337 614 2391 De
635 2336 794 2391 Patre
813 2339 969 2401 enim,
996 2348 1041 2391 et
1069 2338 1230 2401 Filio.
1253 2349 1300 2392 et
1316 2339 1518 2406 Spiritu
1540 2347 1737 2403 sancto,
1761 2348 1808 2392 et
1829 2343 1938 2410 ejus

363 2429 767 2482 incarnationem
798 2429 1087 2497 plenissime
1119 2430 1296 2494 docet,
1341 2430 1602 2484 incertum
1635 2438 1750 2484 erat
1788 2431 1939 2498 cujus

364 2536 426 2572 ex
451 2521 710 2574 'l‘rinitate
741 2520 1080 2585 incarnatio;
1110 2529 1363 2574 autcerte
1387 2521 1626 2587 Spiritus
1650 2522 1817 2574 sancti
1853 2538 1939 2588 pu-

366 2622 586 2673 nietur,
610 2610 762 2679 cujus
789 2626 1030 2680 persome
1061 2626 1255 2665 nomen
1285 2610 1671 2664 incarnationis
1701 2620 1899 2681 myster
1925 2614 1935 2665 i

362 2706 803 2759 enuinmemoratio
828 2705 1152 2774 sequebatur
1176 2721 1189 2758 :
1222 2715 1276 2759 et
1308 2705 1427 2759 ideo
1448 2704 1515 2758 ad
1542 2704 1936 2761 distinctionem

366 2812 610 2863 persona:
655 2796 808 2861 Filii,
837 2805 892 2849 ut
939 2796 1004 2849 ad
1050 2811 1171 2850 eum
1216 2796 1598 2850 incarnationis
1628 2796 1937 2866 mysterium

367 2886 633 2951 pertinere
678 2893 1057 2949 monstrarent,
1089 2887 1206 2955 ejus
1237 2885 1431 2940 iterum
1474 2886 1574 2940 sub
1605 2886 1813 2941 Domini
1845 2901 1940 2955 ap-

366 2979 653 3045 pellatione
701 2980 1012 3033 iocabutmn
1069 2987 1314 3046 repetere
1344 2977 1662 3031 maluerunt.
1705 2977 1857 3042 Quod
1885 2984 1941 3032 et

366 3072 654 3139 Apostolus
680 3072 732 3124 in
758 3071 1022 3138 principio
1053 3070 1308 3138 Epistula:
1338 3070 1403 3122 ad
1438 3070 1703 3124 Romanos
1748 3069 1939 3125 fecisse

2040 1878 2230 1947 synodi
2259 1879 2513 1945 capitula.
2552 1880 2767 1951 PrOpIer
2794 1882 2884 1935 hos
2920 1884 3005 1950 qui
3029 1883 3329 1940 substantiis
3367 1899 3614 1943 secretum

2040 1978 2255 2022 uertere
2280 1969 2373 2022 ius.
2389 1970 2676 2035 clabantur,
2700 1972 2918 2025 dicentes
2948 1975 3201 2027 hominem
3224 1976 3334 2030 sine
3354 1979 3614 2033 divinitate

2039 2060 2194 2127 fuisse
2218 2071 2443 2114 creatum
2471 2074 2533 2116 ea:
2563 2062 2834 2116 uenerabili
2872 2063 3081 2136 Virgine
3114 2066 3313 2132 Maria,
3346 2069 3615 2136 impuden-

2039 2161 2133 2213 ter,
2167 2162 2210 2205 et
2233 2152 2534 2223 uulgariter,
2566 2154 2867 2208 venerabilis
2896 2157 3156 2224 quondam
3190 2161 3411 2229 episcOpi
3435 2161 3616 2231 Cyrilli

2041 2240 2403 2296 Alexandrina:
2426 2242 2665 2297 Ecclesia
2687 2242 2902 2312 litteras,
2925 2256 2974 2299 et
2989 2251 3409 2316 congruastotius
3428 2252 3611 2304 Orien-

2042 2334 2110 2385 tis
2158 2334 2401 2387 adt'ersus
2431 2332 2659 2410 Nistorii
2687 2324 2991 2402 amentiam,
3023 2339 3076 2390 in
3117 2338 3298 2406 quibus
3340 2342 3614 2410 manifesta

2042 2424 2287 2492 txpositiu
2326 2408 2469 2477 certi.
2502 2434 2651 2493 atque
2681 2424 2924 2479 salutaris
2952 2428 3169 2496 symboli
3212 2408 3614 2486 desiderantibus

2040 2513 2354 2565 declaratur.
2409 2512 2695 2581 Epistulam
2750 2531 2949 2584 quoque
2999 2516 3185 2571 Leonis
3241 2518 3614 2589 archiepiscOpi

2040 2604 2218 2670 prima:
2246 2603 2400 2667 sedis,
2430 2619 2543 2672 qtae
2570 2605 2819 2657 destinata
2848 2613 2892 2657 et
2923 2606 3116 2658 directa
3152 2608 3410 2661 ridebatur
3437 2611 3504 2663 ad
3534 2627 3614 2664 re-

2041 2696 2317 2748 nerabilem
2343 2704 2533 2749 sancta:
2560 2698 2813 2750 memoria:
2841 2694 3167 2762 Flavianum,
3192 2700 3261 2753 ad
3289 2702 3613 2770 intercipien-

2040 2786 2157 2838 dain
2189 2784 2484 2855 Eutychetis
2508 2787 2878 2858 malignitatem
2901 2787 3123 2860 (Concil.
3142 2789 3381 2847 Chalced.
3409 2805 3508 2847 act.
3528 2796 3611 2863 5).

2040 2872 2468 2931 Calumniatores
2492 2877 2644 2945 hujus
2665 2878 2953 2932 venerandi
2972 2880 3205 2945 concilii,
3230 2893 3283 2935 ut
3306 2883 3407 2938 sibi
3428 2899 3614 2953 quem-

2041 2982 2253 3035 cunque
2281 2966 2715 3033 reprehensionis
2742 2967 2944 3021 aditum
2974 2969 3266 3037 panderent
3286 3011 3302 3037 ,
3336 2977 3612 3041 prmsentis

2041 3056 2262 3122 capituli
2294 3056 2551 3125 principia
2597 3058 2981 3112 immutarunt:
3012 3069 3065 3113 et
3112 3062 3253 3128 quod
3281 3064 3350 3116 ibi
3379 3066 3610 3132 positum

373 3166 674 3227 invenitur;
706 3162 815 3233 74
844 3163 930 3216 ubi
963 3178 1028 3216 ne
1055 3171 1329 3230 putaretur
1370 3161 1601 3229 Spiritus
1644 3163 1813 3215 sancti
1850 3179 1935 3216 re.
1966 3140 2013 3203 Ο
2044 3158 2124 3201 εει
2147 3158 2330 3201 contra
2354 3162 2447 3201 eos
2469 3149 2559 3216 qui
2585 3148 2855 3203 hominem
2876 3150 2996 3206 sine
3015 3152 3297 3209 divinitate
3326 3156 3612 3225 opinantur

362 3255 748 3309 surrectionem
782 3254 1327 3322 pra-dicare,coactus
1349 3264 1431 3308 est
1462 3262 1567 3308 tam
1598 3254 1665 3308 de
1695 3256 1938 3322 proximo

365 3346 575 3400 Domini
603 3345 800 3399 Christi
834 3360 1026 3398 nomen
1054 3354 1326 3411 repetere;
1363 3359 1482 3397 nam
1513 3346 1582 3398 ita
1606 3345 1728 3399 dicit
1755 3363 1766 3397 :
1799 3346 1936 3398 Pau-

362 3438 437 3490 lus
459 3452 630 3490 servus
649 3436 773 3489 Jesu
800 3434 1012 3499 Christi,
1035 3447 1237 3488 vocatus
1257 3436 1537 3501 apes-olus,
1569 3445 1858 3505 segregatus
1884 3436 1936 3488 in

364 3525 701 3596 Evangelium
728 3525 861 3591 Dei,
894 3526 1030 3593 quod
1055 3534 1171 3578 ante
1209 3526 1505 3594 promiserat
1542 3540 1628 3595 per
1668 3525 1936 3594 prophetas

362 3633 480 3669 suos
509 3616 561 3669 in
586 3616 866 3686 Scripturis
895 3616 1103 3677 sanctis,
1125 3616 1188 3669 de
1212 3613 1348 3669 Filio
1368 3633 1480 3680 suo,
1504 3618 1587 3684 qui
1617 3621 1781 3684 factus
1801 3628 1870 3669 est
1892 3618 1935 3670 ei

361 3726 423 3761 ei:
456 3709 644 3763 semine
672 3707 834 3759 David
860 3708 1136 3759 secundum
1162 3722 1361 3758 carnem
1386 3723 1403 3771 ;
1434 3710 1518 3775 qui
1549 3707 1936 3776 pratdestinatus

361 3811 433 3854 est
462 3799 633 3853 Filius
664 3798 758 3851 Dei
789 3799 841 3851 in
868 3798 1050 3851 virtute
1075 3799 1355 3851 secundum
1384 3800 1615 3865 spiritum
1646 3800 1937 3866 sancti/ica-

362 3892 513 3945 tionis
541 3909 603 3945 ea:
632 3890 997 3945 resurrectione
1030 3898 1346 3942 mortuorum
1367 3888 1491 3942 Jesu
1508 3889 1699 3942 Christi
1726 3888 1934 3943 Domini

360 3986 520 4037 nostri
545 3982 719 4053 (Itum.
756 3997 793 4049 t,
830 3981 963 4052 1-4).
999 3980 1135 4048 Quid
1162 3990 1267 4034 tam
1289 3981 1519 4033 vicinius
1550 3990 1603 4033 et
1634 3995 1738 4033 uno
1768 3997 1934 4049 prope

360 4089 611 4134 sermone
658 4074 851 4129 Filium
902 4073 995 4127 Dei
1051 4072 1386 4126 nom'navit?
1418 4071 1593 4125 Putuit
1640 4072 1821 4126 dicere
1870 4089 1934 4126 ca:

360 4170 724 4223 resurrectione
754 4172 887 4236 eius,
930 4178 984 4221 et
1014 4183 1118 4221 non
1150 4175 1393 4236 repetere
1422 4166 1549 4219 Jcsu
1591 4163 1779 4220 Christi
1821 4165 1931 4219 Do-

360 4260 483 4312 mini
510 4260 702 4323 nostri;
731 4270 914 4329 quem,
946 4267 1001 4311 ut
1029 4258 1160 4323 disi,
1192 4272 1316 4311 mox
1362 4256 1553 4310 Filium
1585 4256 1679 4311 Dei
1724 4258 1929 4324 praede-

359 4352 617 4404 stinatum
641 4350 1042 4404 nominaverat:
1072 4350 1164 4403 sed
1190 4350 1312 4418 quia
1342 4349 1734 4416 interposuerat
1760 4350 1929 4402 sancti

360 4438 593 4507 Spiritus
614 4455 834 4505 nomen,
864 4455 932 4493 ne
960 4438 1027 4491 ad
1052 4452 1174 4492 eum
1206 4440 1653 4494 resurrectionem
1683 4437 1931 4493 retulisse

2038 3238 2298 3305 genitum,
2330 3237 2414 3290 isti
2445 3238 2694 3292 dixerunt
2725 3239 2995 3295 hominem
3021 3257 3231 3310 purum.
3256 3244 3368 3311 Qua
3396 3255 3613 3301 sentt-n-

2040 3331 2109 3382 tia
2141 3345 2244 3382 non
2271 3330 2572 3384 Nestorium
2601 3348 2695 3385 eos
2723 3333 3005 3388 damnasse
3029 3335 3441 3402 calumniantur,
3463 3356 3612 3407 quem

2038 3421 2182 3482 adeo,
2219 3421 2490 3489 inquiunt,
2517 3432 2715 3476 constat
2742 3423 2871 3476 nihil
2895 3426 2995 3478 tale
3019 3426 3251 3490 sensisse,
3276 3438 3326 3478 ut
3351 3430 3459 3496 eius
3485 3446 3610 3484 con-

2038 3525 2116 3565 tra
2144 3513 2363 3567 Paulum
2395 3516 2784 3570 Samosatenum
2819 3520 2917 3570 ista
2955 3519 3055 3572 sint
3095 3520 3245 3574 verba
3269 3538 3288 3574 .'
3328 3522 3417 3576 Sic
3441 3538 3611 3593 pereat

2041 3606 2237 3660 Paulus
2261 3609 2644 3673 Samosatenus,
2673 3612 2756 3679 qui
2786 3611 2977 3663 nudam
3008 3611 3150 3664 nobis
3181 3613 3487 3667 dominicam
3515 3617 3610 3669 de-

2037 3701 2201 3752 lirurit
2242 3702 2630 3755 humanitatem.
2689 3703 2753 3756 Et
2799 3704 2945 3770 ideo,
2979 3705 3247 3774 inquiunt,
3277 3707 3607 3776 manifestum

2036 3801 2106 3844 cst
2145 3792 2438 3846 Nestorium
2472 3809 2554 3848 eos
2582 3797 2741 3863 fuisse
2772 3806 2996 3859 secutos,
3036 3798 3185 3865 cuius
3216 3799 3403 3867 dogma
3428 3800 3613 3853 nolue-

2035 3895 2151 3937 runt
2180 3897 2353 3955 aperta
2384 3891 2624 3940 damnare
2665 3889 2928 3941 sententia.
2958 3887 3064 3943 Sed
3108 3888 3290 3942 Patres
3329 3899 3389 3943 ut
3416 3889 3613 3945 Nesto-

2038 3975 2172 4026 rium
2223 3972 2508 4044 arguelent
2561 3979 2793 4039 erroris.
2828 3978 3228 4033 evidentissime
3280 3991 3612 4049 posuerunt,

2035 4069 2307 4121 dicentes:
2340 4067 2557 4139 Propter
2579 4086 2663 4123 eos
2682 4072 2770 4139 qui
2800 4071 3098 4125 substantia:
3121 4083 3362 4126 secretum
3393 4083 3614 4127 evertere

2034 4161 2442 4229 insectabantur,
2476 4162 2695 4216 dicentes
2733 4162 2987 4217 hominem
3034 4180 3217 4233 purum
3265 4182 3372 4220 esse
3412 4168 3496 4236 qui
3547 4185 3614 4220 ea:

2034 4264 2209 4307 sancta
2232 4265 2382 4308 natus
2407 4262 2479 4309 est
2504 4254 2694 4309 Maria.
2726 4256 2789 4310 Ut
2810 4258 2938 4325 quia
2962 4256 3237 4312 Nestorius
3267 4274 3371 4312 non
3398 4272 3616 4327 semper

2039 4362 2263 4415 purum,
2297 4348 2390 4402 sed
2415 4349 2469 4401 in
2516 4357 2668 4402 utero
2698 4358 2901 4402 tantum
2933 4349 3167 4418 Virginis
3210 4350 3489 4405 divinitate
3515 4365 3614 4404 va-

2034 4452 2191 4491 cuum
2216 4436 2379 4494 fuisse
2399 4440 2925 4504 asseruitCln-istum,
2941 4440 3059 4495 illos
3079 4440 3166 4496 isti
3191 4450 3401 4495 notatos
3423 4452 3609 4495 DS'elt-

361 4532 647 4592 videretur,
673 4532 717 4584 si
750 4532 957 4586 diceret
985 4546 1047 4584 ea:
1070 4530 1435 4584 resurrectione.
1457 4532 1564 4598 ejus
1588 4548 1605 4595 ;
1636 4531 1815 4599 elegit,
1845 4545 1931 4585 se-
1962 4514 2013 4573 D
2038 4528 2228 4584 derunt
2252 4532 2343 4599 qui
2370 4546 2582 4600 semper
2606 4548 2791 4601 purum
2815 4534 3015 4600 opinati
3052 4545 3173 4586 sunt
3200 4533 3481 4588 Dominum
3514 4533 3610 4588 Je-

360 4622 537 4675 eundo
564 4622 890 4676 nominando
916 4620 1214 4685 Christum,
1245 4620 1591 4689 tautologiam
1634 4622 1933 4688 incurrere,

362 4711 653 4766 dummodo
696 4714 933 4782 pressius
976 4712 1372 4766 demonstraret
1415 4711 1480 4764 ad
1526 4712 1793 4765 Christum
1848 4729 1934 4768 re-

360 4803 715 4857 surrectionis
747 4804 1060 4874 mysterium
1103 4803 1390 4872 pertinere.
1439 4801 1578 4871 Ergo
1601 4802 1646 4855 si
1682 4805 1932 4871 repetitio

362 4894 591 4950 nominis
610 4893 809 4949 Christi
834 4895 969 4949 duos
989 4894 1233 4949 Christos
1258 4894 1477 4960 indicat,
1508 4893 1681 4963 ipsum
1706 4895 1930 4962 Aposto-

363 4996 469 5046 tum
492 4998 766 5054 accusent,
792 4990 879 5058 qui
900 4988 1038 5043 hanc
1062 4990 1345 5043 locutionis
1369 4990 1604 5057 regulam
1632 4988 1798 5043 dedit.
1823 4990 1928 5043 Sed

361 5098 414 5138 et
441 5098 562 5138 cum
593 5082 750 5138 dicit:
787 5082 861 5135 De
885 5078 1025 5133 Filio
1052 5096 1148 5133 suo
1175 5083 1260 5145 qui
1289 5081 1455 5148 {actus
1484 5090 1556 5133 est
1584 5080 1632 5133 ei
1654 5096 1719 5135 ea:
1744 5088 1929 5134 semine

373 5177 556 5239 l'avid,
577 5181 801 5244 possunt
821 5173 868 5227 ei
894 5186 1000 5225 non
1019 5171 1292 5225 minimam
1318 5174 1559 5240 ingerere
1587 5172 1928 5237 calumniam,

360 5269 499 5336 quod
525 5269 753 5324 alterum
784 5264 1185 5334 intelligendum
1214 5262 1512 5332 reliquerit,
1536 5264 1624 5331 qui
1648 5261 1752 5317 non
1775 5264 1846 5317 sit
1866 5278 1930 5317 ex

361 5362 567 5415 semine
594 5360 757 5415 David
787 5359 978 5421 factus,
1006 5357 1098 5411 sed
1130 5357 1196 5410 de
1225 5356 1396 5409 Patris
1422 5364 1572 5409 utero
1590 5356 1833 5425 genitus;
1865 5356 1931 5408 ad

360 5452 510 5522 cujus
527 5454 949 5517 distinctiOuem,
976 5451 1289 5520 spiritaliter
1311 5450 1378 5505 de
1401 5450 1557 5503 Patre
1575 5449 1776 5503 scilicet
1798 5450 1927 5511 nati,

359 5544 519 5597 alium
575 5544 867 5597 secundum
920 5557 1136 5597 carnem
1166 5558 1230 5597 ex
1280 5539 1442 5594 David
1489 5539 1698 5594 semine
1746 5549 1928 5592 natum

354 5635 642 5692 ostendere
672 5637 861 5702 voluit,
890 5637 1113 5691 dicens:
1149 5634 1224 5690 De
1246 5634 1384 5689 Filio
1411 5650 1524 5698 suo,
1549 5635 1636 5704 qui
1667 5634 1831 5703 factus
1858 5644 1930 5687 est

360 5730 404 5781 ei
433 5744 495 5783 ra:
522 5729 710 5781 semine
740 5717 923 5780 Dtirid.
957 5729 1065 5784 lloc
1095 5729 1256 5785 etiam
1288 5728 1403 5795 pari
1438 5727 1698 5782 notabant
1727 5725 1927 5780 calum-

2038 4635 2153 4674 sum
2183 4621 2456 4677 Christum
2489 4640 2502 4676 :
2534 4638 2597 4677 ac
2630 4640 2726 4692 per
2763 4624 2864 4677 hoc
2897 4638 3001 4677 non
3034 4623 3335 4677 Nestorium
3371 4633 3613 4678 conten-

2037 4714 2227 4768 derent
2253 4714 2467 4770 Patrum
2494 4717 2755 4770 sententia
2785 4716 3106 4783 perculsum.
3139 4714 3288 4769 Unde
3312 4714 3450 4767 nulla
3476 4714 3613 4769 mihi

2036 4804 2253 4860 videtur
2288 4807 2602 4867 necessitas.
2636 4807 2856 4861 istorum
2888 4807 2987 4859 hoc
3012 4806 3128 4859 loco
3157 4806 3400 4859 refellere
3431 4804 3611 4869 dolos,

2037 4917 2171 4974 quos
2198 4909 2409 4956 constat
2454 4910 2639 4967 aperte
2678 4900 2840 4953 fuisse
2872 4899 3143 4953 mentitos.
3173 4897 3431 4953 Sufficrre
3459 4898 3609 4952 enim

2038 4997 2271 5050 arbitror
2302 4993 2365 5047 ad
2415 5001 2679 5049 tantarum
2716 4992 2977 5046 fraudium
3025 4990 3433 5055 refutationem,
3469 4990 3613 5043 hanc

2041 5088 2210 5152 ipsam
2254 5099 2441 5139 eorum
2485 5082 2992 5154 deprehensionem.
3024 5081 3177 5137 Nunc
3203 5081 3270 5136 ad
3298 5080 3399 5134 alia
3430 5089 3614 5134 trans-

2039 5193 2243 5231 cantus.

2109 5266 2248 5321 XIX.
2290 5265 2488 5319 Dicunt:
2523 5264 2684 5318 etiam
2729 5262 2922 5318 callide
2968 5278 3064 5318 eos
3107 5260 3291 5331 Cyrilli
3319 5269 3374 5314 ct
3414 5260 3613 5314 Leonis

2036 5357 2385 5423 epistularum
2406 5354 2965 5409 commemorationem
2995 5353 3206 5417 fecissm
3234 5363 3290 5405 ut
3316 5351 3414 5404 hoc
3441 5350 3607 5403 subti-

2041 5448 2203 5503 litatis
2225 5457 2341 5501 astu
2378 5447 2592 5501 easdem
2631 5446 2739 5516 τε
2765 5460 2944 5498 secum
2975 5458 3274 5513 congruere
3316 5441 3609 5496 mentiren-

2036 5546 2145 5604 tur,
2186 5552 2319 5608 quas
2368 5538 2468 5601 sibi
2499 5545 2705 5592 certum
2752 5537 2825 5590 sit
2848 5535 3148 5590 contrarias
3174 5548 3333 5589 esse:
3365 5530 3507 5601 quod
3553 5540 3613 5585 ut

2036 5629 2239 5686 docere
2261 5630 2562 5693 videantur,
2608 5628 2714 5682 duo
2742 5627 3127 5683 sententiarum
3155 5624 3338 5696 Cyrilli
3371 5624 3615 5689 interpu-

2038 5730 2169 5779 nunt
2186 5719 2450 5789 capitula;
2475 5720 2669 5788 quibus
2694 5718 2888 5773 Leonis
2909 5718 3048 5772 dicta
3072 5716 3428 5781 conferentes,
3457 5713 3611 5783 longe
