4040 6184
569 323 657 375 151
1877 340 2099 397 VIGIIJI
2139 342 2514 400 TAl-‘SENSIS

3701 341 3822 405 '15!

561 434 706 488 (Inus
734 438 886 507 igitur
914 450 989 495 est
1009 452 1129 497 ante
1168 444 1570 500 incarnationem
1599 463 1746 501 uerus
1789 448 1948 514 Deus,
1974 464 2022 505 et
2049 455 2136 521 qui
2166 459 2208 514 Α
2242 455 2554 508 ini-iolabilis
2592 463 2788 509 natura'
2817 465 2890 508 est
2937 457 3082 508 unita
3121 456 3373 527 possibili,
3398 465 3452 510 ut
3479 456 3617 528 quod
3637 463 3824 514 nostris

555 530 607 580 in
637 527 952 587 humanitate
979 541 1166 591 mansit
1192 541 1245 590 id
1264 542 1399 609 quod
1427 550 1554 605 erat,
1579 552 1626 596 et
1655 554 1749 606 cst,
1779 554 1824 595 rt
1863 545 1977 598 erit.
2015 546 2134 599 Non

533 620 942 678 -discernendum
967 628 1125 697 igitur
1169 646 1328 682 unum
1368 629 1643 685 Dominum
1671 633 1849 686 Jesum
1877 634 2135 690 Christum

554 713 610 764 in
658 714 912 768 hominem
953 733 1182 784 seorsus,
1225 730 1271 772 et
1296 736 1497 774 seorsus
1531 723 1583 775 in
1612 722 1773 776 Deum
1797 740 1816 778 :
1855 725 1944 777 sed
1977 743 2137 778 unum

556 804 888 873 eamdemque
917 804 1094 859 Iesum
1123 807 1382 862 Christum
1433 827 1536 864 esse
1563 811 1821 878 dicimus;
1861 830 1962 867 non
1993 815 2138 884 igno-

555 901 728 947 rantes
749 893 1066 962 dilerentias
1104 909 1430 968 naturarum,
1469 903 1558 956 sed
1577 918 1662 956 eas
1690 903 1986 974 inconfusus
2008 904 2138 958 inter

555 1000 663 1038 8888
701 996 954 1041 seruantes
963 1027 978 1041 .

629 1075 794 1131 XXII.
830 1079 894 1132 Et
916 1079 1166 1149 quoniam
1198 1081 1288 1135 isu
1319 1081 1598 1153 utriusque
1626 1093 1827 1137 naturae
1857 1083 2139 1152 professio-

558 1184 678 1221 nem
708 1185 900 1223 novam
929 1186 1049 1226 esse
1068 1174 1482 1239 calumniantur,
1502 1186 1723 1230 cunctus
1753 1177 2002 1230 Ecclesia:
2031 1185 2138 1229 tra-

553 1273 788 1316 etatores
817 1263 869 1317 in
903 1265 1134 1319 medium
1159 1266 1266 1336 79
1291 1267 1636 1332 adducamus,
1662 1282 1726 1322 es
1751 1282 1974 1336 quorum
2002 1269 2136 1320 mul-

557 1352 827 1419 tiplicibs
858 1356 1014 1408 dictis
1062 1371 1226 1424 pauca
1274 1365 1328 1410 et
1379 1355 1558 1411 brevia
1606 1366 1977 1422 excerpcmes,
2011 1358 2135 1412 huic

556 1445 703 1501 oneri
733 1445 1133 1512 sabaei-timus,
1162 1447 1227 1498 ad
1276 1446 1493 1500 latiores
1537 1461 1720 1500 eorum
1751 1457 1806 1500 et
1833 1446 2134 1502 dill‘usiores

554 1533 620 1585 de
653 1532 749 1584 hac
773 1533 1118 1588 confessione
1151 1545 1428 1600 tractatus,
1480 1551 1613 1603 quos
1644 1536 1983 1590 beatissimus
2022 1536 2134 1591 Leo

556 1623 611 1675 in
641 1639 803 1679 unum
835 1626 1259 1679 testimoniorum
1289 1627 1558 1680 cumulum
1608 1628 1828 1695 provida
1856 1628 2130 1697 diligentia

555 1716 843 1784 congessit,
895 1716 1168 1770 studiosos
1206 1732 1448 1787 quosque
1478 1718 1782 1771 mittentes:
1808 1727 1862 1772 et
1901 1729 1954 1770 ut
1978 1718 2130 1772 nobis

2240 545 2473 598 remediis
2503 548 2828 612 congruebat,
2861 560 2993 598 unus
3015 553 3166 614 atque
3203 547 3336 599 idem
3379 548 3628 600 mediator
3656 549 3752 602 Dei
3769 561 3821 603 et

2242 635 2502 687 hominum
2533 635 2685 690 homo
2710 637 2863 691 Jesus
2889 635 3122 690 Christus
3147 647 3195 690 et
3235 639 3368 690 mori
3396 646 3565 708 posset
3590 655 3656 691 ea:
3686 655 3818 703 uno,

2238 732 2284 777 et
2313 726 2446 777 mori
2472 743 2575 778 non
2624 736 2792 795 posset
2823 743 2888 779 ex
2909 727 3106 780 altero:
3136 736 3181 778 et
3212 742 3311 779 non
3337 735 3411 781 est
3445 725 3597 780 Verbi
3623 740 3824 782 natura:

2240 815 2395 867 clavis
2418 816 2553 886 dﬂigi
2579 819 2819 883 potuisse.
2847 816 2959 871 Hoc
2983 825 3038 870 et
3059 816 3246 870 beatus
3265 816 3502 886 Cyrillus
3521 818 3576 872 in
3597 818 3820 886 epistola

2240 905 2403 959 tctius
2425 907 2615 975 synodi
2650 909 2714 962 ad
2741 907 3041 962 Nestorium
3071 907 3189 975 (Est
3213 909 3344 961 inter
3375 907 3556 978 Cyrifli
3579 910 3820 975 epistolas

2238 1007 2444 1065 quarta,
2488 1009 2535 1051 et
2564 998 2776 1052 habetur
2815 1001 2866 1052 in
2911 1001 3131 1054 concilio
3163 999 3444 1070 Ephesino,
3475 1011 3579 1055 act.
3613 1004 3664 1069 1,
3685 1012 3733 1054 et
3762 1004 3818 1055 in

2237 1088 2659 1154 Chalcedonensi,
2689 1101 2790 1144 act.
2826 1091 2913 1160 1):
2947 1089 3013 1142 In
3050 1094 3183 1159 ipsa,
3215 1091 3406 1160 inquit,
3446 1093 3595 1146 vulva
3647 1103 3812 1146 utero-

2235 1193 2331 1244 que
2356 1180 2594 1249 virginali
2624 1195 2732 1234 sese
2773 1179 2985 1234 Verbum
3006 1196 3121 1234 cum
3151 1196 3304 1234 carne
3333 1183 3623 1251 conjunxit,
3655 1193 3704 1236 et
3727 1199 3816 1236 su-

2235 1270 2414 1322 stinuit
2442 1271 2821 1341 generationem
2847 1272 3123 1336 carnalem,
3153 1273 3325 1324 carnis
3367 1285 3472 1326 suae
3504 1275 3814 1328 nativitatem

2233 1375 2381 1412 suam
2407 1360 2616 1428 faciens.
2650 1361 2740 1414 Sic
2768 1359 2916 1413 illum
2948 1362 3164 1414 dicimus
3191 1371 3241 1413 et
3272 1377 3478 1429 passum
3516 1379 3622 1416 esse
3658 1374 3704 1416 et
3733 1381 3814 1417 re-

2233 1451 2531 1515 surrexisse,
2565 1467 2666 1503 non
2687 1451 2806 1519 quia
2834 1451 2967 1504 Deus
2995 1451 3212 1505 Verbum
3232 1453 3284 1504 in
3308 1468 3404 1505 sua
3427 1462 3611 1506 natura
3633 1469 3814 1520 passus

2238 1542 2303 1593 sit
2330 1551 2419 1594 aut
2451 1543 2654 1611 plagas,
2679 1551 2769 1595 aut
2792 1543 3052 1595 claeorum
3077 1543 3409 1611 conﬁxiones,
3430 1554 3520 1598 aut
3547 1545 3653 1597 alia
3673 1545 3812 1598 simi-

2235 1635 2306 1688 lia
2334 1635 2546 1689 vulnera
2574 1634 2736 1704 (Deus
2767 1651 2982 1705 namque
3008 1636 3345 1705 incorporalis
3366 1648 3508 1691 extra
3533 1641 3732 1706 passion
3762 1657 3812 1692 ns

2234 1722 2362 1793 est);
2395 1724 2486 1777 sed
2511 1723 2634 1792 quia
2661 1740 2846 1794 corpus
2894 1723 3024 1777 illud
3069 1725 3206 1793 quod
3247 1725 3406 1792 ipsius
3438 1728 3698 1796 proprium
3728 1733 3812 1798 fa-

554 1807 747 1874 duplex
797 1807 848 1860 in
884 1817 1151 1862 tantormn
1183 1817 1236 1861 et
1287 1809 1471 1862 talium
1523 1808 1738 1861 testium
1782 1808 2134 1875 productione
2163 1808 2211 1870 B
2237 1821 2373 1866 ctum
2401 1821 2505 1878 est,
2530 1828 2734 1882 passum
2763 1823 2857 1875 est,
2904 1813 3017 1865 idco
3065 1813 3173 1866 hinc
3203 1817 3373 1866 omnia
3413 1831 3506 1884 pro
3535 1817 3678 1871 nobis
3707 1820 3812 1888 ipse

557 1907 807 1951 nascatur
833 1899 1055 1962 utilitas,
1085 1913 1269 1951 eorum
1323 1898 1614 1953 sententias
1655 1898 1850 1952 Leonis
1885 1900 2134 1953 sensibus

555 2001 886 2056 coaptemus.
923 1991 1059 2044 Dixit
1100 1990 1242 2054 Leu,
1276 1992 1417 2058 quod
1451 1992 1683 2045 maxime
1723 1990 1808 2045 isti
1852 1991 2134 2060 reprelien-

553 2081 786 2134 dendum
817 2082 1157 2136 existimant:
1195 2082 1450 2151 Operatur
1477 2098 1789 2152 unaquaque
1813 2091 1998 2135 natura
2019 2097 2134 2134 cum

553 2173 904 2225 communione
929 2174 1142 2226 alterius
1168 2175 1307 2243 quod
1331 2175 1594 2243 proprium
1611 2184 1684 2228 est
1711 2173 1859 2243 (Leo,
1877 2174 2023 2244 epist.
2042 2174 2130 2238 10,

553 2278 695 2314 num.
725 2263 806 2332 4).
838 2265 947 2318 Hoc
973 2275 1026 2319 et
1056 2266 1287 2320 lliL-rius
1317 2269 1596 2322 confessor
1625 2268 1677 2322 in
1710 2268 1846 2322 libro
1870 2283 1975 2321 uno
1995 2283 2128 2321 con-

554 2363 633 2408 tra
667 2333 889 2410 Arianns
917 2356 1058 2426 (Lib.
1084 2375 1131 2411 Ix
1166 2360 1230 2411 de
1267 2359 1454 2413 Trinit.
1475 2401 1488 2423 ,
1521 2360 1612 2414 sub
1655 2361 1885 2428 initium)
1912 2377 1924 2411 :
1962 2358 2132 2412 Natus

552 2463 671 2516 ergo
693 2448 979 2517 unigenitus
1015 2449 1151 2504 Deus
1173 2467 1236 2504 ea:
1270 2451 1499 2521 Virgine,
1543 2453 1694 2504 homo
1728 2453 2001 2504 secundum
2027 2453 2134 2520 ple-

553 2538 836 2591 nitndmem
893 2549 1214 2610 temporum,
1265 2543 1317 2595 in
1370 2545 1642 2610 semetipso
1696 2554 2027 2612 provecturus
2079 2544 2134 2596 in

555 2628 738 2694 Deum,
764 2631 1018 2684 hominem
1047 2649 1064 2697 ;
1093 2634 1227 2686 hunc
1249 2651 1339 2704 per
1368 2636 1539 2687 omnia
1576 2636 1852 2704 evangelici
1887 2635 2134 2688 sermonis

554 2724 760 2775 modum
793 2723 980 2787 tenuit,
1007 2734 1059 2775 ut
1081 2740 1134 2776 se
1164 2723 1256 2776 Dei
1291 2723 1484 2777 Filium
1515 2726 1652 2778 credi
1679 2726 1902 2789 doceret,
1951 2734 2006 2778 ut
2035 2726 2132 2778 ho-

555 2813 705 2866 minis
735 2813 900 2881 [ilium
953 2814 1227 2878 prtcdicari
1274 2815 1601 2880 admoneret;
1649 2815 1850 2868 locutus
1875 2825 1922 2867 et
1956 2830 2132 2884 gerens

556 2903 702 2955 homo
726 2904 962 2957 universa
992 2920 1105 2974 quae
1133 2903 1228 2957 Dei
1253 2919 1371 2958 sunt
1399 2923 1415 2969 ;
1445 2905 1654 2974 loquens
1679 2906 1862 2958 deinde
1885 2916 1932 2958 et
1959 2921 2135 2975 gerens

560 2992 696 3046 Deus
720 2994 952 3047 mtirersa
979 3010 1090 3062 qute
1111 2995 1328 3046 hominis
1359 3004 1473 3047 sunt
1501 3012 1519 3056 ,'
1543 2998 1612 3047 ita
1634 3006 1794 3048 tamen
1819 3006 1870 3046 ut
1903 2996 2015 3061 ipso
2042 2995 2134 3048 illo

556 3084 819 3150 utriusque
848 3085 1043 3152 generis
1073 3099 1302 3136 sermone
1331 3100 1588 3153 nunquam
1613 3085 1709 3135 nisi
1735 3101 1849 3136 cum
1875 3086 2134 3156 signi/ica-

2234 1905 2422 1957 dicitur
2449 1919 2648 1970 passus.
2684 1901 2857 1956 Inerat
2885 1905 3019 1957 enim
3047 1906 3098 1957 in
3137 1921 3198 1958 eo
3244 1922 3452 1976 corpore
3479 1910 3616 1976 quod
3645 1911 3812 1978 patie-

2233 1995 2400 2058 batur,
2434 1993 2572 2047 Deus
2601 1994 2687 2062 qui
2717 1996 2823 2061 pati
2853 2009 2952 2046 non
2981 2002 3200 2064 poterat.
3235 1993 3410 2048 Simili
3439 2001 3586 2048 modo
3606 2006 3652 2049 et
3678 2013 3811 2051 mor-

2233 2095 2332 2138 tem
2354 2086 2518 2154 ipsius
2546 2083 2881 2154 intelligimus
2906 2099 2926 2147 ;
2952 2085 3240 2138 immortale
3268 2086 3400 2138 enim
3430 2096 3474 2136 et
3504 2087 3810 2158 incorrupti-

2234 2178 2331 2231 bile
2363 2187 2438 2230 est
2477 2177 2788 2230 naturaliter
2825 2176 3085 2244 rit-ificans
3132 2175 3227 2230 Dei
3271 2176 3532 2240 Verbum;
3565 2178 3654 2232 sed
3693 2181 3816 2248 quia

2233 2285 2414 2340 corpus
2437 2271 2597 2340 ipsius
2631 2273 2895 2340 proprium
2921 2272 3084 2339 gratia
3114 2268 3206 2321 Dei
3222 2273 3388 2338 juxta
3411 2268 3563 2322 Pauli
3592 2285 3763 2322 vocem
3785 2287 3807 2325 :

2236 2361 2340 2416 Pro
2363 2362 2611 2415 omnibus
2655 2371 2882 2416 mortem
2922 2359 3153 2428 gustavit
3195 2359 3382 2430 (llebr.
3416 2375 3473 2424 ll,
3511 2356 3593 2430 9),
3621 2361 3818 2415 idcirco

2233 2453 2340 2522 ipse
2379 2452 2569 2506 dicitur
2615 2463 2822 2504 mortem
2858 2467 3039 2520 passus
3067 2467 3174 2504 esse
3199 2466 3290 2519 pro
3336 2450 3482 2504 nobis
3505 2493 3520 2516 ,
3549 2467 3648 2503 non
3677 2453 3816 2517 quod

2236 2543 2341 2612 ipse
2363 2551 2574 2596 mortem
2597 2550 2723 2595 esset
2753 2550 3015 2608 expertus,
3038 2549 3283 2611 quantum
3304 2542 3372 2592 ad
3399 2541 3557 2610 ipsius
3579 2551 3817 2594 naturam

2235 2633 2451 2701 pertinet
2481 2631 2709 2700 (insania
2747 2642 2822 2684 est
2864 2632 2997 2683 enim
3042 2633 3139 2683 hoc
3168 2631 3367 2684 sentire
3405 2629 3480 2682 uel
3511 2629 3700 2700 dicere)
3725 2632 3818 2683 sed

2240 2724 2400 2792 quod,
2436 2733 2488 2776 ut
2517 2739 2673 2792 supra
2705 2722 2948 2786 diximus,
2985 2736 3107 2774 caro
3144 2721 3304 2787 ipsius
3341 2731 3550 2773 mortem
3573 2722 3814 2789 gustavit.

2237 2815 2320 2868 Ita
2345 2823 2391 2868 el
2420 2822 2708 2882 resurgente
2729 2827 2908 2878 carne,
2936 2812 3096 2878 ipsius
3123 2811 3543 2864 resurrectionem
3564 2811 3816 2875 dicimus;

2236 2925 2336 2960 non
2367 2908 2488 2972 quia
2518 2907 2568 2958 in
2609 2905 2985 2971 corruptionem
3031 2902 3281 2956 ceciderat
3326 2903 3523 2973 (absit),
3569 2905 3658 2957 sed
3693 2907 3818 2973 quia

2236 3001 2347 3063 eius
2378 2996 2654 3053 resurrexit
2682 3009 2888 3060 corpus.
2923 2990 3008 3045 lla
3053 2992 3311 3046 Christum
3353 2993 3603 3045 hominem
3635 2996 3818 3062 (quem

2239 3100 2402 3143 tamen
2432 3099 2478 3143 et
2504 3087 2665 3141 Deum
2687 3085 3011 3154 conﬁtemur)
3037 3102 3136 3138 non
3167 3095 3408 3152 tanquam
3425 3085 3678 3136 hominem
3699 3099 3819 3136 cum

555 3175 690 3225 tione
708 3184 754 3224 et
798 3172 1019 3226 hominis
1049 3173 1247 3226 locutus
1276 3183 1322 3227 et
1351 3159 1444 3226 Dei
1471 3177 1556 3228 sit.
1593 3174 1728 3228 Ecce
1773 3186 1956 3243 aperte
1981 3191 2130 3229 com.
2157 3159 2206 3224 C
2251 3179 2407 3233 Verbo
2431 3180 2783 3241 coadorantes,
2810 3193 2873 3230 ne
2898 3177 3160 3228 divisionis
3185 3174 3417 3242 quardam
3445 3177 3633 3243 species
3662 3173 3821 3225 indu-

558 3263 865 3316 munionem
895 3273 1243 3333 utrarumque
1259 3265 1458 3320 docens
1479 3277 1810 3333 naturarum,
1829 3276 1887 3322 et
1901 3268 2130 3322 Verbum

557 3356 692 3408 dixit
721 3356 861 3424 loqui
889 3365 941 3409 et
965 3370 1125 3426 agere
1156 3371 1275 3426 qua:
1306 3359 1484 3411 carnis
1509 3366 1656 3425 sunt,
1683 3371 1734 3413 et
1763 3374 1980 3414 carnem
2012 3376 2133 3429 qua:

560 3444 720 3500 Verbi
744 3455 890 3500 sunt.
905 3447 1000 3500 Cui
1023 3449 1371 3504 sententizect
1401 3449 1584 3503 beatus
1598 3465 1809 3518 quoque
1831 3465 2133 3518 congruens

559 3537 875 3593 Ambrosius
913 3540 984 3593 ita
1021 3538 1150 3593 dicit
1178 3540 1317 3610 (Lib.
1368 3556 1401 3594 ιι
1431 3542 1493 3593 de
1523 3539 1653 3594 Fide
1693 3541 1763 3592 ad
1801 3540 2128 3607 Gratianum,

558 3647 673 3701 cap.
697 3633 750 3700 4,
795 3631 1002 3702 initio):
1031 3631 1251 3687 Consors
1292 3634 1554 3703 utriusque
1599 3643 1828 3698 natans,
1858 3635 1912 3687 id
1943 3643 2014 3688 est
2039 3634 2134 3688 hu-

559 3741 722 3779 mana:
758 3736 908 3796 atque
935 3727 1140 3792 diuinae,
1183 3728 1234 3779 in
1267 3735 1450 3780 natura
1493 3727 1710 3780 hominis
1751 3727 1903 3780 subiit
1942 3727 2135 3794 passio-

560 3834 706 3881 nem;
730 3830 782 3870 ut
815 3819 1087 3872 indiscrete
1113 3830 1161 3872 et
1189 3819 1437 3873 Dominus
1479 3821 1758 3890 majestatis
1801 3820 2001 3872 dicatur
2027 3836 2138 3874 esse

559 3913 648 3981 qui
669 3928 851 3980 passus
875 3922 969 3977 est,
996 3923 1042 3967 et
1069 3913 1209 3980 ﬁlius
1241 3912 1481 3976 hominis,
1512 3913 1640 3965 sicut
1661 3911 1902 3982 scriptum
1930 3923 2023 3976 est,
2051 3914 2136 3981 qui

559 4003 818 4056 descendit
855 4005 917 4056 de
937 4005 1079 4056 caelo.
1113 4002 1400 4070 Perspicua
1431 4003 1589 4056 nimis
1617 4011 1674 4058 ct
1701 4003 2133 4057 communionem

558 4095 759 4162 operis,
787 4103 840 4148 et
872 4095 1248 4164 proprietatem
1281 4095 1553 4164 utriusque
1579 4103 1782 4148 uatum
1809 4094 2089 4163 descripsit
2117 4112 2132 4150 :

558 4186 684 4240 dum
707 4196 760 4239 et
788 4201 1001 4241 ιτιιτιιεω
1022 4198 1242 4257 propter
1271 4187 1499 4243 Verbum
1517 4187 1584 4241 de
1605 4186 1742 4241 caalo
1765 4185 2130 4253 descendisse,

560 4289 615 4332 et
648 4278 876 4332 Verbum
911 4288 1126 4346 propter
1155 4293 1371 4333 carnem
1421 4287 1646 4332 mortem
1687 4277 1917 4332 subiisse
1953 4277 2131 4331 divina

559 4375 823 4421 testantur
851 4369 1095 4435 eloquia;
1135 4383 1256 4422 cum
1288 4383 1386 4422 nec
1427 4382 1556 4422 curo
1588 4367 1655 4420 de
1683 4365 1820 4421 caelo
1839 4365 2132 4421 descende-

561 4460 654 4522 rit,
686 4473 783 4511 nec
811 4459 1039 4511 Verbum
1073 4459 1208 4512 mori
1243 4459 1495 4526 potuerit.

2233 3279 2399 3333 catur,
2443 3268 2531 3322 sed
2577 3284 2734 3320 unum
2767 3268 2877 3335 jam
2915 3275 2962 3319 et
3000 3265 3234 3319 eumdem
3276 3265 3567 3317 adorantes.
3603 3264 3714 3318 Hoc
3761 3274 3821 3318 et

2236 3363 2425 3417 beatus
2457 3361 2686 3414 Hilarius
2719 3360 2900 3428 paucis
2923 3359 3147 3426 explicat
3200 3357 3398 3411 verbis.
3446 3355 3696 3412 Videsne,
3728 3357 3820 3407 in-

2233 3454 2348 3523 qu't
2369 3453 2507 3518 (Lib.
2538 3468 2586 3504 ιι
2611 3453 2676 3504 de
2702 3451 2905 3515 Triutt.,
2934 3467 3036 3502 non
3063 3451 3214 3520 longe
3233 3449 3294 3500 ab
3327 3448 3516 3516 initio),
3545 3449 3616 3500 ita
3649 3447 3822 3500 Deum

2233 3556 2280 3599 et
2309 3545 2563 3597 hominem
2591 3543 2882 3614 pra-dicari,
2908 3551 2962 3594 ut
2995 3553 3127 3592 mars
3158 3539 3373 3603 homini,
3404 3539 3507 3592 Deo
3528 3554 3666 3600 tero,
3698 3555 3824 3590 car-

2234 3636 2312 3688 nis
2342 3635 2582 3688 excitatio
2609 3635 2922 3714 deputetur?
2950 3630 3204 3684 Naturam
3229 3630 3324 3683 Dei
3355 3631 3405 3682 in
3438 3631 3618 3684 uirtute
3644 3646 3824 3682 resur-

2234 3725 2475 3778 rectionis
2519 3724 2763 3792 intellige,
2810 3723 3240 3792 dispensationem
3286 3721 3506 3776 hominis
3548 3722 3601 3773 in
3653 3733 3825 3774 morte

2235 3833 2512 3887 cognosce:
2543 3827 2726 3870 etcum
2746 3817 2848 3869 sint
2874 3827 3088 3883 utraque
3116 3815 3375 3882 utriusque
3408 3822 3551 3884 gesta
3579 3813 3818 3879 naturis,

2235 3924 2394 3962 unum
2425 3919 2592 3960 tamen
2633 3905 2808 3960 Iesum
2843 3923 2959 3961 eum
2999 3915 3243 3960 memnto
3279 3921 3390 3959 esse
3422 3904 3510 3974 qui
3544 3912 3825 3974 utrumque

2236 4010 2330 4054 est.
2445 3979 2458 3994 ι

2309 4091 2496 4145 XXIV.
2536 4091 2604 4144 Et
2645 4091 2766 4158 quia
2801 4090 3107 4159 perSpictte,
3137 4099 3393 4157 quantum
3439 4089 3663 4154 Opinor,
3703 4088 3823 4141 cla-

2235 4185 2373 4246 ruit,
2415 4183 2555 4237 beati
2606 4183 2800 4237 Leonis
2847 4182 3125 4249 epistolam
3166 4196 3286 4234 cum
3313 4180 3501 4250 Cyrilli
3539 4178 3825 4249 synodicis

2235 4289 2530 4344 congruere
2571 4274 2798 4337 litteris,
2829 4274 2936 4343 ει
2969 4273 3091 4340 quid
3125 4273 3286 4327 etiam
3325 4271 3506 4326 caeteri
3545 4271 3821 4327 Ecclesiae

2238 4375 2557 4420 trat-tatores
2576 4365 2644 4419 de
2670 4367 2908 4434 utrisque
2929 4365 3130 4417 naturis
3165 4364 3362 4418 Christi
3385 4364 3652 4418 senserint
3684 4364 3822 4418 bre-

2236 4459 2374 4512 viter
2391 4458 2718 4522 intimemus,
2747 4466 2965 4510 sanctus
2983 4456 3215 4510 Joannes
3239 4454 3671 4524 (Chrysostomus,
3685 4464 3824 4511 tam.

633 4547 816 4603 XXIII.
865 4547 994 4603 Item
1040 4549 1176 4604 dixit
1215 4550 1512 4620 Leo(tVum
1561 4551 1616 4618 ι)
1649 4568 1659 4601 :
1694 4550 1924 4618 Esurire,
1963 4551 2124 4615 sitire,
2156 4532 2206 4590 Ῐ)
2252 4550 2286 4602 γ
2323 4548 2674 4614 Gra'co-Lal.,
2715 4565 2867 4602 senn.
2911 4548 3000 4614 35)
3032 4547 3082 4602 iu
3120 4549 3340 4602 luunilia
3385 4548 3453 4601 de
3487 4548 3828 4604 Ascensionu

559 4640 828 4694 lassescere
874 4653 1022 4708 atque
1056 4642 1310 4706 dormire,
1357 4642 1611 4694 evidenter
1633 4643 1910 4695 humanum
1948 4652 2022 4695 est
2047 4663 2065 4695 :
2089 4651 2134 4694 et

561 4747 664 4784 non
694 4742 764 4784 est
794 4733 1020 4804 ejusdem
1047 4744 1244 4788 natura:
1281 4737 1406 4804 ﬂere
1433 4733 1769 4786 miserationis
1793 4733 1981 4799 affectu
2006 4735 2134 4786 ami-

559 4839 674 4875 cum
713 4833 990 4887 mortuum,
1029 4836 1076 4879 et
1103 4828 1337 4880 eumdem
1367 4827 1435 4878 ad
1462 4827 1594 4879 vocis
1626 4825 1890 4894 imperiunt
1912 4829 2136 4880 excitare

558 4915 858 4970 redivivum.
893 4917 1003 4970 Hoc
1023 4929 1075 4972 et
1103 4924 1293 4974 beatus
1314 4918 1604 4988 Gregorius
1633 4917 2000 4973 Nazianzenus
2022 4920 2134 4986 epi—

559 5021 753 5073 scopus
779 5007 1033 5070 asseruit,
1061 5008 1245 5062 dicens
1274 5009 1448 5080 (Orat.
1474 5009 1540 5064 58
1564 5011 1617 5062 in
1653 5007 1843 5063 Christi
1881 5007 2136 5062 Natiuita-

562 5111 661 5151 tem
679 5141 692 5165 ,
717 5107 830 5167 post
858 5099 1138 5167 medium):
1167 5099 1294 5152 Cum
1338 5117 1458 5172 ergo
1484 5101 1805 5170 processisset
1831 5116 1893 5154 ea:
1931 5099 2136 5169 Virgine

560 5188 717 5257 Dens,
759 5191 811 5242 in
834 5207 893 5243 ea
916 5206 1066 5256 quam
1089 5203 1453 5260 assumpserat,
1483 5195 1704 5246 humana
1735 5203 1939 5255 natura,
1974 5208 2133 5245 unum

557 5298 586 5335 e
605 5282 800 5336 duobus
822 5283 874 5335 in
897 5282 1106 5336 invicem
1129 5284 1396 5336 contrariis
1417 5285 1657 5346 existens,
1688 5300 1840 5338 carne
1855 5299 1912 5336 ac
1927 5283 2128 5351 spiritu,

559 5373 700 5425 aliud
722 5374 774 5425 in
811 5375 972 5427 Deum
1002 5373 1307 5436 assumitur,
1347 5373 1494 5426 aliud
1521 5374 1632 5442 80
1663 5373 1878 5425 Deitatis
1915 5373 2134 5440 gratiam

559 5472 791 5530 prwstat.
823 5463 1013 5518 Missus
1033 5475 1104 5517 est
1131 5463 1355 5528 quidem,
1387 5465 1475 5517 sed
1504 5475 1556 5516 ut
1577 5464 1760 5526 homo;
1789 5464 1980 5531 duplex
1999 5464 2133 5516 enim

555 5563 665 5607 erat
695 5555 748 5608 in
777 5572 838 5610 eo
861 5565 1067 5610 natura.
1100 5554 1231 5610 Inde
1252 5557 1474 5625 denique
1507 5564 1554 5608 et
1577 5556 1823 5608 laboravit
1847 5571 1912 5608 ea:
1934 5555 2130 5617 itinere,

553 5646 676 5699 inde
703 5650 896 5712 esuriit,
924 5660 970 5703 et
1000 5651 1178 5717 sitivit,
1210 5659 1258 5705 et
1297 5650 1624 5704 contristatus
1655 5655 1747 5713 est,
1783 5657 1829 5700 et
1863 5649 2000 5716 ﬂevit
2033 5645 2132 5700 hu-

558 5742 694 5791 mani
724 5744 946 5811 corporis
982 5743 1106 5812 lege.
1142 5743 1270 5799 Item
1293 5741 1427 5798 dixit
1459 5741 1566 5797 Leo
1595 5737 1781 5803 (Nam.
1813 5736 1900 5798 5):
1934 5735 2138 5792 Natura

2241 4642 2470 4706 Domini,
2507 4644 2578 4694 ita
2610 4641 2765 4696 dicit:
2801 4641 2937 4694 Deus
2961 4641 3104 4694 nobis
3123 4643 3200 4711 ju;
3216 4651 3263 4692 te
3291 4640 3623 4703 irascebatur,
3649 4649 3696 4692 et
3721 4656 3830 4696 nos

2237 4732 2679 4784 coiitemnebamus
2716 4734 2926 4799 iratum,
2961 4741 3007 4784 et
3034 4734 3321 4784 clementem
3355 4730 3629 4783 Dominum
3649 4731 3824 4784 declio

2239 4825 2588 4878 nabamus:et
2625 4841 2677 4875 se
2716 4825 2941 4877 medium
2975 4824 3208 4879 Christus
3260 4823 3488 4893 ingessit,
3529 4834 3575 4877 et
3603 4823 3831 4875 sociavit

2240 4925 2504 4984 utramque
2542 4923 2806 4979 naturam,
2844 4925 2889 4968 et
2929 4917 3074 4969 nobis
3108 4915 3244 4985 quod
3287 4913 3575 4967 imminebat
3616 4917 3831 4983 suppli~

2237 5009 2369 5060 cium
2387 5008 2494 5073 ipse
2523 5007 2789 5058 sustinuit.
2819 5006 2946 5060 Item
2975 5024 2986 5057 ε
3015 5021 3377 5075 cognoscamus
3408 5004 3560 5076 igitur
3575 5018 3688 5072 qua
3717 5021 3832 5056 na-

2237 5108 2352 5150 tura
2372 5106 2464 5161 est,
2489 5099 2566 5149 cui
2594 5097 2723 5150 dicit
2754 5111 2772 5150 :
2801 5097 2942 5151 Sede
2967 5096 3031 5150 ad
3077 5097 3352 5149 dexteram
3395 5108 3566 5147 meam
3585 5134 3599 5156 ,
3636 5101 3684 5144 et
3703 5104 3833 5147 esto

2236 5205 2360 5242 metu
2384 5191 2635 5258 particeps
2681 5190 2815 5243 sedis
2833 5205 2852 5243 :
2882 5190 2974 5243 illa
3003 5190 3243 5242 nimirum
3284 5198 3467 5241 natura
3495 5202 3610 5255 qua:
3637 5188 3834 5240 audie-

2236 5288 2316 5332 rat
2339 5293 2358 5330 :
2387 5279 2549 5332 'l'erra
2579 5295 2658 5340 cs,
2691 5287 2746 5332 et
2776 5281 2825 5331 in
2857 5289 3052 5334 terram
3095 5280 3216 5334 ibis.
3267 5279 3378 5331 Hoc
3402 5285 3456 5331 et
3485 5277 3834 5341 Augustinus

2237 5369 2495 5432 sentiens,
2514 5369 2914 5433 Gratulandum,
2943 5371 3108 5438 inquit
3129 5369 3329 5438 (Tracl.
3350 5370 3491 5424 78in
3505 5367 3828 5436 Joannem),

2240 5463 2402 5532 [iterat
2428 5462 2663 5516 humana:
2687 5474 2905 5527 naturw,
2931 5477 2992 5515 eo
3009 5462 3145 5530 quod
3171 5463 3246 5515 sic
3269 5475 3530 5532 assumpus
3557 5470 3630 5513 est
3654 5477 3686 5512 a
3709 5458 3839 5515 Deo

2254 5551 2434 5617 Verbo,
2468 5563 2522 5605 ut
2551 5551 2853 5606 immortalis
2893 5552 3278 5604 constitueretur
3308 5553 3360 5604 in
3390 5552 3546 5616 caelo;
3576 5559 3725 5618 atque
3753 5553 3841 5605 ita

2243 5641 2382 5710 ﬁeret
2411 5652 2544 5696 terra
2561 5642 2810 5706 sublimis,
2831 5652 2883 5694 ut
2912 5642 3305 5711 incorruptibilis
3342 5641 3531 5696 sederet
3552 5643 3619 5693 ad
3642 5640 3842 5696 dexte-

2242 5751 2351 5806 ram
2378 5733 2570 5789 Patris.
2591 5735 2716 5790 item
2740 5735 2926 5790 beatus
2941 5732 3164 5789 Basilius
3187 5734 3445 5789 Casatea:
3469 5731 3844 5803 Cappadocia!
