4040 6184
332 300 429 354 I53

1424 286 1691 350 CONTRA
1740 291 2209 349 EUTYCIIETEM
2252 288 2377 345 LIB.
2424 290 2484 345 V.

3474 286 3578 340 154

329 415 644 480 episcopus:
677 409 809 464 Cum
836 425 956 479 ergo
981 408 1212 479 qua'dam
1240 409 1290 460 in
1319 405 1521 461 Christo
1544 408 1614 460 ita
1639 407 1901 460 videamus
1929 409 1982 467 Α
2008 405 2113 458 rilli
2142 404 2206 457 ad
2239 403 2541 458 Nestorium
2567 401 2755 456 litteris
2780 418 2793 454 :
2831 401 2949 454 Non
2973 400 3104 454 enim
3146 399 3385 463 dicimus,
3416 400 3585 469 inquit

330 506 573 564 humana,
604 514 656 555 ut
684 503 817 557 nihil
843 520 874 554 a
899 503 1151 555 communi
1181 500 1473 553 mortalium
1501 499 1778 567 fragilitate
1818 498 1901 550 di-

330 608 464 648 stare
491 595 791 658 videantur;
813 595 1045 657 quaedam
1074 593 1148 644 ita
1174 590 1368 655 divina,
1400 605 1512 659 qua
1540 591 1671 643 nulli
1696 590 1785 642 alii
1811 590 1908 642 nisi

332 690 408 741 illi
428 677 674 753 ineffabili
696 698 896 740 natura:
915 686 1209 738 conveniant
1234 684 1434 737 deitatis
1458 700 1475 747 ;
1506 685 1661 735 hanc!
1694 681 1909 742 humani

333 780 614 833 intellectus
642 779 899 846 angustia,
928 786 971 831 et
1002 784 1154 829 tanta:
1180 773 1541 829 admirationis
1573 786 1778 843 stupore
1796 790 1914 843 per-

334 874 495 935 culsa,
522 888 626 941 quo
642 872 718 924 dei
735 869 879 934 liuet,
902 868 1026 939 quid
1045 876 1232 933 teneat,
1258 884 1357 936 quo
1384 883 1441 920 se
1457 874 1735 927 convertat,
1766 867 1915 934 igno-

335 976 410 1016 rat
428 979 448 1015 :
473 962 734 1014 hominem
762 969 900 1029 putet
928 969 1015 1011 aut
1048 957 1209 1011 Deum
1237 974 1383 1027 quem
1417 956 1611 1009 devicto
1641 956 1815 1008 mortis
1835 970 1916 1006 re-

336 1070 454 1123 gno,
480 1068 598 1105 cum
643 1050 823 1121 spoliis
861 1050 1202 1102 redeuntema
1228 1048 1437 1101 mortuis
1479 1046 1662 1099 cernit.
1700 1044 1915 1113 Propter

336 1149 467 1213 quod
490 1162 608 1199 cum
636 1145 774 1197 omni
802 1153 938 1196 metu
959 1150 1003 1195 et
1035 1141 1311 1195 reverentia
1340 1140 1787 1205 contemplandum
1817 1146 1910 1201 est,

338 1252 385 1289 ut
417 1240 470 1289 in
513 1253 618 1289 uno
646 1234 938 1300 eodemque,
982 1233 1056 1287 ita
1085 1230 1351 1297 utriusque
1390 1238 1588 1283 natura:
1619 1229 1802 1281 veritas
1831 1227 1917 1279 de-

338 1337 672 1392 monstretur,
704 1335 757 1377 ut
788 1339 950 1391 neque
988 1321 1185 1390 aliquid
1218 1321 1483 1390 indignum
1520 1329 1569 1372 et
1602 1320 1835 1372 indecens
1864 1316 1916 1369 in

339 1420 513 1472 dicina
538 1418 629 1470 illa
661 1427 705 1471 et
731 1415 975 1483 ineffabili
999 1414 1285 1469 substantia
1310 1413 1588 1475 sentiatur;
1618 1427 1778 1480 neque
1801 1424 1918 1462 rur-

341 1527 429 1562 sus
458 1525 574 1575 qua:
596 1518 733 1577 gesta
760 1516 878 1559 sunt
903 1506 1049 1575 falsis
1069 1503 1227 1557 illusa
1252 1501 1558 1573 imaginibus
1583 1500 1914 1554 a'stimentur.

343 1602 453 1664 Qua
483 1600 611 1653 hinc
644 1596 868 1653 exitur?
898 1610 1003 1665 quo
1033 1608 1219 1650 rursus
1243 1592 1536 1647 evaditur?
1560 1590 1750 1658 quibus
1776 1602 1923 1643 com-

345 1692 565 1757 tuentis,
594 1690 788 1759 quibus
818 1695 1254 1757 argumentorum
1303 1684 1589 1756 praestigiis
1621 1691 1781 1737 tantm
1828 1696 1924 1751 po-

2011 494 2204 566 (Epist.
2230 495 2321 563 4),
2361 495 2494 564 quod
2524 492 2618 547 Dei
2664 504 2869 557 natura,
2901 508 3143 545 conversa
3172 493 3248 544 vel
3278 491 3541 543 immutata
3568 532 3582 553 ,

2011 588 2145 654 facta
2174 586 2238 636 sit
2282 600 2435 646 caro,
2468 598 2559 637 nec
2594 582 2730 653 quod
2759 581 2815 634 in
2859 592 3019 634 totum
3050 580 3299 631 hominem
3331 579 3487 649 (quod
3518 591 3588 631 est

2009 678 2181 731 anima
2211 686 2258 730 et
2282 674 2489 746 corpus)
2515 675 2878 743 transformata
2903 674 2999 735 sit;
3022 672 3111 723 sed
3132 671 3261 723 illud
3282 672 3441 739 magis
3457 672 3589 737 quod

2013 761 2232 818 carnem'
2264 765 2539 818 animatum
2588 765 2763 817 anima
2810 760 3106 816 rationabili
3136 760 3229 814 sibi
3283 761 3592 827 copulaverit

2021 854 2261 916 Verbum,
2295 864 2340 908 et
2367 854 2788 918 substantialiter,
2819 852 3142 917 ine/fubiliter
3167 860 3213 902 et
3243 850 3589 918 indeprehen-

2014 946 2228 1001 sibiliter
2249 949 2417 1017 factus
2442 947 2508 1000 sit
2538 946 2709 1009 homo,
2739 953 2785 997 et
2814 953 3137 1012 nuncupatus
3165 946 3227 996 sit
3270 942 3416 994 etiam
3456 940 3593 1007 [ilius

2018 1038 2281 1092 hominis:
2313 1054 2413 1091 non
2454 1037 2608 1090 nudat
2637 1035 2985 1088 tantummodo
3035 1035 3330 1096 voluntatis,
3377 1031 3465 1084 sed
3506 1046 3594 1085 nec

2018 1127 2369 1197 assumptione
2396 1128 2506 1180 sola
2540 1140 2768 1194 persona:
2787 1166 2802 1190 ,
2833 1126 2922 1177 sed
2961 1124 3096 1192 quod
3120 1123 3327 1174 όὶυιτειτ
3351 1122 3597 1190 quodam-

2020 1220 2170 1272 modo
2202 1226 2401 1270 natura:
2426 1218 2475 1269 in
2504 1232 2605 1269 uno
2629 1215 2969 1269 convenerint.
3006 1212 3153 1265 Unus
3184 1221 3349 1264 tamen
3390 1227 3453 1263 etc
3490 1226 3597 1261 om-

2021 1309 2177 1363 babus
2208 1307 2439 1363 Christus
2466 1316 2514 1359 et
2545 1305 2745 1371 Filius,
2779 1319 2881 1356 non
2914 1312 3155 1355 evacuata
3181 1312 3266 1351 aut
3294 1300 3491 1353 sublata
3519 1297 3599 1351 di-

2021 1400 2259 1453 versitate
2282 1408 2581 1450 naturarum
2610 1394 3142 1463 perconjnnctionem.
3160 1388 3264 1443 Sed
3289 1389 3408 1455 quia
3437 1387 3590 1442 simul

2022 1490 2163 1543 nobis
2176 1488 2448 1555 effecerunt
2465 1502 2619 1539 unum
2635 1483 2910 1537 Dominum
2924 1492 2968 1535 et
2981 1480 3239 1534 Christum
3252 1491 3297 1533 et
3314 1478 3527 1538 Filium.
3544 1478 3600 1529 id

2023 1591 2093 1635 est
2106 1579 2343 1633 divinitas
2354 1588 2400 1631 et
2413 1577 2721 1641 humanitas,
2737 1590 2825 1645 per
2835 1589 3074 1627 arcanam
3096 1571 3243 1625 illam
3265 1569 3597 1636 itte/fabilem‘

2023 1690 2120 1744 que
2140 1673 2508 1743 copulationem
2540 1671 2607 1723 ad
2638 1669 2907 1723 unitatem.
2930 1666 3068 1734 Quid
3093 1666 3195 1720 hoc
3234 1664 3597 1727 manifestius,

346 1790 451 1836 test
480 1755 815 1836 auctoritatis
845 1755 1040 1834 veritas
1065 1755 1372 1832 obumbrari
1391 1776 1415 1828 ?
1436 1776 1509 1830 Ita
1534 1789 1725 1829 omnes
1748 1773 1918 1827 eccle-
1953 1780 1997 1839 Β
2024 1765 2151 1835 quid
2167 1764 2364 1818 clarius
2390 1766 2451 1814 ad
2468 1760 2873 1815 consonantiam
2898 1757 3137 1828 synodici
3156 1757 3358 1810 decreti
3377 1755 3599 1809 Chalce.

346 1870 547 1925 siastici
593 1879 939 1933 Iractatores,
973 1868 1028 1921 in
1058 1869 1337 1935 utriusque
1363 1874 1565 1919 natura:
1590 1864 1918 1934 proprietate

348 1965 714 2029 consentiunt,
750 1974 807 2016 ut
838 1964 888 2017 in
935 1977 1042 2017 uno
1072 1962 1369 2031 eodemque
1391 1959 1606 2015 Christo
1634 1959 1765 2013 nihil
1795 1957 1926 2013 indi-

349 2074 539 2129 gnum,
568 2058 702 2111 nihil
735 2056 924 2111 falsum
959 2056 1314 2111 existimetur.
1356 2053 1498 2109 Nihil
1529 2052 1823 2122 indignum,
1858 2066 1925 2106 ne

350 2150 549 2205 Filium
602 2149 697 2203 Dei
756 2148 924 2201 Deum
981 2148 1264 2203 Dominum
1314 2145 1584 2200 Christum
1631 2143 1924 2199 secundum

352 2240 649 2295 divinitatis
670 2254 779 2293 sua:
806 2248 1048 2293 naturam
1072 2238 1352 2293 credamus
1374 2237 1532 2290 morti
1555 2234 1887 2304 subjacuisse
1911 2250 1924 2287 :

354 2332 483 2388 nihil
511 2332 726 2395 falsum,
756 2340 812 2384 ut
841 2329 1091 2384 eumdem
1123 2328 1413 2383 secundum
1435 2327 1613 2383 carnis
1640 2343 1747 2381 sua:
1770 2334 1925 2379 natu-

356 2438 466 2477 ram
495 2422 781 2476 credamus
813 2430 1079 2474 mortuum
1116 2434 1254 2474 esse.
1286 2418 1351 2475 Ut
1379 2419 1500 2487 quia
1531 2433 1656 2473 vere
1687 2427 1930 2470 mortuus

356 2523 457 2580 cst,
489 2511 767 2583 dignitatis
796 2513 867 2566 sit
897 2520 1101 2565 natura:
1137 2509 1314 2574 Verbi,
1347 2509 1605 2565 honorem
1650 2511 1778 2566 dare
1826 2511 1928 2565 im-

359 2606 736 2669 mortalitatis;
769 2616 823 2659 et
872 2615 1077 2659 natura:
1115 2603 1316 2668 carnis,
1346 2603 1625 2659 veritatem
1657 2604 1931 2659 ascribere

358 2696 581 2751 mortis:
616 2695 687 2751 ita
724 2705 780 2749 ut
810 2707 1093 2765 utrumque
1141 2694 1298 2750 unius
1327 2694 1676 2764 ejusdemque
1718 2696 1787 2749 sit
1821 2697 1930 2767 82

358 2788 579 2852 Christi,
606 2786 658 2842 id
690 2795 772 2841 est
798 2797 850 2842 et
876 2787 1011 2841 mori
1040 2797 1094 2842 et
1122 2803 1225 2841 non
1271 2788 1404 2841 mori
1433 2806 1444 2840 :
1476 2787 1612 2841 mori
1638 2788 1930 2842 secundum

360 2891 604 2936 naturam
630 2881 804 2936 carnis
832 2896 962 2947 suae,
986 2891 1039 2936 et
1066 2897 1172 2937 non
1204 2882 1339 2936 mori
1365 2883 1658 2937 secundum
1684 2890 1930 2937 naturam

360 2972 653 3028 divinitatis
680 2989 809 3028 sum.

432 3064 601 3119 XXV.
634 3064 739 3120 Sed
762 3065 873 3134 jam
904 3064 1144 3119 ultimum
1176 3064 1375 3121 decreti
1417 3064 1708 3135 capitulum
1749 3065 1933 3121 videa-

2026 1856 2305 1917 doneusis,
2336 1870 2402 1907 ex
2420 1854 2613 1907 litteris
2634 1851 2817 1923 Cyrilli
2852 1851 3022 1918 potuit
3043 1847 3440 1903 demonstrari?
3464 1848 3600 1900 Ecce

2028 1960 2127 2000 nec
2154 1946 2185 1999 d
2209 1956 2292 1997 eta
2320 1944 2509 2006 dictis,
2542 1957 2640 1995 nec
2680 1941 2969 1995 sententiae
3012 1937 3295 1992 sen'entiis
3320 1938 3603 1991 adversan-

2029 2046 2157 2101 tur;
2201 2036 2293 2089 sed
2327 2036 2464 2088 sicut
2492 2050 2596 2086 uno
2640 2032 2759 2088 ﬁdei
2805 2046 2998 2098 sensu,
3043 2032 3113 2085 ita
3147 2029 3332 2084 iisdem
3361 2043 3497 2098 pene
3522 2030 3603 2082 usi

2028 2138 2152 2184 sunt
2185 2128 2381 2182 verbis.
2417 2127 2561 2180 Dixit
2583 2135 2767 2180 sancta
2790 2124 3069 2193 synodus:
3100 2120 3367 2189 Nusquam
3387 2121 3604 2172 duarum

2032 2232 2334 2274 naturarum
2364 2219 2471 2289 83
2504 2217 2792 2271 diversitate
2817 2223 3083 2268 evacuata.
3115 2214 3253 2267 Dixit
3298 2214 3485 2266 beatus
3505 2211 3608 2281 Cy:

2031 2312 2210 2365 rillus:
2237 2308 2358 2363 Non
2388 2317 2634 2362 evacuata
2662 2316 2751 2359 aut
2773 2306 2971 2359 sublata
2992 2304 3279 2358 diuersitate
3307 2312 3608 2354 naturarum

2032 2421 2121 2477 per
2159 2404 2590 2474 coniunctionem.
2636 2400 2777 2454 Dixit
2825 2409 3005 2453 sancta
3048 2396 3286 2467 synodus
3322 2412 3334 2448 :
3374 2392 3609 2460 Utrisque

2033 2498 2229 2551 naturis
2271 2498 2323 2550 in
2370 2514 2476 2550 una
2507 2510 2720 2565 persona
2761 2492 3191 2546 convenientibus.
3235 2490 3375 2543 Dixit
3422 2488 3610 2541 beatus

2032 2591 2300 2660 Cyrinus:
2335 2590 2455 2643 Non
2486 2586 2649 2641 nuda:
2692 2584 3041 2638 tantummodo
3084 2580 3379 2644 voluntatis,
3407 2577 3495 2630 sed
3521 2590 3609 2627 nec

2034 2683 2380 2750 assumptione
2420 2679 2532 2734 sola
2561 2693 2788 2747 personce
2811 2691 2830 2729 :
2860 2678 2945 2729 sed
2971 2674 3106 2740 quod
3128 2673 3338 2725 diversa
3367 2667 3611 2738 quodam-

2036 2774 2185 2826 modo
2235 2780 2436 2824 natura:
2471 2770 2526 2822 in
2557 2783 2658 2821 uno
2689 2766 3032 2819 convenerint.
3066 2764 3206 2816 Dixit
3234 2770 3418 2814 sancta
3447 2774 3611 2827 syno-

2036 2867 2174 2921 dus:
2211 2863 2330 2917 Non
2356 2862 2409 2914 in
2449 2860 2579 2912 duas
2618 2873 2861 2928 personas
2899 2855 3138 2919 divisum,
3174 2853 3260 2906 scd
3287 2867 3444 2903 unum
3479 2865 3613 2902 cum-

2037 2958 2250 3023 demque
2270 2952 2547 3006 Christum.
2581 2947 2720 3002 Dixit
2769 2947 2959 3000 beatus
2978 2944 3206 3013 Cyrillus
3230 2960 3243 2995 :
3275 2940 3417 2996 Unus
3445 2950 3613 2992 tamen

2038 3064 2100 3101 ex
2123 3045 2384 3111 ambabus,
2408 3042 2594 3097 scilicet
2609 3037 3071 3103 naturis,Christus
3097 3034 3281 3087 Filius.
3300 3033 3359 3086 Et
3388 3032 3575 3086 iterum
3598 3048 3611 3083 :

361 3171 479 3211 mus
525 3171 592 3211 ex
633 3121 850 3211 decreto
900 3155 1089 3226 synodi
1136 3121 1587 3212 Chalcedoncqsis
1616 3157 1761 3228 (Ασι,
1811 3157 1878 3225 5)
1917 3174 1930 3211 ε
1961 3148 2008 3211 C
2042 3139 2147 3195 Sed
2176 3138 2296 3207 quia
2333 3134 2486 3189 simul
2512 3132 2655 3186 nobis
2686 3130 2959 3198 effecerunt
2985 3144 3140 3228 unum
3167 3124 3443 3178 Dominum
3470 3121 3614 3175 Chri-

365 3244 537 3299 Unum
583 3246 911 3316 eamdemque
967 3246 1222 3301 Christum
1284 3245 1558 3300 Dominum
1624 3249 1939 3321 unigenitum

361 3339 415 3390 in
468 3337 667 3390 duabus
715 3340 943 3398 naturis,
991 3338 1285 3405 inconfuse,
1339 3339 1819 3402 inconvertibiliter,
1860 3340 1939 3391 in-

364 3430 553 3494 dit-ise,
586 3430 1021 3495 inseparabiliter,
1047 3432 1455 3502 cognoscendum
1479 3449 1497 3495 ;
1526 3448 1773 3499 nusquam
1806 3433 1937 3484 dua-

364 3536 475 3571 rum
504 3528 802 3572 naturarum
847 3520 1132 3572 diversitate
1176 3531 1414 3574 evacuata
1440 3528 1648 3590 propter
1679 3520 1938 3581 unionem,

363 3610 505 3662 salva
559 3612 720 3679 magis
781 3612 1087 3679 proprietate
1149 3612 1408 3678 utriusque
1469 3623 1708 3678 naturae,
1769 3621 1824 3664 ut
1886 3612 1941 3665 in

364 3717 518 3752 uitam
577 3718 845 3769 personam
893 3712 1043 3769 atque
1104 3702 1437 3756 substantiam
1490 3704 1892 3757 convenientibus
1922 3719 1942 3757 :

364 3808 465 3842 non
496 3801 547 3843 ut
569 3791 623 3843 in
648 3791 777 3844 duas
815 3807 1063 3861 personas
1106 3793 1319 3845 divisum
1359 3802 1448 3845 aut
1492 3802 1825 3861 segregatum,
1853 3793 1942 3846 sed

366 3898 522 3933 unum
544 3883 870 3952 eamdemque
895 3885 1207 3954 unigenitum
1232 3882 1278 3934 F
1282 3884 1422 3937 ilium
1453 3883 1546 3937 Dei
1578 3883 1816 3950 Verbum,
1839 3883 1943 3937 Do-

366 3975 560 4026 minam
576 3972 754 4027 Iesum
776 3976 1044 4029 Christum.
1075 3975 1128 4029 In
1152 3976 1254 4031 hoc
1278 3976 1508 4046 Capitulo
1531 3956 1629 4031 hoc
1652 3977 1730 4030 eis
1758 3976 1942 4044 displi-

366 4078 445 4118 cet
480 4066 621 4133 quod
650 4067 907 4131 dixerint,
926 4070 1067 4121 salva
1097 4071 1405 4138 proprietate
1431 4070 1692 4135 utriusque
1718 4078 1941 4134 naturae,

368 4148 449 4201 vel
478 4166 579 4201 non
608 4160 850 4203 eracuata
878 4161 1179 4204 naturarum
1205 4153 1492 4220 differentia
1516 4170 1532 4209 :
1562 4169 1682 4223 quae
1713 4163 1770 4208 ut
1797 4154 1944 4209 inﬁr-

369 4256 448 4291 ma
480 4254 604 4294 esse
635 4243 960 4309 perdoceant
988 4255 1242 4299 consueta
1276 4246 1555 4300 verborum
1604 4247 1941 4315 prolixitate,

368 4341 421 4384 et
446 4333 591 4388 inani
616 4336 917 4392 assertione
937 4346 1168 4402 utentes,
1202 4339 1365 4393 multa
1397 4340 1463 4394 de
1484 4340 1668 4410 Cyrilli
1698 4341 1944 4409 capitulis

366 4424 715 4492 interponunt
738 4428 1064 4493 testimonia,
1093 4429 1284 4498 quibus
1314 4429 1400 4484 ille
1422 4445 1525 4484 non
1549 4432 1681 4485 duas
1708 4431 1758 4484 in
1789 4430 1945 4485 Chri-

2043 3242 2173 3286 stum
2208 3240 2252 3283 ct
2277 3226 2494 3290 Filium,
2526 3224 2769 3278 divinitas
2796 3230 2841 3275 et
2871 3219 3185 3273 humanitas.

2117 3322 2303 3378 XXVI.
2350 3321 2419 3374 Et
2465 3319 2585 3388 quia
2615 3316 2914 3385 perspicua,
2968 3320 3026 3367 ut
3055 3327 3196 3374 reor,
3226 3317 3280 3362 et
3316 3306 3611 3361 clarissima

2044 3419 2283 3474 veritatis
2312 3417 2429 3472 luce
2480 3425 2637 3469 terra:
2665 3410 2911 3467 falsitatis
2938 3408 3182 3475 ellugatte
3212 3413 3337 3458 sunt
3362 3400 3614 3462 tenebrae,

2043 3529 2106 3568 ac
2138 3512 2412 3567 ruinosum
2444 3506 2592 3578 pravi
2620 3502 2885 3574 dogmatis
2916 3499 3225 3562 :edilicium,
3257 3493 3395 3564 quod
3432 3501 3617 3546 contra

2044 3604 2239 3660 Leonis
2269 3600 2551 3671 epistolam
2582 3607 2635 3652 et
2661 3592 3102 3649 Chalcedonense
3117 3585 3427 3646 concilium,
3454 3581 3618 3635 cassis

2046 3698 2282 3768 perﬁdiae
2310 3693 2514 3749 nisibus
2546 3689 2873 3757 erigebatur,
2926 3686 3100 3739 valido
3126 3681 3510 3736 catholicorum
3544 3685 3620 3725 te-

2043 3792 2204 3845 stium
2219 3790 2417 3858 impetu
2435 3784 2755 3854 exagitatum
2778 3777 3191 3847 irreparabiliter
3204 3771 3414 3832 cecidit,
3431 3769 3620 3822 demus

2047 3886 2154 3939 Deo
2184 3882 2405 3954 gloriam
2431 3888 2487 3934 et
2518 3879 2802 3938 honorem,
2830 3872 2981 3942 cujus
3003 3882 3227 3925 munere
3256 3865 3337 3918 vel
3368 3863 3509 3914 dono
3538 3861 3622 3910 'vi-

2044 3950 2211 4033 ctoria
2251 3971 2520 4036 concedit,
2545 3980 2597 4022 et
2626 3966 2831 4020 falsitas
2861 3972 3160 4031 superatur.
3189 3956 3243 4012 Si
3272 3953 3394 4023 quid
3417 3966 3544 4005 sane
3567 3950 3619 4002 in

2048 4071 2131 4123 his
2161 4063 2434 4132 ouusculis
2475 4060 2865 4121 defensionum,
2900 4054 3077 4107 minus
3109 4065 3137 4103 a
3165 4048 3318 4104 nobis
3347 4054 3435 4097 aut
3464 4055 3621 4094 secus

2044 4130 2209 4229 quam
2227 4130 2465 4224 Oportuit
2494 4152 2691 4205 dictum
2738 4153 2840 4211 est,
2875 4143 3084 4197 veniam
3133 4137 3479 4208 postulamus.
3518 4132 3620 4229 hut

2046 4220 2186 4305 enim
2218 4220 2500 4302 verborum
2530 4256 2627 4295 nos
2656 4238 2806 4307 capia
2837 4232 3051 4297 defecit,
3077 4240 3133 4284 ut
3172 4229 3223 4283 id
3253 4224 3393 4294 quod
3420 4220 3619 4276 sentie-

2048 4348 2234 4400 bamus
2276 4340 2580 4411 exprimere
2627 4334 3017 4402 uequiremus:
3062 4336 3154 4382 aut
3193 4338 3309 4394 qua:
3346 4316 3620 4375 sentienda

2050 4438 2279 4496 fuerant,
2311 4408 2548 4489 exilitate
2578 4426 2776 4497 ingenii
2804 4434 2855 4479 et
2880 4420 3072 4477 mentis
3093 4416 3397 4474 inﬁrmitate
3423 4408 3621 4465 sentire

366 4525 452 4570 sto
490 4526 649 4587 negat
695 4528 943 4586 naturaS,
978 4519 1070 4575 sed
1102 4536 1259 4575 “nam
1287 4521 1445 4575 ἀοεοῑ
1486 4536 1606 4575 8350
1636 4536 1940 4591 Pt‘rsonam-
1971 4516 2021 4573 Ῑ)
2050 4545 2155 4585 non
2187 4525 2472 4581 valuimus.
2498 4521 2602 4578 Sed
2626 4519 2672 4575 si
2702 4531 2865 4587 opere
2892 4513 3257 4584 displicemus,
3295 4506 3481 4560 saltem
3511 4508 3622 4554 stu-

367 4606 441 4660 Ne
470 4607 628 4677 igitur
652 4624 746 4663 eos
778 4618 957 4664 nostra
989 4610 1349 4681 disputatione
1397 4612 1722 4680 relutemus,
1754 4613 1938 4684 Cyrilli

368 4700 523 4753 etiam
553 4714 651 4755 nos
689 4701 848 4756 verba
878 4717 1156 4770 ponamus,
1195 4713 1255 4759 ut
1281 4706 1532 4775 quoniam
1581 4704 1782 4777 Cyritlo
1806 4715 1941 4760 teste

368 4793 635 4861 nituntur,
678 4794 881 4865 Cyrillo
909 4803 1045 4851 teste
1075 4796 1375 4852 vincantur.
1419 4796 1495 4851 Ex
1538 4798 1808 4869 synodicis
1840 4799 1936 4868 Cy-

2051 4621 2139 4676 dio
2188 4622 2511 4688 placeamus.
2561 4613 2641 4668 Sit
2669 4618 2945 4680 acceptum
2989 4603 3243 4667 voluisse,
3287 4597 3335 4651 8i
3382 4592 3622 4663 displicet

2049 4728 2154 4767 non
2185 4711 2419 4782 potuisse
2445 4715 2702 4762 nostrum.
