4044 6184
388 294 493 350 155

1687 289 1913 346 VlClLll
1952 290 2317 347 TAPSENSIS

3530 291 3673 349 (56‘

408 442 3613 483 ’Μ

1151 572 1823 685 πιαιιιι
1899 568 2893 684 TAPSENSIS

787 766 1437 882 CONTRA
1543 761 2242 875 ARIANOS

2372 758 3221 872 DlALOGUS.

944 946 1391 1013 ATHANABIO,
1428 945 1604 997 amo
1641 945 1732 993 ET
1769 943 2013 992 PBOBO
2050 940 2307 989 JUDICE
2354 938 3103 988 INTERLOCUTOKIBUB.

1396 1068 2605 1262 LIBER—55mm.

345 1384 349 1388 ἢ
449 1323 561 1395 84
585 1324 623 1378 i.
652 1323 789 1378 Cum
818 1322 958 1391 apud
987 1322 1212 1377 Niczeam
1238 1321 1423 1377 urbem
1467 1318 1747 1388 Bithyniae,
1778 1332 1806 1367 a
1837 1325 1942 1369 tre-
1969 1318 2017 1375 Λ
2052 1313 2291 1368 tionibus
2312 1313 2573 1381 sacrilego
2603 1327 2753 1368 more
2776 1312 3083 1369 desciscens
3113 1329 3215 1367 non
3235 1314 3402 1372 levem
3429 1325 3631 1386 tempo-

381 1418 551 1471 ceutis
575 1416 762 1471 decem
801 1424 856 1469 et
893 1424 1015 1470 octo
1037 1413 1331 1482 episcopis,
1362 1428 1426 1469 ex
1471 1411 1793 1480 evangelicis
1820 1427 1952 1480 apo-

381 1507 689 1575 stolicisque
727 1506 953 1576 spiritali
982 1505 1165 1573 vigore
1204 1504 1479 1567 doctrinis,
1517 1503 1651 1560 fides
1702 1503 1956 1559 Ecclesia)

380 1597 787 1653 confirmaretur
816 1614 827 1649 :
862 1595 933 1651 ibi
957 1595 1066 1651 Arii
1096 1595 1315 1663 perlidia
1340 1594 1690 1651 Constantino
1721 1593 1955 1662 impera-

381 1696 498 1741 tore
525 1697 788 1754 praesente
826 1686 1089 1755 detegitur
1122 1702 1135 1739 :
1165 1696 1365 1743 etcum
1405 1702 1518 1742 sua:
1555 1686 1790 1754 perﬁdia;
1817 1687 1953 1756 dog-

382 1789 543 1841 mate,
568 1777 879 1833 eorumdem
904 1781 1277 1846 episcopurtun
1302 1777 1563 1832 sententia
1587 1776 1865 1842 refutatus,
1889 1778 1957 1832 ah

383 1867 621 1920 Ecclesia
648 1878 954 1937 separatur;
988 1884 1052 1925 ne
1072 1876 1182 1922 tam
1214 1868 1370 1936 impia
1398 1866 1647 1922 doctrina
1668 1867 1757 1922 diu
1779 1868 1831 1922 in
1856 1868 1957 1924 Ec-

380 1960 544 2014 clesia
587 1960 776 2026 latens,
803 1970 1115 2017 cunctorum
1156 1975 1217 2016 se
1249 1959 1507 2015 insereret
1536 1959 1820 2014 mentibus.
1848 1960 1954 2017 Sed

381 2053 468 2108 ubi
502 2052 787 2119 imperator
826 2054 1088 2121 comperit
1130 2052 1388 2122 integram
1430 2067 1459 2106 a
1502 2052 1745 2108 Patribus
1796 2053 1953 2109 tidem

381 2142 655 2208 Erclesite,
695 2151 754 2201 ut
781 2151 864 2199 est
890 2142 961 2198 ab
1001 2142 1257 2211 apostolis
1298 2142 1513 2207 tradita,
1552 2143 1786 2197 sanctius
1820 2157 1954 2197 con-

380 2234 597 2299 ﬁrmari,
630 2235 1152 2304 praecepiteumdcm
1184 2235 1391 2296 Arium.
1417 2243 1477 2290 ut
1500 2234 1755 2291 rebellem
1788 2250 1955 2290 saeue

381 2325 526 2394 fidei,
549 2326 743 2382 essilio
763 2326 1009 2397 relegati.
1042 2327 1143 2382 Sed
1171 2328 1304 2382 sicut
1338 2326 1498 2382 Evam
1529 2341 1749 2395 serpens
1777 2326 1833 2384 in
1860 2341 1955 2395 pa-

381 2416 561 2473 radiso
586 2418 789 2474 dolosis
816 2420 1254 2487 persuasionibus
1294 2418 1581 2489 laqueavit.
1623 2418 1697 2475 ita
1741 2432 1956 2489 quoque

383 2508 746 2566 Constantiam
769 2525 1076 2580 germanam
1104 2510 1343 2580 ejusdem
1369 2510 1623 2578 principis
1650 2526 1745 2580 per
1772 2526 1957 2581 quem-

380 2600 501 2656 dam
529 2602 833 2667 satellitem,
866 2603 976 2659 Arii
1001 2602 1223 2672 perﬁdia
1266 2605 1483 2659 interiit.
1518 2604 1583 2658 Et
1618 2604 1771 2660 latuit
1811 2604 1862 2657 itt
1891 2617 1954 2657 ea

2058 1408 2205 1465 ribus
2245 1408 2357 1465 suis
2400 1407 2653 1463 Ecclesia:
2687 1406 2780 1465 Dei
2815 1407 2899 1464 vel
2930 1408 3296 1471 Sacerdotibus
3343 1411 3630 1470 insecutio«

2058 1510 2179 1553 nem
2211 1496 2455 1553 intulisse
2482 1496 2714 1551 videtur.
2749 1494 2866 1562 Quo
2905 1495 3066 1553 etiam
3110 1506 3351 1568 tempore
3377 1500 3628 1569 plurimos

2057 1598 2339 1661 martyres,
2370 1588 2674 1656 multosque
2701 1587 3038 1647 confessores
3062 1589 3204 1645 fecit.
3245 1589 3396 1649 Alios
3422 1606 3630 1661 quoque

2057 1682 2269 1741 ell'ossis
2295 1681 2488 1748 oculis,
2518 1694 2579 1736 ac
2603 1680 2891 1751 poplitibus
2918 1682 3202 1751 amputatis
3222 1682 3511 1739 semivivos
3538 1700 3623 1741 re-

2055 1774 2232 1845 liquit,
2259 1773 2543 1831 nonnullos
2570 1786 2697 1829 vero
2715 1771 2900 1831 rabido
2914 1771 3092 1829 furore
3112 1783 3358 1842 arreptus
3388 1774 3627 1839 insaniae,

2058 1864 2288 1933 propriis
2326 1863 2545 1921 sedibus
2584 1861 2869 1935 relegando
2895 1862 3184 1920 damnavit.
3230 1863 3283 1917 ltt
3315 1864 3508 1931 quibus
3536 1865 3626 1916 Do-

2059 1955 2190 2011 mini
2219 1954 2421 2010 dictum
2454 1953 2662 2010 videtur
2686 1967 2806 2010 esse
2835 1954 3162 2021 completum
3190 1972 3204 2006 :
3238 1953 3300 2009 Si
3318 1971 3418 2018 me,
3438 1956 3624 2023 inquit,

2058 2047 2307 2114 persecuti
2345 2056 2480 2110 sunt,
2522 2055 2571 2101 et
2611 2061 2698 2101 vos
2757 2055 3115 2114 persequentur
3144 2044 3334 2116 (Joan.
3367 2063 3455 2115 xv,
3501 2048 3625 2117 20).

2057 2137 2155 2194 llic
2180 2138 2340 2209 igitur
2385 2139 2688 2208 priusquam
2745 2136 2969 2191 Arimini
3011 2137 3091 2191 vel
3134 2137 3395 2194 Seleucia:
3419 2155 3483 2192 ex
3522 2140 3626 2192 uni.

2056 2245 2212 2289 verso
2239 2231 2370 2287 orbe
2409 2230 2531 2284 dolo
2570 2240 2919 2300 congregaret
2952 2230 3160 2285 Domini
3190 2231 3512 2294 sacerdotes,
3550 2242 3627 2285 to-

2058 2332 2169 2379 tutn
2197 2340 2355 2378 unum
2391 2323 2565 2381 facere
2605 2322 2847 2393 cupiens,
2890 2322 3175 2390 quemdam
3220 2322 3474 2392 judicem,
3527 2337 3625 2377 uo-

2058 2417 2203 2475 niine
2240 2416 2505 2484 Probum,
2550 2432 2646 2475 sua
2683 2418 2997 2475 auctoritate
3032 2417 3339 2485 sull‘ultum,
3369 2419 3624 2473 arbitrum

2058 2508 2198 2563 inter
2220 2508 2468 2564 eumdem
2500 2510 2688 2566 Arium
2718 2519 2877 2577 atque
2906 2511 3247 2567 Athanasium
3275 2512 3465 2567 adesse
3493 2526 3627 2581 pras-

2056 2600 2216 2669 Cepit.
2265 2600 2414 2657 Illum
2463 2603 2664 2669 utique,
2695 2615 2851 2671 quem
2892 2601 3104 2657 ﬁdelem
3142 2602 3195 2657 in
3236 2617 3401 2671 regno
3436 2617 3532 2658 suo
3574 2613 3628 2656 et

379 2691 575 2748 diaboli
614 2694 778 2755 virus,
809 2693 981 2751 donec
1009 2704 1216 2763 tempus
1244 2694 1558 2762 erumpendi
1586 2709 1693 2762 quo
1721 2708 1837 2748 eam
1872 2710 1953 2749 re—
1983 2687 2029 2749 B
2056 2694 2292 2745 Ollllllum
2324 2692 2707 2747 mundanarum
2736 2692 2931 2749 artium
2957 2707 3069 2764 prae
3085 2694 3295 2749 exteris
3326 2692 3629 2748 hominibus

378 2782 615 2851 pluverat
645 2783 925 2838 inveniret.
952 2782 1079 2839 lltec
1107 2783 1267 2852 igitur
1284 2798 1404 2839 eum
1440 2784 1490 2837 in
1522 2784 1712 2839 ultimo
1731 2785 1812 2839 sui
1837 2783 1951 2838 obi-

382 2882 465 2926 tus
485 2872 571 2927 die
600 2871 779 2929 fratris
808 2873 887 2927 sui
915 2873 1218 2928 visitatione
1248 2874 1559 2942 perfruitur,
1589 2873 1764 2929 statim
1795 2874 1862 2928 ah
1889 2889 1950 2930 ea

380 2963 646 3020 innocenti
682 2963 828 3021 fratri
858 2979 1070 3033 pomum
1099 2964 1292 3020 veneni
1334 2965 1502 3020 verba
1540 2964 1850 3034 porrigitur.
1885 2964 1953 3019 Et

380 3053 520 3111 illico
544 3056 788 3125 exemplo
821 3056 977 3126 primi
1008 3056 1259 3123 hominis,
1292 3058 1501 3114 nescius
1527 3073 1620 3127 per
1655 3067 1953 3128 transgres-

380 3147 548 3202 sionis
579 3149 715 3200 viam
749 3147 1000 3202 dilabitur
1030 3167 1045 3205 :
1075 3147 1167 3217 qui
1211 3147 1463 3217 viperinis
1506 3148 1952 3217 postulationibus

380 3252 595 3291 sensum
636 3237 1065 3305 accommodans,
1094 3238 1271 3302 Arius,
1312 3238 1402 3308 qui
1431 3237 1631 3294 dudum
1656 3236 1724 3292 ab
1746 3252 1812 3293 eo
1838 3248 1951 3292 tan-

378 3344 536 3395 quam
566 3329 855 3399 sacrilegus
884 3329 1056 3387 fuerat
1084 3331 1373 3401 relegatus,
1404 3330 1471 3385 ad
1501 3345 1686 3386 necem
1718 3332 1950 3385 lidelium

380 3420 675 3478 animarum
699 3421 765 3475 de
793 3422 978 3477 exsilio
1002 3432 1285 3479 revocatur
1316 3440 1327 3474 :
1356 3433 1414 3477 et
1443 3421 1602 3477 fidem
1633 3436 1784 3476 suam
1812 3424 1953 3488 prin-

379 3511 481 3580 cipi
507 3511 717 3569 callidis
743 3512 1191 3582 disputationibus
1226 3514 1335 3587 85
1364 3514 1602 3583 pandens
1622 3556 1637 3579 ,
1672 3513 1862 3568 frustra
1896 3530 1953 3571 sc

378 3600 679 3658 afﬁrmabat
705 3603 775 3657 ab
798 3604 1065 3673 episcOpis
1097 3604 1259 3660 luisse
1286 3606 1615 3660 damnatum.
1650 3603 1724 3658 Ea
1749 3606 1823 3659 St‘l
1851 3603 1955 3657 iect

379 3706 537 3747 causa
582 3692 721 3749 idem
772 3696 1058 3763 imperator
1088 3697 1342 3765 praecepit
1384 3697 1522 3762 apud
1573 3696 1952 3751 Alexandriam

381 3786 639 3852 synodum
671 3788 1011 3855 congregari;
1054 3797 1113 3843 ut
1135 3790 1181 3845 si
1217 3805 1339 3845 vera
1369 3791 1598 3847 assertio
1620 3800 1953 3858 nosceretur,

382 3874 530 3929 venit
574 3885 693 3944 post
718 3880 1033 3933 sententiam
1066 3879 1370 3946 subsecuta,
1403 3881 1655 3937 Ecclesia:
1703 3882 1955 3940 reddere-

381 3974 486 4022 tur.
531 3966 597 4022 Et
648 3979 703 4021 ut
737 3983 924 4023 omnes
970 3973 1037 4025 de
1085 3972 1203 4040 ejus
1252 3972 1589 4028 correctione
1636 3972 1953 4043 gaudentes,

2055 2784 2370 2853 probaverat
2399 2785 2508 2858 86
2532 2784 2823 2843 eruditum.
2856 2784 2955 2852 Qui
2995 2786 3240 2847 omnibus
3274 2787 3417 2841 curis
3454 2785 3626 2855 publi-

2055 2873 2131 2926 cis
2159 2872 2341 2942 procul
2369 2873 2582 2941 amotis,
2613 2873 2847 2942 injuncta
2868 2874 2992 2939 sibi,
3023 2874 3167 2928 omni
3200 2874 3472 2930 celeritate
3510 2890 3625 2930 ma-

2056 2961 2150 3016 luit
2180 2962 2491 3031 adimplere,
2524 2972 2582 3017 ut
2624 2973 2678 3018 et
2708 2966 2874 3032 jussis
2905 2964 3270 3033 imperialibus
3311 2975 3543 3035 pareret,
3574 2977 3628 3019 et

2057 3053 2213 3108 fidem
2242 3054 2637 3109 veracissimam
2675 3070 2773 3110 suo
2810 3056 3056 3112 examine
3096 3056 3492 3125 comprobaret.
3530 3056 3627 3109 llic

2053 3144 2234 3214 itaque
2278 3159 2399 3201 cum
2439 3146 2575 3214 apud
2609 3146 2925 3202 Laodiceam
2965 3149 3150 3205 urbem
3172 3148 3360 3219 Syrize,
3392 3148 3626 3203 secundo

2054 3234 2349 3289 Constantii
2403 3236 2611 3305 imperii
2660 3250 2801 3290 anno
2850 3238 3103 3303 venisset,
3143 3254 3240 3308 pro
3286 3239 3542 3297 tribunali
3574 3239 3627 3291 in

2055 3326 2319 3383 auditorio
2345 3326 2560 3392 sedens,
2603 3328 2770 3382 turbis
2800 3328 2925 3384 hinc
2952 3338 3112 3400 atque
3155 3330 3278 3386 inde
3306 3330 3627 3394 astantibus,

2058 3417 2241 3472 Arium
2265 3432 2425 3487 atque
2455 3418 2798 3473 Athanasium
2832 3418 2914 3473 his
2938 3419 3229 3489 alloquitur
3260 3420 3438 3475 verbis
3469 3437 3480 3471 :

2128 3508 2212 3563 lll.
2263 3510 2493 3564 Cluriosi
2524 3526 2585 3563 ac
2609 3511 2826 3579 piissimi
2858 3512 3195 3581 imperatoris
3218 3510 3517 3567 Constantii
3542 3524 3625 3565 Sa-

2056 3614 2145 3653 cra
2189 3601 2567 3666 conuuouitus,
2615 3602 2839 3671 praecepi
2874 3600 3012 3655 inter
3052 3616 3147 3656 vos
3192 3600 3316 3656 fidei
3361 3602 3627 3672 negotium

2060 3695 2332 3748 ventHarL

2129 3788 2281 3842 Arius
2326 3797 2372 3840 et
2410 3788 2716 3841 Athanasius
2758 3788 3037 3843 dixerunt:
3074 3787 3134 3841 Et
3161 3786 3279 3859 quis
3309 3797 3412 3840 tam
3444 3800 3630 3840 vecors

2058 3889 2116 3934 ut
2136 3879 2324 3935 audeat
2355 3877 2665 3947 principalia
2695 3887 2960 3949 praecepta
2988 3876 3266 3933 abnuere?

2132 3970 2328 4024 Probus
2349 3970 2517 4038 judex
2545 3970 2715 4024 dixit:
2744 3971 2881 4040 Ergo
2911 3968 3198 4025 venerandi
3222 3968 3444 4038 Augusti
3478 3982 3629 4025 s:.cra

381 4057 576 4115 exinde
622 4059 688 4115 ad
730 4058 1123 4119 dedcationem
1167 4063 1660 4134 Hierosolymitana:
1701 4064 1955 4121 Ecclesia:
1984 4056 2029 4118 C
2061 4063 2285 4133 legatur.

384 4150 620 4216 pacatius
641 4160 974 4223 pergeretur.
1007 4153 1243 4225 Denique
1275 4155 1399 4210 dum
1426 4155 1542 4224 ejus
1571 4170 1728 4213 eausa
1755 4156 1821 4211 ah
1842 4156 1956 4225 epi-

382 4239 559 4307 scopis
587 4239 782 4299 diutius
823 4252 1160 4309 retractatur,
1206 4245 1346 4301 idem
1375 4246 1756 4305 Constantinus
1788 4246 1957 4318 impe-

383 4338 531 4384 rator
558 4331 613 4384 in
657 4331 964 4391 suburbano
1002 4335 1251 4403 quodam,
1290 4336 1376 4393 cui
1414 4336 1718 4392 Nicomedia
1761 4353 1954 4393 nomen

384 4430 490 4487 est,
520 4419 663 4476 finali
693 4421 941 4477 ordinato
960 4422 1181 4491 judicio,
1212 4426 1485 4494 trigesimo
1523 4428 1699 4497 primo
1747 4427 1956 4501 imperii

383 4511 467 4563 sui
496 4524 639 4565 anno
658 4510 798 4567 diem
828 4512 1016 4568 clausit
1044 4524 1363 4572 extremum.

458 4600 524 4655 ll.
583 4601 751 4670 Quam
794 4608 1097 4664 testamenti
1143 4606 1222 4664 sui
1272 4607 1660 4666 ordinationem
1704 4611 1957 4679 prmdicto

389 4694 505 4749 Arii
534 4695 749 4750 satelliti
807 4698 1057 4765 tradidit,
1085 4699 1395 4757 Constantio
1429 4703 1826 4757 reservandam.
1857 4704 1957 4771 Qui

387 4784 515 4838 dum
546 4794 665 4855 post
690 4788 771 4842 sui
807 4790 1064 4858 genitoris
1090 4790 1293 4847 obitum
1322 4791 1612 4845 adveniens
1637 4795 1962 4859 suscepisset

389 4874 693 4946 imperium,
716 4878 853 4934 sicut
870 4896 899 4933 a
920 4879 1267 4937 Constantino
1289 4883 1457 4937 fuerat
1477 4882 1794 4953 delegatum.
1818 4882 1960 4939 Con-

388 4967 589 5022 stantio
615 4978 991 5026 testamentum
1037 4974 1378 5029 contradidit.
1407 4974 1545 5042 Quin
1575 4977 1645 5029 ob
1683 4974 1841 5045 hujus
1879 4976 1959 5032 rei

388 5058 635 5128 gratiam,
663 5060 716 5116 in
745 5069 887 5117 tanta
916 5062 1058 5132 apud
1083 5078 1205 5119 eum
1233 5064 1373 5121 idem
1403 5065 1703 5137 Evangelus
1732 5070 1959 5140 presby-

390 5156 474 5204 tcr
503 5148 859 5209 familiaritate
901 5163 984 5210 est
1022 5154 1264 5227 habitus,
1294 5168 1352 5214 ut
1380 5173 1483 5214 non
1506 5159 1615 5231 jam
1656 5160 1957 5232 presbyter,

384 5238 482 5293 sed
512 5250 664 5309 pater
692 5242 898 5313 imperii
933 5256 1209 5303 vocaretur
1236 5266 1252 5303 :
1283 5260 1338 5305 et
1374 5252 1465 5321 qui
1495 5251 1564 5307 ob
1593 5252 1959 5322 imperandum

392 5328 683 5397 imperator
721 5332 893 5390 fuerat
918 5336 1179 5402 elevatus,
1208 5340 1309 5394 sub
1338 5340 1495 5410 hujus
1536 5343 1828 5413 presbyteri
1859 5342 1961 5398 im-

2128 4155 2198 4211 Et
2239 4154 2519 4209 recitatum
2565 4162 2647 4209 est
2688 4153 2760 4209 ita
2799 4170 2810 4205 :
2856 4149 3239 4211 Constantinus
3278 4149 3627 4205 Constantius

2057 4246 2198 4316 pius,
2242 4254 2551 4314 perpetuus,
2581 4246 2750 4301 victor
2778 4257 2842 4300 ac
2884 4244 3237 4312 triumphator
3281 4257 3492 4311 semper
3521 4243 3631 4299 Δυ-

2057 4349 2263 4408 gustus,
2309 4336 2483 4393 Probo
2504 4337 2669 4407 judici
2695 4337 2943 4394 salutem.
2984 4336 3178 4393 Diviuo
3205 4350 3426 4391 munere
3458 4344 3631 4405 pater-

2060 4444 2184 4483 nunt
2204 4427 2425 4498 adeptus
2452 4428 2759 4498 imperium,
2787 4428 2918 4484 illud
2961 4428 3112 4485 nobis
3138 4436 3222 4483 est
3243 4428 3491 4496 primitus
3516 4428 3633 4479 eui-

2061 4518 2276 4575 tendum
2309 4530 2388 4584 ut,
2424 4519 2672 4574 hzcretica
2701 4518 3107 4577 conversatione
3144 4517 3319 4576 deleta
3346 4518 3413 4572 de
3440 4518 3633 4573 tuenti-

2061 4609 2158 4663 bus
2182 4607 2528 4677 perfidorum,
2552 4622 2720 4669 sacrae
2742 4617 2935 4665 nostra:
2975 4606 3098 4663 ﬁdei
3138 4607 3457 4679 coniunctus
3480 4607 3635 4661 orbis

2060 4700 2289 4769 gaudeat
2318 4698 2615 4757 universus.
2657 4700 2915 4765 Quoniam
2952 4698 3042 4768 qui
3082 4697 3153 4755 ab
3200 4698 3390 4755 itinere
3434 4695 3635 4752 erroris

2060 4789 2381 4843 converterit
2401 4788 2643 4860 impium,
2670 4788 2898 4845 salvabit
2922 4789 3151 4845 animam
3176 4791 3313 4858 ejus,
3340 4795 3398 4843 et
3416 4802 3636 4843 suorum

2060 4879 2331 4948 rooperiet
2358 4878 2747 4933 multitudinem
2774 4888 3136 4947 peccatorum.
3155 4878 3478 4947 thuoniam
3494 4895 3638 4934 nunc

2062 4970 2345 5040 plerosque
2373 4968 2671 5039 repetimus
2700 4969 2858 5041 hujus
2881 4968 3107 5027 sceleris
3131 4970 3330 5035 socios,
3354 4969 3493 5025 hanc
3517 4987 3639 5041 per-

2061 5062 2239 5118 ﬁdiam
2264 5063 2367 5117 ritu
2396 5063 2654 5133 sacrilego
2685 5066 3036 5135 percolentes,
3066 5072 3369 5122 asserentes
3402 5078 3463 5119 se
3495 5065 3638 5120 inte-

2059 5168 2207 5224 gram
2241 5153 2361 5209 [idei
2386 5155 2619 5224 regulam
2652 5157 2921 5224 retinere;
2949 5160 3039 5229 qui
3066 5173 3172 5212 non
3194 5158 3368 5213 solum
3393 5157 3639 5211 homines

2062 5246 2222 5314 impia
2273 5245 2581 5301 seductione
2626 5248 2836 5314 fallunt,
2876 5264 3058 5304 verum
3092 5249 3252 5303 etiam
3295 5258 3349 5303 et
3389 5248 3639 5317 ingenita:

2063 5336 2327 5406 majestati
2358 5337 2605 5407 injuriam
2650 5339 2907 5411 irrogant,
2950 5341 3072 5397 Filii
3116 5351 3351 5397 creatam
3392 5342 3637 5395 substan-

394 5420 546 5488 perio
566 5423 845 5481 videbatur
882 5426 1145 5483 addictus.
1180 5429 1341 5500 Cujus
1380 5431 1487 5499 jam
1530 5446 1636 5484 non
1680 5435 1957 5501 petitione,
1987 5425 2036 5483 D
2064 5430 2191 5483 tiam
2219 5428 2478 5484 divinitati
2502 5431 2801 5501 jungentes.
2836 5434 3111 5489 Monentus
3164 5444 3223 5489 ut
3263 5444 3460 5489 nostra:
3487 5450 3633 5488 ntatt-

394 5510 489 5563 sed
514 5514 686 5579 potius
700 5516 940 5585 jussione
961 5520 1117 5573 Arius
1142 5529 1219 5575 est
1241 5521 1291 5574 in
1316 5520 1609 5575 Ecclesium
1632 5533 1908 5577 revocatus
1943 5541 1955 5575 :

391 5600 546 5668 cujus
569 5603 865 5662 doctrinam
897 5608 1043 5665 rudis
1074 5612 1319 5679 princeps
1352 5609 1526 5680 impiis
1554 5611 1798 5667 sensibus
1828 5615 1959 5667 reti-

391 5705 561 5759 nens,
606 5694 763 5751 tidem
791 5699 1103 5756 catholicam
1144 5701 1364 5771 respuit,
1396 5713 1448 5759 et
1475 5717 1504 5757 a
1533 5702 1770 5773 paternis
1801 5704 1956 5759 tradi-

2063 5520 2363 5574 suetudiuis
2392 5523 2708 5577 auctoritate
2732 5537 3004 5593 percepta,
3032 5525 3170 5580 inter
3200 5526 3386 5579 Arium
3410 5538 3639 5579 venera-

2062 5611 2223 5665 bilem
2257 5613 2623 5682 presbyterum
2666 5624 2720 5669 et
2764 5616 3110 5671 Athanasium
3151 5616 3390 5684 ejusdem
3437 5616 3638 5670 erroris

2062 5706 2388 5775 episcopum,
2415 5706 2569 5775 hujus
2600 5707 2796 5777 negotii
2819 5724 3039 5765 examen
3070 5710 3231 5766 facias
3258 5709 3470 5779 agitari.
3496 5707 3634 5762 l’raz-
