4040 6184
185 249 287 299 l3?

1214 242 1475 300 CONTRA
1522 241 1815 297 AltHNOS
1860 222 2221 299 MALOGUS.
2259 245 2382 300 LIB.
2429 246 2469 300 ι.

3359 246 3459 302 158

179 378 349 426 cipue
393 359 627 414 suadens
661 369 742 423 ut,
772 359 938 413 animi
974 359 1325 425 perversitate
1340 351 1604 426 deposita,
1645 372 1786 410 vera:
1816 362 1863 416 Α
1891 363 2050 413 cretis
2080 364 2463 415 sententiarum
2492 364 2891 417 IiiVOl‘sililliilllS
2922 378 3251 433 nunquamne
3272 364 3403 431 rrl'g
3428 381 3460 413 o

182 457 307 511 ﬁdei
341 470 415 510 ac
441 453 678 522 probata
702 452 917 520 utrique
946 452 1085 504 colla
1101 451 1416 505 submittant
1450 468 1465 505 :
1496 465 1562 503 ne
1583 460 1779 502 nostra:

183 549 411 617 pietatis
430 560 495 599 ac
516 541 942 598 mansuetudinis
971 550 1257 607 przecepta,
1283 540 1437 593 solita
1465 539 1779 593 temeritatis

184 636 418 690 audacia
445 642 879 696 contemnentes,
905 632 969 683 ad
994 645 1208 699 gravem
1234 644 1331 682 nos
1359 636 1647 698 provocent
1675 629 1782 682 ira-

188 729 473 784 cundiam.
505 725 571 783 Et
601 726 729 781 licet
757 725 919 792 bujus
963 724 1083 777 fidei
1115 738 1302 776 manus
1345 721 1569 777 necdum
1596 734 1780 790 perce-

192 823 365 890 peris,
396 819 656 889 sapientia
700 827 877 872 tamen
919 832 1019 885 qua
1052 830 1161 883 pra:
1199 814 1407 867 caeteris
1435 813 1625 882 polles,
1651 826 1779 865 cutt-

196 923 279 967 tta
310 922 370 968 te
411 911 684 967 credimus
730 923 891 977 posse
929 910 1046 961 sine
1086 907 1397 974 cttjusptam
1441 905 1781 971 susceptione

197 1021 465 1076 personas,
491 1001 987 1065 ﬁdeliterdelinire,
1017 1000 1124 1053 Deo
1147 999 1263 1068 plus
1278 999 1385 1070 37
1404 1012 1558 1064 quam
1579 995 1779 1048 homini

202 1098 551 1163 placiturum.
582 1092 650 1146 Et
698 1093 805 1146 alia
845 1107 1001 1144 manu
1026 1106 1045 1143 :
1067 1091 1322 1158 Optamus
1347 1097 1397 1140 te
1419 1088 1554 1141 bene
1579 1086 1780 1139 valere.

202 1189 326 1241 Data
357 1183 831 1253 Constantinopoli
864 1196 934 1236 sn
956 1180 1207 1235 calendas
1238 1177 1533 1232 ianuarias.

264 1276 349 1329 IV.
375 1277 624 1344 Cumque
655 1276 992 1334 recitaretur,
1036 1269 1238 1322 Probus
1276 1267 1443 1339 judex
1471 1266 1600 1319 dixit
1628 1281 1647 1318 :
1676 1263 1783 1318 Ve-

203 1366 413 1418 nerandi
469 1364 727 1432 principis
759 1376 909 1415 sacra
947 1375 1064 1428 quae
1088 1360 1224 1413 lecta
1245 1369 1346 1421 est.
1366 1356 1528 1428 gestis
1550 1355 1779 1410 indatur.

207 1458 260 1510 Et
297 1455 499 1524 adjecit
534 1473 549 1506 :
585 1453 943 1521 Perspicieus,
974 1452 1027 1505 in
1055 1451 1318 1505 idolorum
1347 1451 1551 1504 cultura
1586 1448 1784 1501 nullam

206 1549 305 1602 reri
335 1548 580 1601 numinis
611 1545 908 1599 consiSIcre
954 1542 1307 1607 maiestatem,
1339 1538 1649 1594 Christianis
1673 1552 1786 1590 me-

202 1641 480 1709 metipsunt
516 1637 859 1707 dogmatibus
888 1634 1154 1703 subjicere
1202 1633 1342 1697 volo,
1371 1632 1561 1701 quibus
1588 1630 1782 1685 astrui-

1881 466 1911 505 a
1943 453 2113 519 scipsa
2144 452 2449 506 desciscens
2479 497 2494 521 ,
2529 453 2581 506 in
2637 455 2808 509 varias
2850 454 3063 523 proprie
3114 455 3458 507 institutionis

1880 552 2055 597 sectas
2084 544 2250 596 divisa
2281 554 2390 606 est;
2426 544 2548 597 dum
2581 547 2941 614 unusquisque
2970 545 3230 598 suavitate
3263 558 3454 596 recen-

1883 635 2031 689 tioris
2063 635 2364 695 sententiae.
2399 652 2502 687 non
2535 635 2832 702 Veritatem,
2866 636 2958 689 sed
2998 634 3234 687 veritatis
3263 632 3456 685 simili-

1883 726 2118 781 tudinem
2164 726 2500 795 prtnfereutis
2543 727 2781 789 illectus,
2818 727 3106 793 antiquitus
3145 740 3171 776 a
3216 723 3461 777 Patribus

1884 818 2130 873 traditam
2159 818 2351 871 lineam
2375 819 2695 887 derclinqnit
2728 836 2739 869 :
2770 834 2834 871 eo
2867 817 3335 871 irrcmt'dinbililt'r
3364 830 3458 882 μοι·

1882 912 1997 964 avia
2028 915 2305 975 olrerrans,
2334 929 2439 981 quo
2464 914 2695 967 novitate
2724 929 2816 978 pro
2845 921 3107 966 wlu~tate
3128 912 3314 975 utitur,
3346 920 3461 964 tan-

1882 1019 2041 1073 quam
2074 1005 2274 1071 antiqui
2304 1005 2507 1070 limitis,
2537 1014 2591 1059 et
2624 1021 2650 1057 a
2683 1006 2923 1059 Pati-ibus
2956 1004 3132 1058 traditi
3160 1003 3295 1055 viam
3320 1002 3464 1055 incc-

1883 1094 2037 1149 dens.
2067 1095 2170 1149 Attt
2198 1097 2338 1150 enim
2382 1098 2606 1151 multum
2639 1099 2820 1160 sentit,
2868 1107 2957 1149 aut
2985 1097 3157 1151 minus
3186 1094 3378 1162 credit,
3407 1104 3465 1148 et

1886 1184 2005 1240 ideo
2033 1186 2266 1240 medium
2293 1198 2343 1241 et
2378 1196 2579 1241 rectum
2614 1187 2715 1241 iter
2745 1186 2992 1240 incedere
3020 1187 3204 1241 nest'it.
3239 1186 3361 1239 llmc
3384 1183 3464 1236 id-

1885 1273 2028 1330 circo
2057 1276 2307 1344 praefatus
2335 1291 2451 1330 som
2486 1286 2539 1331 ut
2574 1277 2665 1331 tibi
2686 1278 2979 1331 clarissima
3004 1276 3344 1346 exploranda:
3368 1291 3464 1329 ve-

1886 1366 2057 1420 ritatis
2088 1366 2280 1420 indicia
2310 1367 2756 1432 demonstrarctn,
2793 1378 2849 1422 ttt
2879 1384 3171 1437 agnoscere
3213 1368 3464 1422 facillime

1886 1474 2051 1529 queas
2073 1461 2219 1513 illum
2251 1461 2525 1529 pravitatis
2546 1476 2730 1514 errore
2760 1461 2976 1523 involvi,
3008 1462 3093 1530 qui
3130 1461 3300 1528 prisca
3332 1474 3462 1527 apo-

1886 1551 2089 1605 stolicte
2120 1552 2236 1604 fidei
2271 1552 2506 1604 inStituta
2535 1552 2935 1622 derelinquens,
2962 1553 3074 1623 ipse
3102 1551 3199 1604 silli
3228 1566 3325 1621 pro
3350 1566 3462 1605 sua:

1890 1640 2178 1695 voluntatis
2205 1640 2447 1708 arbitrio,
2492 1641 2647 1696 ﬁdem
2677 1657 2834 1712 quant
2875 1641 3027 1713 sequi
3075 1641 3286 1708 debeat,
3317 1655 3463 1693 sont-

201 1746 279 1786 tttt’
307 1747 451 1785 unus
471 1741 528 1784 et
555 1744 608 1782 vi
626 1743 717 1781 rus
742 1740 864 1781 esse
896 1726 1033 1779 Deus
1057 1725 1145 1793 qui
1176 1723 1421 1778 universa
1446 1738 1564 1791 que
1592 1722 1778 1775 viden-
1817 1722 1859 1781 Β
1886 1732 2010 1786 nim,

202 1836 297 1885 tur,
329 1832 385 1877 et
428 1838 554 1889 qua:
585 1836 690 1873 non
721 1820 985 1882 videntur,
1029 1820 1225 1871 virtute
1255 1815 1403 1869 verbi
1444 1816 1524 1869 sui
1554 1814 1774 1867 creavit.

200 1915 261 1966 Et
284 1912 541 1979 quoniam
564 1924 688 1962 cum
716 1908 893 1977 plures
917 1905 1204 1960 Christiani
1228 1905 1457 1959 nominis
1479 1905 1636 1957 titulo
1656 1919 1781 1958 ceu-

200 2016 437 2067 seaotur,
470 2020 500 2057 a
531 2002 757 2058 veritate
786 2002 904 2070 ejus
930 2000 1050 2053 ﬁdei
1080 1999 1265 2068 procul
1302 2000 1553 2052 aberrare
1582 1996 1773 2050 dicun-

201 2106 303 2159 tur,
333 2096 551 2147 diversa
578 2092 786 2146 scilicet
815 2089 1095 2144 sentiendo
1118 2097 1168 2144 et
1200 2088 1345 2142 varia
1366 2088 1672 2158 dogmatum
1702 2086 1782 2141 in.

202 2188 378 2238 stitnta
410 2183 693 2245 sectanda,
724 2183 866 2235 scire
888 2195 1027 2233 nunc
1050 2192 1373 2248 magnopere
1393 2177 1643 2232 desidero
1664 2193 1784 2246 qua:

204 2278 270 2329 sit
302 2276 431 2329 recti
460 2272 729 2342 dogmatis
762 2270 914 2332 ﬁdes,
949 2270 1033 2323 cui
1070 2268 1291 2323 remotis
1313 2268 1562 2323 omnibus
1594 2267 1784 2323 dubie-

205 2369 324 2420 tttis
344 2364 663 2432 ambagibus
692 2363 950 2416 tenaciter
977 2361 1240 2414 inliterere
1275 2374 1498 2430 queam;
1532 2375 1600 2413 ne
1632 2373 1776 2413 erro-

205 2460 275 2511 ris
302 2457 553 2511 caecitate
576 2454 699 2508 esui
728 2454 973 2521 cupiens,
1003 2451 1290 2520 majoribus
1319 2450 1659 2505 tenebrarum
1692 2465 1782 2503 er-

205 2550 413 2619 ror.bus
457 2546 723 2615 implicer,
754 2546 801 2599 si
830 2545 1023 2613 passim
1054 2553 1109 2597 et
1142 2543 1259 2596 sine
1286 2544 1397 2597 ullo
1417 2542 1682 2598 examinis
1706 2541 1787 2595 di-

204 2638 479 2702 scrimine,
504 2635 733 2704 alicujus
760 2646 922 2689 sectae
949 2651 1065 2702 quat
1107 2634 1273 2701 prima
1307 2634 1621 2698 occurrerit,
1667 2633 1787 2687 imi-

206 2739 343 2783 tator
385 2730 670 2793 esistam;
718 2743 835 2798 quae
882 2739 1057 2780 u'rum
1120 2726 1283 2794 proba
1336 2726 1406 2780 sit
1463 2740 1652 2791 necne,
1704 2724 1785 2779 vel

206 2825 429 2876 veritate
459 2823 623 2888 fulta,
658 2821 919 2891 ignorem.
955 2821 1015 2873 Et
1055 2819 1176 2874 ideo
1206 2819 1248 2872 si
1281 2818 1487 2887 placet,
1528 2818 1635 2871 imo
1663 2818 1785 2887 quia

209 2916 415 2984 placere
444 2914 631 2978 debet,
659 2906 1023 2981 unusquisque
1043 2920 1273 2965 vestrum
1306 2912 1356 2963 in
1379 2918 1668 2977 conspectu
1693 2926 1789 2962 no-

210 3016 317 3060 stro
355 3005 481 3059 tidei
520 3020 636 3058 sua:
674 3006 990 3057 sententiam
1039 3002 1265 3070 pandat;
1300 3010 1350 3053 ut
1393 2999 1788 3054 examinatione

1954 1823 2105 1874 Arius
2143 1822 2276 1874 dixit
2299 1838 2320 1875 :
2344 1822 2555 1890 Optime
2594 1821 2916 1877 Athanasius
2947 1837 3182 1875 errorem
3227 1820 3462 1892 perfidia

1883 1914 1936 1969 in
1971 1915 2190 1983 abjectis
2221 1924 2273 1968 et
2301 1930 2469 1983 nuper
2510 1916 2738 1969 inventis
2770 1931 2947 1968 rerum
2980 1914 3301 1967 novitatibus
3330 1928 3460 1966 con-

1884 2006 2079 2060 sisti-re
2110 2007 2408 2073 proﬁtetur,
2435 2007 2731 2076 apostolico
2754 2009 2803 2059 itt
2825 2010 2923 2061 hoc
2948 2007 3118 2075 ipsum
3138 2013 3462 2073 congruente

1885 2096 2208 2161 testimonio,
2238 2112 2344 2167 quo
2390 2098 2465 2151 ait
2494 2115 2505 2149 :
2546 2097 2797 2167 Profunas
2831 2107 2999 2150 autem
3020 2113 3195 2149 vocum
3218 2097 3463 2150 novitates

1884 2190 2053 2242 derita
2083 2187 2134 2259 (1
2169 2188 2299 2243 Tim.
2326 2205 2397 2254 vt,
2418 2189 2530 2259 20).
2558 2189 2710 2245 Unde
2735 2191 2960 2243 obsecro
2994 2199 3050 2242 ttt
3078 2188 3147 2243 ab
3169 2187 3267 2244 hoc
3292 2185 3435 2256 inqui
3453 2217 3465 2227 -

1885 2280 2095 2333 sitionis
2122 2280 2335 2333 tramite
2361 2294 2467 2333 non
2500 2278 2742 2343 recedas,
2773 2279 3078 2348 diligentius
3107 2288 3265 2349 atque
3287 2285 3463 2353 atten-

1887 2372 1991 2427 tius
2024 2371 2412 2441 iuvcstigando,
2450 2371 2569 2442 quis
2612 2386 2770 2437 novo,
2811 2371 3001 2442 quisve
3038 2374 3257 2440 antiquo
3299 2369 3464 2423 utitur

1890 2466 2008 2519 ﬁdei
2040 2475 2373 2519 sacramento
2393 2465 2419 2516 ?

1964 2557 2163 2611 Probus
2193 2558 2359 2627 judra:
2383 2557 2511 2609 dixit
2544 2572 2561 2607 :
2595 2556 2659 2611 Ut
2701 2555 2814 2609 hare
2857 2570 2975 2624 qua:
3025 2554 3263 2609 asseritis
3311 2552 3465 2606 facile

1890 2650 2249 2709 innotescant,
2281 2657 2335 2701 et
2362 2648 2427 2699 ad
2461 2648 2629 2701 lucem
2662 2646 2921 2711 veritatis,
2956 2657 3157 2698 remota
3188 2645 3329 2698 omni
3356 2657 3467 2695 arn-

1891 2738 2161 2805 biguitatis
2206 2736 2433 2805 caligine
2482 2739 2726 2797 veniant,
2776 2738 3006 2803 antiqua:
3056 2734 3174 2788 ﬁdei
3229 2732 3464 2801 regulam

1891 2831 2123 2898 pandite,
2154 2836 2205 2881 ct
2230 2830 2299 2880 ita
2333 2838 2388 2880 ut
2415 2836 2496 2880 est
2516 2827 2582 2879 ab
2612 2825 2869 2895 apostolis
2902 2824 3113 2890 tradita,
3152 2824 3346 2877 nostris
3374 2838 3467 2874 au-

1891 2920 2038 2975 rtbus
2070 2918 2329 2971 intimate.

1961 3013 2115 3065 Arius
2143 3019 2191 3065 et
2234 3008 2545 3063 Athanasius
2586 3008 2823 3063 dixerunt
2855 3024 2870 3061 :
2913 2994 3189 3062 Credimus
3216 3007 3267 3060 in
3301 3006 3463 3059 Deum

211 3099 402 3157 habita.
427 3111 555 3166 qua:
585 3097 790 3149 ﬁrmior
828 3094 1039 3147 cunctis
1061 3104 1113 3147 et
1142 3092 1315 3146 verior
1352 3100 1563 3161 reperta
1606 3092 1783 3156 fuerit,

1893 3103 2102 3156 Patrem
2126 3100 2568 3167 omnipotentem,
2600 3110 2651 3153 ct
2678 3101 2728 3152 in
2758 3098 2936 3153 Jcsum
2970 3098 3237 3151 Christum
3274 3097 3464 3150 Filium

212 3190 332 3241 huic
382 3202 579 3241 omnes
626 3185 746 3254 jure
789 3184 1084 3249 cedamus,
1130 3194 1185 3238 et
1232 3184 1367 3237 hanc
1426 3182 1789 3236 indubitanter

212 3293 387 3348 spreto
414 3280 669 3333 falsitatis
689 3294 874 3333 errore
902 3293 1207 3347 sequamur.

280 3375 431 3426 Arius
472 3385 522 3423 et
568 3371 880 3425 Athanasius
923 3371 1205 3425 dixerunt:
1238 3367 1511 3435 Quomodo
1538 3366 1630 3421 tibi
1658 3368 1785 3419 tanti

216 3468 450 3535 mysterii
479 3477 689 3518 secreta
730 3465 1071 3518 committere
1102 3477 1404 3531 possumus,
1446 3473 1497 3516 et
1531 3464 1605 3516 rei
1640 3461 1791 3516 inex-

215 3567 374 3625 perta:
420 3556 702 3610 arbitrium
746 3558 1030 3620 collocare,
1070 3555 1161 3624 qui
1212 3555 1436 3607 necdum
1478 3553 1789 3623 gentilitatis

215 3647 445 3700 maculas
474 3647 590 3700 veri
619 3645 889 3715 dogmatis
923 3646 1260 3714 perceptione
1290 3644 1560 3699 ablueris?

280 3737 485 3792 Probus
504 3738 674 3807 judea:
698 3738 827 3790 dixit
852 3750 872 3790 :
900 3737 1009 3790 Hoc
1033 3745 1117 3790 est
1140 3736 1323 3804 utique
1351 3734 1491 3803 quod
1522 3735 1645 3789 totis
1671 3734 1789 3789 viri-

217 3832 307 3885 bus
333 3843 670 3899 cognoscere
697 3829 875 3897 cupio,
909 3828 1047 3898 quod
1080 3828 1150 3882 sit
1178 3840 1379 3883 rectum
1408 3837 1464 3883 et
1492 3827 1789 3882 veridicum

215 3926 427 3993 dogma,
458 3926 513 3975 in
556 3936 663 3988 quo
687 3936 774 3975 me
802 3931 1047 3990 oporteat
1088 3922 1281 3977 occulti
1324 3922 1565 3992 mysterii
1607 3936 1787 3975 sacra-

214 4027 390 4069 menta
434 4018 731 4085 percipere.
776 4013 957 4083 Neque
984 4014 1128 4068 enim
1174 4013 1331 4067 modo
1363 4014 1489 4067 mibi
1531 4013 1787 4082 profunda

214 4110 592 4175 mysteriorum
617 4121 808 4159 arcana
841 4103 1081 4174 patefieri
1106 4105 1379 4167 desidero;
1412 4103 1505 4157 sed
1534 4103 1621 4157 illa
1652 4117 1791 4157 nunc

214 4200 392 4265 ﬂagito
426 4198 806 4261 demonstrari,
850 4210 971 4266 qua:
1017 4198 1068 4249 in
1108 4205 1283 4250 vestra
1328 4196 1430 4250 title
1459 4197 1791 4250 extrinsecus

215 4290 499 4353 hbentur,
531 4298 584 4341 et
617 4287 827 4355 publice
855 4285 1231 4355 prazdicantur.
1263 4286 1317 4340 Id
1343 4296 1425 4341 est
1444 4327 1457 4350 ,
1485 4286 1627 4356 quod
1654 4299 1791 4340 unus

216 4382 465 4448 idemque
510 4393 670 4432 verus
709 4378 780 4430 sit
823 4378 982 4442 Deus,
1016 4378 1306 4431 visibilium
1345 4387 1399 4431 et
1442 4378 1786 4432 invisibilium

1891 3196 2006 3265 ejus
2032 3193 2311 3248 Dominum
2337 3201 2601 3254 nostrum,
2625 3202 2680 3245 et
2701 3193 2751 3244 in
2773 3191 3026 3259 Spiritum
3053 3199 3313 3242 satu-tum.
3346 3189 3469 3240 llzr-c

1891 3298 1974 3343 est
2005 3287 2123 3340 lidei
2157 3295 2351 3337 nostrae
2382 3285 2584 3351 regula,
2614 3299 2769 3349 quam
2797 3284 2907 3353 89
2953 3282 3159 3334 cmlcsti
3215 3280 3466 3345 magiste-

1895 3379 1973 3432 rio
1997 3378 2249 3431 Dominus
2279 3374 2495 3427 tradioit
2523 3373 2802 3441 apostolis,
2833 3374 3017 3426 dicens
3043 3389 3057 3425 :
3095 3371 3191 3431 Ite,
3220 3371 3468 3436 bap‘izale

1894 3487 2063 3527 omnes
2105 3477 2275 3540 gentes
2314 3469 2366 3521 in
2414 3468 2615 3521 nomine
2650 3464 2853 3531 Putris,
2896 3474 2940 3518 et
2987 3463 3132 3529 Filii,
3158 3474 3204 3516 ct
3244 3461 3467 3533 Spiritus

1892 3564 2073 3618 sancti.

1963 3653 2050 3706 Vl.
2094 3651 2294 3706 Probus
2336 3650 2501 3722 judcx
2530 3648 2697 3701 dixit:
2746 3646 2936 3716 Magno
2979 3644 3219 3698 miraculi
3252 3652 3469 3707 stupore

1893 3744 2149 3798 attonitus
2177 3743 2374 3809 haereo,
2409 3749 2517 3794 tres
2552 3755 2579 3791 a
2608 3738 2757 3791 vobis
2788 3736 2918 3791 deas
2952 3735 3225 3803 przedicari
3256 3734 3463 3800 conspi-

1892 3836 2063 3898 ciens,
2097 3849 2126 3887 a
2149 3834 2344 3903 quibus
2373 3830 2439 3884 ad
2466 3829 2618 3883 unius
2641 3828 2733 3883 Dei
2757 3828 3041 3897 singularis
3066 3828 3314 3896 potentia:
3348 3839 3457 3877 ma-

1887 3928 2133 3997 jcstatetn
2166 3922 2577 3991 confugiendum
2610 3935 2729 3973 esse
2759 3918 3107 3972 credideram.
3140 3916 3316 3975 Unde,
3350 3930 3466 3979 «μω

1893 4022 1961 4073 sit
2002 4019 2158 4084 hujus
2208 4016 2341 4069 ratio
2386 4014 2540 4079 ﬁdei,
2582 4012 2664 4065 vel
2715 4012 2839 4077 quid
2887 4013 2984 4064 ista
3040 4011 3198 4062 trinttt
3262 4024 3464 4071 rerum,

1895 4112 2161 4178 triumque
2184 4106 2563 4161 vocabulorum
2600 4103 2813 4157 nomina
2847 4101 3103 4166 indiceitt,
3134 4113 3334 4167 quatso,
3369 4113 3467 4149 nos

1893 4203 2128 4257 breviter
2166 4200 2452 4252 informare
2482 4192 2795 4264 dignemini.

1964 4292 2113 4345 Arius
2156 4298 2203 4342 ct
2258 4286 2562 4341 Athanasius
2607 4285 2895 4337 dixerunt:
2934 4280 3047 4336 Non
3089 4291 3195 4334 tres
3244 4278 3374 4333 deos
3412 4278 3465 4331 in

1897 4384 2015 4437 ﬁdei
2045 4394 2241 4436 nostra:
2265 4378 2683 4448 professionibus
2710 4374 2973 4439 fatemur,
2998 4374 3089 4427 sed
3121 4371 3340 4427 credere
3368 4387 3468 4424 nos

214 4474 460 4527 conditor
488 4486 687 4525 rerum.
732 4470 799 4525 Et
825 4471 947 4538 quia
995 4471 1093 4525 hoc
1138 4483 1233 4523 vos
1263 4484 1370 4523 uno
1406 4484 1505 4525 ore
1549 4471 1785 4539 proﬁteri
1819 4460 1869 4520 Ι)
1896 4476 1945 4528 in
1979 4475 2211 4535 Patrem,
2240 4470 2429 4527 Filium
2456 4479 2509 4524 ct
2531 4467 2783 4539 Spiritum
2816 4476 3056 4522 sanctum
3086 4464 3315 4520 ﬁdeliter
3348 4480 3471 4534 pro-

214 4580 318 4616 non
358 4562 566 4625 nescio,
602 4561 731 4629 quid
761 4575 939 4615 cauam
978 4561 1251 4616 exstiterit
1288 4562 1426 4615 utin
1458 4572 1562 4615 tam
1610 4563 1785 4617 varias

211 4654 528 4708 diridamini
555 4662 752 4716 sectas,
779 4664 836 4705 ut
873 4666 995 4720 quae
1028 4654 1097 4705 sit
1132 4667 1278 4716 vera,
1310 4666 1497 4721 quaeve
1532 4653 1601 4706 sit
1628 4653 1782 4717 falsa,

212 4745 439 4811 intelligi
465 4758 495 4796 a
522 4743 670 4798 nobis
699 4743 924 4797 omnino
952 4757 1057 4795 non
1095 4742 1292 4809 possit,
1334 4744 1446 4813 88
1475 4742 1781 4811 priusquam

212 4847 397 4889 vestro
427 4835 736 4898 certamine,
768 4834 927 4903 digno
971 4833 1245 4901 patientiae
1287 4833 1654 4889 moderamine
1693 4833 1786 4887 ha-

209 4930 241 4982 b
266 4939 342 4990 to,
378 4926 505 4994 quid
528 4928 596 4979 sit
620 4941 910 4995 congruum
937 4926 1246 4996 diligentius
1270 4940 1674 4993 cognoscamus.

278 5021 344 5076 ν,
382 5022 687 5074 Athanasius
714 5022 842 5074 dixit
872 5036 892 5074 :
921 5022 1055 5075 Cum
1085 5021 1158 5074 sis
1190 5021 1333 5072 omni
1366 5019 1662 5073 litterarum
1691 5035 1787 5087 ge-

207 5128 336 5164 nere
368 5112 610 5166 imbutus
647 5122 702 5165 et
738 5111 1121 5181 philosophicis
1157 5111 1451 5179 di~ciplinis
1494 5114 1781 5166 admodum

207 5210 452 5259 eruditus
482 5245 499 5271 ,
547 5206 729 5259 mirari
776 5220 1153 5275 usquequaque
1200 5220 1308 5259 non
1351 5205 1516 5259 debes
1562 5206 1783 5273 plurima

208 5313 376 5365 [nues
402 5312 500 5351 uos
522 5306 578 5352 et
598 5299 742 5351 varia
764 5299 1057 5352 novitatem
1079 5297 1328 5367 dogmata
1348 5298 1637 5362 exstitisse,
1660 5314 1779 5353 cum

203 5400 259 5441 et
299 5388 445 5458 apud
477 5404 574 5443 vos
614 5396 691 5443 tot
719 5390 1106 5444 sententiarum
1150 5390 1415 5444 novitates
1444 5390 1779 5456 emerserint,

206 5487 332 5545 quot
374 5494 512 5547 pene
547 5480 762 5534 nomina
808 5480 1046 5547 ipsorum
1098 5480 1443 5534 continentur
1480 5489 1776 5537 auctorum.

208 5569 334 5624 Nam
363 5584 484 5625 eum
514 5578 623 5627 tres
650 5572 759 5626 sint
797 5570 852 5624 in
884 5572 1082 5626 mundo
1109 5571 1418 5641 religiones,
1450 5572 1777 5639 Judaaornm,

206 5676 526 5730 paganorum
582 5673 631 5717 et
664 5662 1120 5725 Cltristiinorutn,
1156 5664 1336 5719 multis
1376 5676 1426 5720 ct
1475 5666 1629 5735 longe
1672 5665 1779 5719 dis-

1894 4566 2121 4619 ﬁtcmur.

1967 4656 2166 4710 Probus
2186 4655 2352 4725 judea:
2402 4655 2565 4708 dixit:
2623 4651 2800 4707 Satius
2847 4664 2974 4720 ergo
3027 4649 3188 4704 ﬁdem
3236 4658 3467 4705 vestram

1892 4752 2142 4818 exponite
2166 4794 2181 4815 ,
2227 4760 2280 4804 et
2306 4764 2426 4817 qua:
2453 4748 2535 4802 vel
2573 4747 2744 4816 qualis
2767 4747 2833 4798 sit
2860 4745 2910 4798 itt
2939 4744 3127 4800 eadem
3160 4744 3262 4800 [ide
3291 4756 3468 4798 vestra

1891 4842 2180 4897 credulitas
2221 4843 2507 4895 declarato.

1961 4934 2114 4985 Arius
2149 4932 2277 4985 dixit
2312 4947 2330 4984 :
2374 4930 2484 4999 Ego
2521 4930 2664 4984 enim
2723 4930 2983 4985 confiteor
3036 4929 3327 4999 ingenitum
3372 4927 3455 4982 Pa-

1889 5034 2023 5078 trem
2073 5032 2197 5076 ante
2238 5022 2415 5075 omnia
2474 5030 2709 5090 tempora
2758 5020 2951 5077 Filium
2993 5022 3333 5079 ineffabiliter
3376 5035 3462 5087 ge-

1895 5123 2095 5181 nuisse,
2129 5132 2222 5184 per
2254 5131 2412 5185 quem
2436 5124 2488 5167 et
2510 5113 2563 5167 in
2583 5129 2690 5184 quo
2719 5115 2958 5170 visibiles
2986 5123 3281 5180 creaturas,
3309 5122 3465 5179 atque

1894 5209 2183 5263 invisibiles
2217 5207 2385 5261 fecit:
2419 5206 2507 5275 qui
2539 5208 2841 5262 novissimis
2875 5205 3201 5274 temporibus
3246 5212 3463 5274 propter

1893 5301 2109 5353 humani
2140 5299 2353 5367 generis
2383 5297 2630 5363 salutem,
2661 5312 2689 5350 a
2731 5296 2889 5352 Patre
2915 5299 3128 5358 missus,
3153 5308 3336 5346 verum
3366 5294 3465 5343 ho-

1891 5394 2090 5447 minem
2144 5392 2195 5444 in
2240 5390 2439 5443 mundo
2483 5390 2729 5458 gestavit,
2780 5406 2937 5460 quem
2981 5384 3353 5441 inviolabiliter
3398 5382 3464 5436 de

1885 5486 2044 5541 Maria
2067 5484 2279 5553 Vit"ng
2301 5485 2421 5538 sine
2440 5483 2657 5539 humani
2686 5482 2902 5551 pudoris
2918 5477 3268 5549 permixtione
3287 5489 3465 5529 susce-

1887 5582 1982 5643 pit.
2010 5575 2109 5642 Qui
2140 5590 2261 5630 cum
2284 5575 2356 5628 sit
2380 5588 2640 5628 creaturae
2669 5587 2779 5627 sure
2806 5573 2941 5627 Deus
2968 5578 3021 5623 et
3045 5567 3322 5632 Dominus,
3351 5586 3458 5625 non

1886 5675 2060 5721 tamen
2094 5675 2266 5734 potest
2296 5664 2524 5734 genitori
2555 5678 2682 5731 suo,
2728 5672 2819 5717 aut
2842 5662 2892 5717 in
2930 5661 3177 5717 omnibus
3206 5662 3440 5719 conferti
