4040 6184
205 269 301 325 ιω

1222 252 1493 309 CONTRA
1536 249 1834 306 ARIANUS
1876 246 2234 304 DlAl.OGL'S.
2278 247 2397 302 LIB.
2447 248 2485 303 Ι.

3375 252 3476 303 iii!

204 380 525 451 puniantur
556 392 575 443 ;
603 384 659 430 et
694 387 957 445 agnosces
983 370 1354 434 Athanasium,
1382 368 1464 422 vel
1486 366 1601 435 ejus
1627 373 1807 418 anrto-
1837 366 1887 425 Α
1917 363 2046 418 tidcs
2078 362 2235 431 hujus
2267 363 2497 419 nominis
2526 378 2724 433 expers
2753 378 2872 419 vera
2904 375 2989 421 est
3011 365 3192 437 (sicuti
3219 367 3343 436 est),
3368 368 3503 425 luce,

206 488 321 537 res,
347 469 704 539 apostolicam
730 466 888 519 fidem
915 477 1173 517 novorum
1196 460 1497 529 adjet-tioue
1517 456 1802 511 verborum

204 573 444 615 eatenus
478 557 827 625 corrupisse;
863 563 919 606 ut
944 560 997 607 et
1037 564 1130 606 eos
1169 549 1258 618 qui
1295 547 1527 617 antiquis
1583 546 1801 599 Patrum

212 654 493 706 inlinere
519 645 812 709 doctrinis,
848 642 1143 696 ambitione
1174 638 1319 707 regia
1348 638 1453 707 usi,
1494 636 1805 691 censuerint

214 744 481 799 feralibus
520 736 841 807 relegandos
875 734 1087 788 edictis.

289 832 503 886 Probus
543 830 712 899 judea:
765 826 935 879 dixit:
985 824 1042 879 Si
1096 821 1379 891 praseutis
1424 817 1620 889 negotii
1668 817 1807 872 ratio

221 924 464 992 postulat
510 931 568 977 ut
596 921 873 975 decretum
898 914 1092 970 Nicazni
1116 913 1328 968 concilii
1354 914 1404 967 in
1428 912 1605 966 medio
1629 909 1808 979 profco

224 1029 404 1081 ratur,
433 1016 488 1069 id
518 1028 736 1085 quoque
764 1011 1085 1066 Athanasius
1121 1022 1217 1061 sua
1250 1005 1627 1074 prosecutione
1664 1003 1808 1057 desi-

226 1118 385 1172 gnet,
426 1115 490 1160 ut
516 1120 587 1160 ex
631 1104 908 1171 utriusque
957 1099 1247 1153 voluntatis
1290 1111 1533 1159 assensu,
1582 1095 1629 1148 si
1681 1094 1806 1163 quid

227 1200 357 1253 illud
387 1206 470 1252 est
506 1195 650 1265 quod
684 1194 916 1248 refertur
955 1192 1292 1245 extrinsecus
1320 1187 1595 1243 recitetur.

296 1286 612 1340 Athanasius
642 1286 771 1338 dixit
804 1299 823 1337 :
862 1283 1052 1336 Cansze
1074 1280 1318 1349 congruit
1347 1290 1404 1332 ut
1430 1293 1606 1333 rerum
1633 1286 1809 1347 gesta-

231 1396 344 1433 rum
378 1378 635 1432 lectionis
664 1376 817 1445 copia
850 1391 955 1429 non
989 1384 1227 1442 negetur.

298 1468 505 1521 Probus
527 1468 697 1537 judea:
718 1466 883 1519 dixit:
909 1466 1048 1534 Ergo
1076 1473 1133 1518 ut
1158 1462 1449 1528 desiderat,
1484 1461 1685 1532 pru‘fali
1718 1461 1811 1516 de-

232 1561 358 1614 creti
388 1558 559 1613 lectio
578 1556 885 1611 ventiletur.

302 1651 366 1705 Et
397 1651 600 1704 lectum
624 1658 707 1704 est
737 1648 847 1701 ita:
885 1646 1168 1701 Credimus
1206 1646 1259 1699 in
1300 1660 1462 1699 unum
1510 1645 1673 1697 Deum
1710 1644 1809 1695 Pa-

1907 455 2023 510 sine
2051 456 2213 512 dubio
2245 456 2373 510 falsa
2400 456 2523 522 erit,
2552 473 2670 525 quzc
2696 461 2926 528 antiquae
2957 459 3080 515 ﬁdei
3110 458 3341 514 nominis
3384 477 3480 513 no-

1904 550 2125 601 vitatem
2164 547 2380 616 adjecit.
2405 547 2640 602 Revolve
2660 554 2854 603 cuncta
2889 550 3024 605 Novi
3061 559 3116 605 et
3145 550 3349 606 Veteris
3379 552 3482 605 Tc-

1905 637 2154 692 stantenti
2196 637 2492 701 volumina,
2522 648 2700 692 utrum
2741 638 2936 694 alicubi
2973 641 3287 696 homousion
3317 645 3482 696 sacris

1909 727 2136 782 inditum
2170 728 2374 798 paginis
2397 730 2597 794 poteris
2632 730 2889 797 reperire.

1978 820 2067 874 XI.
2104 820 2301 873 Probus
2322 823 2488 891 jndea:
2526 823 2654 875 dix’t
2678 838 2696 873 .·
2728 821 2862 886 Quid
2904 822 2985 874 his
3012 822 3272 876 refertur?

1980 911 2289 964 Athanasius
2321 914 2450 965 dixit
2472 928 2489 963 :
2524 913 2762 965 Nominis
2792 921 2996 966 tantum
3023 913 3309 966 offetnleris
3336 913 3482 967 novi-

1912 1014 2017 1057 tate
2034 1020 2049 1062 ;
2069 1019 2134 1056 an
2158 1004 2319 1056 etiam
2342 1004 2509 1071 ipsius
2534 1005 2612 1057 rei
2639 1005 2911 1071 virtutem,
2935 1019 3053 1072 qua:
3077 1005 3173 1058 hoc
3197 1014 3279 1059 est
3295 1013 3480 1059 sortita

1912 1096 2249 1159 vocabulum,
2277 1095 2515 1163 refugis?

1980 1196 2135 1248 Arius
2163 1196 2323 1249 dixit:
2354 1194 2489 1262 Quid
2520 1194 2690 1258 dicas,
2718 1209 2823 1247 non
2854 1194 2984 1249 satis
3011 1193 3136 1248 iutel
3162 1192 3267 1262 igo.

1982 1296 2289 1349 Athanasius
2314 1296 2443 1349 dixit
2461 1311 2479 1348 :
2505 1295 2614 1365 94,
2640 1294 2903 1361 Quoniam
2936 1309 3021 1349 res
3045 1295 3261 1364 antiqua
3289 1311 3481 1349 novum

1913 1402 2105 1441 nomen
2133 1387 2366 1451 accepit,
2396 1402 2502 1438 non
2530 1388 2788 1439 vocabulo
2837 1400 2975 1439 novo
3016 1401 3170 1439 novae
3210 1388 3283 1439 rei
3317 1388 3484 1439 virtus

1915 1477 2161 1539 accessit,
2189 1477 2291 1530 hoc
2329 1477 2511 1544 utique
2548 1478 2783 1543 requiro,
2815 1486 2985 1529 utrum
3011 1491 3097 1529 res
3127 1492 3245 1545 qua:
3267 1478 3483 1545 antiqua

1913 1576 2018 1627 est,
2050 1567 2207 1621 simul
2233 1582 2261 1620 a
2292 1576 2342 1620 te
2373 1581 2492 1620 cum
2525 1567 2752 1619 nominis
2778 1568 3008 1619 novitate
3038 1566 3339 1620 damnetur.

1989 1667 2144 1720 Arius
2173 1666 2307 1719 dixit
2327 1681 2346 1719 .'
2376 1667 2479 1720 lies
2518 1666 2751 1733 loqueris
2783 1676 3063 1727 lorlttosas,
3100 1675 3153 1720 et
3181 1669 3324 1718 Ottttti
3352 1668 3484 1720 stul-

236 1751 369 1796 trem
392 1741 826 1808 omnipotentem
850 1779 865 1800 ,
903 1740 1138 1791 omnium
1170 1737 1457 1792 visibilium
1495 1746 1547 1790 et
1578 1735 1711 1788 imis
1736 1737 1813 1787 bi-

1919 1762 2046 1812 titire
2080 1759 2337 1811 miraculo
2379 1758 2585 1826 dignas.
2630 1758 2682 1812 Si
2732 1761 2874 1811 enim
2929 1756 3243 1810 hotuonsion
3285 1772 3482 1810 novum

236 1836 356 1887 lium
388 1832 677 1886 factorem.
710 1831 775 1884 Et
796 1830 849 1884 in
870 1847 1032 1886 unum
1062 1832 1345 1885 Dominum
1369 1841 1607 1887 nostrmn
1631 1830 1811 1884 Jesum

235 1926 506 1978 Christum
544 1922 740 1976 Filium
779 1922 890 1984 Dei.
932 1931 1115 1976 natum
1156 1937 1220 1974 ex
1267 1922 1422 1975 Patre
1463 1920 1814 1988 unigenitum,

238 2019 333 2071 hoc
371 2023 463 2070 est
501 2015 573 2069 de
599 2014 899 2069 substantia
932 2013 1140 2068 Patris:
1176 2012 1340 2067 Deum
1372 2027 1435 2066 ex
1458 2012 1604 2076 Deo,
1637 2011 1814 2064 lumen

236 2122 297 2161 es
344 2108 577 2171 lumine,
620 2106 784 2159 Deum
825 2120 1010 2159 verum
1055 2104 1123 2159 de
1154 2104 1264 2158 Deo
1300 2119 1426 2158 vero
1452 2146 1465 2167 ,
1498 2114 1675 2156 natum
1712 2118 1815 2155 non

240 2199 474 2251 factum:
529 2196 689 2250 unius
719 2194 1032 2249 substantia:
1070 2209 1190 2247 cum
1231 2194 1388 2247 Patre
1427 2194 1591 2263 (quod
1635 2192 1813 2246 (ἕτωεί

238 2291 421 2344 dicunt
454 2286 798 2353 homousion)
826 2303 841 2339 :
870 2300 966 2355 per
988 2300 1144 2355 quem
1176 2283 1309 2337 facta
1334 2295 1456 2336 sunt
1478 2282 1677 2348 omnia,
1705 2284 1819 2337 sive

238 2399 353 2453 qua:
374 2383 431 2434 in
459 2380 622 2443 uelo,
656 2378 768 2433 sive
796 2392 915 2445 qua:
939 2376 989 2430 in
1017 2386 1178 2431 terra.
1212 2376 1313 2441 Qui
1340 2383 1559 2442 propter
1582 2382 1816 2427 nostram

238 2477 465 2529 satutem
507 2472 811 2534 descendit,
849 2478 903 2523 et
935 2470 1238 2524 incarnatus
1285 2476 1386 2530 est,
1434 2467 1596 2520 homo
1647 2467 1819 2518 lactus

239 2575 340 2628 est,
365 2579 561 2633 passus
590 2572 693 2625 est,
720 2562 1019 2616 resurrexit
1043 2561 1198 2615 tertia
1218 2558 1328 2624 die,
1352 2560 1405 2612 in
1434 2557 1599 2613 caelos
1630 2573 1817 2612 ascen-

238 2658 341 2719 dit,
377 2665 636 2709 venturus
666 2663 750 2707 est
790 2653 1036 2721 judicare
1083 2651 1227 2705 vivos
1278 2660 1332 2705 et
1372 2659 1633 2703 mortuos.
1670 2649 1735 2703 Et
1767 2650 1817 2703 iu

237 2747 494 2816 Spiritum
554 2755 819 2799 sanetum.
873 2744 974 2797 Eos
1028 2751 1205 2797 autem
1262 2740 1352 2809 qui
1405 2740 1628 2793 dicunt:
1692 2738 1822 2793 Erat

237 2840 448 2909 quando
475 2852 585 2891 non
614 2845 750 2899 erat,
788 2845 841 2889 et
868 2844 1152 2904 antequam
1194 2840 1505 2886 nasceretur
1545 2845 1650 2884 non
1678 2838 1815 2895 erat,

235 2934 448 2999 etquod
477 2930 549 2983 de
578 2944 684 2981 non
713 2926 821 2997 93
859 2926 1210 2989 exstantibus,
1239 2924 1322 2978 vel
1352 2938 1414 2978 es
1445 2924 1547 2976 alia
1575 2923 1820 2977 substan-

240 3022 303 3073 tia
332 3029 427 3073 aut
454 3020 693 3074 essentia
715 3061 731 3085 ,
766 3019 1003 3071 dicentes
1043 3015 1350 3070 mutabilem
1376 3024 1466 3067 aut
1494 3013 1821 3069 convertibi-

237 3114 335 3166 lem
366 3112 559 3176 Deum,
589 3111 688 3165 hos

241 3202 504 3256 Ecclesia.

304 3293 373 3347 Χ.
412 3294 571 3345 Arius
605 3292 777 3345 dixit:
815 3290 1094 3355 Pervides,
1134 3292 1369 3344 virorum
1397 3290 1595 3359 optime
1615 3289 1811 3355 Probe,

240 3386 390 3439 istius
417 3386 635 3439 decreta
665 3381 900 3444 concilii,
948 3382 999 3436 in
1038 3380 1462 3449 suggillationem
1502 3378 1814 3448 apostolicae

237 3475 377 3540 dulei,
411 3488 547 3529 ausu
585 3474 891 3528 temeritate
932 3473 1097 3526 fuisse
1139 3472 1465 3539 conscripta.
1508 3471 1643 3538 Quid
1671 3470 1814 3523 enim

236 3579 368 3632 epos
392 3574 511 3618 erat
533 3578 730 3618 novum
754 3562 855 3616 hoc
885 3560 1200 3615 homousion
1230 3561 1541 3616 vocabulum
1582 3560 1816 3625 antiquis

234 3655 548 3721 dogmatum
592 3652 789 3722 regulis
830 3651 994 3706 inseri
1022 3651 1043 3704 ?
1072 3651 1335 3719 Numquid
1359 3650 1499 3705 enim
1549 3650 1812 3720 apostoli,

234 3745 317 3796 vel
345 3759 540 3797 eorum
581 3741 859 3810 discipuli,
892 3752 1051 3808 atque
1080 3754 1266 3795 omnes
1304 3755 1397 3808 per
1424 3739 1666 3794 ordinem
1694 3755 1815 3793 sucv

234 3848 482 3887 cessares
512 3835 600 3902 qui
629 3848 795 3902 usque
816 3833 880 3885 ad
910 3831 1038 3886 illud
1072 3841 1279 3900 tempus
1300 3830 1352 3883 in
1374 3830 1576 3885 Christi
1604 3829 1816 3885 confes-

236 3923 389 3975 sione
441 3923 685 3975 viventes
724 3921 1041 3975 homousion
1090 3919 1403 3973 vocabulum
1459 3920 1811 3989 ignorabant,

236 4011 530 4079 impietatis
570 4010 910 4077 sacrilegium
956 4010 1007 4062 in
1042 4009 1158 4062 tidei
1197 4011 1418 4061 veritate
1457 4018 1668 4063 secutos
1696 4023 1816 4064 esse

233 4103 507 4167 dicemus;
535 4119 630 4168 pro
664 4117 730 4156 eo
760 4102 964 4155 scilicet
989 4101 1128 4170 qmzd
1160 4100 1315 4167 hujus
1344 4099 1571 4153 nominis
1598 4099 1816 4155 notione

234 4192 457 4259 privati,
488 4194 606 4245 sine
633 4192 799 4259 ipsius
833 4191 1220 4259 praedicationis
1242 4189 1539 4243 assertione
1570 4205 1818 4257 perrexe-

235 4292 366 4335 runt
396 4282 459 4335 ad
503 4281 773 4335 Christum
800 4280 823 4333 ?
870 4280 925 4336 Si
958 4281 1096 4334 enim
1130 4296 1157 4333 a
1190 4279 1374 4344 nobis,
1407 4288 1465 4332 ut
1494 4278 1579 4333 isti
1608 4280 1817 4347 penitus

232 4372 593 4433 mentiuntur,
619 4385 758 4423 nova
782 4368 1215 4423 introducebatnr
1241 4376 1423 4423 contra
1456 4370 1815 4437 apostolorum

1917 1866 2109 1903 nomen
2141 1859 2241 1915 est,
2279 1864 2383 1901 non
2415 1848 2523 1901 duh
2550 1865 2635 1901 um
2666 1850 2790 1916 qttin
2829 1858 2883 1901 et
2910 1863 2995 1901 res
3032 1862 3172 1900 nova
3212 1848 3301 1913 sit,
3327 1861 3481 1915 quam

1914 1939 2217 2007 significare
2246 1939 2474 1992 videtur.

1986 2040 2298 2093 Athanasius
2342 2040 2518 2093 dixit:
2576 2038 2716 2108 Ergo
2767 2038 2969 2107 pariter
3014 2052 3129 2092 rem
3184 2052 3483 2105 nomenque

1917 2132 2285 2185 condemnas?

1994 2232 2142 2284 Arius
2172 2231 2338 2284 dixit:
2369 2230 2439 2284 lta
2475 2230 2649 2299 plane.

1990 2331 2299 2385 Athanasius
2357 2333 2483 2384 dixit
2504 2348 2523 2386 :
2556 2332 2717 2401 igitur
2746 2333 2791 2387 si
2822 2333 3255 2390 demonstravero
3288 2337 3360 2391 rei
3390 2352 3486 2390 an-

1921 2422 2077 2491 tiquze
2104 2432 2155 2477 et
2185 2425 2252 2475 ab
2276 2424 2532 2492 apostolis
2566 2425 2769 2477 traditur
2803 2442 2994 2479 novum
3030 2443 3220 2480 nomen
3266 2428 3486 2481 attribu-

1925 2524 2034 2566 tum
2079 2513 2261 2579 fuisse,
2298 2514 2493 2567 vietum
2543 2527 2593 2568 te
2632 2516 2843 2569 tandem
2888 2516 3181 2571 fateberis?
3212 2522 3290 2571 An
3328 2518 3486 2572 etiam

1921 2605 1998 2657 sic
2025 2620 2139 2658 rem
2181 2607 2448 2674 antiquam
2480 2606 2635 2660 simul
2665 2621 2785 2661 cum
2838 2609 3067 2662 nominis
3098 2610 3333 2664 novitate
3361 2624 3487 2663 Con-

1921 2694 2183 2748 demnas?

1992 2787 2144 2837 Arius
2175 2786 2341 2839 dixit:
2376 2787 2485 2839 lloc
2517 2802 2621 2839 non
2652 2788 2922 2840 ostendes.

1994 2883 2197 2939 Probus
2228 2886 2395 2955 judex
2421 2887 2591 2939 dixit:
2624 2887 2686 2940 Et
2716 2903 2834 2955 qua:
2864 2890 2997 2940 ratio
3025 2903 3199 2942 causa:
3226 2887 3488 2958 flagitabat

1922 2988 1979 3033 ut
2018 2994 2104 3033 res
2146 2980 2360 3048 antiqua
2411 2994 2607 3032 novum
2649 2981 2914 3048 acciperet
2946 2983 3184 3035 nomen?
3226 2981 3489 3050 Numquid

716 3068 1414 3164 ξιίέίιλεῶδιίέδὶωώυηω
1441 3105 1814 3174 “apostolica
1841 3091 1886 3153 ς
1922 3071 2060 3123 enim
2088 3069 2390 3139 priusquam
2417 3068 2572 3137 hujus
2594 3071 2825 3123 nominis
2850 3072 3163 3125 vocabulum
3190 3074 3488 3139 sortiretur,

1919 3161 2034 3212 sine
2063 3163 2290 3213 nominis
2324 3161 2645 3228 proprietate
2676 3161 2957 3215 manebat?
2990 3163 3098 3216 Hoc
3127 3166 3326 3219 nullam
3359 3166 3490 3221 mihi

1918 3252 2135 3303 rationis
2164 3252 2603 3319 consequentiam
2638 3252 2832 3306 habere
2864 3252 3091 3307 videtur.

1987 3352 2136 3406 Arius
2174 3353 2345 3406 dixit:
2373 3351 2603 3422 Optime.

1988 3454 2298 3508 Athanasius
2333 3457 2503 3509 dixit:
2548 3456 2938 3512 Ecclesiasttcre
2969 3473 3183 3529 semper
3221 3463 3384 3515 moris
3411 3472 3493 3516 est

1918 3546 2233 3617 disciplinis,
2262 3550 2303 3604 si
2332 3549 2545 3618 quando
2571 3549 2944 3605 haereticorum
2972 3568 3107 3607 nova
3134 3554 3367 3607 doctrina
3401 3570 3493 3608 ex-

1916 3639 2107 3708 surgit,
2128 3650 2312 3693 contra
2342 3640 2637 3695 insolentes
2668 3643 3018 3711 qumstionum
3049 3645 3309 3700 novitates
3338 3646 3493 3700 rebus

1920 3729 2324 3785 immntabiliter
2344 3731 2796 3799 permanentibus,
2821 3734 3090 3786 nominum
3111 3737 3364 3789 vocabula
3394 3736 3493 3788 im-

1917 3831 2145 3887 mutare,
2175 3835 2223 3877 et
2253 3824 2639 3893 significantius
2674 3840 2850 3879 rerum
2894 3835 3109 3880 naturas
3149 3829 3447 3896 exprimere
3476 3843 3492 3891 ;

1917 3928 2035 3981 quae
2085 3924 2260 3969 tamen
2314 3914 2656 3969 existentium
2702 3930 2981 3969 causarum
3040 3917 3321 3970 virtutibus
3368 3932 3494 3971 cou-

1916 4016 2130 4075 gruant,
2170 4014 2225 4059 et
2248 4020 2365 4074 quae
2398 4007 2565 4074 magis
2598 4008 2812 4060 easdem
2845 4009 3137 4074 antiquitus
3186 4009 3350 4062 fuisse
3394 4009 3493 4061 de-

1921 4104 2241 4157 monstrent,
2259 4111 2362 4149 non
2387 4106 2534 4150 ortus
2553 4098 2836 4151 novitatem
2859 4100 3147 4151 insinuent.
3166 4100 3251 4164 Et,
3276 4109 3328 4152 ut
3352 4100 3492 4168 quod

1919 4186 2040 4239 dico
2081 4186 2289 4254 planius
2324 4185 2434 4254 fiat,
2473 4197 2593 4239 utor
2639 4188 2900 4253 exemplo.
2938 4188 2993 4240 In
3032 4189 3145 4255 ipso
3174 4188 3494 4243 Christianae

1924 4277 2194 4346 religionis
2237 4277 2628 4345 prtedicationis
2664 4278 2847 4342 initio,
2881 4293 3067 4332 omnes
3094 4278 3179 4346 qui
3205 4278 3495 4333 credebant

1925 4370 2150 4423 Domino
2199 4379 2383 4423 nostro
2421 4369 2548 4424 Jesu
2594 4369 2846 4431 Christo,
2905 4386 3008 4422 non
3042 4370 3356 4431 Christiani,
3399 4371 3491 4423 scil

238 4469 440 4515 statuta
479 4460 747 4523 doctrina,
785 4458 837 4512 id
879 4459 1058 4525 utique
1092 4457 1417 4511 conveniens
1458 4466 1571 4511 erat
1610 4473 1758 4511 nova:
1790 4472 1818 4510 a
1849 4452 1899 4511 D
1926 4460 2169 4531 discipuli
2214 4461 2580 4515 tantummodo
2628 4461 3057 4514 nominabantur.
3094 4461 3155 4515 Et
3187 4461 3309 4531 quia
3342 4464 3492 4518 multi

233 4550 394 4604 nobis
416 4552 636 4619 ingesta:
666 4549 921 4602 doctrinae
948 4549 1178 4616 antiquis
1206 4546 1567 4617 apostolorum
1594 4548 1812 4603 obviare

232 4642 519 4704 doctrinis,
547 4650 603 4695 et
632 4640 852 4693 novitati
883 4648 1146 4693 vetustate
1176 4640 1546 4708 praescribere,
1588 4656 1692 4692 non
1724 4655 1815 4693 ve-

234 4743 492 4787 tustatem
533 4734 770 4787 ueritate
812 4731 1153 4802 pervertere?
1194 4729 1388 4801 thnid
1435 4730 1537 4785 hoc
1566 4732 1692 4784 mihi
1723 4745 1818 4785 no-

231 4840 364 4881 men
406 4824 735 4893 sequendum
767 4823 1039 4893 imponit?
1073 4822 1267 4892 thuid
1300 4837 1385 4877 me
1414 4822 1479 4876 ad
1514 4821 1811 4891 hujusmodi

229 4917 528 4970 novitatem
566 4915 853 4969 violentius
885 4914 1090 4969 trahit?
1138 4914 1330 4984 thnid
1376 4914 1476 4968 hoc
1507 4913 1812 4982 apostolicae

230 5007 367 5061 ﬁdei
403 4988 746 5075 superadjicit
777 5006 1026 5070 verbum,
1062 5004 1214 5074 cujus
1252 5019 1349 5059 nec
1380 5004 1650 5073 pr0pheta:
1690 5006 1810 5073 qui-

227 5100 383 5163 dem,
408 5114 504 5152 nec
533 5097 759 5167 apostoli
789 5099 993 5167 uspiam
1025 5097 1223 5151 faciunt
1264 5095 1627 5150 mentionem?
1658 5093 1809 5161 Quod

230 5190 407 5257 istud,
434 5205 635 5258 quaeso,
668 5205 864 5243 nomen
900 5197 1005 5253 est,
1037 5186 1154 5243 sine
1184 5204 1286 5253 quo
1307 5186 1439 5240 ﬁdes
1462 5188 1661 5255 integra
1691 5199 1813 5241 esse

232 5300 346 5337 non
378 5283 567 5351 possit,
598 5284 713 5338 sine
738 5297 845 5352 quo
868 5280 1159 5336 Christiani
1192 5278 1509 5335 Christiana:
1540 5278 1815 5348 religionis

229 5375 559 5429 abdicantur
599 5374 854 5429 honore?
886 5373 1058 5431 Unum
1106 5374 1249 5429 enim
1296 5388 1327 5428 e
1373 5373 1580 5426 duobus
1625 5371 1680 5425 in
1720 5372 1819 5426 hac

230 5479 403 5518 causa
433 5467 583 5535 sequi
614 5480 839 5521 necesse
866 5474 967 5520 est.
998 5464 1056 5521 Si
1084 5480 1209 5519 vera
1236 5474 1317 5518 est
1350 5463 1611 5517 homousii
1644 5476 1819 5517 asser-

231 5558 335 5618 tio,
375 5555 504 5611 falsa
529 5558 630 5611 erit
656 5558 1020 5628 apostolorum
1062 5556 1388 5627 praedicatio,
1429 5570 1548 5626 qua:
1576 5556 1691 5610 sine
1719 5556 1822 5612 hoc

235 5646 464 5703 nomine
493 5648 644 5717 longa
677 5664 774 5718 per
805 5656 1041 5714 tempora
1070 5648 1265 5703 ﬂoruit.
1291 5648 1345 5706 Si
1376 5662 1504 5703 vero
1527 5648 1818 5714 apostolica

1917 4568 2176 4607 novorum
2209 4552 2518 4622 dogmutum
2554 4564 2802 4607 auctores
2841 4553 3191 4617 exsiterunt,
3234 4552 3496 4608 doctrina:

1918 4647 2193 4701 ohviantes
2233 4647 2561 4716 apostolicw,
2603 4661 2896 4714 ontneSQIte
2927 4654 3219 4701 sectatores
3258 4663 3383 4702 suos
3413 4649 3495 4704 di-

1921 4739 2155 4807 scipulos
2184 4739 2552 4793 nominabant:
2584 4754 2680 4791 nec
2712 4748 2821 4792 erat
2846 4738 2947 4791 ulla
2981 4739 3211 4793 nominis
3241 4739 3497 4794 discretio

1920 4827 2060 4883 inter
2081 4844 2235 4883 veros
2255 4828 2523 4897 falsosque
2544 4828 2869 4896 discipulos;
2887 4842 3008 4881 cum
3031 4831 3142 4882 sive
3159 4829 3247 4898 qui
3275 4830 3495 4895 Christi,

1922 4920 2033 4972 sive
2061 4919 2151 4987 qui
2185 4919 2452 4983 Dosithei,
2492 4919 2604 4972 sive
2639 4918 2865 4986 Cephaa,
2915 4919 3027 4973 sive
3067 4919 3341 4987 Theudae,
3382 4921 3497 4976 sive

1925 5009 2075 5064 Judze
2102 5008 2373 5078 cujusdam
2395 5054 2410 5077 ,
2445 5011 2558 5063 sive
2596 5014 2756 5062 etiam
2785 5008 3007 5063 Joannis
3041 5020 3363 5074 sectatores,
3405 5011 3494 5081 qui

1926 5115 1983 5157 se
2007 5102 2154 5171 quasi
2172 5100 2384 5155 Chi-isto
2410 5101 2632 5155 credere
2649 5100 2968 5166 fatebantur,
2988 5118 3095 5158 uno
3112 5103 3493 5172 discipulorum

1927 5192 2143 5246 nomine
2165 5200 2532 5246 censerentur.
2554 5191 2706 5246 Tunc
2726 5193 2951 5261 apostoli
2972 5197 3354 5249 convenientes
3381 5195 3486 5247 An-

1927 5285 2202 5355 tiochiam,
2230 5284 2367 5338 sicut
2391 5300 2574 5339 eorum
2600 5284 2767 5355 (Luca
2792 5285 3063 5354 narrante)
3084 5286 3317 5339 indicant
3340 5287 3474 5337 Acta

1923 5388 2111 5430 omnes
2134 5374 2423 5443 discipulos
2444 5390 2582 5430 novo
2598 5375 2706 5446 95
2729 5375 2963 5441 nomine,
2989 5376 3036 5427 id
3062 5385 3142 5428 est
3164 5374 3495 5428 Christianos

1924 5465 2286 5535 appellarunt,
2330 5466 2698 5522 discernentes
2729 5480 2822 5521 eos
2865 5482 2894 5519 a
2943 5463 3210 5519 communi
3242 5462 3492 5516 falsorum

1920 5558 2306 5629 discipulorum
2344 5560 2633 5625 vocabulo;
2668 5565 2727 5613 ut
2761 5567 2814 5613 et
2846 5557 3006 5610 divini
3037 5570 3130 5623 per
3159 5554 3346 5609 Isaiam
3375 5570 3498 5610 ora-

1927 5648 2034 5703 culi
2074 5663 2254 5706 sermo
2302 5650 2649 5721 impleretur,
2698 5660 2803 5717 quo
2836 5648 2946 5700 ait:
3000 5644 3339 5699 Servientium
3380 5661 3495 5700 viro
