4044 6184
551 305 652 360 1ϋῦ

1841 301 2063 356 γ.(;ιι.ιι
2104 303 2190 359 ΤΑ
2203 302 2480 359 PSENSIS

3706 308 3807 362 itii

547 417 704 479 mihi,
737 415 991 469 vocabitur
1027 429 1207 466 nomen
1256 428 1434 466 novum
1477 411 1630 481 (lsai.
1670 427 1769 464 ων
1791 455 1804 480 ,
1839 414 1929 478 I5,
1962 419 2118 485 jttx'a
2149 426 2193 480 Α
2227 414 2639 479 verisimilibus,
2681 429 2785 468 non
2818 431 2880 469 ex
2924 417 3134 470 ratione
3163 416 3370 481 vicinis,
3399 431 3504 470 non
3535 417 3601 470 ad
3641 420 3807 472 intel-

551 509 689 563 Ln
705 512 743 577 ).

620 600 732 652 XII.
766 599 914 651 llanc
957 612 1083 664 ergo
1125 596 1193 648 ab
1240 593 1497 662 apostolis
1537 592 1816 659 traditam,
1865 594 1916 646 in
1971 594 2125 648 novis

552 692 750 744 utendo
785 690 1086 742 "Ominibus
1117 689 1339 740 fortnam
1375 685 1612 739 Ecclesia
1642 686 1904 749 retinens,
1938 694 2124 739 contra

550 783 795 834 diversos
834 781 1142 840 ltzcreticos,
1181 787 1236 830 ut
1271 791 1415 829 sanie
1454 777 1573 830 lidei
1621 777 1758 830 ratio
1797 777 2121 844 postulabat,

549 873 791 924 diversas
835 869 1003 921 edidit
1053 869 1325 920 nominum
1371 868 1654 920 novitates.
1699 865 1938 934 Denique
1985 865 2126 918 Patri

553 975 748 1011 novum
779 958 1203 1011 iunascibititatis
1232 972 1425 1010 nomen
1447 956 1682 1010 Ecclesia
1709 957 2126 1024 itnposuit.Cutn

551 1053 692 1103 cnim
723 1052 1022 1104 Saltelliana
1056 1051 1274 1103 haeresis
1305 1050 1542 1118 genitum
1575 1064 1638 1102 ex
1664 1047 1881 1117 Virgine
1915 1050 2127 1102 Patrem

553 1146 810 1198 Volui-set
838 1159 1096 1207 asserere,
1126 1145 1414 1209 ingenitum
1447 1150 1631 1196 contra
1661 1141 1797 1194 hanc
1825 1142 2130 1196 conﬁtendo

555 1236 791 1289 Ecclrsia
830 1234 1048 1285 tradidit
1081 1232 1312 1285 Patrem.
1359 1230 1422 1283 Et
1452 1230 1599 1298 utiqtt
1678 1230 1729 1282 in
1762 1230 1954 1282 divinis
1986 1229 2132 1284 Scri-

557 1327 722 1393 ptttris
754 1326 1046 1392 ingenitum
1083 1339 1348 1390 nusquam
1393 1324 1616 1390 legimus
1661 1322 1898 1374 Patrem.
1950 1324 2134 1376 Potest

556 1432 685 1482 ergo
725 1416 991 1469 Sthenius
1027 1413 1304 1466 audacittn
1345 1429 1495 1464 suam
1543 1413 1596 1463 in
1633 1412 1790 1478 hujus
1847 1412 2132 1465 calumnia:

555 1506 836 1558 obvertere
879 1505 1228 1572 quarstiouem
1250 1541 1263 1564 ,
1295 1512 1347 1554 et
1377 1502 1534 1554 simili
1566 1509 1624 1554 ut
1653 1510 1709 1554 tu
1753 1503 2130 1569 propositionis

557 1612 756 1667 genere
793 1597 899 1658 uti,
933 1612 1038 1664 quo
1081 1595 1256 1648 dicat:
1298 1593 1405 1646 Cur
1445 1594 1639 1647 divinis
1684 1595 1972 1661 Scripturt's
2010 1596 2128 1649 sine

559 1691 669 1742 ullo
695 1698 975 1757 prosticcttt
1011 1687 1228 1756 pudoris
1261 1687 1563 1740 violentiam
1601 1687 1796 1748 tacitis.
1831 1686 2136 1753 proﬁtendo

2228 505 2496 574 ﬁgendum
2529 506 2966 572 provocantibus,
2988 522 3096 558 non
3131 507 3196 559 ad
3224 507 3272 560 id
3304 507 3658 574 proﬁtendum
3687 514 3802 577 pie-

2228 605 2336 648 tate
2364 594 2484 648 ﬁdei
2513 599 2792 659 suadente,
2821 599 2914 650 set.l
2953 613 3080 664 pura
3109 607 3162 650 et
3208 597 3343 650 nuda
3371 598 3654 652 verborum
3681 615 3812 668 pro-

2230 686 2456 755 prietate
2487 687 2588 739 hoc
2605 687 2864 754 scriptum
2889 689 3130 754 ostende,
3151 691 3469 757 ingenitum,
3496 699 3586 743 aut
3609 692 3814 759 impas-

2230 775 2438 829 sibilem
2463 776 2696 841 Patrem,
2723 777 2915 830 Filium
2943 793 3066 832 vero
3094 779 3256 830 Deum
3283 794 3347 832 ex
3381 779 3510 841 Deo.
3539 780 3714 834 lumen
3740 796 3809 834 ex

2230 865 2450 928 lumine,
2478 876 2567 917 aut
2594 866 2730 921 Patri
2752 868 2983 921 similem
3008 884 3148 921 esse.
3167 870 3301 921 Nolo
3334 869 3461 922 mihi
3490 872 3667 924 dicas:
3704 871 3812 924 hoc

2232 956 2352 1009 ﬁdei
2380 959 2515 1010 ratio
2545 959 2746 1024 poscit:
2786 959 2885 1011 hoc
2916 960 3080 1024 pietas
3105 961 3293 1013 docet:
3338 959 3401 1013 ad
3432 960 3569 1014 hanc
3595 977 3680 1015 me
3709 979 3808 1014 I30-

2233 1047 2389 1100 minis
2421 1048 2804 1116 professionem
2836 1050 3231 1116 St-rlpturarutn
3261 1057 3639 1120 consequentia
3682 1067 3805 1121 pro-

2235 1145 2406 1189 vocat.
2427 1137 2836 1207 Nolo,inquam,
2857 1140 2985 1193 mihi
3013 1143 3140 1193 talia
3169 1141 3429 1196 obtendas
3448 1157 3463 1206 ;
3485 1142 3612 1211 quia
3642 1153 3694 1197 et
3719 1158 3806 1198 me

2233 1227 2429 1281 similia
2451 1227 2517 1281 de
2552 1228 2816 1282 homousii
2846 1231 3164 1299 probatione
3189 1235 3396 1300 respuis
3423 1233 3804 1301 proterentem.

2236 1319 2340 1372 Sed
2371 1319 2509 1374 ferto
2537 1320 2589 1372 in
2619 1320 2864 1376 manibus
2883 1321 3186 1377 divinorum
3211 1323 3538 1376 voluminum
3569 1325 3804 1387 codices,

2237 1419 2289 1461 ct
2319 1413 2507 1462 eodem
2553 1425 2708 1475 sono,
2737 1412 3031 1481 iisdemque
3057 1415 3279 1482 sytlabis
3307 1414 3674 1481 prxdictornm
3717 1431 3811 1465 vo-

2236 1500 2548 1554 eabulorum
2582 1508 2791 1556 nomina
2815 1504 2978 1557 indita
3013 1506 3149 1574 lege.
3175 1509 3270 1558 Aut
3301 1507 3521 1559 ostende
3549 1506 3806 1574 scripturn

2241 1592 2431 1645 Filium
2458 1593 2598 1646 Patri
2623 1596 2874 1658 similem,
2895 1608 2982 1650 aut
3008 1598 3172 1651 fatere
3198 1597 3661 1664 dissimilem.th
3684 1601 3714 1650 lt
3740 1613 3810 1652 nc

2239 1700 2510 1751 eruztrpas,
2541 1700 2646 1754 quo
2671 1701 2881 1740 rursum
2906 1689 3107 1740 evadas
3139 1704 3242 1740 non
3268 1698 3373 1741 est.
3399 1689 3528 1740 Tuis
3559 1697 3609 1741 te
3632 1691 3809 1756 impli-

559 1778 925 1831 innascibiletn
966 1778 1216 1840 Patrem;
1256 1778 1394 1845 quod
1427 1777 1680 1845 set-iptum
1719 1775 2001 1830 ostendere
2029 1791 2135 1829 non
2171 1785 2215 1843 Β
2241 1777 2402 1827 citum
2445 1778 2826 1844 propositionis
2859 1779 3081 1831 nexibus
3111 1779 3375 1832 enodaudi
3414 1780 3634 1832 facultas
3661 1782 3808 1832 nulla

560 1871 788 1924 valetis?
819 1871 949 1924 Item
987 1872 1107 1938 quia
1157 1886 1277 1923 eum
1315 1885 1419 1922 non
1457 1873 1625 1922 solum
1658 1871 1931 1938 genitum,
1961 1869 2054 1923 sed
2081 1879 2136 1923 et

561 1976 773 2028 passum
831 1961 992 2028 impio
1039 1962 1289 2028 dogmate
1335 1960 1472 2013 idem
1513 1960 1776 2015 Sabellius
1823 1961 2132 2030 proﬁtetur,

561 2053 711 2105 vobis
749 2055 802 2104 in
831 2067 993 2104 unum
1041 2051 1514 2114 convenientibus,
1561 2051 1698 2105 inter
1736 2062 1958 2106 caeteras
2005 2067 2136 2120 quas

563 2143 938 2211 promulgastis
969 2144 1089 2196 lidei
1113 2144 1436 2206 sanctiones,
1473 2143 1678 2196 dixistis
1708 2143 1918 2197 Patrem
1946 2143 2138 2212 impas-

561 2233 771 2288 sib.letn
803 2247 942 2298 esse,
981 2233 1118 2301 quod
1150 2234 1414 2302 religiose,
1440 2243 1732 2304 sancteque
1766 2249 1860 2288 vos
1887 2237 2136 2289 statuisse

563 2326 870 2392 probamus.
912 2325 1014 2378 Sed
1056 2325 1156 2378 hoc
1205 2323 1346 2379 idem
1380 2324 1470 2378 ille
1510 2325 1821 2392 proclamat.
1852 2324 2137 2393 Quoosque

561 2426 756 2470 vestrte
811 2417 1038 2470 licentite
1088 2417 1362 2470 audaciam
1417 2417 1782 2485 protenditis;
1841 2417 2136 2484 proﬁtendo

561 2513 701 2580 quod
749 2512 1005 2577 scripturn
1058 2525 1161 2562 non
1207 2509 1428 2578 Iegists,
1476 2510 1858 2577 impassibiletn
1902 2509 2134 2572 Patrem,

561 2602 702 2670 quod
731 2618 828 2657 nec
853 2603 1125 2670 prottltette
1149 2601 1500 2666 tradiderunt,
1525 2615 1625 2655 nec
1655 2601 1881 2670 sytnboli
1911 2600 2138 2653 authen-

562 2695 648 2746 tiei
697 2693 910 2746 ll‘udidil
959 2694 1282 2758 auctoritas,
1329 2691 1422 2746 sed
1475 2699 1650 2746 vestra
1700 2700 1783 2746 cst
1837 2692 2136 2746 temeritate

562 2792 961 2850 praesumptum.
989 2783 1191 2836 ltursns
1213 2782 1616 2851 prosequimini,
1641 2793 1696 2838 et
1720 2783 1860 2836 hanc
1878 2783 2137 2852 religiosa:

561 2875 909 2928 confessionis
944 2874 1100 2928 ﬁdem
1135 2875 1203 2928 de
1237 2875 1370 2928 Filio
1398 2875 1680 2937 statuistis,
1717 2875 1882 2928 Deum
1912 2889 2032 2929 eum
2061 2874 2141 2927 di-

563 2979 744 3020 centes
775 2983 840 3020 ex
875 2966 1008 3032 Deo,
1043 2968 1218 3021 lumen
1257 2984 1320 3021 ex
1353 2968 1572 3022 lumine.
1606 2968 1721 3022 Jatn
1761 2967 1847 3021 hic
1890 2967 2135 3034 Pltotino,

563 3062 649 3127 qui
686 3075 748 3113 ex
799 3059 1042 3113 humauze
1083 3061 1448 3127 generationis
1490 3070 1676 3113 natura
1721 3060 1928 3114 initium
1958 3060 2140 3112 tribuit

2237 1867 2559 1932 suppeditat.
2585 1870 2689 1921 Aut
2711 1871 2948 1922 concede
2971 1871 3094 1922 mihi
3119 1885 3185 1923 ex
3207 1872 3658 1938 consequentibus
3685 1887 3811 1938 pro-

2242 1957 2373 2009 bare
2411 1957 2747 2024 ltomousion,
2771 1958 2823 2012 id
2858 1969 2941 2012 est
2965 1960 3120 2012 unius
3151 1961 3461 2014 substantia:
3490 1962 3686 2014 ﬁdem:
3717 1973 3810 2013 aut

2240 2050 2284 2101 si
2307 2051 2606 2104 concedere
2629 2052 2866 2105 nolueris
2893 2053 3128 2120 neganda
3151 2063 3274 2106 sunt
3299 2053 3395 2106 ti-‘bi
3426 2055 3668 2105 universa
3693 2071 3760 2120 qu
3781 2071 3810 2104 ιε

2240 2141 2353 2208 ipse
2382 2141 2607 2206 fa'erls;
2647 2143 2768 2212 quia
2795 2158 2859 2196 ea
2888 2144 3031 2196 unde
3073 2145 3237 2212 positi
3271 2144 3511 2198 invenire
3549 2160 3807 2212 nusquam

2239 2232 2423 2298 utique
2462 2233 2679 2299 poteris.

2306 2325 2412 2392 97
2463 2323 2598 2379 XIV.
2653 2324 2852 2378 Ptolms
2890 2329 3056 2396 judea:
3102 2329 3232 2381 dixit
3275 2343 3294 2380 :
3330 2327 3386 2383 Si
3434 2329 3811 2382 ecciesiaS‘ica:

2239 2416 2645 2470 consuetudinis
2688 2433 2804 2471 mos
2840 2429 2918 2470 est
2953 2427 3008 2470 ut
3035 2419 3208 2486 aliqua
3238 2419 3521 2473 verborum
3556 2420 3810 2472 vocabula

2239 2505 2308 2559 ob
2333 2509 2658 2562 coercendos
2686 2509 3054 2563 hzereticotum
3079 2520 3252 2563 motus
3275 2511 3327 2562 in
3354 2510 3474 2564 lidei
3493 2513 3811 2564 auctoritate

2237 2600 2381 2652 ntttle
2410 2611 2693 2668 ponantur,
2721 2617 2840 2670 qua:
2869 2613 3045 2655 tamen
3084 2606 3289 2656 ratione
3319 2618 3388 2657 ex
3430 2603 3809 2674 consequentia

2240 2704 2414 2743 rerum
2463 2692 2809 2746 existentiunt
2855 2693 3184 2756 vestiantur;
3217 2694 3340 2746 dum
3371 2709 3560 2747 eorum
3593 2695 3809 2759 veritas,

2235 2795 2304 2835 ex
2347 2796 2452 2850 qua
2503 2781 2760 2851 originem
2809 2794 3047 2850 sumunt,
3087 2786 3282 2839 divinis
3320 2787 3579 2842 contineri
3623 2788 3812 2842 litteris

2239 2876 2539 2940 invenitur;
2572 2877 2695 2946 quid
2737 2877 2890 2944 dicis,
2924 2879 3049 2932 ΑΓΗ
3077 2877 3341 2934 Concedis
3367 2882 3680 2935 ltomousion
3718 2881 3811 2948 (si-

2241 2975 2331 3020 cut
2358 2967 2685 3022 Athanasius
2712 2967 2863 3038 dicit)
2892 2971 2957 3022 de
2991 2970 3186 3024 divinis
3228 2971 3516 3039 Scriptor-is
3552 2987 3650 3040 per
3683 2988 3813 3026 con-

2239 3058 2515 3111 venientes
2542 3057 2930 3125 professionum
2965 3060 3249 3127 qualitates
3274 3063 3512 3128 probari,
3543 3078 3608 3115 an
3639 3063 3777 3116 non?

567 3149 729 3212 Filio,
769 3159 961 3218 quanta
1007 3149 1369 3202 calumniandi
1417 3149 1627 3204 Occasio
1679 3159 1884 3214 pateat,
1920 3149 2033 3217 ipse
2062 3159 2134 3214 tu,
2167 3151 2214 3212 α
2316 3148 2469 3200 Arius
2503 3148 2630 3199 dixit
2652 3162 2672 3200 :
2697 3148 2797 3202 Iste
2827 3151 3006 3203 nescio
3033 3164 3135 3219 qua
3167 3152 3506 3220 syllogisticze
3532 3153 3659 3206 artis
3691 3169 3812 3208 ver-

565 3259 766 3312 quavso,
794 3246 999 3298 metire.
1025 3243 1131 3294 Cur
1157 3244 1297 3296 enim
1332 3257 1436 3295 non
1465 3243 1665 3296 similes
1689 3245 2140 3310 querimoniarum

567 3351 756 3391 causas
795 3336 1062 3388 intentat?
1096 3335 1204 3388 Cur
1249 3350 1352 3387 non
1397 3335 1556 3387 simili
1610 3335 1994 3388 vociferatione
2030 3337 2143 3400 ipse

571 3442 785 3495 quoque
814 3426 1063 3490 insaniat,
1096 3425 1308 3479 dicens:
1343 3424 1478 3491 Quid
1506 3424 1703 3490 dicitis,
1723 3425 1851 3493 quid
1885 3425 2140 3488 statuitis,

570 3521 691 3588 ψιιά
721 3519 1047 3585 sequendum
1076 3531 1254 3573 vestro
1275 3517 1476 3586 judicio
1504 3517 1735 3586 posteris
1763 3512 1991 3580 traditis,
2015 3533 2144 3570 con-

571 3611 770 3664 ﬁtendo
795 3611 984 3665 Filium
1004 3609 1168 3664 Deum
1195 3626 1258 3663 ex
1277 3610 1408 3674 Deo,
1425 3610 1601 3662 lumen
1620 3624 1688 3663 ex
1707 3609 1940 3662 lumine?
1962 3611 2145 3662 Osten-

571 3703 680 3755 dite
705 3701 831 3755 inibi
859 3708 1033 3755 utrutn
1054 3701 1106 3754 in
1129 3717 1188 3753 ea
1215 3700 1333 3753 lidei
1353 3700 1548 3762 Il'orma,
1579 3699 1629 3752 id
1654 3708 1735 3753 est
1759 3699 1810 3751 in
1836 3697 2144 3751 authentico

573 3794 821 3863 symbolo
864 3792 1004 3861 quod
1051 3792 1277 3860 apostoli
1331 3791 1697 3854 tradiderunt,
1743 3791 1849 3844 hoc
1887 3791 2142 3855 :criptum

574 3884 851 3952 lt-geritis?
872 3883 976 3938 Sed
999 3893 1282 3938 contentus
1309 3883 1572 3952 sum,96
1592 3891 1648 3936 ut
1671 3881 1739 3936 ibi
1761 3882 2014 3949 scriptum
2041 3898 2142 3934 non

578 3978 756 4041 fuerit,
790 3976 980 4030 saltem
1012 3975 1140 4030 mihi
1170 3975 1237 4030 de
1269 3977 1543 4044 prophetis
1573 3974 1799 4041 legatur,
1832 3973 1897 4026 de
1929 3981 2144 4041 aposto-

579 4067 748 4120 lorum
808 4067 996 4120 litteris
1034 4069 1361 4120 ostendatur.
1406 4066 1536 4132 Quis
1587 4064 1682 4118 has
1721 4079 1910 4118 vocum
1953 4066 2146 4117 toleret

580 4159 870 4212 novitates?
897 4159 1026 4224 Quis
1055 4159 1156 4213 hoc
1185 4160 1296 4212 suis
1318 4157 1596 4211 admittere
1624 4156 1868 4212 sensibus
1895 4157 2144 4225 patiatur,

577 4250 716 4315 quod
741 4265 804 4302 ne
827 4262 910 4316 rue
942 4249 1215 4318 preplteta:
1246 4263 1418 4318 neque
1445 4247 1668 4316 apostoli
1697 4247 2027 4301 tradidtrnnt
2054 4248 2076 4300 ἲ

653 4340 787 4393 ΧΙΙΙ.
817 4341 942 4394 item
978 4341 1205 4394 similem
1236 4339 1378 4394 Patri
1412 4339 1600 4394 Filium
1629 4340 1809 4394 multis
1834 4351 1882 4394 et
1915 4342 2150 4395 Celeber-

579 4433 726 4486 rimis
753 4431 1096 4485 conciliorum
1129 4444 1425 4486 vestrorum
1463 4433 1691 4487 decretis
1731 4433 2010 4486 statuistis.
2043 4435 2146 4487 Ex-

2241 3242 2381 3295 sutia
2413 3241 2766 3308 objectionem
2813 3257 2984 3296 meam
3011 3253 3234 3297 conatur
3259 3244 3496 3298 cludere.
3533 3245 3644 3313 Ego
3670 3246 3811 3300 enim

2241 3332 2345 3384 hoc
2375 3330 2502 3382 milii
2527 3331 2736 3383 ostendi
2765 3331 3044 3397 desidero,
3079 3343 3254 3386 utrum
3287 3335 3607 3389 ltomonsion
3641 3337 3813 3389 donti-

2241 3422 2378 3476 nicze
2418 3421 2488 3475 sit
2529 3421 2778 3477 lectionis
2816 3425 3131 3479 auctoritate
3174 3441 3273 3479 con
3305 3426 3555 3493 ctiptum.
3596 3427 3664 3480 Et
3689 3428 3814 3480 ideo

2241 3521 2334 3566 aut
2370 3514 2588 3583 prOprie
2631 3515 2857 3582 posit-nm
2903 3515 3064 3583 legat,
3104 3528 3194 3570 aut
3229 3518 3297 3570 ab
3335 3533 3453 3586 e,us
3481 3518 3816 3574 confessoris

2239 3605 2476 3660 recedat.

2319 3696 2518 3749 Probus
2549 3699 2716 3769 judea:
2753 3698 2881 3752 dixit
2913 3716 2930 3752 :
2959 3701 3062 3754 Sed
3106 3701 3253 3757 vides
3285 3704 3729 3770 quemadmodum
3763 3707 3812 3758 in

2247 3797 2300 3843 te
2329 3797 2470 3842 tuam
2495 3790 2694 3844 referat
2723 3794 3092 3860 quaestionem,
3119 3802 3171 3846 et
3197 3794 3387 3848 iisdem
3413 3803 3464 3848 te
3485 3795 3675 3864 quibus
3700 3807 3815 3848 ute-

2247 3879 2321 3934 ris
2370 3884 2700 3950 constringat
2745 3883 3001 3948 articulis,
3051 3885 3400 3954 professionis
3446 3895 3549 3939 tua:
3595 3889 3818 3941 manife-

2241 3971 2433 4035 stiote,
2467 3981 2524 4024 ut
2553 3970 2664 4039 ipse
2698 3973 2887 4040 exigis,
2915 3973 3254 4035 documento,
3285 3985 3342 4028 ut
3375 3975 3420 4028 ei
3453 3975 3518 4029 de
3547 3976 3818 4030 canonicis

2249 4063 2442 4119 litteris
2469 4067 2609 4120 unde
2637 4068 2863 4134 positum
2901 4069 3150 4120 ostendas
3183 4069 3567 4132 innascihilem,
3599 4079 3689 4121 aut
3717 4070 3820 4121 int-

2249 4157 2556 4224 passibilem
2587 4157 2817 4223 Patrem,
2852 4169 2943 4213 aut
2973 4161 3132 4212 Deum
3165 4177 3227 4213 ex
3263 4161 3388 4227 Deo,
3430 4173 3518 4212 aut
3545 4163 3724 4215 lumen
3755 4179 3819 4216 ex

2254 4249 2472 4315 lutn'ne,
2504 4261 2594 4303 aut
2623 4251 2762 4304 Patri
2797 4252 2986 4306 Filium
3017 4253 3246 4308 similem
3286 4256 3437 4308 esse?
3463 4255 3590 4320 Quze
3613 4258 3816 4322 omnia,

2251 4342 2293 4396 si
2329 4343 2542 4410 proprie
2586 4343 2754 4411 posita
2800 4345 3013 4398 minime
3046 4346 3412 4400 demonstrare
3443 4349 3692 4410 valueris,
3729 4363 3822 4400 ne-

2251 4434 2406 4498 gandi
2443 4434 2536 4486 tibi
2574 4435 2861 4489 necessitas
2899 4436 3215 4490 imminebit.
3245 4436 3338 4490 Ctti
3382 4437 3670 4491 discrimini
3711 4440 3820 4502 illa,

581 4534 760 4592 surgat
795 4536 933 4576 nunc
964 4524 1272 4586 Eunomius,
1297 4524 1384 4591 qui
1422 4523 1732 4577 dissimilem
1760 4525 2064 4590 conﬁtetur,
2098 4537 2149 4579 et
2181 4511 2228 4569 1)
2259 4533 2314 4575 ut
2337 4523 2464 4576 mihi
2488 4525 2717 4589 videtur,
2747 4529 2856 4578 sola
2883 4529 3075 4593 poterit
3113 4529 3247 4579 ratio
3279 4529 3580 4591 subvenire,
3619 4538 3670 4580 ut
3695 4545 3823 4581 con-

579 4617 758 4668 dit-at:
815 4613 911 4669 Ubi
956 4616 1059 4668 ltoc
1109 4613 1356 4681 legistis?
1394 4614 1478 4667 ubi
1531 4614 1782 4682 scriptum
1831 4615 2149 4682 reperistis?

581 4721 833 4761 utrumne
879 4707 1036 4760 Pater
1076 4723 1141 4759 an
1189 4706 1353 4760 Filius
1385 4705 1482 4759 hac
1511 4706 1577 4760 de
1609 4721 1668 4759 se
1700 4721 1827 4760 usus
1863 4717 1946 4761 est
1980 4709 2147 4762 \oce?

584 4799 724 4868 Ergo
746 4808 823 4862 tu,
855 4799 968 4861 Ari,
1002 4800 1089 4866 qui
1124 4814 1207 4854 me
1244 4799 1401 4852 hodie
1437 4798 1528 4850 tali
1556 4800 1875 4868 constringis
1900 4801 2144 4865 articulo,

584 4903 639 4944 ut
667 4893 981 4946 hotnousion
1015 4893 1227 4961 proprie
1272 4891 1501 4960 positum
1537 4893 1836 4954 ostendam,
1863 4900 1952 4944 aut
1985 4893 2148 4946 fatere

583 4995 768 5036 contra
817 4984 1108 5037 insolentes
1147 4993 1198 5037 et
1241 4984 1458 5035 furtivas
1491 4982 1753 5036 litereticuz
1784 4982 2148 5052 intelligentiae

582 5078 892 5146 pravitates,
921 5075 1162 5144 qumdam
1192 5075 1544 5129 confessionis
1573 5077 1782 5127 nomina
1817 5090 1918 5127 non
1951 5086 2150 5129 temere

584 5180 927 5239 prazsumpta,
954 5168 1046 5222 sed
1073 5184 1137 5221 ex
1161 5167 1508 5236 censequeuti
1534 5168 1740 5220 ratione
1760 5168 2001 5230 collecta,
2029 5167 2148 5220 lidei

583 5263 990 5315 auctoritatibus
1013 5260 1176 5314 fuisse
1207 5261 1431 5313 inserta:
1464 5263 1530 5311 ita
1555 5272 1608 5310 ut
1635 5267 1712 5310 tot
1742 5273 1999 5311 novorum
2034 5273 2152 5312 ver-

585 5353 770 5406 borum
811 5353 1056 5420 religioso
1097 5351 1366 5404 intellectu
1407 5351 1712 5402 cxsﬁterint
1751 5350 2146 5412 absolutiones.

583 5460 709 5516 quot
743 5448 933 5500 fuerint
962 5448 1198 5514 quzesitze
1233 5445 1311 5498 vel
1345 5444 1758 5498 subministrabo
1794 5444 2028 5512 pcrﬁdie
2058 5460 2150 5498 oc-

585 5540 961 5595 Ca‘lOltf‘SoAlll
985 5541 1026 5593 si
1053 5540 1102 5592 id
1125 5538 1274 5591 fateri
1299 5536 1555 5602 nolueris,
1577 5538 1680 5589 tuis
1703 5546 1873 5591 tecum
1903 5537 2152 5606 objecto-

587 5633 741 5685 ntbus
765 5629 1180 5700 .-g:ttn.Ostende
1204 5627 1327 5682 milii
1361 5643 1466 5682 non
1490 5643 1557 5682 ex
1586 5628 1928 5696 coniecturis,
1958 5643 2063 5681 non
2087 5643 2147 5681 ex

2257 4615 2462 4668 cedatis
2508 4615 2656 4668 vobis
2699 4631 2761 4669 ea
2800 4631 2916 4684 qua:
2958 4617 3008 4668 in
3048 4616 3285 4669 conciliis
3309 4618 3498 4669 vestris
3536 4618 3673 4671 unde
3702 4628 3825 4671 sunt

2258 4707 2445 4775 posita,
2471 4707 2536 4760 de
2565 4707 2956 4774 Scripturarum
2986 4706 3216 4761 fontibus
3242 4722 3540 4763 emanasse.
3568 4708 3696 4763 Nam
3724 4709 3826 4764 hoc

2256 4797 2617 4851 Contentionis
2648 4797 2774 4850 vitio
2810 4797 2893 4862 tlel
2918 4797 3172 4862 tttabitur,
3203 4807 3259 4850 ut
3286 4797 3663 4853 documentum
3693 4801 3823 4853 nudi

2256 4891 2523 4944 sermonis
2569 4891 2771 4959 exigas,
2819 4892 2970 4957 cu,‘us
3015 4891 3134 4944 ﬁdei
3183 4907 3397 4945 sensum
3443 4891 3496 4944 in
3536 4893 3828 4960 Scripturis

2254 4985 2521 5052 copiosius
2563 4985 2777 5038 noveris
2816 4984 3132 5038 redundare.
3167 4985 3394 5038 Sensum
3434 4983 3594 5053 igitur
3624 5000 3823 5052 quare,

2255 5075 2394 5130 unde
2430 5075 2672 5129 vocabuli
2713 5075 2866 5146 hujus
2894 5086 3077 5130 natura
3110 5076 3272 5129 traxit
3299 5075 3556 5145 originem
3585 5095 3595 5129 :
3620 5088 3673 5130 et
3704 5092 3825 5128 cum

2255 5184 2468 5223 sensum
2513 5170 2797 5235 inveneris,
2843 5184 3036 5223 nomen
3089 5179 3138 5224 te
3181 5169 3378 5238 pariter
3419 5169 3684 5223 iuveniSse
3720 5186 3827 5222 non

2255 5258 2485 5313 dubites.

2329 5349 2443 5405 XV.
2486 5351 2794 5403 Athanasius
2839 5350 2967 5403 dixit
3004 5367 3022 5404 :
3052 5349 3483 5417 Quantiscunque
3531 5348 3830 5404 rationibus

2257 5452 2394 5512 agat,
2429 5443 2724 5495 nullatenus
2757 5451 2928 5503 potest
2964 5442 3030 5495 ab
3076 5444 3172 5496 hac
3217 5441 3512 5495 intentione
3544 5442 3825 5494 removeri.

2258 5535 2414 5589 Novit
2455 5536 2596 5588 enim
2641 5534 2960 5598 certissime,
3004 5534 3122 5603 quia
3169 5535 3210 5586 si
3259 5533 3325 5588 ad
3368 5535 3469 5588 hoc
3505 5532 3827 5586 desccmunt

2261 5626 2439 5691 fuerit,
2471 5637 2525 5679 ut
2565 5642 2627 5679 ex
2661 5627 3037 5696 consequentia
3084 5626 3477 5694 Scripturarum
3519 5641 3674 5678 unum
3707 5640 3832 5678 esse
