4040 6184
298 258 401 311 “iii

1311 252 1583 308 (IONTRA
1631 251 1922 308 ARIANOS
1965 250 2326 306 Dl.\LOGlLS.
2371 249 2496 305 LIB.
2541 251 2605 305 Il.

3463 261 3567 319 166

296 371 480 425 Patris
523 379 577 424 et
629 369 746 422 Filii
804 369 1157 423 substantiam
1201 369 1364 438 (quod
1407 379 1488 422 cst
1545 369 1890 436 liomousion)
1919 373 1966 429 Α
1997 375 2051 420 et
2099 367 2310 435 praprie
2358 365 2558 436 positas
2602 365 2734 436 lege.
2785 365 2840 423 Si
2889 368 3031 422 enim
3083 370 3204 424 ideo
3252 374 3566 430 ltomousion

295 467 581 526 doceatur,
625 461 884 516 facillime
917 476 974 516 se
1011 475 1172 531 posse
1213 460 1451 529 superari
1486 478 1498 513 :
1531 469 1586 515 et
1613 460 1732 514 ideo
1754 461 1890 514 diffi-

295 555 499 608 dentize
530 568 594 607 ac
620 554 830 606 timoris
860 552 1097 620 periculo
1130 561 1300 616 actus,
1330 551 1457 606 nudi
1501 551 1769 605 sermonis
1799 551 1893 604 lla-

298 647 438 714 gitat
454 646 863 698 documentum.
894 644 998 699 Sed
1031 644 1141 698 suis
1157 652 1240 699 est
1261 644 1450 698 iterum
1476 643 1894 712 professionibus

303 735 783 803 constringet-dus.
821 735 1008 804 Exigis
1039 749 1067 787 a
1100 749 1186 789 me
1214 743 1268 788 ut
1295 749 1454 787 unam
1492 734 1662 788 Patris
1692 745 1742 788 et
1774 734 1892 788 Filii

301 826 664 879 substantiam
683 826 792 895 98
818 825 893 896 (id
922 835 1002 879 est
1032 825 1400 893 ltomousion).
1437 826 1694 891 scriptum
1718 835 1897 878 osten-

303 915 456 969 dam.
475 916 556 970 Tu
573 925 750 970 utem
777 924 888 971 tres
909 917 1072 980 usias,
1092 916 1143 970 id
1170 925 1247 969 est
1272 925 1377 968 tres
1400 917 1746 980 substantias,
1765 931 1895 970 con—

306 1009 501 1062 fueris.
528 1007 766 1062 Ostende
798 1007 957 1076 igitur
993 1008 1121 1061 milii
1155 1008 1244 1060 ubi
1286 1007 1455 1076 legisti
1492 1017 1598 1061 tres
1643 1009 1804 1063 usias.
1840 1008 1894 1063 Si

309 1101 457 1153 enim
483 1115 586 1168 ego
611 1115 773 1153 unum
807 1101 933 1170 (hoc
957 1109 1038 1155 est
1063 1099 1404 1168 bomuusion)
1434 1101 1554 1153 ideo
1590 1115 1782 1170 negare
1806 1101 1898 1153 deo

309 1196 436 1256 beo,
467 1195 595 1262 quia
629 1193 729 1246 hoc
757 1193 896 1247 unde
931 1194 1187 1260 scriptum
1219 1208 1322 1246 non
1358 1195 1610 1248 invenio:
1637 1205 1688 1246 tu
1713 1210 1896 1263 quem-

309 1287 603 1340 admodum
635 1287 802 1340 audes
839 1295 950 1340 tres
988 1288 1134 1340 usias
1174 1285 1441 1349 confiteri,
1471 1301 1588 1340 cum
1631 1287 1730 1340 hoc
1760 1286 1898 1339 scri-

311 1387 463 1445 ptum
499 1390 764 1445 nusquam
797 1376 997 1444 poteris
1026 1376 1431 1429 demonstrare?

386 1466 592 1519 Probus
631 1467 800 1536 judez
839 1467 969 1518 dixit
1001 1481 1019 1519 :
1046 1466 1100 1520 Si
1133 1477 1302 1520 esstat
1343 1465 1556 1533 aliquod
1601 1479 1664 1518 ex
1708 1465 1899 1518 divinis

315 1557 730 1611 auctoritatibus
769 1557 1183 1619 documentum,
1234 1557 1448 1626 proprie
1497 1565 1550 1609 et
1596 1556 1901 1624 specialiter

318 1648 574 1712 po~itutn,
609 1661 715 1715 quo
741 1648 1066 1714 approbetur
1095 1647 1281 1709 Patris,
1321 1656 1375 1700 et
1405 1645 1552 1713 Fili,
1585 1656 1638 1700 et
1667 1647 1900 1716 Spiritus

1995 475 2191 528 negare
2228 460 2420 524 debeo,
2465 461 2587 528 quia
2641 462 2741 514 huc
2788 462 3044 529 scriptum
3091 463 3230 519 unde
3272 475 3570 520 monstrare

1998 565 2101 602 non
2131 551 2309 615 valeo,
2345 551 2649 605 necessario
2693 553 2916 607 triusion
2964 564 3088 607 tunc
3120 553 3270 610 fateri
3298 555 3488 617 debeo,
3519 560 3563 613 si

1998 645 2210 712 proiirie
2239 644 2464 710 positum
2491 654 2540 697 te
2568 644 2882 699 ostendente
2905 659 3232 714 tognovero.

2067 735 2176 804 99
2204 731 2340 786 XVI.
2379 735 2529 787 Arius
2561 736 2689 788 dixit
2716 750 2737 789 :
2767 735 3018 790 Subsistit
3055 739 3268 807 proprie
3296 738 3472 802 Pater,
3501 757 3570 798 an

2000 826 2144 877 non?

2071 916 2380 971 Athanasius
2425 918 2603 972 dixit:
2634 917 2740 971 Nisi
2783 927 2891 972 tres
2931 919 3074 972 usias
3123 921 3334 987 proprie
3371 923 3572 991 positas

2000 1006 2212 1073 legeris,
2245 1010 2448 1062 nullum
2485 1011 2587 1062 tuis
2620 1010 3124 1079 interrogationibus
3168 1011 3304 1064 dabo
3353 1027 3572 1083 respon-

1999 1110 2138 1150 siim.
2171 1098 2300 1162 Quis
2328 1099 2470 1152 enim
2503 1113 2609 1152 non
2638 1099 2813 1152 videat
2839 1115 2945 1167 quo
2971 1110 3058 1152 tua
3093 1101 3273 1154 tendat
3311 1104 3574 1169 objectio?

2002 1188 2092 1241 Vis
2115 1191 2256 1243 eulm
2285 1201 2600 1258 argumento
2634 1192 2842 1246 callidae
2878 1193 3310 1262 interrogationis
3337 1196 3575 1249 diversas

1999 1283 2296 1349 approbare
2335 1282 2504 1335 Putris
2538 1294 2589 1337 et
2632 1283 2748 1338 Filii
2791 1283 3115 1338 substantias
3143 1303 3154 1336 :
3184 1287 3276 1340 sed
3311 1286 3394 1339 liic
3422 1301 3575 1356 argu-

2001 1372 2194 1423 mentis
2235 1386 2339 1424 non
2383 1386 2516 1439 opus
2558 1382 2662 1437 est,
2704 1374 2792 1426 ubi
2841 1373 3202 1428 manifestiora
3237 1377 3576 1443 proprietatis

2003 1461 2308 1515 testimonio
2353 1463 2511 1515 trium
2560 1463 2974 1517 substantiarum
3019 1465 3248 1532 exigitur
3291 1465 3576 1520 documen-

2005 1562 2134 1606 tum.
2172 1553 2275 1608 Sed
2311 1555 2354 1607 si
2387 1569 2415 1608 a
2449 1553 2774 1624 proprietate
2811 1556 3240 1610 testimoniorum
3285 1557 3348 1609 ad
3399 1574 3574 1612 rerum

2004 1647 2437 1714 consetpemiam
2467 1648 2694 1702 transire
2715 1648 3008 1713 desideras,
3034 1648 3131 1701 huc
3154 1648 3325 1716 ipsum
3351 1650 3574 1718 publica:

317 1737 489 1790 sancti
534 1745 644 1791 tres
691 1737 855 1801 usias,
898 1745 1113 1805 tresque
1151 1736 1233 1806 (ut
1276 1736 1478 1807 fateris)
1513 1749 1631 1792 esse
1663 1746 1896 1801 naturas,
1937 1739 1977 1797 Β
2005 1738 2350 1791 conscientiae
2395 1738 2715 1805 innotescat,
2761 1755 2868 1792 non
2907 1750 2958 1792 te
3004 1740 3240 1807 potuisse
3285 1752 3394 1794 tres
3436 1743 3576 1795 usias

317 1829 625 1895 proferatur
672 1845 684 1880 :
729 1843 834 1898 quo
889 1829 1056 1896 possit
1107 1827 1430 1882 Athanasiu:
1480 1843 1508 1881 a
1559 1828 1900 1883 confessione

320 1920 475 1972 unius
512 1919 831 1973 substantiae
870 1918 1032 1987 (quod
1081 1927 1164 1972 est
1209 1919 1554 1989 ltonionsion)
1608 1919 1899 1973 declinare.

321 2010 448 2062 Cum
493 2012 640 2064 enim
688 2011 910 2064 triusion
967 2011 1178 2079 proprie
1230 2011 1281 2064 in
1336 2011 1627 2080 Scripturis
1675 2012 1902 2079 positum

321 2103 642 2166 i'stenderis,
667 2103 943 2172 apparebit
963 2102 1310 2156 Athanasium
1346 2104 1645 2158 temeritate
1676 2105 1906 2171 pertina-

321 2194 556 2247 cissimm
585 2194 968 2248 obstinationis
1011 2194 1060 2247 in
1107 2193 1368 2248 bomuusii
1414 2194 1750 2248 cunfessiooe
1783 2195 1906 2248 bac-

322 2293 477 2338 tenus
514 2287 858 2351 perdurasse,
901 2285 1040 2354 quod
1077 2286 1290 2354 proprie
1331 2286 1559 2354 positum
1592 2302 1696 2340 non
1735 2287 1908 2354 potuit

324 2375 713 2430 demonstrare.
745 2377 801 2429 Si
829 2389 960 2430 vero
990 2391 1087 2430 nec
1119 2385 1172 2428 tu
1207 2378 1320 2446 ipse
1357 2385 1464 2430 tres
1495 2378 1635 2431 usias
1676 2378 1904 2432 demou-

326 2478 496 2519 strare
544 2467 812 2532 valueris,
870 2468 980 2535 pari
1036 2467 1161 2521 mihi
1213 2469 1535 2523 conditionis
1588 2471 1908 2524 necessitate

327 2558 583 2611 astrictus
609 2572 730 2611 esse
757 2557 1042 2613 videberis.

396 2649 713 2701 Athanasius
736 2649 865 2701 dixit
892 2663 909 2701 :
940 2650 1135 2703 Doceat
1156 2658 1261 2706 tres
1284 2652 1427 2705 usias
1453 2651 1664 2720 proprie
1689 2653 1908 2719 positas,

329 2745 384 2789 ct
433 2738 570 2790 facio
617 2739 772 2792 unius
803 2739 1138 2808 substantiae,
1171 2757 1287 2810 qua:
1314 2754 1394 2796 est
1421 2742 1761 2811 homousion,
1792 2759 1908 2797 ces-

327 2829 556 2881 sionem.

399 2921 555 2973 Arius
585 2921 715 2974 dixit
745 2936 768 2976 :
794 2921 849 2977 Si
880 2931 990 2978 tres
1023 2934 1146 2977 sunt
1169 2923 1347 2990 Pater,
1372 2933 1421 2978 et
1449 2923 1635 2988 Filius,
1661 2932 1716 2978 et
1741 2924 1912 2993 Spiri-

331 3019 413 3063 tus
459 3023 700 3077 sanctus,
744 3015 1046 3068 necessario
1086 3023 1195 3070 tres
1239 3024 1362 3068 sunt
1401 3025 1455 3069 et
1495 3017 1826 3076 substantite.
1857 3017 1909 3070 in

2007 1828 2224 1895 proprie
2251 1827 2449 1897 positas
2470 1829 2857 1884 demonstrare.
2887 1829 3090 1884 Etcum
3123 1847 3217 1885 nos
3246 1836 3454 1902 utrique
3478 1833 3576 1887 hoc

2005 1918 2230 1972 articulo
2271 1918 2613 1982 solverimus,
2643 1920 3034 1988 objectionihus
3078 1923 3158 1976 vel
3207 1925 3576 1994 interrogatio-

2008 2009 2159 2061 nibus
2187 2009 2292 2062 tuis
2325 2009 2648 2063 satisfaciam
2678 2025 2895 2064 necesse
2923 2018 3024 2064 est.

2081 2099 2280 2154 Probus
2311 2102 2464 2168 iudex
2491 2103 2620 2156 dixit
2648 2119 2664 2155 :
2689 2103 2955 2168 Quantum
2989 2114 3181 2158 vestra:
3206 2105 3580 2174 disiiutationis

2010 2191 2233 2246 intentio
2263 2201 2545 2258 monstrat,
2577 2209 2673 2247 nec
2701 2203 2755 2247 ιιι
2786 2194 3124 2258 homousion,
3177 2211 3273 2249 nec
3311 2206 3408 2250 iste
3451 2200 3580 2251 trino

2010 2286 2127 2337 sion
2156 2287 2368 2354 proprie
2397 2297 2451 2341 et
2480 2286 2780 2355 specialiter
2807 2288 3034 2354 positum
3063 2289 3247 2342 valetis
3272 2290 3575 2344 05teudere.

2015 2376 2162 2430 linle
2211 2393 2277 2430 ne
2326 2379 2513 2446 puerili
2557 2382 2954 2434 concertatiOne
3000 2380 3049 2432 in
3098 2381 3255 2434 rebus
3300 2383 3582 2447 superfluis

2011 2465 2209 2518 diutius
2236 2469 2610 2531 inunorcmini,
2636 2470 2702 2521 ab
2730 2469 2826 2521 hac
2851 2471 2962 2536 puri
2981 2472 3256 2523 exactioiie
3277 2471 3581 2525 documenti

2013 2555 2226 2610 tandem
2271 2561 2480 2627 utrique
2510 2559 2778 2614 desinite:
2805 2567 2860 2612 et
2894 2575 2960 2612 ex
3006 2565 3346 2629 consequenti
3381 2565 3584 2617 ratione

2012 2655 2102 2697 aut
2137 2645 2446 2699 liomousion
2477 2657 2563 2700 aut
2594 2649 2815 2701 triusion
2847 2649 2914 2702 de
2955 2649 3348 2716 Seripturarum
3400 2662 3582 2704 aecto-

2015 2739 2168 2791 ritare
2199 2739 2451 2807 colligite.
2476 2739 2586 2793 Non
2613 2741 2754 2794 enim
2785 2741 2861 2793 fas
2881 2739 2984 2794 erit
3004 2740 3071 2792 de
3098 2741 3328 2794 nominis
3349 2742 3586 2810 appella-

2016 2837 2158 2882 t-oue
2188 2829 2452 2897 dubitare,
2485 2845 2641 2898 quam
2676 2830 3096 2883 testimoniorum
3127 2833 3345 2898 copiosa
3383 2846 3584 2902 conge-

2014 2917 2117 2971 stio
2146 2918 2348 2972 lirmius
2380 2921 2572 2986 poterit
2601 2919 2874 2973 roborare.

2088 3009 2243 3063 Arius
2272 3011 2400 3063 dixit
2431 3025 2452 3064 :
2476 3011 2736 3076 Quoniam
2783 3012 2883 3066 hoc
2913 3021 2998 3064 tua
3027 3011 3263 3067 decrevit
3298 3016 3584 3081 sententia,

331 3104 526 3168 quibus
558 3119 890 3176 unaquteque
937 3121 1161 3174 persona
1206 3109 1490 3176 separatim
1524 3118 1577 3163 et
1605 3108 1908 3165 distinctius
1936 3105 1982 3166 C
2015 3102 2214 3158 debere
2243 3118 2339 3157 nos
2369 3103 2632 3158 rationum
2676 3103 3124 3172 persuasionibus,
3156 3120 3218 3158 ex
3253 3121 3429 3162 rerum
3460 3124 3588 3161 con-

333 3196 549 3262 proprie
581 3196 879 3252 subsistere
908 3211 1282 3266 cognoscatur.

402 3287 721 3343 Athanasius
761 3291 890 3343 dixit
923 3306 940 3344 :
972 3292 1066 3345 Hic
1111 3293 1252 3346 nulia
1296 3303 1522 3363 prosunt
1565 3303 1911 3362 argumenta,

334 3374 419 3429 bic
455 3381 658 3432 veritas
699 3396 764 3434 ex
813 3383 1157 3450 consequenti
1203 3385 1407 3437 ratione
1436 3383 1741 3452 colligitur:
1767 3385 1916 3438 testi-

337 3470 638 3522 moniorum
704 3472 1001 3537 proprietas
1057 3473 1341 3541 ﬂagitator.
1410 3474 1550 3543 Lege
1613 3473 1916 3541 specialiter

339 3560 565 3612 triusion
623 3563 875 3628 positum.
927 3561 1042 3615 Noli
1087 3564 1422 3631 conjiciendo
1459 3565 1638 3618 dicere
1672 3582 1684 3617 :
1721 3565 1774 3618 Si
1807 3573 1916 3619 tres

338 3664 413 3701 su:
442 3659 482 3716 t,
513 3651 692 3715 Pater,
717 3663 770 3705 et
811 3652 996 3718 Filius,
1015 3656 1313 3721 etS,.iritus
1341 3667 1579 3723 sanctus,
1609 3657 1918 3711 necessario

339 3752 448 3794 tres
473 3752 602 3794 sunt
629 3751 682 3796 et
707 3743 1039 3799 substantite.
1066 3747 1199 3810 Quia
1223 3755 1275 3800 et
1297 3760 1397 3816 ego
1425 3747 1584 3800 simili
1613 3747 1915 3815 conjectura

337 3847 558 3901 possum
585 3835 828 3888 veracius
851 3837 1058 3903 opinari
1084 3853 1096 3888 :
1125 3837 1181 3892 Si
1210 3846 1371 3890 unum
1389 3847 1515 3892 sunt
1544 3838 1722 3906 Pater,
1756 3850 1802 3893 et
1836 3837 1919 3892 Fi-

339 3928 442 3980 lius
465 3927 611 3996 (quia
644 3928 758 3995 ipse
782 3928 854 3981 ait
879 3945 892 3988 :
921 3931 1029 3998 Ego
1063 3941 1115 3984 et
1147 3931 1303 3986 Pater
1336 3947 1499 3985 unum
1527 3937 1756 4000 sumus),
1783 3947 1918 4001 quo—

339 4019 500 4069 modo
532 4032 635 4070 non
667 4030 746 4071 est
776 4033 877 4071 una
910 4020 1239 4074 substantia?
1260 4022 1364 4076 Sed
1390 4023 1524 4076 hanc
1545 4022 1922 4091 disputationis

339 4109 484 4160 viam
518 4109 724 4177 ingredi
768 4110 980 4178 penitus
1008 4113 1247 4178 noluisti,
1281 4114 1405 4166 dum
1444 4126 1472 4166 a
1506 4129 1591 4167 me
1617 4113 1921 4181 speciali:cr

338 4201 570 4264 positum
617 4199 956 4269 (ltomousion
994 4203 1434 4273 demonstrando)
1474 4206 1640 4273 exigis
1679 4206 1918 4258 testimos

338 4291 508 4343 nium.
543 4290 716 4345 Simili
742 4307 868 4360 ergo
899 4303 951 4347 et
979 4303 1031 4347 tu
1064 4301 1288 4359 ratione,
1315 4306 1422 4350 tres
1447 4297 1590 4350 usias
1618 4297 1915 4365 Specizilitcr
1952 4311 1998 4368 ι)

2019 3196 2353 3264 sequentium
2393 3195 2588 3260 causis,
2622 3195 2992 3264 praedictorum
3043 3197 3316 3251 nominum
3366 3201 3589 3253 virtutes

2019 3284 2295 3354 colligere,
2339 3299 2408 3340 ne
2446 3286 2496 3338 id
2540 3286 2832 3338 Athanasio
2869 3286 3124 3350 videatur,
3159 3286 3474 3342 difficu'tate
3498 3292 3590 3341 de-

2021 3378 2384 3432 monstranda-
2415 3377 2652 3431 veritatis
2683 3377 2806 3430 uadi
2849 3391 2933 3430 me
2978 3378 3214 3432 vocabuli
3252 3381 3591 3448 proprietatis

2023 3470 2340 3522 documenta
2372 3467 2656 3535 quzesisse;
2692 3469 2760 3520 ita
2797 3465 3010 3534 faciam,
3056 3476 3112 3520 t
3154 3468 3228 3521 tui
3274 3476 3354 3521 est
3389 3468 3591 3524 decreti

2023 3564 2285 3615 sententia
2317 3559 2730 3628 promulgatum.
2765 3557 2875 3627 Ego
2905 3559 3046 3612 enim
3077 3560 3395 3626 compendio
3423 3561 3593 3628 magis

2021 3657 2095 3707 uti
2139 3653 2402 3707 volebam.
2444 3667 2511 3706 ne
2557 3651 2763 3720 longius
2809 3650 3028 3704 rationis
3077 3651 3300 3705 intentio
3346 3659 3593 3721 evagata,

2019 3747 2281 3814 ambiguis
2308 3743 2552 3798 sensibus
2589 3742 2861 3796 veritatem
2890 3741 3254 3797 obumbraret.

2092 3837 2400 3889 Athanasius
2432 3835 2559 3889 dixit
2592 3848 2611 3888 :
2639 3833 2751 3887 Non
2797 3842 2970 3902 potest
3017 3832 3149 3888 fides
3185 3834 3369 3888 venire
3407 3834 3458 3888 in
3493 3834 3596 3897 due

2022 3926 2190 3996 bium,
2223 3942 2342 3995 quie
2373 3929 2608 3980 veritatis
2651 3924 2779 3977 fulta
2829 3924 3097 3992 praesidio,
3129 3926 3389 3980 crassiora
3435 3941 3592 3980 men-

2023 4019 2293 4071 daciorum
2338 4017 2537 4080 nubila,
2581 4015 2791 4084 fulgidae
2826 4015 3082 4069 claritatis
3122 4015 3318 4070 lumine
3344 4017 3589 4087 dissipat.

2024 4111 2137 4163 Non
2178 4111 2319 4162 enim
2367 4117 2540 4177 potest
2583 4108 2809 4175 propriis
2852 4121 3036 4161 carere
3075 4106 3292 4170 viribus,
3325 4121 3444 4176 qua:
3485 4125 3590 4165 non

2023 4211 2143 4269 eget
2169 4201 2502 4254 extrinsecus
2531 4197 2900 4266 suffragiorum
2933 4195 3267 4251 adminiculis
3291 4196 3548 4266 adjuvari.

1269 4544 1746 4652 LIBER
1817 4544 2638 4652 SECUNDUS.

421 4748 572 4818 ιω
594 4746 630 4800 ι.
664 4745 796 4801 Item
823 4747 906 4800 die
925 4747 1149 4815 sequam
1170 4745 1368 4800 Probus
1386 4748 1550 4817 judex
1571 4747 1696 4798 dixit
1722 4762 1737 4798 :
1759 4746 1908 4812 Quo-

337 4847 484 4900 niam
513 4861 606 4900 vos
641 4847 758 4901 initi
792 4845 1011 4901 foederis
1054 4858 1206 4915 pacta
1252 4846 1608 4900 indeclinabili
1655 4847 1914 4901 sententia

335 4963 558 5003 servare
585 4963 689 5003 non
721 4949 930 5012 dubito,
961 4949 1150 5018 quibus
1180 4949 1228 5002 il
1261 4948 1409 5002 vobis
1440 4947 1663 5002 invicem
1691 4961 1915 5001 cont-cs-

333 5049 477 5104 sisse
509 5049 784 5115 videmini,
816 5058 878 5103 ut
914 5049 1073 5104 unius
1117 5049 1450 5114 substantia‘,
1485 5051 1562 5103 vel
1605 5049 1762 5102 trium
1794 5047 1920 5100 sub-

330 5152 656 5206 stantiarum
689 5149 1100 5221 professionem,
1125 5166 1189 5205 ex
1215 5151 1510 5204 divinarum
1540 5148 1919 5217 consequentia

327 5254 640 5310 litterarum
682 5254 953 5308 luculento
986 5253 1361 5324 disputationis
1390 5253 1637 5307 examine
1676 5265 1922 5320 compro-

327 5357 512 5420 betts;
553 5370 750 5411 omissa
802 5357 1004 5411 scilicet
1043 5357 1360 5427 quastione,
1393 5355 1767 5409 documentum
1807 5351 1921 5420 puri

325 5457 584 5513 vocabuli
627 5467 789 5527 atque
822 5457 1032 5526 prOprie
1066 5456 1219 5524 positi
1248 5454 1530 5526 exigentis,
1564 5454 1615 5507 id
1643 5453 1752 5521 jim
1785 5465 1924 5505 nunc

331 5563 515 5632 ipsius
551 5562 737 5632 placiti
775 5562 914 5616 ratio
944 5562 1118 5630 poscit
1143 5571 1224 5628 ut,
1257 5569 1450 5616 cuncta
1493 5560 1734 5613 humanm
1773 5572 1925 5626 argu-

329 5661 686 5718 mentationis
715 5659 1060 5716 cavillatione
1091 5669 1316 5727 semota,
1338 5659 1406 5715 de
1431 5659 1597 5716 sacris
1623 5655 1920 5714 divinarum

2025 4744 2395 4798 auctoritatutn
2419 4741 2792 4805 Voluminibus,
2819 4741 3009 4807 Patris,
3027 4750 3080 4796 et
3111 4743 3246 4811 Filii,
3278 4754 3332 4800 et
3356 4746 3591 4815 Spiritus

2021 4838 2214 4901 sancti,
2245 4845 2335 4889 aut
2365 4850 2539 4898 unam,
2568 4842 2657 4887 aut
2686 4832 2924 4886 diversas
2945 4832 3177 4888 doceatis
3199 4849 3320 4890 esse
3348 4837 3598 4892 subalare-

2022 4932 2142 4982 t'as.
2175 4927 2251 4980 Ad
2282 4941 2438 4995 quam
2469 4925 2544 4978 rei
2575 4922 2960 4990 probationem,
2991 4938 3095 4976 non
3125 4933 3323 4980 tantum
3355 4926 3436 4997 (ut
3474 4929 3594 4995 opi-

2027 5020 2147 5087 nor)
2176 5032 2310 5080 mea,
2342 5015 2434 5069 sed
2465 5024 2775 5068 cunctorum
2814 5027 2952 5082 pene
2989 5016 3293 5068 mortalium
3338 5031 3490 5070 mens
3523 5019 3595 5068 ita

2027 5120 2106 5163 est
2136 5107 2360 5174 pendula
2392 5106 2788 5174 exspectatione
2817 5119 3095 5173 suspensa,
3121 5114 3178 5158 ut
3199 5105 3244 5159 si
3267 5106 3394 5160 tanti
3426 5119 3592 5173 nego-

2029 5200 2085 5252 tii
2116 5202 2300 5253 merita
2328 5207 2659 5268 paterentur,
2693 5198 2808 5251 sine
2837 5197 2993 5252 ullius
3023 5197 3127 5251 diei
3153 5196 3598 5266 comperendina-

2030 5291 2192 5350 tione,
2225 5289 2306 5344 vel
2339 5287 2562 5357 alicujus
2606 5288 2859 5341 momenti
2907 5287 3324 5356 intercapedine,
3355 5284 3421 5339 ad
3447 5299 3596 5339 sum-

2033 5397 2171 5436 mam
2194 5381 2433 5435 veritatis
2463 5389 2620 5448 atque
2641 5378 2706 5432 ad
2729 5378 2929 5433 calcem
2960 5375 3404 5432 manifesﬁss'tnm
3423 5374 3600 5429 notio-

2031 5473 2113 5526 nis
2168 5472 2436 5526 desideret
2494 5471 2792 5538 pervenire.
2852 5468 3002 5524 Unde
3063 5483 3130 5522 ne
3185 5474 3291 5520 tam
3351 5467 3601 5537 religiosa

2032 5563 2263 5617 ﬁdelium
2293 5571 2347 5618 et
2381 5563 2619 5618 veritatis
2648 5561 2835 5630 cupida
2867 5559 3148 5614 frustretur
3175 5557 3421 5622 intentio,
3454 5560 3602 5613 omni

2035 5655 2300 5710 lenocinio
2349 5653 2641 5709 luxuriosa
2685 5651 2940 5706 orationis
2979 5647 3238 5719 exploso,
3287 5649 3355 5705 de
3399 5664 3494 5716 re,
3533 5653 3609 5705 de
