4040 6184
470 264 566 317 Hii

1768 238 1993 296 Vinii."
2033 232 2397 291 T.\PSENSIS

3606 221 3706 275 168
3734 268 3739 269 ,

466 390 649 438 causa,
677 371 745 426 de
768 365 1215 438 competentibus,
1244 363 1310 415 de
1348 355 1664 413 necessariis
1686 352 1825 420 agite
1851 352 2039 411 rebus;
2072 352 2120 411 Α
2148 346 2248 399 tire
2277 344 2499 399 debeam
2526 338 2819 394 :estimabo.
2854 337 3071 403 Verum,
3101 338 3255 408 102
3283 334 3405 403 quia
3435 338 3483 389 i‘l
3526 337 3710 405 pletis-

470 485 714 531 otuuetn,
762 472 821 517 ut
865 461 1008 520 dixi,
1038 456 1318 512 verborum
1365 448 1618 503 ambitum
1644 486 1657 509 ,
1695 453 1750 497 et
1790 440 1975 512 pruCul
2008 452 2043 491 'a

470 575 632 617 causa
684 564 934 626 vagantes
988 549 1309 605 locutionum
1369 541 1650 610 phaleras,
1701 536 2045 603 leporemque

475 665 779 707 sermonum
812 645 1015 701 cautius
1044 642 1322 699 evitantes,
1357 644 1411 686 ttt
1448 629 1826 700 disputationis
1857 634 2049 679 vestra:

479 746 712 799 narratio
741 741 966 793 veritate
993 733 1162 802 magis
1195 720 1351 798 quam
1384 725 1649 781 cetburuo
1680 720 1931 775 tumentis
1962 733 2051 772 or—

477 846 633 890 ttetur
659 832 870 900 eloquii.
893 855 901 865 ο

550 922 858 979 Athanasius
897 917 1027 970 dixit
1053 931 1070 967 :
1100 913 1251 967 Licet
1278 910 1383 979 jam
1407 906 1607 962 dudum
1638 904 1829 957 crebro
1857 914 1919 953 ac
1947 915 2050 951 ειε-

480 1027 597 1081 pus
636 1012 703 1065 de
726 1009 944 1062 unitate
989 1002 1300 1058 substantia:
1331 1001 1464 1053 citra
1501 1007 1616 1049 acta
1647 989 2051 1060 disputaverittt,

478 1118 733 1173 measque
770 1096 1154 1167 disputationes
1195 1094 1395 1158 scripto
1440 1084 1824 1148 mandaveritn,
1861 1081 2056 1149 quibus

480 1214 509 1252 a
553 1168 727 1250 me-in
776 1193 872 1246 Itae
909 1187 1266 1256 disputatione
1295 1178 1491 1248 aliquid
1533 1177 1655 1231 add:
1697 1173 1930 1241 amplius
1968 1168 2056 1223 vix

485 1287 653 1359 possit
694 1302 708 1339 :
743 1296 917 1336 tamen
960 1278 1080 1348 quia
1125 1275 1239 1328 Ita:c
1286 1269 1619 1325 extrinsecus
1659 1264 1807 1318 nullo
1852 1260 2059 1316 eminus

484 1354 798 1433 adversante
823 1375 962 1425 dicta
991 1377 1135 1427 sunt.
1160 1377 1380 1419 necesse
1403 1360 1573 1413 babeo
1596 1360 1708 1410 lure
1735 1354 1918 1410 eadem
1942 1367 2061 1405 rur-

484 1487 576 1524 sus
623 1477 894 1537 repeterc,
940 1470 994 1515 et
1039 1460 1091 1511 in
1139 1457 1240 1509 boc
1288 1453 1509 1521 pultlteze
1554 1449 1778 1501 aetionis
1818 1444 2063 1499 examine

486 1532 720 1622 mittere,
749 1574 855 1629 quo
892 1553 1092 1623 possint
1121 1550 1193 1604 tui
1220 1546 1401 1615 iudicii
1432 1538 1691 1596 sententia
1722 1532 1986 1590 roborari.

2148 451 2251 503 que
2281 432 2683 500 exemplaribus
2711 431 2854 484 varie
2888 432 3113 497 positum
3144 444 3264 483 esse
3294 444 3397 481 non
3428 429 3627 493 nescio,
3658 438 3714 483 ut

2151 527 2335 582 iisdem
2367 525 2499 579 locis
2522 525 2712 593 quibus
2739 525 2800 576 de
2827 523 2937 587 ipso
2968 521 3183 589 legitur,
3218 522 3271 575 in
3299 521 3414 575 aliis
3444 522 3714 576 codicibus

2149 637 2211 674 ex
2232 622 2341 687 ipso
2369 620 2586 689 legatur.
2614 616 2718 672 Sed
2743 626 2916 669 utrum
2942 615 3041 668 Itoc
3062 613 3511 681 interpellandum
3535 614 3716 671 fraude

2150 726 2216 766 an
2247 713 2401 764 unius
2433 710 2508 762 rei
2545 707 2934 775 signiﬁcatione
2964 706 3037 775 (id
3069 715 3150 759 est
3186 716 3240 756 ttt
3271 706 3370 759 hoc
3400 707 3467 760 sit
3493 720 3562 760 ex
3582 709 3712 777 ipso,

2153 803 2290 869 quod
2318 810 2400 856 est
2428 801 2586 854 etiam
2619 802 2679 853 de
2710 798 2843 867 ipso)
2871 796 3063 852 factum
3096 798 3186 861 sit,
3220 812 3324 850 non
3352 798 3482 851 satis
3508 799 3606 852 hoc
3628 816 3719 855 tto-

2153 903 2276 947 stra‘.
2310 893 2429 946 ﬁdei
2460 891 2671 958 aliquod
2705 899 2874 958 potest
2907 888 3096 942 afferre
3123 888 3506 956 prmjudicium.

2226 984 2312 1038 lll.
2341 983 2648 1037 Athanasius
2676 980 2807 1045 dixit
2836 996 2853 1033 :
2880 980 2934 1033 ιιι
2966 980 3063 1033 bac
3089 988 3173 1033 tua
3207 980 3576 1046 proseetttiotte
3603 982 3720 1034 diﬁ-

2155 1077 2294 1144 genti
2324 1074 2607 1127 admodmn
2640 1081 2784 1125 certa
2817 1087 2881 1125 ex
2916 1071 3082 1138 posita
3126 1076 3331 1124 ratione
3359 1072 3587 1128 adverti.
3621 1072 3721 1127 Sed

2157 1167 2298 1235 quod
2333 1175 2532 1219 tantum
2556 1164 2677 1218 ﬁdei
2710 1174 2905 1217 nostra:
2935 1164 3155 1228 dixeris,
3179 1173 3231 1217 et
3252 1180 3358 1218 non
3383 1174 3721 1234 utrorumque

2158 1256 2516 1325 dt-signaveris
2565 1271 2668 1308 nott
2718 1269 2877 1323 posse
2916 1254 3284 1323 praeiudicium
3328 1255 3380 1309 in
3430 1254 3512 1309 bis
3555 1258 3722 1311 verbis

2159 1345 2355 1409 aﬁvrri,
2400 1346 2528 1398 satis
2578 1346 2799 1397 miratus
2841 1359 2956 1397 sum
2993 1361 3005 1396 :
3036 1354 3091 1398 et
3128 1345 3358 1399 atbitror
3385 1346 3527 1413 quod
3573 1346 3721 1400 ﬁdem

2162 1445 2302 1489 tuam
2334 1436 2542 1489 munire
2568 1433 2840 1497 festinans,
2875 1435 2945 1486 ita
2979 1437 3246 1502 posueris;
3278 1450 3499 1504 sperans
3531 1452 3615 1490 tne
3638 1451 3724 1490 ex-

2162 1526 2285 1579 inde
2315 1525 2502 1580 leviter
2529 1524 2646 1578 sine
2673 1524 2848 1592 aliquo
2875 1523 3194 1578 documento
3220 1540 3378 1594 posse
3404 1528 3648 1581 transire.
3672 1530 3722 1582 ln

766 1614 828 1707 il.
874 1614 1068 1702 Probus
1088 1643 1255 1714 judex
1293 1638 1423 1691 dixit
1453 1649 1471 1688 :
1508 1632 1561 1687 Si
1594 1646 1701 1685 non
1730 1626 1925 1680 iuerint
1950 1622 2060 1723 Arii
2091 1706 2135 1728 ἢ
2164 1615 2451 1728 Evangelia
2480 1614 2978 1728 quoquf't‘leFPatre
3007 1615 3325 1728 Filiusndixit
3355 1633 3369 1669 :
3401 1617 3628 1686 Spiritus
3660 1630 3726 1673 rst

485 1705 920 1817 reid-igriouibus
950 1705 1188 1798 tenuata,
1220 1740 1346 1784 tunc
1375 1734 1556 1779 nostra
1585 1724 1834 1790 poterunt
1862 1714 2056 1769 ttrmari

2177 1706 2301 1781 Deus
2328 1705 2506 1777 (Joan.
2545 1723 2620 1771 tv,
2650 1707 2764 1776 24).
2793 1708 2855 1760 Et
2883 1716 2939 1761 ttt
2968 1723 3025 1762 se
3053 1708 3120 1762 de
3155 1708 3308 1763 Patre
3346 1717 3525 1773 natum
3558 1720 3728 1764 osten-

487 1836 776 1893 sententia.

560 1926 713 1979 Arius
755 1920 928 1974 dixit:
968 1910 1162 1982 thuid
1200 1909 1284 1962 lue
1326 1903 1569 1960 fraudum
1608 1894 1891 1954 tendiculte
1933 1905 2058 1960 pro-

490 2010 790 2085 ponuntur?
820 2006 1013 2072 thttid
1056 2003 1107 2055 in
1152 1995 1448 2068 patrocinio
1483 1988 1723 2046 nelandze
1750 1982 2061 2085 assertionis

492 2070 686 2176 iudicis
732 2070 995 2153 sententia
1047 2086 1403 2160 prmoptatur?
1447 2087 1675 2152 Agamus
1704 2076 1884 2176 primo
1922 2070 2061 2175 quod

493 2162 646 2251 nobis
691 2188 949 2259 agendum
1002 2181 1291 2238 necessitas
1339 2169 1769 2231 demnnStrandze
1824 2162 2064 2219 veritatis

496 2286 743 2355 imponit.
777 2275 1319 2335 luculceturbumano
1347 2266 1548 2322 auditui
1572 2262 1694 2317 ﬁdei
1726 2269 1924 2314 nostra:
1947 2270 2067 2325 pro-

499 2348 677 2431 lessio.
719 2369 1018 2438 Percipient
1055 2362 1274 2432 judicia,
1314 2357 1506 2428 quibus
1549 2352 1741 2416 modis,
1772 2348 2068 2438 quibusque

496 2466 814 2526 rationibus,
837 2437 1029 2528 quibus
1049 2454 1278 2521 denique
1304 2446 1641 2504 documentis
1673 2450 1852 2497 nostra
1881 2437 2069 2491 fulcia-

498 2570 585 2615 tur
607 2555 831 2611 assertio
855 2570 869 2607 :
892 2560 947 2606 et
969 2560 1092 2603 tunc
1115 2548 1327 2601 demum
1361 2538 1835 2611 promulgationem
1863 2538 2073 2591 sentene

499 2652 605 2713 tite,
637 2662 755 2717 qua:
785 2646 835 2698 in
871 2651 1056 2696 nostro
1093 2640 1277 2705 utique
1315 2640 1649 2701 nequaquam
1692 2622 1887 2693 pendet
1925 2618 2069 2673 arbi-

500 2737 626 2803 trio,
654 2734 721 2790 de
744 2732 921 2801 judice
951 2726 1362 2799 postulabimus.

575 2800 771 2880 Probus
790 2821 958 2893 judex
986 2818 1116 2872 dixit
1144 2833 1164 2872 :
1185 2809 1520 2869 Praefatiouis
1545 2822 1676 2863 mea:
1704 2818 1871 2874 nuper
1896 2800 1948 2855 in
1975 2800 2076 2893 boc

501 2915 725 2973 actionis
767 2892 1032 2983 principio
1070 2906 1285 2970 habitae,
1312 2915 1367 2959 et
1395 2899 1699 2973 sponsionis
1741 2905 1936 2951 vestrae
1973 2892 2075 2947 du-

502 3010 643 3065 dum-
671 3006 954 3077 prteteritis
988 3004 1155 3073 gestis
1194 3001 1439 3064 inserta},
1486 2994 1795 3050 meminisse
1831 2996 2072 3059 oportet;

2162 1803 2334 1867 deret,
2362 1803 2434 1856 ait
2462 1820 2474 1855 :
2507 1802 2656 1866 Quod
2684 1813 2857 1856 natum
2878 1814 2948 1857 cs!
2973 1806 3036 1857 de
3056 1822 3227 1869 carne,
3252 1822 3371 1861 caro
3394 1816 3467 1859 est
3490 1822 3508 1858 :
3538 1818 3582 1861 et
3602 1811 3731 1878 quod

2165 1905 2337 1948 natum
2359 1906 2430 1949 est
2455 1896 2518 1947 de
2544 1895 2745 1962 spiritu,
2769 1896 2978 1965 spiritus
2999 1905 3071 1947 cst
3098 1895 3279 1965 (Joan.
3302 1912 3380 1957 ut,
3406 1895 3480 1965 6).
3516 1898 3599 1963 Et,
3630 1899 3730 1973 Ego

2166 1992 2227 2040 de
2261 1987 2362 2040 Deo
2401 1986 2555 2041 Patre
2583 1987 2710 2039 exiri
2750 1986 2930 2050 (Joan.
2980 2004 3085 2051 xvi,
3126 1990 3238 2058 9.7).
3277 1991 3413 2045 Ecce
3450 1991 3640 2046 Filium
3671 2001 3733 2049 de

2169 2078 2324 2131 Patre
2360 2085 2560 2138 natum,
2590 2077 2704 2143 ipso
2732 2075 2866 2129 Filio
2896 2077 3123 2142 dicente,
3155 2081 3381 2134 ostendi.

2240 2166 2390 2218 Arius
2418 2164 2545 2217 d'xit
2572 2180 2590 2220 .'
2616 2164 2756 2219 Satis
2780 2166 2988 2218 callidis
3015 2177 3067 2220 et
3096 2169 3402 2234 suspiriosis
3435 2172 3602 2225 uteris
3628 2172 3733 2225 dis-

2170 2257 2552 2326 putationibus,
2582 2271 2687 2324 qno
2714 2256 2859 2309 dicas
2889 2257 3026 2324 quod
3059 2258 3122 2311 ad
3163 2259 3283 2312 ﬁdei
3319 2276 3451 2314 mete
3493 2264 3737 2316 munitio-

2172 2362 2294 2402 nem
2344 2346 2443 2400 ltoe
2483 2346 2728 2400 dixerim.
2776 2345 2877 2401 Sed
2928 2356 2982 2399 ttt
3026 2348 3092 2403 de
3137 2351 3379 2405 sensibus
3418 2352 3522 2404 tuis
3571 2357 3737 2405 omnis

2172 2438 2492 2507 suspicionis
2533 2438 2850 2508 ambiguitas
2897 2439 3189 2504 auleratur,
3227 2451 3284 2494 ttt
3328 2445 3575 2511 superius
3609 2446 3738 2497 fatus

2172 2544 2316 2595 sum,
2359 2537 2702 2597 utrorumque
2743 2529 2887 2592 ﬁdei,
2937 2530 3049 2584 sive
3096 2545 3157 2585 ex
3209 2532 3341 2600 ipso,
3382 2537 3493 2587 sive
3533 2537 3598 2589 de
3634 2540 3740 2605 ipso

2177 2631 2330 2676 natus
2355 2620 2583 2687 dicatur,
2612 2621 2810 2676 nullum
2842 2623 3054 2691 penitus
3086 2633 3258 2692 potest
3282 2625 3469 2681 aﬁ'erre
3493 2627 3547 2681 in
3572 2629 3741 2699 aliquo

2177 2711 2565 2782 prtejudicium.

2248 2803 2559 2859 Athanasius
2587 2805 2713 2859 dixit
2741 2821 2759 2859 :
2788 2806 3061 2862 Generans
3091 2806 3247 2861 l‘ater
3274 2823 3336 2863 ex
3381 2824 3459 2877 se,
3496 2812 3551 2866 id
3580 2823 3657 2868 est
3684 2814 3745 2868 de

2180 2896 2359 2965 seipse
2382 2896 2599 2963 Filium,
2628 2895 2727 2953 ltoc
2752 2899 2933 2967 genuit
2954 2898 3091 2967 quod
3120 2910 3203 2955 est
3225 2900 3360 2970 ipse,
3389 2918 3453 2955 an
3485 2904 3629 2959 aliud
3661 2909 3744 2961 ali-

2181 2987 2339 3039 ouid?

2181 2988 2339 3056 quid?

503 3072 697 3171 quibus
718 3098 768 3152 id
797 3072 1098 3166 peroratum
1122 3100 1223 3155 est,
1242 3089 1456 3145 omissis
1482 3085 1786 3155 superﬁuis,
1811 3083 1876 3135 ad
1897 3095 2076 3136 arcem
2107 3072 2153 3133 Ο
2187 3169 2209 3171 _
2254 3080 2405 3132 Arius
2438 3080 2566 3133 dixit
2592 3096 2611 3134 :
2637 3080 2749 3136 Hoc
2772 3082 2954 3151 utique
2982 3085 3119 3151 quod
3150 3085 3265 3154 ipse
3292 3098 3372 3140 est
3400 3089 3611 3156 genuit,
3637 3092 3747 3159 quia

504 3192 700 3260 negotii
741 3189 940 3242 debere
984 3183 1269 3248 descendi;
1305 3180 1445 3250 quod
1493 3178 1701 3234 debetis
1741 3175 1950 3230 tandem
1979 3172 2079 3235 ali-_

507 3283 714 3353 quando
739 3279 1006 3334 iactitare.
1164 3274 1167 3277 λ

580 3371 731 3424 Arius
761 3370 889 3422 dixit
923 3382 941 3422 :
972 3367 1170 3420 Doceat
1216 3364 1448 3425 Patrem,
1484 3370 1540 3417 et
1564 3360 1781 3423 Filium,
1823 3368 1876 3412 et
1916 3357 2084 3425 Spiri-

510 3472 619 3517 tum
644 3474 884 3514 sancsutn
914 3457 1071 3511 unius
1100 3469 1218 3509 esse
1239 3455 1572 3517 substantiae,
1602 3451 1758 3506 unius
1782 3450 2079 3519 potestatis,

510 3556 668 3611 unius
683 3552 975 3622 dignitatis,
1002 3551 1158 3601 unius
1178 3547 1381 3616 gloria),
1409 3547 1565 3599 unius
1589 3544 1903 3611 maiestatis,
1931 3543 2086 3595 unius

512 3647 722 3699 virtutis
749 3654 906 3711 atque
936 3640 1179 3703 honoris,
1210 3637 1350 3706 quod
1383 3638 1513 3690 satis
1537 3634 1828 3703 improvida
1855 3641 1909 3687 et
1932 3632 2087 3687 nimis

514 3737 724 3791 incauta
752 3733 1082 3804 professione
1110 3730 1246 3784 solet
1277 3728 1484 3798 populis
1510 3726 1777 3794 jaetitare.

587 3830 894 3885 Athanasius
932 3828 1062 3881 dixit
1100 3842 1119 3880 :
1152 3824 1426 3879 Proﬁteris
1462 3820 1655 3876 Filium
1688 3833 1813 3874 vere
1838 3818 1904 3872 de
1934 3816 2090 3871 Patre

515 3907 720 3985 nutum,
754 3937 819 3974 att
851 3936 954 3974 non
971 3921 993 3969 ’ἒ

588 4016 737 4067 Arius
767 4013 896 4066 dixit
925 4027 942 4063 :
970 4007 1244 4062 Proﬁteris
1290 4005 1403 4072 ipse
1444 4002 1656 4056 Patrem
1700 3996 1925 4067 alicujus
1953 3994 2093 4050 deti-

517 4107 744 4162 v..tiouis
775 4106 858 4159 vel
888 4100 1166 4157 divisionis
1197 4097 1326 4151 vitio
1356 4093 1635 4163 subiacere
1670 4106 1773 4145 non
1816 4102 1996 4158 posse,
2026 4100 2091 4139 an

521 4199 660 4253 hOH?

590 4287 897 4341 Athanasius
922 4282 1049 4335 dixit
1077 4296 1092 4333 :
1119 4279 1283 4332 Va‘de
1311 4276 1584 4345 proﬁteor.

593 4379 740 4430 Arius
768 4375 894 4427 dixit
919 4389 937 4426 :
965 4373 1076 4440 Ego
1103 4384 1311 4438 quoque
1340 4367 1592 4436 proﬁteor
1624 4362 1814 4416 Filium
1846 4375 1911 4415 ex
1944 4359 2097 4414 Patre

525 4479 707 4522 natunt
745 4477 885 4517 esse.

596 4552 904 4606 Athanasius
926 4549 1051 4602 dixit
1081 4564 1100 4602 :
1130 4546 1180 4600 ld
1209 4560 1325 4600 esse
1356 4543 1654 4605 arbitraris.
1682 4551 1860 4597 natum
1892 4558 1953 4595 ex
1992 4542 2094 4595 Pa-

528 4655 630 4709 tre,
662 4643 800 4713 quod
823 4651 904 4696 est
933 4642 1089 4695 etiam
1121 4648 1300 4699 natum
1329 4637 1395 4690 de
1423 4636 1612 4689 Patre?

599 4735 752 4787 Arius
795 4732 974 4785 dixit:
1007 4730 1215 4785 Sufﬁcit
1245 4728 1335 4781 tibi
1378 4726 1517 4796 quod
1565 4741 1629 4779 ex
1676 4724 1832 4779 Patre
1869 4723 2096 4778 dixerim

528 4833 741 4887 natum;
773 4821 913 4890 quod
943 4822 1100 4875 etiam
1135 4820 1384 4873 lacillitne
1425 4817 1672 4871 ostendo.
1716 4814 1852 4879 Quid
1891 4815 2098 4867 callidis

531 4915 695 4969 uteris
734 4912 1093 4979 argumentis?
1129 4909 1391 4964 Caeterum
1428 4909 1496 4960 de
1539 4908 1695 4961 Patre
1741 4915 1938 4969 natum,
1978 4919 2099 4957 nus-

530 5020 689 5074 quam
722 5003 848 5057 mihi
880 5002 1092 5055 interim
1123 5000 1188 5052 ad
1220 5014 1456 5067 prtcseus
1489 5012 1772 5051 occurrere
1802 4999 1985 5064 potttit.
2023 4995 2100 5048 Ex

532 5100 689 5154 Patre
715 5110 842 5149 vero
867 5094 1123 5161 scriptum
1154 5106 1272 5146 esse
1294 5091 1495 5154 recolo,
1525 5090 1728 5144 J0anne
1755 5090 1995 5156 apostolo
2017 5086 2101 5139 di-

530 5199 688 5246 cente
719 5205 732 5242 :
764 5185 864 5255 Qui
892 5183 1061 5253 diligit
1106 5181 1338 5246 Patrem,
1368 5181 1538 5251 diligit
1567 5196 1687 5235 eum
1716 5180 1804 5249 qui
1839 5188 1994 5233 natus
2022 5189 2105 5232 est

531 5300 595 5337 ex
626 5297 713 5335 80.

604 5372 912 5428 Athanasius
941 5368 1112 5422 dixit:
1137 5366 1274 5433 Ergo
1304 5364 1433 5417 niltil
1462 5364 1719 5418 interesse
1748 5374 1899 5431 putas
1927 5371 2101 5417 utrum

533 5479 597 5519 ex
632 5466 839 5533 ipsoan
864 5462 933 5518 de
960 5460 1076 5529 ipso
1103 5466 1257 5512 natus
1284 5454 1527 5509 dicatur?

604 5556 757 5608 Arius
774 5555 908 5609 dixit
934 5568 952 5606 :
978 5552 1034 5607 Si
1055 5551 1183 5606 mibi
1206 5550 1575 5605 demonstrare
1605 5544 1836 5599 valu»~ris
1889 5545 2105 5614 proprie

536 5642 765 5713 positum
818 5643 1005 5699 Filium
1032 5643 1101 5699 de
1131 5643 1288 5700 Patre
1316 5649 1519 5710 natum,
1545 5647 1671 5693 tunc
1691 5637 1814 5706 quid
1843 5637 1964 5692 inde
1984 5651 2104 5692 sen-

2186 3169 2325 3223 Deus
2357 3170 2522 3223 Deum
2554 3173 2758 3239 genuit,
2789 3175 2873 3227 lux
2904 3173 3074 3229 lucem
3105 3179 3306 3245 genuit,
3338 3177 3606 3246 periecms
3635 3196 3750 3249 per-

2185 3258 2380 3314 fectum
2411 3262 2613 3329 genuit,
2646 3264 2980 3332 omnipotens
3008 3267 3422 3335 omnipotentem
3457 3271 3660 3336 genuit.

2255 3352 2565 3406 Athanasius
2594 3354 2725 3433 dixit
2754 3372 2773 3408 :
2806 3356 2948 3425 Ergo
2976 3374 3081 3410 non
3116 3359 3466 3427 extrinsecus,
3492 3376 3667 3426 neque
3694 3379 3753 3414 ex

2188 3443 2375 3510 nihilo,
2404 3460 2578 3513 neque
2606 3462 2669 3498 ex
2709 3447 2882 3515 aliqua
2916 3449 3249 3513 praecedente
3284 3461 3373 3503 aut
3399 3453 3757 3521 subsequente

2190 3535 2431 3599 materia,
2456 3535 2548 3589 sed
2579 3551 2640 3588 ex
2668 3536 2844 3602 seipso
2874 3541 3076 3607 genuit.
3110 3540 3175 3593 Et
3207 3555 3309 3595 non
3340 3542 3483 3597 aliud
3516 3559 3676 3613 quam
3709 3546 3756 3598 id

2190 3623 2330 3692 quod
2358 3623 2471 3690 ipse
2499 3634 2581 3679 est
2604 3629 2807 3693 genuit.

2260 3717 2415 3769 Arius
2441 3718 2569 3770 dixit
2592 3734 2611 3772 :
2637 3719 2781 3773 Alius
2807 3719 2965 3773 alium
2992 3723 3189 3790 genuit.

2263 3808 2574 3862 Athanasius
2621 3810 2750 3863 dixit
2792 3827 2804 3862 :
2854 3810 2919 3863 Et
2960 3825 3058 3865 nos
3107 3812 3423 3869 conﬁtemur
3465 3816 3589 3883 quia
3633 3817 3763 3872 alius

2194 3898 2352 3951 alium
2382 3900 2584 3967 genuit,
2619 3900 2667 3952 id
2698 3907 2800 3964 est,
2836 3900 2989 3955 Pater
3020 3900 3213 3956 Filium
3241 3922 3253 3955 :
3278 3904 3372 3958 sed
3401 3905 3441 3959 si
3472 3906 3539 3961 de
3567 3908 3763 3975 seipse,

2197 3991 2248 4044 id
2277 4002 2358 4046 est
2388 3991 2454 4045 de
2485 4006 2549 4045 eo
2578 3992 2717 4060 quod
2751 3995 2861 4061 ipse
2899 4004 2999 4057 est,
3023 4004 3080 4048 et
3101 3996 3200 4048 boc
3227 3998 3512 4065 quod'ipse
3538 4008 3645 4063 est,
3674 4014 3766 4069 ge-

2196 4088 2310 4138 nuit
2345 4103 2356 4137 :
2396 4085 2515 4153 quia
2555 4086 2775 4141 alterius
2823 4088 3151 4153 substantiae,
3198 4091 3276 4144 vel
3323 4090 3516 4145 diversi
3557 4094 3766 4162 generis

2198 4173 2365 4229 Filius
2392 4190 2511 4231 esse
2546 4189 2648 4229 non
2681 4178 2906 4244 poterit;
2944 4192 3006 4231 ac
3046 4178 3122 4233 sic
3161 4180 3320 4234 unius
3345 4192 3502 4251 atque
3532 4184 3768 4251 ejusdem

2200 4282 2319 4322 cum
2354 4267 2510 4321 Patre
2536 4266 2851 4321 substantire
2879 4267 3001 4322 erit.

2271 4361 2421 4412 Arius
2453 4359 2582 4412 dixit
2609 4374 2627 4411 :
2655 4358 2711 4413 Si
2756 4375 2941 4413 nosses
2982 4360 3031 4414 in
3070 4371 3297 4429 quantos
3538 4367 3772 4434 perﬁdia!

2123 4437 2175 4497 Ῐ)
2201 4466 2413 4507 errores
2452 4450 2609 4504 unius
2645 4451 2953 4504 substantiae
2988 4453 3246 4517 professio
3276 4464 3475 4523 vergat,
3504 4473 3773 4526 nunquam

2204 4541 2444 4611 proiecto
2475 4541 2614 4595 inter
2644 4541 2852 4596 Patrem
2882 4554 2932 4595 et
2966 4542 3154 4596 Filium
3191 4544 3347 4614 hujus
3379 4547 3609 4600 nominis
3640 4549 3777 4601 face-

2205 4648 2291 4688 res
2318 4636 2660 4688 mentionem.
2688 4632 2793 4687 Nec
2822 4632 3235 4701 disputationem
3263 4644 3428 4698 tuam,
3459 4639 3774 4705 quibusdam

2205 4726 2675 4795 interrogationum
2715 4726 2968 4794 gradibus
3007 4726 3259 4792 incisam,
3304 4728 3390 4781 tali
3426 4728 3779 4783 conclusisses

2204 4817 2452 4880 articulo,
2481 4828 2537 4871 ut
2564 4817 2629 4873 ad
2658 4818 2798 4872 hunc
2826 4833 2943 4872 eam
2976 4819 3149 4888 impia:
3181 4820 3523 4889 professionis
3545 4821 3783 4875 deduce-

2205 4922 2294 4962 res
2325 4908 2508 4964 ﬁnem.

2275 4998 2582 5050 Athanasius
2611 4998 2737 5051 dixit
2768 5012 2789 5052 :
2820 4997 2969 5060 Cuod
2998 4998 3065 5051 sit
3102 4997 3324 5066 impium
3363 5006 3528 5069 atque
3553 5000 3779 5055 sacrile-

2204 5105 2327 5159 gum
2353 5089 2592 5144 diversas
2623 5091 2794 5144 Patris
2833 5097 2886 5143 et
2922 5090 3043 5144 Filii
3082 5091 3406 5146 substantias
3436 5092 3701 5161 proﬁteri,
3730 5100 3781 5145 ct

2206 5180 2346 5251 quod
2400 5182 2542 5250 pium
2583 5183 2650 5235 sit
2688 5196 2749 5237 ac
2793 5183 3100 5252 religiosum
3140 5183 3295 5238 unius
3331 5199 3426 5238 eos
3468 5186 3781 5238 substantia:

2212 5271 2452 5336 credere,
2482 5273 2621 5326 scias
2646 5287 2749 5338 me,
2778 5289 2809 5324 ο
2833 5274 2946 5337 Ari,
2976 5274 3184 5339 penitus
3209 5275 3453 5342 ignorare
3475 5289 3577 5329 non
3606 5290 3780 5342 pOSSe.

2214 5365 2279 5417 Et
2321 5364 2422 5417 hoc
2467 5380 2570 5417 non
2600 5364 2832 5419 humana
2868 5361 3119 5432 opinione
3148 5366 3454 5426 collectum.
3481 5382 3576 5420 nec
3603 5367 3778 5434 conje-

2212 5455 2378 5508 cturis
2403 5466 2451 5507 et
2477 5457 2802 5525 argumentis
2826 5457 3120 5520 inventum,
3143 5457 3234 5510 sed
3267 5458 3503 5511 caelestis
3530 5458 3784 5511 doctrina:

2215 5546 2518 5613 magisterio
2548 5548 2798 5601 traditum
2829 5547 3230 5601 demonstrabo.

2284 5636 2371 5693 IV.
2408 5636 2603 5693 Probus
2618 5638 2782 5707 judex
2811 5639 2936 5693 dixit
2959 5655 2975 5693 :
3000 5639 3151 5694 Prius
3173 5638 3300 5695 tnibi
3325 5642 3428 5706 vim
3454 5638 3789 5707 qualitatem-
