4044 6184
312 315 413 372 169

1294 320 1566 376 CONTRA
1606 322 1906 380 ARIANOS
1947 327 2317 386 DlALOGUS.
2364 332 2495 387 LIB.
2528 334 2593 389 ll.

3488 350 3589 404 170

304 448 411 501 que
432 430 699 487 sermonis
722 430 960 501 assign'a,
982 439 1035 485 et
1061 440 1183 486 tunc
1208 431 1423 490 demum
1449 438 1651 506 poteris
1673 438 1896 495 demon-
1925 448 1975 506 Α
2076 442 2139 498 ν.
2170 445 2369 500 Probus
2414 452 2585 519 judca:
2622 449 2751 504 dixit
2776 468 2794 504 :
2847 453 2902 509 Si
2933 454 3060 524 quid
3095 456 3195 512 sibi
3243 468 3427 516 contra
3477 464 3595 522 huic

302 541 479 582 Strare
510 537 689 581 utrum
720 527 865 582 Patri
894 527 1131 597 Filioque
1159 532 1467 587 conveniat.

373 620 692 673 Athanasius
715 619 885 673 dixit:
915 617 1226 675 Substantia
1242 621 1455 690 quidem
1478 622 1690 679 duobus
1712 628 1897 695 appel-

302 710 562 765 lationum
580 712 868 780 generibus
894 712 1259 783 distinguitur.
1297 714 1361 769 Et
1388 728 1470 771 est
1496 718 1709 787 quidem
1739 722 1896 776 unius

304 806 516 873 generis
545 806 776 874 qualitas
812 806 951 874 litec,
991 822 1109 875 quae
1140 809 1420 863 cxistentis
1469 820 1672 867 naturas
1712 828 1898 869 essen-

304 895 431 948 tiam
474 895 710 949 indicet:
761 896 905 950 aliud
935 910 1065 950 vero
1091 906 1174 952 est
1202 898 1517 955 substantiae
1554 916 1745 971 genus,
1791 918 1898 972 quo

303 985 392 1041 ille
422 987 511 1054 qui
545 986 708 1041 habet
738 986 804 1041 ab
835 988 918 1041 his
939 1002 1059 1057 quas
1097 988 1256 1043 habet
1300 990 1597 1047 dirimatur.
1642 994 1794 1061 Quod
1842 1005 1899 1051 ut

304 1078 514 1142 planius
546 1078 658 1142 tiat,
690 1080 832 1147 quod
859 1078 982 1133 dico
1008 1080 1288 1135 manifesta
1308 1083 1645 1152 expositione
1662 1087 1893 1155 assigno.

305 1167 466 1222 Verbi
497 1169 672 1238 gratia
700 1186 712 1221 :
748 1169 921 1224 Homo
944 1172 1156 1238 generis
1180 1173 1259 1226 sui
1282 1188 1347 1228 ac
1373 1184 1576 1229 naturae
1600 1178 1898 1235 substantia

300 1268 402 1313 est.
436 1260 649 1316 Rursus
681 1262 724 1316 si
754 1262 879 1330 quid
908 1262 1036 1315 illud
1069 1272 1170 1328 est,
1197 1264 1337 1333 quod
1366 1268 1719 1335 extrinsecus,
1744 1271 1797 1324 id
1820 1281 1902 1326 est

301 1354 353 1406 in
381 1355 609 1407 materia
650 1354 787 1419 auri,
832 1353 916 1406 vel
943 1354 1173 1423 argenti,
1223 1356 1555 1427 aliarumque
1599 1363 1899 1429 specierum

302 1443 568 1511 possidet,
593 1444 890 1499 substantia
916 1445 1035 1514 ejus
1055 1445 1267 1501 dicitur.
1306 1448 1371 1501 Et
1398 1462 1518 1503 cum
1541 1450 1780 1518 ejusdem
1809 1469 1902 1511 vo.

298 1535 477 1590 cabuli
508 1551 614 1590 una
644 1536 890 1591 videatur
914 1537 1223 1606 appellatio,
1255 1538 1389 1593 duas
1420 1547 1596 1596 tamen
1626 1558 1712 1598 res
1734 1546 1896 1615 signi-

300 1626 465 1682 ﬁcare
486 1629 723 1683 videtur.
760 1627 871 1683 Sed
903 1643 1000 1683 nos
1020 1628 1088 1683 de
1116 1629 1209 1683 illo
1226 1630 1538 1687 substantia:
1566 1648 1765 1703 genere
1790 1636 1899 1692 dis-

300 1729 570 1787 putamus,
601 1734 709 1789 quo
738 1735 1073 1790 unaqureque
1102 1730 1315 1789 natura,
1350 1722 1419 1778 ob
1459 1724 1511 1779 id
1543 1727 1681 1795 quod
1707 1737 1790 1783 est
1811 1731 1898 1785 vel

298 1812 566 1879 subsistit,
598 1812 901 1868 substantia
930 1823 1286 1883 nuncupatur.
1332 1816 1398 1869 Et
1420 1817 1676 1887 quidquid
1707 1835 1774 1876 ex
1818 1835 1901 1886 se,
1933 1831 1982 1891 B

297 1900 347 1954 id
371 1914 459 1956 est
488 1901 560 1956 de
587 1903 760 1970 scipsa
789 1904 1055 1973 genuerit,
1088 1918 1192 1958 non
1214 1904 1361 1959 aliud
1389 1920 1510 1961 esse
1533 1917 1704 1977 potest
1734 1926 1895 1981 quam

298 1992 347 2045 id
371 1994 515 2062 quod
540 1994 653 2062 ipsa
670 2003 773 2049 est.
808 1994 1047 2064 Denique
1071 1996 1231 2050 homo
1250 2006 1403 2065 pater
1424 2014 1687 2068 generans
1705 2001 1893 2070 lilium,

298 2086 377 2137 sui
408 2086 653 2152 generis,
679 2085 832 2140 idest
852 2100 961 2141 sua:
990 2085 1329 2153 substantiae,
1356 2089 1625 2145 hominem
1651 2102 1892 2162 generat,

299 2176 417 2244 quia
453 2176 618 2229 homo
637 2176 915 2232 hominem
938 2186 1177 2246 generat.
1209 2178 1276 2232 Et
1294 2189 1439 2235 recte
1467 2181 1623 2236 unius
1649 2184 1897 2240 substan-

303 2267 387 2319 tia:
422 2280 546 2320 esse
578 2265 847 2332 dicuntur,
883 2267 1004 2336 quia
1038 2268 1235 2323 veritas
1283 2270 1599 2339 nativitatis,
1646 2275 1895 2330 substan-

298 2359 485 2411 tiarum
536 2359 904 2414 diversitatem
965 2374 1069 2414 non
1121 2360 1331 2429 recipit.
1389 2362 1685 2420 Diversitas
1712 2377 1891 2422 autem

297 2450 612 2504 substantia:
641 2460 749 2517 est,
792 2458 851 2504 ut
888 2451 1118 2520 exempli
1174 2452 1344 2520 gratia
1375 2453 1625 2521 dixerim,
1656 2456 1702 2511 si
1732 2456 1893 2514 homo

296 2541 555 2607 pecudem
586 2542 790 2611 gignat,
820 2542 904 2597 vel
930 2543 976 2597 si
1000 2542 1289 2611 cujuslibet
1330 2546 1546 2613 generis
1570 2562 1731 2617 pecus
1757 2550 1892 2605 alte-

297 2633 406 2685 rius
431 2635 648 2701 generis
678 2633 939 2703 pecudem
977 2643 1221 2703 generet,
1256 2634 1308 2689 id
1352 2644 1439 2691 est
1481 2637 1525 2691 si
1566 2638 1662 2693 bos
1708 2641 1891 2709 gignat

295 2724 524 2789 asinum,
557 2726 643 2778 vel
669 2726 711 2778 si
742 2725 858 2779 ovis
884 2733 1102 2793 generet
1123 2741 1375 2794 capram:
1408 2742 1530 2797 qua:
1557 2732 1809 2798 quoniam
1835 2734 1887 2788 in

294 2814 656 2869 diversitatem
692 2816 905 2885 generis
934 2816 1124 2885 pergit,
1156 2825 1498 2873 monstruosa
1537 2819 1694 2891 104
1720 2837 1886 2891 gene-

298 2906 428 2960 ratio
457 2909 585 2975 crit,
610 2923 723 2963 suae
749 2918 956 2963 natura:
986 2910 1368 2979 proprietatem
1395 2912 1619 2969 minime
1638 2928 1883 2972 servans.

298 2998 526 3053 Rursum
562 3001 617 3054 in
650 3002 1038 3056 elementorum
1066 3003 1438 3071 qualitatibus,
1486 3022 1605 3076 quae
1632 3009 1702 3064 sit
1749 3009 1881 3065 sub-

296 3094 611 3146 stantiarutn
669 3094 958 3149 diversitas
986 3095 1069 3149 vel
1117 3096 1416 3166 proprietas
1445 3112 1624 3167 opera:
1654 3102 1880 3170 pretium

2000 536 2162 591 Arius
2190 551 2495 609 competere
2523 543 2690 608 novit,
2722 544 2931 601 edicere
2962 564 3066 603 non
3097 562 3355 608 moretur.

2074 648 2227 703 Arius
2255 651 2382 705 dixit
2408 669 2427 707 :
2467 653 2737 724 Simplicis
2779 666 2937 728 atque
2995 661 3342 723 immutabilis
3390 680 3594 727 natura

2003 740 2171 795 Deum
2201 758 2321 798 esse
2348 759 2452 800 non
2477 762 2598 802 reor
2633 750 2977 806 Athanasium
3008 756 3284 824 ignorare;
3316 764 3403 830 qui
3426 764 3492 829 si,
3538 774 3596 819 ttt

2006 830 2146 885 idem
2172 837 2422 901 asseruit,
2455 838 2522 892 de
2549 852 2640 891 sua
2666 841 2963 897 substantia
2992 851 3290 916 generavit,
3322 858 3594 910 mutabilis

2005 925 2359 991 proculdubio
2389 931 2510 984 erit.
2564 931 2796 988 Necesse
2853 947 2934 990 est
2986 940 3150 1003 enim,
3181 956 3245 995 ex
3283 958 3404 997 sese
3446 950 3591 1015 quod

2006 1015 2122 1083 ipse
2148 1029 2230 1071 est
2257 1022 2587 1088 generando,
2633 1034 2723 1078 aut
2751 1038 2952 1092 partem
2985 1034 3296 1087 substantia:
3329 1052 3423 1104 per
3450 1039 3593 1093 deri-

2006 1110 2234 1163 vationis
2257 1114 2658 1179 generationem
2689 1118 3007 1184 perdidisse,
3059 1134 3150 1176 aut
3182 1124 3460 1183 divisionis
3511 1134 3592 1186 \i-

2006 1200 2135 1252 tium
2166 1205 2371 1272 perpeti
2403 1209 2658 1273 potuisse.
2697 1210 2803 1277 Ego
2826 1213 2969 1265 enim
3016 1212 3113 1270 Dei
3145 1218 3318 1277 Patris
3347 1225 3593 1279 substan-

2007 1290 2154 1387 tiam,
2188 1310 2358 1363 neque
2387 1313 2451 1351 ex
2482 1314 2603 1354 sese
2633 1306 2784 1374 105
2814 1308 3015 1377 aliquid
3048 1313 3299 1383 edidisse,
3337 1336 3509 1387 neque
3542 1326 3591 1374 in

2006 1385 2235 1450 partium
2264 1388 2549 1455 qualitates
2578 1392 2873 1450 derivatatn
2907 1401 3091 1469 fuisse,
3128 1421 3304 1474 neque
3336 1385 3591 1466 section'ts

2006 1483 2096 1527 aut
2122 1474 2491 1546 detractionis,
2518 1484 2599 1536 vel
2630 1485 2830 1555 aliquid
2860 1488 3185 1559 liujusmodi,
3213 1500 3353 1565 quod
3371 1502 3440 1551 sit
3465 1518 3587 1569 pas-

2008 1565 2142 1619 sioni
2174 1569 2461 1625 obnoxium
2494 1575 2750 1644 sensisse,
2782 1580 2866 1634 vel
2893 1584 3095 1638 sentire
3138 1589 3378 1655 potuisse
3423 1599 3589 1647 COnfi-

2006 1665 2142 1713 1801⁸.

2077 1772 2387 1831 Athanasius
2433 1780 2605 1834 dixit:
2655 1784 2759 1839 Sed
2813 1805 2983 1858 neque
3025 1809 3121 1849 nos
3154 1796 3236 1850 liis
3282 1802 3585 1867 paSsimtum

2008 1866 2405 1924 conditionibus
2432 1872 2672 1928 divinam
2705 1881 2973 1937 credimus
2996 1866 3544 1954 subjacereinaturatn
3570 1915 3583 1961 ;

2001 1959 2095 2013 sed
2129 1960 2513 2029 impassibilem
2548 1968 2759 2024 Patrem
2813 1974 3215 2043 impassibiliter
3264 1984 3332 2038 dc
3382 1959 3583 2056 seipso,

2001 2049 2054 2104 id
2086 2061 2169 2142 est
2197 2054 2263 2110 de
2290 2072 2354 2111 eo
2380 2062 2519 2128 quod
2548 2062 2663 2131 ipse
2694 2076 2796 2132 est,
2829 2067 3019 2123 Filium
3043 2088 3330 2142 generasse
3360 2081 3586 2137 fideliter

1998 2136 2339 2203 confitemur.
2375 2150 2481 2207 Nec
2513 2170 2612 2210 nos
2664 2155 3007 2229 divisionum,
3041 2166 3122 2218 vel
3163 2170 3581 2241 derivationum,

1998 2250 2059 2292 ac
2080 2242 2312 2309 partium
2345 2256 2768 2319 cunctarumque
2810 2270 2985 2308 rerum
3039 2260 3119 2311 vel
3152 2262 3458 2328 paSsionum
3494 2284 3585 2335 ge-

1997 2345 2147 2396 nera,
2180 2348 2299 2402 quae.
2332 2337 2475 2391 inani
2506 2340 2883 2399 sollicitudinis
2922 2348 3113 2405 timore
3160 2364 3311 2408 actus
3350 2358 3584 2426 objicere

1997 2423 2234 2491 voluisti,
2260 2442 2288 2481 a
2324 2428 2670 2497 professionis
2700 2440 2926 2496 veritate
2950 2442 3260 2514 deflectunt,
3313 2459 3368 2503 ut
3418 2423 3580 2521 nege-

1997 2532 2113 2570 mus
2147 2519 2313 2575 Deum
2347 2539 2408 2578 ex
2437 2526 2615 2593 seipso
2665 2531 2734 2586 ob
2763 2532 2864 2588 ltoc
2895 2551 3152 2604 generate
3184 2559 3287 2597 non
3320 2549 3580 2615 potuisse,

1993 2621 2060 2660 ne
2085 2609 2330 2667 videatur
2372 2613 2457 2670 liis
2506 2622 2839 2687 passionibus
2880 2628 3178 2698 subjacere.
3234 2609 3369 2702 Quid
3421 2609 3582 2708 igitur

1992 2703 2317 2777 religiOsius,
2346 2712 2540 2778 quidve
2561 2716 2815 2780 sanctius,
2848 2732 2909 2773 ac
2936 2720 3125 2777 divinis
3162 2725 3231 2779 sit
3255 2730 3421 2795 magis
3450 2748 3581 2785 con-

1990 2808 2179 2863 gruum
2207 2797 2434 2867 legibus,
2466 2817 2617 2881 aequa
2669 2804 2937 2871 (obsecro
2992 2827 3109 2876 vos,
3168 2831 3200 2868 ο
3257 2818 3579 2889 auditores)

1985 2886 2171 2955 judicii
2202 2890 2353 2945 lance
2376 2880 2616 2961 pensate.
2651 2897 2851 2968 Erigite
2881 2906 3073 2958 mentis
3103 2909 3308 2973 oculos,
3342 2922 3392 2965 et
3426 2880 3579 2969 terri;

1990 2981 2147 3038 ficum
2200 2985 2366 3042 futuri
2397 2990 2667 3047 examinis
2697 2994 2836 3048 diem
2888 3008 3207 3065 metuentes,
3251 3005 3378 3073 quid
3409 3008 3578 3083 magis

1987 3075 2272 3131 catholica:
2305 3090 2464 3148 atque
2509 3086 2817 3151 aposmlicze
2849 3089 3061 3144 veritati
3110 3098 3415 3165 conveniat,
3453 3075 3579 3156 reli-

296 3191 375 3236 est
401 3185 709 3239 advenere.
744 3184 905 3239 Verbi
932 3187 1140 3255 gratia:
1180 3165 1601 3261 uniuscujus’que
1627 3165 1765 3263 ignis
1800 3196 1885 3251 vel
1914 3198 1959 3262 Ο
1990 3165 2136 3263 giosa
2164 3169 2684 3263 mentis‘iulentione
2729 3178 3047 3246 perspicite;
3078 3192 3250 3240 utrum
3283 3187 3434 3245 fateri
3463 3210 3578 3247 om-

298 3276 507 3332 luuiinis
563 3289 756 3332 natura
809 3279 861 3333 id
892 3293 956 3335 ex
986 3295 1046 3335 se
1115 3282 1255 3349 quod
1308 3283 1422 3352 ipsa
1467 3294 1549 3340 est
1578 3286 1885 3344 ministrare

298 3368 534 3433 videtur;
566 3378 624 3422 ut
656 3370 743 3423 lux
780 3369 1066 3439 fulgorem,
1100 3384 1156 3425 ut
1180 3372 1316 3442 ignis
1340 3374 1686 3431 incendium:
1729 3388 1783 3433 et
1832 3379 1885 3434 in

300 3459 395 3513 hoc
424 3461 587 3514 ofﬁcii
614 3462 699 3516 sui
730 3478 926 3532 genere
967 3464 1289 3532 subsistens,
1322 3468 1635 3525 substantiae
1663 3485 1775 3527 suae
1806 3475 1886 3528 iu-

297 3561 611 3608 temeratam
642 3554 852 3609 videtur
878 3570 1097 3611 servare
1126 3566 1391 3612 naturam.
1428 3560 1482 3613 Si
1509 3576 1638 3616 vero
1687 3562 1774 3617 lux
1818 3580 1883 3618 ex

296 3657 351 3697 se
373 3644 626 3698 tenebras
647 3646 847 3715 gignat,
883 3649 1161 3701 mutationi
1195 3651 1427 3705 obnoxia
1458 3653 1582 3721 erit,
1605 3654 1823 3710 alterius
1853 3670 1883 3709 a

291 3749 350 3788 se
373 3735 590 3804 generis
620 3736 900 3791 materiam
935 3737 1218 3805 tribuens;
1249 3740 1375 3809 quia
1411 3742 1465 3797 in
1496 3743 1597 3798 hoc
1636 3745 1885 3800 immuta-

292 3829 512 3887 bilitatis
538 3847 651 3887 suae
678 3832 935 3887 illibatam
986 3833 1187 3902 poterit
1238 3848 1459 3890 servare
1505 3837 1880 3908 substantiam,

288 3923 332 3975 si
364 3922 469 3977 hoc
496 3924 639 3994 quod
663 3924 777 3993 ipsa
800 3932 884 3979 est
937 3924 1206 3979 ministret
1248 3941 1310 3980 ex
1348 3941 1491 3982 sese.
1520 3926 1784 3984 Caeterum
1814 3932 1880 3999 si,

288 4025 345 4069 ut
371 4017 504 4082 duxi,
560 4018 613 4070 id
655 4016 798 4087 quod
850 4032 920 4071 cx
976 4031 1096 4072 sese
1142 4018 1328 4073 tribuit
1380 4018 1520 4073 aliud
1570 4021 1673 4076 erit
1723 4037 1881 4092 quam

288 4108 461 4175 ipsum
487 4107 631 4176 quod
658 4107 878 4174 tribuit,
912 4118 1038 4164 tunc
1063 4108 1284 4164 alterius
1313 4109 1630 4166 substantia:
1651 4112 1757 4168 dici
1787 4129 1882 4183 po-

286 4205 428 4267 terit,
462 4203 607 4271 quod
636 4204 860 4258 omnino
892 4215 1202 4259 naturarum
1228 4208 1468 4261 omnium
1497 4209 1748 4277 qualitas,
1795 4213 1879 4267 vel

284 4294 440 4359 ordo,
466 4294 548 4347 vel
578 4296 715 4348 ratio
741 4310 848 4348 non
870 4295 1243 4366 admittit.Age
1268 4313 1411 4353 nunc
1428 4298 1563 4368 jam,
1585 4301 1628 4355 si
1647 4302 1873 4368 videtur,

286 4399 315 4437 a
340 4385 573 4438 terrenis
604 4400 666 4439 ac
696 4386 999 4440 visibilibus
1058 4388 1110 4440 in
1133 4390 1410 4456 superiora
1444 4390 1640 4445 mentis
1664 4394 1874 4447 oculum

283 4476 571 4545 erigamus,
617 4488 671 4531 et
701 4493 764 4531 ex
802 4477 883 4532 Itis
929 4494 1049 4547 qum
1076 4479 1215 4533 facta
1242 4490 1367 4535 sunt
1408 4482 1615 4537 infectae
1662 4485 1876 4538 virtutis

1991 3255 2323 3324 nipotentem
2372 3260 2537 3316 Deum
2596 3265 2992 3334 impassibiliter
3032 3289 3094 3328 ex
3146 3278 3324 3345 seipso
3382 3282 3574 3339 Filium

1988 3360 2296 3415 generasse,
2328 3366 2394 3403 an
2428 3352 2555 3406 iliud
2590 3357 2766 3424 potius
2794 3360 3021 3427 opinati,
3055 3380 3121 3420 ne
3154 3371 3419 3436 passionis
3448 3376 3577 3430 vitio

1987 3436 2310 3506 subjaceret,
2340 3457 2405 3496 ex
2435 3444 2636 3513 seipso,
2662 3447 2713 3501 id
2746 3460 2828 3504 est
2855 3466 2919 3505 ex
2943 3469 3037 3508 sua
3060 3457 3356 3516 substantia
3384 3464 3575 3523 Filium

1987 3546 2247 3600 generare
2274 3550 2379 3589 non
2406 3537 2657 3604 potuisse.
2684 3541 2796 3611 Ego
2826 3544 2967 3598 enim
2992 3547 3043 3601 id
3072 3560 3274 3617 astruo,
3307 3555 3355 3607 id
3388 3558 3577 3612 claris-

1987 3623 2121 3676 sima
2153 3625 2301 3679 vocis
2324 3626 2657 3694 professione
2680 3648 2950 3705 assevero,
2986 3641 3123 3708 quod
3152 3644 3287 3698 sicut
3313 3647 3451 3704 Deus
3476 3652 3574 3706 im-

1990 3715 2280 3783 passibilis,
2314 3716 2384 3773 ita
2429 3730 2483 3775 et
2522 3725 2861 3794 omnipotens
2891 3740 2992 3785 est.
3027 3733 3200 3789 Credo
3224 3753 3353 3810 ergo
3383 3742 3450 3797 de
3479 3760 3572 3797 sua

1990 3808 2227 3874 potuisse
2255 3812 2547 3868 substantia
2567 3817 2846 3885 generaie,
2876 3837 2972 3877 nec
2996 3833 3171 3881 tamen
3197 3808 3424 3900 alicujus
3453 3851 3574 3904 pas-

1988 3896 2155 3952 sionis
2182 3901 2313 3955 vitio
2334 3904 2637 3973 subjectum
2670 3908 2868 3965 fuisse:
2903 3917 3154 3983 quoniam
3182 3896 3373 3976 divisio
3399 3896 3465 3979 ac
3484 3927 3573 3981 de-

1988 3989 2200 4060 rivatio,
2235 3999 2551 4063 contractio,
2582 4004 2840 4072 accessio,
2868 4005 3061 4074 fluxus,
3086 4011 3167 4064 vel
3192 4011 3233 4065 si
3258 4027 3355 4076 qua
3383 4014 3570 4083 hujus-

1987 4084 2130 4137 modi
2174 4100 2292 4141 esse
2336 4099 2560 4156 possunt
2605 4106 2799 4159 genera
2834 4097 3162 4162 passionum,
3195 4104 3471 4170 Corporeis
3516 4118 3569 4160 et

1986 4181 2476 4246 contrectabilibus,
2502 4192 2659 4251 atque
2682 4200 2747 4238 ex
2775 4186 3084 4244 diversitate
3104 4196 3417 4260 compositis
3438 4211 3569 4251 eon-

1986 4272 2205 4325 veniunt
2237 4271 2414 4325 rebus.
2452 4273 2589 4327 Deus
2623 4290 2772 4340 vero,
2805 4278 2893 4345 qui
2928 4279 3087 4332 nullis
3118 4284 3363 4351 corporei
3412 4288 3569 4342 selte-

1983 4363 2141 4415 matis
2170 4362 2625 4418 cireumscriltitur
2651 4364 2836 4435 signis,
2863 4382 2959 4421 nec
2995 4368 3261 4439 aliquibus
3286 4373 3569 4445 diStingui-

1985 4466 2070 4506 tur
2127 4454 2486 4509 membrorum
2544 4456 2905 4523 lineamentis,
2952 4459 3080 4513 vitio
3131 4464 3411 4531 Subjacere
3461 4485 3567 4524 non

283 4569 634 4622 substantiam
691 4546 1115 4637 cognoscamus;
1173 4573 1483 4641 apostolica:
1538 4574 1951 4633 auetoritatisD
1984 4556 2153 4612 "oles!
2191 4561 2223 4615 θ
2258 4546 2471 4600 5⁵Ῐο¹¹Ῑ³“
2510 4548 2575 4600 Et
2624 4564 2766 4603 reme
2824 4551 2873 4604 in
2926 4554 3114 4606 mue")
3164 4559 3565 4621 gcncrmm'wm

281 4662 455 4714 edocti
483 4663 819 4730 magisterio,
843 4676 951 4731 quo
976 4663 1072 4731 ait,
1101 4663 1425 4720 invisibilem
1450 4666 1744 4720 divinitatis
1767 4669 1870 4722 vir—

284 4759 448 4803 tulem
499 4766 568 4805 ex
599 4750 685 4805 his
706 4767 825 4821 qua:
856 4750 995 4806 facta
1021 4761 1145 4807 sunt
1199 4754 1399 4809 debere
1422 4756 1642 4826 intelligi
1667 4758 1685 4829 (
1714 4758 1864 4813 Rom.

282 4857 319 4905 ι,
339 4842 410 4895 ἓυ
430 4844 470 4913 ).
502 4843 646 4898 Dixit
668 4859 798 4912 ergo
826 4844 987 4898 Arius
1018 4844 1210 4899 Filium
1233 4862 1298 4901 ex
1329 4848 1485 4904 Patre
1514 4857 1693 4904 natum
1721 4866 1866 4921 esse,

279 4943 331 4985 et
364 4933 530 4986 Deum
561 4935 726 4988 DeUm
754 4935 1024 5003 genuisse,
1079 4936 1254 4991 lucem
1288 4937 1482 4994 lucem.
1524 4941 1579 4994 lu
1610 4957 1711 5009 qua
1744 4960 1867 5011 pro-

280 5022 513 5079 fessione
544 5042 707 5079 unum
734 5027 837 5080 erit
859 5042 888 5081 e
904 5027 1110 5082 duobus
1133 5030 1482 5096 proculdubio
1505 5032 1862 5091 retinendum.

280 5117 383 5169 Aut
410 5118 551 5170 enim
579 5133 647 5173 ex
676 5119 856 5187 seipso
912 5136 1172 5190 generans
1228 5122 1281 5175 id
1320 5123 1459 5193 quod
1508 5126 1620 5194 ipse
1648 5133 1731 5180 est
1771 5144 1855 5197 ge-

279 5211 409 5272 nuit,
438 5222 490 5262 et
506 5212 576 5263 ob
592 5210 694 5265 hoc
714 5211 877 5265 Filius
900 5214 1057 5268 unius
1074 5229 1194 5269 cum
1217 5215 1375 5270 Patre
1396 5215 1707 5273 substantiae
1728 5222 1829 5273 erit
1851 5238 1862 5272 :

277 5312 365 5353 aut
389 5302 434 5355 si
465 5303 685 5356 alterius
712 5319 742 5357 a
770 5318 829 5358 se
860 5308 1073 5373 generis
1118 5307 1280 5360 Deum
1315 5309 1520 5377 genuit,
1554 5325 1678 5364 vera
1724 5312 1862 5366 nati-

278 5393 407 5445 vitas
437 5393 538 5446 dici
572 5410 677 5447 non
711 5396 927 5464 poterit,
974 5412 1093 5465 qua:
1133 5401 1515 5468 proprietatem
1547 5401 1861 5457 substantia:

276 5487 575 5551 generantis
601 5502 819 5541 servare
847 5504 952 5541 non
983 5492 1173 5558 potuit.
1206 5492 1267 5545 Et
1293 5508 1360 5546 eo
1380 5493 1756 5563 disputationis
1777 5511 1861 5548 ra-

277 5578 351 5629 tio
376 5578 675 5644 deducitur,
708 5591 876 5633 utaut
905 5583 1123 5636 omnino
1156 5597 1311 5639 natus
1338 5602 1441 5639 non
1474 5587 1565 5652 sit,
1591 5598 1679 5640 aut
1698 5589 1859 5657 dege-

276 5681 489 5723 ner-atus
518 5674 623 5734 sit;
654 5672 795 5739 quod
845 5683 1127 5742 utrumme
1181 5678 1333 5732 fateri
1386 5680 1777 5748 perabsurdum
1806 5690 1861 5736 et

274 5766 490 5835 impium
518 5781 637 5827 esse
664 5767 953 5829 videbitur.

555 5861 823 5919 Ρλτιιοι.
870 5861 1068 5920 LXII.

1982 4642 2257 4704 profiteor,
2292 4640 2409 4707 quia
2436 4641 2614 4710 genuit
2642 4660 2654 4695 :
2688 4651 2743 4695 et
2775 4652 2918 4696 recte
2952 4644 3348 4711 impassibtliter
3375 4652 3567 4704 nihilo-

1981 4729 2158 4782 minus
2185 4731 2464 4799 Conﬁteor,
2502 4733 2621 4802 quia
2655 4733 2923 4802 passibilis
2956 4750 3225 4805 nunquam
3265 4739 3382 4794 fuit.

2059 4841 2140 4893 Vl.
2171 4843 2321 4895 Arius
2348 4843 2518 4899 dixit:
2577 4844 2709 4898 Num
2755 4846 2913 4913 igitur
2938 4847 3058 4912 quia
3089 4848 3141 4901 in
3172 4848 3279 4905 Deo
3320 4853 3565 4923 omnipo-

1979 4934 2141 4987 tenlia
2176 4933 2486 5002 negatinon
2523 4945 2713 5003 potest,
2776 4936 2974 4992 idcirco
3028 4954 3149 4993 eum
3203 4945 3407 5011 perpeti
3460 4962 3563 5000 nun

1977 5039 2136 5093 posse
2161 5024 2430 5079 fatendum
2460 5036 2540 5079 est
2564 5029 2929 5095 qtne‘ontnino
2956 5030 3263 5099 incorrupta
3285 5036 3401 5101 ejus
3428 5036 3565 5089 divi-

1978 5119 2158 5170 uitatis
2189 5118 2487 5171 substantia
2554 5118 2711 5188 103
2767 5136 2868 5172 non
2922 5122 3147 5190 recipit?
3198 5123 3349 5179 Unde
3411 5130 3565 5180 valtlo

1976 5211 2337 5274 inhonestum,
2358 5221 2409 5264 et
2442 5210 2572 5265 satis
2602 5212 2871 5280 impietate
2896 5214 3105 5281 plenum
3130 5231 3248 5272 esse
3271 5219 3563 5284 videbitur,

1974 5313 2032 5356 ut
2058 5319 2152 5372 per
2185 5304 2338 5356 unius
2370 5303 2757 5371 profeSsionem
2818 5306 3150 5374 substantiis,
3202 5325 3299 5363 nec
3343 5311 3558 5364 Patrem

1975 5395 2187 5464 proprie
2221 5394 2536 5460 subsistete,
2567 5410 2665 5450 nec
2696 5396 2890 5449 Filium
2920 5399 2973 5451 iu
2997 5413 3089 5453 sua
3121 5401 3445 5468 prrprielate
3466 5418 3561 5455 ex-

1968 5498 2112 5542 stare
2139 5488 2443 5541 credatnus.
2476 5486 2599 5540 llttc
2642 5489 2783 5542 enim
2843 5487 3070 5542 nefanda
3115 5490 3350 5556 perfidia:
3398 5492 3558 5562 hujus

1967 5582 2140 5650 vet-git
2163 5581 2407 5646 intentio,
2435 5591 2487 5633 ut
2514 5582 2792 5653 permixtis
2814 5590 2869 5635 et
2896 5583 3050 5635 unius
3083 5582 3158 5635 rei
3181 5585 3555 5652 eoagulatioue

1967 5691 2034 5728 ex
2064 5676 2276 5729 diverso
2306 5674 2547 5728 collectis
2577 5686 2735 5743 atque
2767 5672 3001 5727 ectifusis
3037 5674 3273 5728 l’att'iset
3295 5676 3410 5731 Filii
3435 5698 3555 5750 per-

1968 5771 2136 5838 wuis,
2172 5770 2221 5824 ίη
2253 5786 2345 5824 δυ]
2376 5769 2468 5838 (ιιι
2499 5768 2644 5837 dixi)
2677 5766 3019 5835 proprietatis
3052 5769 3424 5837 sittgttlztt'tutc
3458 5778 3553 5828 tui-

3278 5868 3314 5921 fi
