4040 6184
368 348 385 457 ἓ

453 184 564 244 1⁸71

1777 185 2007 244 VIGILII
2047 184 2422 242 TAPSENSIS

3640 194 3746 250 l7!

460 303 610 353 nime
662 298 954 356 subsistere
991 299 1219 356 valeant.
1266 298 1398 354 Illud
1426 297 1586 353 etiam
1621 296 1780 352 nimis
1825 297 2048 352 ltorren-
2079 306 2123 363 Α
2153 301 2328 354 omnia
2376 298 2556 364 audit;
2606 312 2817 364 manus,
2848 298 2975 369 quia
3019 299 3201 355 omnia
3238 309 3529 372 operatur;
3578 308 3745 375 pedes

460 389 611 455 dum,
643 399 697 446 et
726 391 910 458 procul
946 405 976 444 a
1009 389 1247 445 ﬁdelium
1279 387 1550 443 mentibus
1593 385 1949 441 amovendum
1998 385 2052 439 in

464 484 566 536 hac
595 489 698 535 tua:
724 480 1073 550 professionis
1125 479 1354 551 perﬁdia
1391 479 1721 543 continetur,
1769 478 2050 532 inviolabi-

369 572 418 616 ξι
461 570 569 626 lem
596 571 809 627 Patrem
832 572 898 627 de
924 587 1018 627 sua
1044 571 1343 627 substantia
1391 569 1719 641 generando,
1741 569 2051 638 corruptio-

458 665 552 721 nis
572 680 635 721 ac
657 665 937 721 divisionis
961 666 1147 720 vitium
1178 664 1450 721 declinare
1476 664 1697 719 minime
1720 662 1977 733 potuisse.

532 758 844 818 Athanasius
898 758 1076 810 dixit:
1136 755 1374 811 Veritate
1418 754 1615 811 divina:
1662 753 2048 824 generationis,

458 846 781 903 welutnodis
811 846 1183 902 insolubilibus
1199 847 1401 901 arctius
1426 846 1712 915 obligatus,
1740 860 1835 913 per
1869 846 2052 899 nescio

458 955 581 1008 qua:
610 938 853 995 uelandae
881 938 1194 994 intentionis
1238 937 1541 1003 molimina,
1580 935 1773 1007 quibus
1814 935 2047 990 divinam

462 1040 670 1086 certum
700 1039 784 1086 est
802 1045 988 1086 carere
1017 1041 1282 1096 naturam,
1312 1028 1573 1086 evadendi
1593 1026 1882 1098 suﬁ’ugium
1905 1042 2051 1097 qua:-

436 1124 653 1187 ~t~itans,
686 1122 1088 1193 corrupzionem
1120 1123 1447 1191 incorrupto,
1478 1120 1781 1191 passionem
1805 1118 2051 1188 impassi-

458 1215 577 1281 bili,
610 1214 978 1283 impotentiam
1010 1213 1202 1283 obiicis
1229 1211 1603 1282 omnipotenti.
1636 1211 1743 1267 Sed
1788 1210 1903 1265 haec
1932 1224 2047 1267 cte-

459 1306 556 1360 bro
578 1321 643 1361 ac
669 1305 864 1374 saepius
901 1316 1172 1375 repetens,
1224 1304 1369 1359 nulla
1422 1313 1473 1359 te
1513 1302 1707 1357 divina:
1754 1301 2048 1370 maiestatis

440 1399 762 1453 eeverentia
793 1412 821 1449 a
855 1406 961 1451 tam
994 1396 1239 1453 nefandis
1285 1394 1678 1466 objectionibus
1727 1408 1915 1451 arcere
1952 1408 2049 1465 po-

458 1499 599 1543 test:
631 1487 725 1543 sed
757 1498 1016 1559 quantum
1043 1488 1199 1543 video
1224 1488 1341 1544 sine
1363 1488 1472 1542 ullo
1498 1486 1721 1557 pudoris
1749 1486 1965 1552 intuitu,
1994 1487 2045 1541 iu

438 1581 704 1650 iniuriam
738 1580 1058 1635 venerandae
1107 1579 1227 1635 Filii
1252 1580 1511 1635 nativitati
1536 1578 1725 1634 obvius
1756 1592 2046 1648 properare
2075 1603 2097 1613 -

2157 391 2275 458 quia
2309 390 2503 460 ubique
2531 399 2641 456 est;
2674 392 2745 446 ita
2772 400 3008 459 uterum,
3026 394 3149 463 quia
3170 393 3238 449 de
3260 392 3379 464 ipso
3400 396 3744 457 ineﬁ'abiliter

2154 479 2357 551 genuit,
2385 480 2629 551 accipere
2654 480 2839 537 debes.
2868 481 2977 539 Nec
2994 491 3047 540 te
3072 492 3289 554 oportet
3313 486 3605 544 inﬁdeliter
3622 491 3742 559 opi-

2156 573 2295 638 nari,
2316 573 2437 643 quia
2458 573 2501 628 si
2523 572 2592 629 de
2609 574 2788 644 seipso
2811 575 3016 645 genuit,
3042 577 3314 647 corrumpi
3337 579 3525 650 utique
3541 582 3738 651 potuit;

2154 678 2311 731 quem
2341 673 2398 717 ut
2425 664 2848 734 omnipotentem
2880 676 2936 722 et
2983 667 3448 738 incorruptibilem
3475 687 3741 742 generare
3812 714 3816 718 -

2155 753 2406 821 potuerit,
2434 768 2533 810 nec
2557 754 2656 810 hac
2682 756 2793 825 ipsa
2813 759 3161 827 generatione
3179 761 3450 830 corrumpi
3480 768 3736 833 potuerit,

2156 844 2387 900 ﬁdeliter
2408 846 2661 901 convenit
2690 846 2947 917 proﬁteri.
2975 848 3106 904 Nam
3128 850 3172 905 si
3195 850 3514 908 mirabiliter
3533 868 3600 908 ex
3620 855 3739 910 Vir-

2151 934 2275 1006 gine
2301 944 2486 991 contra
2517 952 2694 992 rerum
2724 947 2971 995 naturam
2997 940 3476 1011 incorruptibiliter
3493 945 3737 1001 creditur

2151 1040 2333 1093 natus;
2365 1038 2565 1099 quanto
2593 1016 2761 1097 magis
2787 1046 2854 1087 ex
2904 1033 3061 1088 Patre
3096 1034 3401 1091 credendus
3429 1045 3515 1091 est
3560 1036 3733 1093 incor-

2151 1120 2474 1190 ruptibiliter
2496 1122 2739 1190 genitus?
2762 1122 2820 1178 Si
2841 1123 2985 1178 enim
3016 1124 3383 1183 substantialis
3407 1136 3597 1183 natura
3617 1127 3738 1182 Vir-

2148 1211 2309 1280 ginis,
2338 1228 2459 1283 quae
2484 1228 2552 1269 ex
2587 1213 2699 1284 ipsa
2728 1214 2913 1285 utique
2933 1217 3296 1287 corruptibilis
3321 1228 3524 1275 natura:
3547 1222 3736 1277 condi-

2152 1306 2293 1361 tione
2324 1307 2555 1375 passioni
2593 1317 2649 1364 et
2680 1309 3014 1379 corruptioni
3054 1312 3226 1380 potuit
3265 1313 3564 1382 subiacere,
3597 1316 3735 1371 inte-

2150 1406 2353 1453 merata
2393 1398 2611 1467 pudoris
2658 1400 2981 1470 integritate,
3022 1412 3077 1458 et
3117 1403 3356 1461 infractis
3386 1407 3733 1475 virginalibus

2148 1491 2429 1557 claustris;
2476 1491 2706 1547 mirabili
2752 1493 3168 1564 incorruptiouis
3208 1496 3519 1567 integritate
3564 1499 3733 1555 ﬁlium

2146 1583 2449 1651 generavit;
2488 1597 2585 1638 cur
2624 1598 2729 1638 non
2773 1585 2960 1655 magis,
2995 1594 3056 1639 ut
3082 1586 3215 1652 dixi,
3265 1588 3728 1659 incorruptibilem

422 1704 425 1709 ν
450 1673 758 1728 contendis.
784 1672 889 1730 Sed
918 1681 971 1728 te
1000 1671 1307 1728 effrenatius
1337 1680 1647 1743 evagantem
1676 1680 1748 1739 et,
1777 1671 1921 1726 velut
1943 1686 2041 1726 un-
2070 1676 2119 1737 B
2151 1673 2307 1745 108
2332 1674 2522 1740 Deum,
2554 1676 2734 1744 genito
2757 1692 2823 1732 ex
2849 1692 2909 1733 se
2932 1676 3405 1748 iucorruptibiliter
3426 1680 3589 1746 Filio,
3611 1697 3733 1738 cor-

449 1765 571 1821 'dosi
600 1767 833 1836 aequoris
863 1766 1093 1836 gurgite,
1128 1766 1356 1821 naturali
1398 1765 1627 1834 quadam
1672 1765 1890 1820 licentia
1922 1762 2039 1819 flui-

444 1866 679 1924 tantem,
727 1857 925 1911 divinae
954 1858 1290 1912 auctoritatis
1338 1858 1643 1913 tesﬁmonia
1676 1844 2036 1923 coercebunt,

406 1958 507 2002 rzet
538 1948 674 2002 intra
705 1957 886 2003 certos
929 1947 1122 2003 divina:
1171 1948 1521 2018 professionis
1566 1948 1769 2004 limites
1798 1957 2042 2004 coarcta-

452 2049 586 2105 tum,
619 2039 872 2110 legalium
902 2041 1346 2095 constitutionum
1386 2050 1555 2096 metas
1581 2040 1766 2111 egredi
1812 2056 1920 2096 non
1966 2040 2041 2096 si-

423 2139 601 2183 ~ncnt.
632 2128 937 2184 Inculcatur
977 2129 1137 2199 igitur
1186 2128 1432 2185 humanis
1485 2131 1736 2186 sensibus
1764 2144 1920 2186 sacro
1949 2128 2041 2185 illo

413 2218 802 2288 sprofession's
833 2235 944 2275 sum
964 2221 1183 2276 oracnlo
1214 2220 1388 2275 divina
1418 2221 1688 2293 maiestas,
1725 2236 1831 2293 quo
1867 2236 1927 2277 se
1954 2221 2042 2276 Fi-

452 2311 580 2365 lium
604 2310 671 2365 de
703 2310 925 2366 occultis
967 2311 1282 2367 substantia:
1310 2326 1421 2367 sua:
1447 2313 1657 2369 arcanis
1702 2312 2040 2392 ineﬁabiliter

416 2403 701 2473 wgenuisse
750 2410 994 2470 testatur,
1029 2411 1081 2458 et
1102 2402 1271 2458 dicit:
1306 2402 1389 2457 Ea:
1428 2415 1568 2458 utero
1599 2414 1718 2459 ante
1746 2403 2040 2475 Luciferum

448 2496 602 2567 genui
625 2505 668 2548 te
700 2494 888 2565 (Paul.
911 2509 1022 2560 cxx,
1056 2496 1089 2549 5
1114 2496 1155 2564 ).
1186 2494 1358 2551 Unum
1389 2505 1471 2551 est
1492 2510 1621 2567 ergo
1643 2497 1695 2551 in
1723 2496 1823 2553 bac
1848 2498 2041 2552 divma:

420 2588 805 2660 -+_profcssionis
841 2589 1235 2644 co:itestatione
1295 2588 1605 2645 tenendum.
1665 2589 1771 2644 Aut
1801 2590 1943 2645 enim
1975 2589 2042 2645 de

449 2698 547 2738 sua
587 2680 845 2737 iueﬁ'abili
877 2680 1183 2735 substantia
1217 2680 1408 2735 Filium
1440 2681 1920 2751 incorruptibiliter
1952 2696 2043 2751 ge-

450 2775 599 2841 nuit;
629 2783 812 2829 autne
840 2781 1296 2843 corrumperetur,
1325 2775 1545 2829 omnino
1572 2789 1678 2829 non
1708 2774 1912 2845 genuit.
1939 2773 2042 2828 Sed

431 2866 553 2936 'tego
576 2865 714 2919 hanc
741 2863 965 2933 integra:
996 2862 1118 2917 ﬁdei
1152 2874 1357 2931 partem
1395 2864 1556 2933 eligo,
1582 2878 1701 2934 qua:
1740 2864 2041 2933 religiosius

453 2957 774 3013 coutestauti
807 2954 875 3008 de
905 2968 965 3008 se
998 2953 1125 3009 ‘Deo
1153 2955 1346 3007 suadet
1374 2952 1739 3007 famulandum
1766 2971 1779 3006 :
1824 2969 1923 3008 nec
1957 2968 2042 3007 me

2144 1766 2317 1835 rumpi
2349 1781 2453 1820 non
2487 1767 2721 1837 potuisse
2746 1769 3063 1824 credamus?
3087 1769 3130 1826 0
3151 1786 3344 1827 novum
3368 1781 3528 1843 atque
3557 1774 3731 1829 infan-

2142 1854 2266 1910 dum
2300 1868 2650 1914 monStruosa:
2679 1860 2946 1928 opinionis
2997 1861 3358 1918 damnabilem
3397 1877 3601 1920 metum
3642 1864 3728 1918 fa-

2146 1948 2246 2003 teri
2280 1947 2552 2018 Virginem
2605 1960 2759 2020 partu
2794 1965 2900 2006 non
2932 1953 3170 2021 potuisse
3210 1956 3501 2025 corrumpi,
3530 1968 3586 2012 et
3616 1955 3731 2010 for-

2144 2038 2346 2094 midare
2376 2039 2542 2094 Deum
2593 2054 2660 2095 ne
2702 2042 3064 2111 corruptionis
3101 2043 3231 2098 vitio
3277 2044 3603 2114 subiaceret,
3654 2048 3727 2102 de

2142 2143 2240 2183 sua
2264 2144 2366 2184 non
2401 2129 2638 2198 potuisse
2662 2131 2955 2186 substantia
2991 2137 3282 2201 generare!
3310 2134 3533 2191 Valente
3566 2138 3730 2207 igitur

2147 2221 2285 2287 Deo,
2330 2220 2693 2290 corruptibilis
2732 2232 2938 2277 natura:
2969 2223 3150 2295 Virgo,
3193 2226 3311 2281 sine
3352 2227 3456 2282 ullo
3507 2230 3730 2298 pudoris

2142 2310 2340 2365 damno
2368 2311 2534 2366 ﬁlium
2562 2313 2878 2383 generavit:
2908 2322 2964 2369 et
2984 2313 3098 2382 ipse
3118 2316 3209 2385 qui
3238 2316 3731 2387 incomparabiliter

2142 2402 2349 2457 cunctis
2380 2404 2586 2457 naturis
2630 2403 3085 2474 incorruptibilior
3125 2421 3425 2476 permanet,
3475 2408 3578 2466 hoc
3621 2411 3727 2464 sibi

2145 2504 2399 2564 praestare
2424 2510 2529 2550 non
2562 2496 2753 2566 potuit,
2784 2498 2840 2551 ut
2862 2496 2929 2551 de
2957 2511 3052 2551 sua
3092 2499 3387 2554 Substautia
3417 2500 3609 2555 Filium
3643 2502 3729 2556 in-

2140 2585 2562 2655 corruptibiliter
2580 2600 2836 2656 generare
2858 2588 3126 2657 potuerit?
3152 2588 3294 2659 Ergo
3314 2591 3435 2661 quia
3462 2591 3629 2647 Deum
3654 2593 3727 2648 de

2139 2677 2324 2747 seipso
2352 2677 2544 2733 Filium
2573 2673 2881 2749 generasse,
2910 2688 2966 2735 et
2989 2680 3295 2736 divinarum
3324 2683 3726 2752 Scripturarum

2145 2778 2409 2825 testantur
2437 2770 2671 2841 eloquia,
2703 2772 2833 2826 etin
2860 2786 2954 2827 sua
2985 2771 3144 2827 Arius
3173 2775 3438 2845 superiori
3471 2791 3729 2846 prosectu.

2146 2860 2291 2915 tione
2316 2858 2491 2916 fassus
2518 2870 2623 2926 est,
2652 2861 2853 2931 iudica,
2876 2863 3112 2951 vi;on
3141 2866 3345 2935 optime
3372 2866 3567 2935 Probe,
3603 2871 3729 2939 quis

2144 2952 2317 3023 magis
2336 2966 2457 3007 cum
2474 2951 2670 3010 divinis
2689 2955 2973 3009 conveniat
2991 2955 3280 3025 Scripturis
3296 2973 3313 3021 ;
3330 2967 3579 3014 utrumne
3597 2975 3725 3029 agn,

452 3047 558 3103 iilla
582 3045 828 3101 humanae
852 3045 1112 3112 passionis
1128 3045 1404 3099 obstacula
1426 3059 1491 3100 ex
1519 3044 1851 3099 inﬁdelitatis
1873 3039 2115 3103 sacri-’C
2145 3044 2233 3114 qui
2260 3043 2331 3098 ob
2357 3043 2459 3098 hoc
2487 3044 2644 3099 unius
2675 3044 2990 3101 substantiae
3015 3061 3135 3102 cum
3175 3046 3334 3103 Patre
3366 3048 3558 3103 Filium
3600 3066 3733 3105 esse

454 3140 596 3208 legio
633 3136 1011 3192 descendentia
1044 3135 1315 3190 ullatenus
1362 3144 1614 3206 poterunt
1662 3150 1935 3203 revocare,
1986 3146 2046 3192 ut

454 3229 648 3284 merito
679 3242 783 3281 non
809 3225 1024 3281 credam
1061 3226 1224 3281 Deum
1254 3239 1514 3297 generare
1544 3226 1807 3296 potuisse,
1838 3242 1905 3282 ne
1947 3228 2045 3281 hu-

454 3334 627 3374 ntaua:
653 3317 1059 3373 consuetudinis
1090 3333 1240 3372 more
1277 3318 1430 3389 107
1453 3319 1785 3388 corruptioni
1815 3321 2048 3389 patuerit

452 3414 767 3483 subiacere:
800 3426 920 3466 cum
954 3409 1054 3464 hoc
1080 3409 1211 3465 mihi
1236 3412 1365 3466 satis
1388 3424 1509 3466 esse
1538 3425 1644 3465 non
1667 3410 1903 3465 dubitem
1924 3426 2045 3481 pro-

454 3505 738 3569 utendum,
769 3504 837 3559 de
868 3503 962 3558 Dei
994 3503 1294 3559 subStantia
1328 3513 1510 3561 natum
1541 3518 1686 3569 esse,
1729 3519 1887 3574 quem
1918 3520 2046 3561 con-

451 3606 558 3652 stat
585 3595 651 3652 de
676 3593 850 3649 Patris
878 3604 1029 3650 utero
1052 3594 1403 3665 processisse.

504 3689 637 3745 ‘Vll.
673 3689 985 3745 Arins'diait
1011 3703 1030 3741 :
1059 3688 1327 3755 Quantum
1370 3697 1474 3742 tua!
1508 3687 1903 3758 prosecutionis
1952 3689 2040 3741 in-

454 3780 624 3835 tentio
668 3786 959 3845 monstrat,
1002 3778 1357 3847 compositum
1416 3777 1569 3833 nobis
1624 3787 1678 3833 et
1718 3778 2043 3848 corruptioni

448 3874 742 3929 obnoxium
768 3873 851 3928 vis
874 3872 1215 3928 introducere
1236 3873 1403 3929 Deum
1428 3889 1443 3939 ;
1469 3874 1559 3943 qui
1576 3873 1735 3928 etiam
1758 3873 1810 3929 in
1833 3889 1896 3930 eo
1920 3889 2042 3928 cor-

453 3966 693 4035 poralem
737 3964 874 4021 uteri
913 3964 1329 4034 appellationem
1378 3965 1623 4034 accipere
1644 3979 1775 4019 wnon
1821 3966 2034 4019 metuis.

450 4062 687 4135 Necesse
718 4075 846 4130 ergo
867 4058 971 4115 erit
1004 4068 1060 4114 ut
1088 4068 1179 4113 aut
1217 4058 1471 4114 membris
1498 4060 1826 4129 compositus
1860 4059 1951 4126 sit,
1982 4060 2030 4113 si

445 4165 660 4208 uterum
689 4148 881 4218 liabet;
910 4160 1003 4205 aut
1027 4151 1380 4221 cormptioni,
1410 4159 1473 4205 ut
1498 4148 1634 4216 dixi,
1665 4151 1958 4219 obnoxius,
1992 4152 2038 4207 si

448 4246 525 4299 de
544 4259 639 4299 sua
664 4243 962 4299 substantia
989 4244 1287 4311 generavit.

522 4336 833 4390 Athanasius
859 4336 1021 4389 dixit:
1041 4335 1204 4390 Recte
1236 4334 1286 4388 id
1316 4348 1402 4389 me
1431 4336 1667 4391 sensisse
1691 4350 1964 4403 argueres,
1991 4335 2036 4390 si

2146 3134 2427 3201 conﬁteor,
2456 3134 2599 3205 quod
2628 3134 2879 3191 videlicet
2908 3151 2973 3192 ex
3008 3138 3147 3208 ipso,
3182 3145 3238 3193 et
3268 3153 3373 3193 non
3400 3139 3614 3195 aliunde
3645 3141 3731 3194 dio

2148 3226 2387 3281 noscitur
2433 3238 2586 3281 natus
2618 3244 2631 3279 :
2673 3236 2728 3283 et
2766 3228 2837 3282 ob
2874 3227 2976 3284 hoc
3012 3245 3199 3284 rursus
3246 3231 3738 3301 incorruptiliiliter

2146 3316 2396 3388 genuisse
2425 3316 2698 3386 proﬁteor,
2733 3318 2853 3387 quia
2886 3319 3335 3375 excellentissima
3362 3321 3562 3376 divinat
3608 3338 3738 3377 ma-

2126 3408 2355 3478 iestatis
2371 3409 2687 3479 substantia,
2714 3424 2808 3480 per
2826 3410 2910 3466 sui
2936 3411 3262 3467 ineffabilem
3288 3414 3576 3483 potentiam
3603 3430 3740 3471 cor-

2148 3502 2379 3572 ruptioni
2419 3502 2701 3572 subiacere
2730 3503 3036 3559 nullatenus
3080 3506 3367 3574 potuisset;
3400 3522 3466 3560 an
3499 3509 3598 3561 iste
3631 3510 3735 3576 qui

2148 3596 2201 3651 in
2223 3604 2370 3650 tanto
2397 3594 2644 3665 ancipitis
2671 3595 3035 3665 intelligentla:
3060 3596 3366 3653 discriminc
3390 3598 3590 3667 positus
3611 3611 3735 3667 est,

2148 3699 2205 3741 ut
2230 3702 2335 3758 quo
2361 3687 2482 3742 ﬁdei
2508 3694 2619 3743 sua:
2641 3687 2831 3759 pedem
2861 3686 3081 3755 referat,
3112 3690 3336 3745 nesciat.
3360 3688 3558 3745 Nolens
3577 3691 3739 3746 enim

2146 3778 2388 3833 conﬁteri
2442 3778 2717 3841 Deum-de
2760 3794 2857 3834 sua
2913 3778 3212 3835 substantia
3251 3780 3741 3850 incorruptibiliter

2146 3870 2417 3938 genuisse,
2441 3871 2494 3925 in
2509 3886 2627 3926 eam
2650 3870 3006 3927 confessionis
3016 3873 3391 3929 necessitatem
3406 3874 3738 3941 attrahitur,

2147 3970 2204 4016 ut
2232 3978 2353 4017 eum
2394 3972 2550 4032 neget
2574 3964 2896 4019 omnimodis
2938 3966 3212 4034 genuisse.
3255 3964 3361 4020 Sed
3408 3967 3510 4019 hoc
3549 3965 3743 4033 ipsum

2145 4070 2363 4127 negare,
2416 4056 2758 4113 obviantibus
2796 4057 3029 4127 undique
3068 4066 3124 4113 et
3150 4058 3303 4113 clara
3346 4058 3744 4116 vociferatione

2144 4149 2583 4215 exclamantibus,
2609 4149 2730 4205 sive
2752 4149 3076 4220 propheticis
3099 4149 3214 4206 sive
3241 4150 3551 4220 apostolicis
3578 4154 3744 4209 voci-

2142 4240 2263 4305 bus,
2295 4255 2562 4308 nunquam
2592 4240 2709 4295 sine
2729 4239 2892 4295 dubio
2913 4242 3128 4310 poterit.

2216 4330 2346 4384 Vill.
2378 4328 2579 4384 Probus
2600 4331 2770 4403 judea:
2796 4331 2958 4385 dixit:
2982 4330 3246 4401 Quidquid
3271 4330 3323 4386 in
3340 4331 3441 4386 hac
3470 4346 3746 4401 prosecu-

370 4426 379 4434 ’
450 4427 749 4497 ego-Deum
779 4425 979 4481 habere
1010 4435 1244 4490 uterum,
1280 4427 1513 4495 promite
1550 4425 1870 4481 temeritatis
1902 4441 2038 4497 prae-
2067 4416 2113 4475 D
2143 4421 2345 4477 tionum
2374 4432 2671 4477 vestrarum
2701 4422 2998 4477 assertione
3022 4436 3315 4492 agnoscere
3343 4424 3514 4493 potui,
3536 4425 3746 4480 ultima

448 4519 777 4589 sumptione,
801 4519 917 4573 sine
939 4518 1051 4573 ullo
1066 4518 1198 4587 legis
1218 4516 1414 4573 divina:
1439 4518 1748 4572 testimonio
1770 4518 2035 4574 afﬁrmas-

447 4625 584 4668 sem.
614 4611 683 4664 At
710 4626 831 4665 cum
871 4610 989 4679 ipse
1020 4610 1159 4665 Deus
1187 4609 1252 4664 ad
1286 4609 1630 4664 refellendam
1672 4611 1895 4666 credere
1939 4625 2036 4666 no-

436 4702 670 4757 lentium
694 4701 957 4755 insaniam
979 4702 1079 4756 hoc
1108 4701 1174 4757 de
1192 4702 1379 4771 seipso
1409 4700 1757 4770 pronuntiare
1783 4702 2034 4772 dignatus

434 4804 554 4861 »εδιο
599 4808 706 4864 quo
742 4794 1042 4849 evidentius
1088 4810 1183 4864 per
1224 4794 1363 4849 uteri
1408 4793 1881 4864 nuncupationem,
1926 4810 2033 4851 non

447 4888 805 4952 extrinsecus,
835 4900 939 4940 non
962 4887 1201 4954 aliunde,
1225 4886 1321 4942 sed
1346 4886 1412 4942 de
1438 4888 1640 4957 seipso,
1666 4884 1723 4940 id
1746 4894 1828 4941 est
1847 4885 1915 4941 de
1936 4901 2030 4941 sua

444 4970 742 5037 substantia
773 4993 832 5033 se
858 4978 1050 5033 Filium
1081 4995 1372 5050 generasse
1403 4980 1643 5050 doceret,
1675 4994 1771 5035 cur
1791 4979 1921 5034 mihi
1951 4981 2031 5035 vi-

436 5079 597 5133 tiosa:
624 5075 954 5133 credulitatis
983 5086 1162 5130 notam
1198 5076 1403 5146 inﬁgis?
1432 5091 1553 5132 cum
1587 5078 1688 5130 hoc
1717 5074 1894 5145 potius
1924 5076 2031 5129 Deo

442 5169 626 5226 dicere
657 5168 862 5239 possis:
895 5166 952 5223 Si
984 5166 1150 5222 habes
1182 5178 1414 5237 uterum,
1450 5168 1782 5238 compositus
1807 5166 1947 5231 eris;
1984 5165 2028 5219 si

442 5262 704 5332 deteipso
729 5258 976 5332 genuisti,
998 5258 1329 5327 corruptioni
1359 5257 1631 5313 obnoxius
1656 5258 1785 5312 eris.
1810 5256 1941 5310 Nam
1962 5258 2031 5310 ita

444 5352 502 5407 in
526 5353 633 5409 Deo
659 5363 847 5408 uterus
877 5350 994 5407 sine
1022 5350 1194 5420 aliqua
1231 5348 1596 5403 membrorum
1633 5348 2025 5418 compositione

446 5444 725 5512 accipitur,
755 5444 894 5499 sicut
922 5442 1086 5507 oculi,
1109 5452 1161 5495 et
1191 5454 1372 5506 aures,
1407 5448 1462 5495 et.
1493 5454 1704 5506 manus,
1738 5450 1791 5494 et
1839 5439 2025 5508 pedes,

446 5532 562 5586 sine
593 5533 715 5588 ullis
739 5534 1139 5591 distinetionum
1179 5532 1521 5599 lineamentis
1562 5532 1739 5587 inesse
1776 5532 2026 5586 releruu-

448 5635 553 5682 tur.
578 5624 730 5680 Sicut
752 5641 879 5696 ergo
906 5628 1110 5697 oculos,
1135 5627 1257 5700 quia
1281 5628 1461 5685 omnia
1485 5626 1664 5694 videt;
1695 5640 1878 5693 aures,
1909 5625 2030 5696 quia

2140 4517 2399 4571 examinis
2420 4516 2588 4571 nostri
2620 4515 2887 4570 sententia
2904 4516 3177 4570 retinebit.
3202 4516 3354 4570 Nunc
3377 4530 3525 4582 vero,
3546 4517 3591 4571 si
3616 4534 3745 4587 qua

2138 4607 2291 4662 vobis
2318 4607 2492 4662 adhuc
2530 4607 2598 4663 de
2625 4607 2819 4661 divinis
2854 4606 3147 4677 Scripturis
3193 4606 3315 4662 ﬁdei
3355 4619 3547 4662 vestra:
3592 4623 3749 4665 con-

2136 4700 2379 4769 gruentia
2412 4712 2697 4768 superesse
2727 4698 2944 4767 putatis,
2980 4698 3221 4767 proferre
3249 4697 3540 4767 dignamini
3563 4738 3583 4765 ,
3622 4716 3749 4768 quo

2138 4791 2389 4846 facillime
2430 4807 2694 4861 queamus
2730 4806 2980 4861 processu
3009 4790 3387 4861 disputationis
3430 4807 3503 4861 qu
3528 4790 3561 4845 d
3609 4795 3747 4848 veri

2140 4882 2277 4936 ratio
2306 4886 2577 4938 contineat
2609 4882 2880 4951 indagare.

2212 4974 2524 5029 Athanasius
2546 4975 2708 5027 dixit:
2732 4975 2994 5040 Quoniam
3019 4974 3394 5031 excellentiam
3421 4984 3565 5029 tuam
3598 4991 3753 5045 pcr-

2139 5065 2310 5133 spicio
2352 5066 2476 5121 huic
2522 5065 2599 5121 rei
2643 5065 3028 5127 instantissime
3060 5080 3124 5121 ac
3155 5066 3386 5121 ﬁdeliter
3414 5066 3753 5137 imminere,

2142 5168 2195 5211 ut
2227 5156 2419 5211 Filium
2450 5157 2519 5214 de
2550 5157 2724 5211 Patris
2755 5156 3052 5211 substantia
3086 5166 3267 5211 natum
3299 5173 3363 5211 ex
3395 5157 3592 5211 divinis
3632 5174 3757 5215 vo-

2140 5247 2427 5304 luminibus
2453 5248 2841 5319 approbemus;
2869 5263 3173 5318 quanquam
3202 5251 3440 5303 omnium
3465 5263 3759 5317 prosecu~

2143 5340 2347 5394 tionum
2378 5356 2615 5396 mearum
2651 5339 2918 5395 sententia
2960 5340 3032 5393 ita
3069 5354 3128 5394 se
3157 5339 3354 5395 habere
3385 5341 3540 5411 109
3571 5356 3761 5397 mou-

2130 5442 2348 5497 stratur,
2382 5443 2439 5487 ut
2464 5435 2604 5489 sicut
2642 5431 2938 5499 hominum,
2979 5438 3063 5487 vel
3098 5433 3382 5502 cujuslibet
3410 5434 3759 5494 animalium

2132 5545 2319 5600 genus,
2346 5544 2459 5585 sua:
2485 5530 2800 5585 substantiae
2831 5529 3036 5586 similes
3063 5530 3277 5600 gignat;
3312 5539 3368 5584 ut
3417 5544 3518 5586 nec
3560 5530 3764 5591 homo

2136 5622 2348 5686 bovem,
2411 5637 2511 5679 nec
2549 5623 2644 5679 bos
2693 5620 2965 5679 hominem
2994 5629 3242 5693 generet,
3274 5622 3369 5679 sed
3398 5622 3463 5677 ad
3492 5638 3647 5678 suam
3690 5633 3800 5685 si-
