4044 6184
329 272 414 328 173
1310 264 1575 321 CONTRA
1620 264 1916 322 ArRlANOS
1956 265 2317 322 DIALOGUS.
2362 266 2493 323 LIB.
2535 269 2596 324 ll.

3497 273 3597 328 ιτι

328 388 691 452 militudinem,
726 386 781 459 id
823 394 907 441 est
940 398 1054 442 sua:
1078 382 1413 450 substantiae,
1444 399 1780 454 unaquaeque
1811 397 1899 439 res
1927 386 1976 443 Α
2010 384 2155 449 mihi,
2214 387 2410 443 servavi
2463 386 2645 457 (Joan.
2688 403 2817 452 χιιι,
2853 386 2974 459 19.);
3014 398 3067 444 et
3100 390 3284 443 Omnia
3320 406 3432 459 quis
3476 391 3602 444 mihi

329 492 581 553 procreet;
613 478 803 535 mirari
833 491 1216 549 usquequaque
1242 490 1348 531 non
1379 476 1552 532 debeo
1580 476 1749 531 Deum
1801 490 1901 544 po-

330 576 478 630 tuisse
507 574 576 628 de
605 587 702 627 sua
726 569 1024 626 substantia
1053 569 1244 624 Filium
1282 582 1569 638 generare,
1604 568 1689 622 cui
1733 575 1903 621 totum

330 682 474 737 posse
510 665 814 732 subjectum
859 672 962 718 est.
997 660 1104 717 Sed
1150 676 1217 716 ne
1248 662 1450 731 absque
1502 660 1904 729 Scripturarum

332 755 625 813 testimonio
654 769 774 809 mea
817 755 990 808 oratio
1031 761 1377 821 pervagetur,
1413 750 1697 820 aggredior
1741 750 1907 819 ipsius

330 848 667 918 opitulatione
721 846 978 908 munitus,
1032 843 1226 898 Filium
1277 842 1347 897 de
1395 842 1567 897 Patris
1611 839 1909 896 substantia

332 941 660 997 ineﬂ'abiliter
684 949 868 993 natum
898 953 965 993 ex
995 937 1190 992 divinis
1221 936 1459 991 oraculis
1501 935 1828 1004 approbare;
1854 941 1911 987 ut

331 1033 445 1088 dum
486 1032 761 1086 luculento
799 1030 1181 1100 disputationis
1224 1029 1457 1091 tramite,
1504 1042 1610 1081 non
1641 1042 1709 1081 ex
1756 1041 1914 1096 argu-

332 1134 504 1179 mento
530 1122 918 1193 philosOphicae
950 1122 1082 1175 artis
1122 1120 1392 1185 veniente,
1425 1119 1544 1186 sed,
1579 1127 1635 1173 ut
1673 1118 1803 1182 dixi,
1846 1133 1913 1172 ex

331 1214 517 1271 divinis
578 1216 1023 1269 demonstravero
1089 1213 1459 1277 documentis,
1533 1223 1642 1266 tum
1698 1211 1912 1266 demum

330 1310 482 1364 Arios
507 1308 880 1376 obmutescat,
913 1321 1032 1361 cum
1082 1305 1277 1361 Filium
1304 1307 1371 1360 de
1414 1306 1589 1361 Patris
1618 1303 1915 1359 substantia

330 1402 588 1469 genitum,
621 1399 883 1470 legalibus
915 1400 1144 1468 eloquiis
1189 1414 1274 1452 me
1314 1399 1543 1454 docente
1582 1397 1913 1467 cognoverit.

331 1489 524 1546 Paulus
546 1488 826 1559 apostolus
856 1488 925 1544 de
954 1488 1089 1543 Filio
1126 1488 1191 1542 ad
1226 1488 1482 1543 llebrmos
1511 1487 1776 1554 scribens,
1804 1488 1914 1540 ait:

329 1580 455 1637 Cum
481 1582 569 1644 sit,
594 1581 787 1651 inquit,
817 1583 990 1652 imago
1018 1579 1289 1635 invisibilis
1324 1579 1439 1647 Dei,
1468 1589 1517 1633 et
1548 1580 1773 1650 ﬁguram
1799 1578 1918 1631 sub-

327 1673 525 1728 stantia
546 1674 661 1743 ejus
685 1688 861 1741 gerens
888 1671 1073 1742 (Hebr.
1100 1687 1139 1736 ι,
1173 1674 1238 1736 '5;
1271 1669 1384 1725 Col.
1430 1687 1467 1740 ι,
1508 1670 1625 1739 15).
1655 1669 1920 1725 Jeretnias

2007 472 2166 541 dedit,
2197 491 2344 530 nemo
2366 478 2536 546 aufert
2558 494 2588 529 a
2607 494 2683 532 me
2711 477 2891 545 (Joan.
2917 495 2991 542 Vl,
3016 478 3130 549 39);
3155 488 3206 533 et
3234 478 3439 550 Rogabo
3460 496 3597 542 eum.

2010 570 2054 617 et
2075 563 2327 618 exhibebit
2359 566 2484 620 mihi
2525 568 2796 636 plusquam
2828 570 3091 623 duodecim
3136 571 3357 640 legiones
3392 572 3604 641 angelo-

2008 671 2126 709 rum
2151 656 2370 723 (Matth.
2397 675 2551 726 xxvi,
2576 661 2688 729 53);
2715 660 2843 716 etSi
2859 661 2940 713 hic
2962 661 3101 715 calix
3130 678 3227 715 nou
3252 672 3409 729 potest
3436 672 3606 717 trans-

2012 746 2087 799 ire
2127 748 2226 801 nisi
2260 748 2425 803 bibam
2449 752 2629 816 illum,
2666 753 2757 821 ﬁat
2794 752 3030 807 uoluntas
3059 763 3149 807 tua
3186 754 3401 826 (Matth.
3455 772 3605 819 xxvi,

2011 838 2133 907 42);
2164 848 2220 893 et
2253 839 2495 895 Transeat
2520 859 2551 894 a
2583 859 2660 896 me
2691 844 2826 896 calix
2855 847 2966 896 istc.
3014 843 3133 897 Non
3170 846 3297 898 sicut
3333 862 3425 912 ego
3466 846 3601 907 volo,

2013 933 2103 985 sed
2129 933 2259 986 sicut
2283 941 2337 986 tu
2370 933 2583 1004 (Matth.
2620 951 2765 1001 xxvi,
2797 935 2922 1005 39);
2957 946 3009 990 et
3034 939 3158 1002 Qua:
3178 949 3296 990 sunt
3321 940 3364 991 ei
3394 938 3606 1008 placita.

2014 1024 2154 1092 facio
2184 1041 2381 1095 seraper
2410 1025 2586 1096 (alcon.
2622 1043 2735 1093 vrn,
2759 1027 2889 1097 29);
2925 1038 2978 1083 et
3012 1030 3200 1083 Sedere
3237 1034 3305 1082 ad
3346 1032 3608 1084 dexteram

2016 1131 2182 1169 meum
2198 1117 2276 1170 vel
2296 1118 2363 1170 ad
2389 1119 2672 1185 sinistram,
2694 1136 2794 1173 non
2818 1130 2890 1173 est
2910 1137 3073 1174 meum
3091 1121 3214 1174 dare
3233 1122 3371 1176 vobis
3393 1122 3471 1193 (Μ
3478 1125 3608 1175 at:h.

2019 1225 2109 1272 xx,
2132 1208 2256 1279 9.5);
2284 1220 2337 1265 et
2369 1211 2522 1265 Dedit
2562 1213 2641 1265 illi
2682 1229 2863 1268 nomen
2891 1214 3031 1283 quod
3056 1222 3127 1268 est
3154 1231 3308 1283 super
3335 1231 3485 1269 omne
3514 1232 3611 1268 no-

2024 1317 2157 1366 men,
2189 1312 2233 1355 et
2255 1304 2493 1356 exaltarit
2522 1322 2737 1373 puerum
2763 1321 2911 1358 suum
2944 1304 3165 1377 (Philip.
3197 1323 3256 1373 ιι,
3283 1307 3370 1377 9);
3397 1316 3451 1362 el.
3478 1306 3614 1361 Pro-

2020 1403 2192 1464 pttrea
2217 1395 2361 1448 unxit
2379 1404 2426 1448 te
2446 1393 2604 1462 Deus,
2643 1394 2778 1450 Deus
2804 1406 2922 1450 tuus
2946 1396 3122 1464 (Psal.
3150 1414 3292 1463 κων,
3312 1400 3396 1469 9);
3426 1410 3482 1454 et
3508 1400 3615 1452 Ea-

2021 1489 2197 1542 citavit
2220 1505 2334 1542 eum
2360 1506 2391 1541 a
2420 1490 2653 1556 mortuis,
2679 1498 2726 1543 et
2752 1490 2927 1544 sedere
2957 1492 3077 1559 fecit
3114 1507 3228 1544 eum
3262 1493 3330 1545 ad
3352 1492 3613 1547 dexteram

2024 1596 2173 1634 suam
2206 1580 2424 1650 (Ephes.
2458 1597 2495 1644 ι,
2519 1581 2635 1651 9.0),
2661 1589 2715 1636 et
2742 1582 2904 1636 multa
2938 1581 3022 1636 his
3045 1582 3261 1649 similia,
3291 1598 3407 1653 quas
3436 1583 3613 1637 studio

2025 1670 2306 1726 brevitatis
2337 1672 2547 1728 omitto.
2588 1672 2645 1728 Si
2678 1687 2807 1741 ergo
2840 1673 3101 1743 majorem
3131 1674 3314 1738 habet,
3343 1676 3386 1729 si
3419 1676 3613 1729 missus

330 1777 562 1833 quoque,
599 1762 1055 1833 prudentissimus
1083 1762 1488 1833 prophetarum,
1521 1762 1588 1816 de
1616 1761 1709 1817 Dei
1750 1761 1923 1816 Patris
1955 1760 2003 1821 B
2030 1772 2133 1829 est,
2164 1764 2208 1817 si
2241 1773 2536 1833 spontanea
2573 1766 2847 1820 voluntate
2879 1782 2985 1819 non
3020 1768 3181 1832 venit,
3213 1766 3256 1819 si
3286 1767 3610 1820 voluntatem

331 1870 559 1924 persona
592 1855 947 1911 conciouatur
975 1863 1029 1909 et
1058 1855 1221 1909 dicit:
1254 1854 1315 1910 Si
1328 1856 1583 1909 stetissent
1608 1855 1661 1908 in
1690 1854 1924 1908 substan-

332 1948 399 2000 tia
426 1964 559 2012 mea,
595 1956 642 2001 et
673 1948 938 2003 audissent
969 1949 1175 2003 verbum
1213 1965 1402 2013 meum,
1434 1955 1714 2002 averterent
1761 1964 1846 2002 eos
1892 1964 1925 2001 a

330 2039 512 2093 studiis
553 2054 733 2093 eorum
766 2040 999 2107 pessimis
1039 2038 1253 2107 (Jerem.
1292 2055 1444 2106 χχιιι,
1471 2037 1587 2109 2).).
1620 2038 1685 2094 Et
1717 2048 1774 2092 ut
1801 2054 1922 2093 cum

332 2130 395 2185 de
415 2129 553 2185 Filio
575 2130 773 2186 dixisse
799 2131 1073 2201 probaret,
1100 2131 1373 2201 subjungit
1397 2130 1537 2186 idem
1572 2130 1853 2200 prepheta,
1871 2138 1927 2184 et

334 2223 460 2279 dicit
498 2241 513 2279 :
558 2224 686 2291 Quis
728 2226 870 2279 stetit
909 2225 963 2278 in
1006 2225 1298 2278 substantia
1328 2240 1442 2279 mea
1480 2232 1526 2278 et
1556 2224 1682 2277 vidit
1718 2223 1926 2277 verbum

336 2332 499 2369 meum
527 2313 745 2386 (larem.
769 2331 927 2381 xxtn,
964 2316 1090 2385 18)?
1120 2315 1357 2371 Verbum
1385 2316 1528 2371 enim
1557 2330 1679 2371 esse
1706 2314 1920 2379 Filium,

342 2404 508 2459 David
544 2406 805 2476 propheta
833 2407 899 2463 de
930 2406 1102 2462 Patris
1132 2422 1362 2477 persona
1410 2392 1656 2472 testatur,
1702 2407 1921 2462 dicens:

343 2492 602 2549 Eructauit
651 2514 739 2551 cor
781 2514 948 2552 meum
990 2499 1194 2552 verbum
1236 2498 1419 2553 bonum
1449 2499 1623 2568 (Psal.
1671 2514 1813 2564 XLIV,
1843 2498 1921 2568 Ξ).

337 2585 571 2641 Joannes
600 2603 814 2659 quoque
842 2590 1165 2659 evangelista
1196 2591 1373 2645 sciens
1394 2591 1534 2661 apud
1560 2590 1773 2645 Patrem
1798 2590 1925 2645 Ver-

336 2676 485 2741 bum,
515 2678 567 2731 id
599 2688 681 2732 est
710 2680 900 2734 Filium
926 2695 956 2735 a
988 2681 1251 2751 principio
1287 2681 1429 2752 apud
1458 2682 1671 2736 Patrem
1702 2696 1843 2749 esse,
1872 2691 1927 2737 et

338 2781 367 2819 a
399 2767 560 2824 Patre
594 2770 826 2825 Verbum
854 2788 1122 2841 nunquam
1154 2786 1460 2843 separatum
1492 2774 1679 2844 fuisse,
1707 2775 1761 2829 in
1784 2775 1927 2844 prin-

338 2861 482 2928 cipio
530 2859 833 2930 Evangelii,
866 2864 917 2917 id
950 2874 1032 2919 est
1072 2866 1498 2922 annuntiationis
1544 2882 1678 2931 suae,
1724 2867 1923 2936 posuit,

336 2949 524 3005 dicens
562 2968 577 3003 :
621 2950 688 3004 1n
732 2953 984 3025 principio
1026 2968 1136 3010 erat
1191 2956 1431 3026 Verbum,
1473 2968 1520 3012 et
1556 2957 1776 3013 Verbum
1817 2969 1926 3013 erat

338 3046 478 3113 apud
503 3044 691 3111 Deum,
716 3056 763 3100 et
798 3046 934 3101 Deus
955 3060 1064 3103 erat
1103 3050 1322 3105 Verbum
1353 3050 1530 3121 (Joan.
1557 3068 1596 3118 ι,
1622 3051 1702 3123 i).
1734 3051 1803 3106 Et
1828 3052 1927 3106 ite-

2026 1869 2178 1909 suam
2212 1871 2317 1909 non
2348 1854 2494 1920 fecit,
2544 1861 2586 1911 si
2629 1857 2767 1925 quod
2810 1857 2857 1911 ei
2904 1857 3101 1912 dicitur
3133 1858 3389 1926 loquitur,
3422 1858 3467 1912 si
3509 1859 3611 1912 sibi

2025 1945 2150 2000 data
2183 1947 2443 2010 custodit,
2476 1948 2519 2001 si
2553 1956 2727 2017 rogat,
2755 1948 2799 2002 si
2842 1961 2940 2017 pro
2977 1948 3148 2003 calice
3191 1949 3526 2018 deprecatur,
3569 1952 3613 2002 si

2028 2053 2223 2093 nomen
2248 2038 2315 2093 ab
2345 2038 2453 2093 alio
2482 2040 2711 2109 accepit,
2740 2040 2784 2095 si
2823 2040 2890 2093 ab
2930 2040 3037 2094 alio
3063 2039 3351 2109 exaltatur,
3384 2040 3429 2095 si
3458 2040 3616 2095 sedes

2027 2130 2306 2199 discipulis
2329 2131 2637 2199 petentibus
2667 2133 2882 2201 pr0pria
2908 2140 3175 2203 potestate
3200 2147 3306 2187 non
3341 2133 3545 2198 tribuit,
3571 2137 3615 2188 si

2028 2236 2149 2291 quae
2174 2232 2298 2277 sunt
2318 2222 2465 2275 Patri
2494 2222 2679 2291 placita
2702 2222 2911 2288 facit,et
2936 2223 3002 2277 ab
3023 2223 3140 2292 ipso
3164 2238 3191 2277 a
3208 2227 3432 2279 mortuis
3446 2226 3611 2280 susci-

2029 2321 2195 2378 tatur,
2223 2328 2507 2384 aquumne
2552 2313 2765 2369 videtur
2805 2322 2859 2369 ut
2903 2316 2991 2384 qui
3037 2315 3104 2370 de
3145 2330 3237 2369 sua
3285 2316 3627 2386 subjectiom,

2029 2412 2173 2459 tanta
2199 2420 2263 2461 ac
2294 2406 2413 2461 talia
2443 2406 2590 2473 dicit,
2625 2406 2769 2461 Patri
2798 2405 3062 2462 efﬁciatur
3082 2408 3337 2479 aequalis?

2102 2494 2307 2551 Probus
2331 2498 2501 2566 judea:
2544 2498 2711 2552 dixit:
2739 2497 2794 2552 Si
2832 2499 3117 2553 adversum
3150 2509 3255 2553 tam
3288 2500 3502 2570 copiosa
3533 2502 3618 2555 di-

2030 2590 2168 2643 vina:
2203 2589 2538 2645 auctoritatis
2573 2590 2902 2655 testimonia,
2941 2606 3060 2661 quae
3097 2592 3167 2645 ab
3210 2594 3340 2646 Ario
3383 2593 3449 2647 de
3496 2593 3616 2648 Filii

2030 2681 2368 2750 subiectione
2397 2681 2608 2752 prolata
2658 2692 2803 2747 sunt,
2834 2683 3033 2753 aliquid
3068 2683 3359 2738 Athanasio
3401 2700 3620 2755 compe-

2030 2783 2147 2828 tere
2171 2773 2405 2841 vidctur,
2438 2773 2651 2829 edicere
2681 2790 2785 2829 non
2827 2784 3095 2840 moretur;
3133 2786 3186 2830 ut
3209 2788 3385 2831 amota
3431 2794 3613 2847 super-

2030 2866 2331 2921 structione
2358 2866 2625 2922 sermonis
2662 2880 2726 2921 ex
2760 2866 2960 2921 divinis
3008 2868 3186 2936 pntius
3249 2868 3618 2924 voluminibus

2029 2968 2122 3011 aut
2154 2961 2309 3030 ιιι
2345 2957 2557 3026 similis,
2585 2968 2677 3012 aut
2713 2957 2989 3012 dissimilis
3021 2959 3104 3013 vel
3149 2960 3436 3029 coazqualis
3474 2960 3617 3015 Patri

2032 3049 2202 3105 Filius
2228 3051 2655 3116 demonstretur;
2705 3060 2763 3104 ut
2809 3052 2987 3121 agnita
3037 3052 3259 3108 veritate
3304 3068 3424 3123 qua:
3474 3068 3621 3111 sanae

338 3152 458 3191 rum
496 3138 606 3193 alio
654 3139 773 3195 loco
816 3140 1092 3212 Scriptura
1145 3143 1385 3209 tradidit,
1432 3143 1620 3199 dicens
1654 3161 1666 3196 :
1715 3141 1935 3198 Initium
1961 3135 2007 3197 C
2040 3142 2160 3195 lidei
2190 3155 2254 3197 ac
2287 3140 2478 3196 rationi
2505 3143 2833 3197 conveniunt
2861 3143 3202 3199 roborentur.

341 3230 511 3295 operis
541 3232 746 3285 verbum
792 3232 977 3303 (Eccli.
1024 3250 1234 3314 xxxv",
1267 3234 1384 3304 ΞΟ).
1416 3236 1532 3292 Νοιι
1563 3251 1668 3306 quo
1697 3236 1748 3290 in
1781 3251 1933 3292 crea-

342 3320 491 3376 tione
522 3319 703 3390 Verb'i,
739 3326 788 3381 id
820 3336 903 3381 est
942 3340 972 3380 a
1012 3325 1132 3381 Filii
1159 3328 1433 3383 creatione
1462 3339 1684 3382 caeteras
1709 3327 1934 3397 coeperit

340 3411 523 3468 facere
545 3427 849 3482 creaturas;
874 3418 969 3473 sed
991 3420 1114 3489 quia
1139 3433 1234 3489 per
1259 3418 1490 3475 Verbum
1518 3419 1633 3489 Dei,
1665 3418 1716 3473 id
1739 3429 1821 3474 est
1841 3434 1936 3488 per

341 3504 543 3561 Filium
586 3509 766 3562 omnia
804 3519 984 3564 creata
1033 3520 1346 3565 noscuntur.
1392 3509 1545 3566 Unde
1594 3510 1757 3565 David
1814 3523 1936 3579 pro-

338 3599 506 3666 pheta
538 3602 689 3670 ponit
712 3610 767 3656 et
804 3601 973 3657 dicit:
1006 3601 1169 3657 Verbo
1203 3603 1410 3657 Domini
1439 3604 1553 3657 creti
1589 3603 1784 3671 firmati
1819 3612 1937 3656 sunt

340 3691 522 3762 (Psal.
558 3709 725 3757 xxxu,
746 3693 825 3765 6).
858 3696 923 3750 Et
947 3708 1004 3750 ut
1025 3678 1280 3767 spiritum
1307 3707 1551 3754 sanctum
1583 3697 1739 3768 hujus
1759 3696 1940 3766 operis

338 3784 553 3837 socium
583 3785 910 3852 ostenderet,
936 3788 1045 3841 ait:
1079 3786 1147 3840 Et
1167 3790 1352 3857 spiritu
1383 3789 1486 3842 oris
1514 3790 1626 3859 ejus
1656 3789 1820 3842 omnis
1837 3788 1939 3841 uir-

338 3884 425 3927 tus
450 3890 651 3930 eorum.
690 3877 851 3931 Multa
897 3890 1023 3933 sunt
1061 3880 1203 3934 enim
1232 3896 1348 3951 qua:
1371 3880 1438 3935 de
1481 3880 1618 3936 Filio
1647 3880 1940 3950 Scriptura

340 3965 546 4020 divinae
577 3967 863 4035 perhibent
892 3970 1226 4036 testimonia;
1249 3971 1389 4042 quod
1420 3971 1486 4026 de
1518 3972 1812 4027 substantia
1836 3972 1940 4028 Pa-

341 4058 469 4123 tris,
500 4058 554 4112 id
585 4069 669 4114 est
694 4058 762 4115 de
790 4074 859 4115 eo
883 4062 1027 4132 quod
1068 4064 1181 4131 ipse
1209 4072 1313 4129 est,
1354 4063 1568 4133 genitus
1603 4063 1941 4118 demonstre-

340 4158 432 4202 tur
459 4167 473 4202 :
500 4148 572 4203 de
605 4153 762 4223 110
789 4167 891 4222 qua
916 4153 1214 4208 substantia
1242 4169 1349 4209 non
1373 4165 1579 4209 tantum
1607 4155 1819 4224 similis,
1844 4154 1940 4209 sed

342 4243 643 4311 coaqualis
685 4242 828 4299 Patri
866 4245 1038 4300 Filius
1087 4246 1486 4315 comprobatur.
1532 4246 1656 4301 Haec
1701 4247 1831 4303 ﬁdes
1860 4255 1943 4302 est

343 4348 512 4401 quam
548 4334 795 4391 Christus
822 4338 1085 4408 apostolis
1118 4338 1357 4401 tradidit,
1399 4350 1451 4391 et
1494 4338 1562 4393 ab
1588 4339 1846 4407 apostolis
1874 4337 1939 4391 ad

349 4438 452 4479 nos
482 4441 656 4494 usque
698 4431 963 4498 pervenit.
1016 4430 1124 4484 Nec
1173 4432 1457 4498 possumus
1499 4444 1615 4483 eam
1646 4426 1714 4481 in
1762 4428 1940 4497 aliquo

2109 3230 2177 3285 Χ.
2212 3231 2522 3287 Athanasius
2566 3232 2697 3286 dixit
2730 3248 2749 3286 :
2778 3232 3043 3300 Quantum
3077 3233 3207 3288 velit
3246 3240 3540 3303 percurrat
3568 3235 3621 3290 in

2038 3323 2271 3377 elatione
2299 3322 2566 3378 sermonis
2595 3322 2708 3378 Arii
2736 3324 3020 3389 calliditas,
3054 3316 3108 3379 ei
3150 3323 3253 3380 sibi
3296 3324 3363 3380 de
3394 3328 3626 3380 auctori-

2038 3424 2147 3469 tate
2178 3414 2380 3469 divina:
2410 3415 2540 3484 legis
2568 3415 2789 3484 prolatis
2816 3415 3033 3485 plaudat
3054 3416 3404 3481 testimoniis;
3435 3416 3626 3486 quibus

2038 3506 2289 3561 videlicet
2336 3507 2524 3560 nititur
2552 3507 2619 3562 ab
2658 3506 2963 3577 aequalitate
2991 3505 3167 3561 Patris
3196 3506 3391 3562 Filium
3435 3523 3628 3579 seque-

2042 3608 2234 3654 strare.
2269 3598 2468 3653 Cuncta
2493 3612 2612 3667 quae
2633 3596 2700 3652 ab
2723 3612 2788 3653 eo
2812 3597 3073 3667 prolixius
3090 3598 3286 3653 inserta
3313 3608 3626 3662 noscuntur,

2043 3690 2233 3745 iisdem
2257 3689 2418 3744 etiam
2444 3688 2768 3744 testimoniis
2797 3704 2825 3743 a
2850 3688 3008 3743 nobis
3035 3688 3236 3758 absque
3260 3689 3362 3744 ulla
3391 3689 3626 3744 difﬁcul-

2043 3791 2151 3838 tate
2177 3780 2518 3839 frustrantur.
2546 3780 2788 3836 Christus
2822 3782 2980 3848 igitur
3016 3779 3187 3834 Ftlins
3231 3780 3324 3834 Dei
3366 3781 3415 3835 in
3452 3781 3621 3835 forma

2042 3876 2205 3943 servi,
2252 3890 2412 3945 quam
2454 3875 2683 3943 sumpsit
2719 3888 2784 3928 ex
2819 3872 3052 3942 Virgine,
3102 3872 3243 3927 Patri
3274 3871 3470 3926 dicitur
3508 3887 3627 3931 esse

2042 3969 2336 4039 subjectus,
2370 3969 2615 4038 apostolo
2657 3950 2822 4021 Paulo
2848 3968 3028 4021 taliter
3049 3967 3349 4021 affirmante
3377 3984 3390 4018 :
3419 3968 3515 4023 Ubi
3543 3986 3626 4023 re-

2044 4062 2139 4128 nit,
2158 4062 2347 4131 inquit,
2373 4059 2638 4130 plenitudo
2660 4060 2918 4128 temporis,
2945 4060 3080 4111 misit
3100 4059 3235 4112 Deus
3260 4057 3454 4112 Filium
3478 4078 3626 4113 suum

2045 4153 2319 4223 factumea:
2348 4152 2582 4217 muliere,
2618 4154 2808 4221 factum
2837 4151 2927 4204 sub
2964 4152 3071 4222 lege
3116 4149 3262 4219 (Gal.
3314 4167 3383 4217 Iv,
3419 4154 3492 4221 4).
3539 4154 3631 4207 llle

2046 4247 2221 4316 itaque
2251 4245 2445 4300 dicitur
2469 4258 2587 4300 esse
2614 4244 2891 4312 subjectus
2921 4246 3011 4314 qui
3034 4246 3135 4300 sub
3170 4246 3284 4315 lege
3307 4261 3371 4301 ex
3402 4249 3625 4301 muliere

2046 4339 2286 4393 noscitur
2312 4346 2623 4407 generatus,
2654 4346 2710 4392 et
2747 4337 2797 4391 in
2824 4352 2885 4391 ea
2918 4337 3087 4391 forma
3120 4340 3376 4407 majorem
3404 4355 3463 4393 se
3496 4339 3629 4392 indi-

2044 4440 2133 4485 cat
2161 4430 2397 4493 Patrem,
2424 4445 2582 4499 quam
2618 4430 2918 4484 voluntarie
2946 4432 3181 4499 sumpsit
3208 4447 3272 4484 ex
3304 4431 3537 4499 Virgine.
3575 4432 3629 4485 ln

350 4517 665 4584 inoratare,
689 4536 848 4588 quam
866 4531 1079 4577 constat
1109 4536 1207 4577 nos
1227 4521 1426 4577 debere
1450 4522 1517 4577 ab
1538 4522 1713 4587 initio,
1740 4531 1797 4575 ut
1816 4520 1937 4575 data
1968 4513 2016 4573 D
2043 4523 2214 4578 forma
2243 4524 2334 4578 Dei
2371 4522 2544 4576 Patris
2573 4523 2848 4592 angelicus
2873 4523 2924 4577 ei
2966 4522 3163 4577 chorus
3200 4523 3454 4590 probatur
3487 4539 3627 4593 prtu-

351 4622 460 4677 esr,
493 4612 724 4668 ﬁdeliter
755 4631 1097 4671 conservare.

429 4705 523 4759 IX.
558 4708 707 4761 Arius
731 4709 860 4762 dixit
884 4725 903 4762 :
935 4710 973 4762 Ε
1006 4710 1269 4777 superiori
1316 4710 1688 4778 prosecutione
1723 4723 1838 4763 mea
1870 4712 1945 4763 ita

2047 4617 2229 4672 buisse
2259 4616 2640 4671 ministerium.
2676 4615 2749 4669 Ita
2784 4616 2927 4671 enim
2960 4615 3011 4669 in
3055 4616 3343 4685 Evangelio
3372 4618 3630 4686 scriptum

2046 4718 2168 4766 est:
2198 4709 2263 4763 Et
2294 4710 2523 4763 discessit
2555 4710 2619 4763 ab
2644 4725 2704 4762 eo
2726 4708 2981 4777 diabolus,
3012 4717 3061 4762 et
3090 4718 3331 4763 venerunt
3364 4710 3556 4781 angeli,
3589 4723 3634 4765 et

348 4810 586 4851 exorsus
624 4800 773 4866 sum,
827 4800 966 4867 quod
1016 4801 1367 4855 Athanasium
1422 4800 1641 4870 perﬁdia
1689 4799 1950 4854 uanitatis
2046 4804 2400 4858 ministrabant
2420 4804 2469 4858 ei
2489 4801 2704 4874 (Matth.
2740 4818 2813 4868 tv,
2846 4800 2957 4873 Η).
2982 4801 3177 4871 Objicit
3213 4803 3353 4867 quod
3389 4805 3638 4858 volunta-

351 4888 663 4957 prtecipitet
707 4890 760 4942 itt
808 4892 1152 4960 profundum.
1226 4893 1359 4947 Dutn
1398 4894 1541 4948 enim
1591 4892 1702 4946 vult
1760 4892 1942 4945 lacuna

348 4980 501 5033 diam
524 4983 606 5035 sui
636 4984 903 5037 sermonis
925 4983 1232 5048 ostendere,
1265 4987 1477 5039 nescius
1501 4986 1552 5039 in
1576 4986 1801 5039 crimine
1824 5000 1943 5038 ver-

348 5081 510 5124 satur
541 5072 834 5141 Scriptura:
864 5076 1080 5139 divinae,
1108 5076 1337 5130 dicendo
1368 5076 1508 5145 quod
1551 5078 1602 5130 in
1642 5077 1939 5131 subsmntia

352 5160 456 5213 Dei
481 5173 794 5232 coequetur
824 5166 988 5221 Filius
1009 5167 1259 5235 genitori,
1291 5182 1410 5222 cum
1441 5169 1555 5237 ipse
1584 5169 1753 5223 Filius
1780 5170 1848 5223 de
1883 5156 1942 5223 Se

350 5264 707 5324 protestetur,
736 5264 792 5310 et
818 5256 959 5311 dicat
983 5276 995 5309 :
1030 5256 1185 5312 Pater
1208 5261 1377 5331 major
1407 5276 1486 5314 me
1509 5269 1580 5312 est
1612 5258 1787 5330 (Joan.
1829 5275 1938 5326 xiv,

349 5348 483 5417 28);
513 5356 570 5401 et
593 5346 696 5413 Qui
724 5364 803 5401 me
829 5349 988 5415 misit,
1008 5350 1116 5419 ipse
1137 5350 1262 5403 mihi
1283 5352 1579 5403 mandatum
1600 5352 1736 5404 dedit
1762 5348 1939 5421 (Joan.

347 5460 457 5511 ιιι,
489 5443 686 5514 49);οι
717 5444 839 5499 Non
873 5463 962 5516 ego
989 5448 1119 5509 veni,
1151 5448 1240 5501 sed
1260 5447 1347 5501 ille
1364 5464 1442 5502 me
1463 5448 1597 5502 misit
1625 5447 1802 5518 (Joan.
1828 5465 1941 5514 vtu,

341 5533 478 5602 ‘2);
499 5545 555 5591 et
576 5535 700 5589 Non
730 5538 840 5591 veni
862 5542 1032 5607 facere
1059 5537 1371 5593 voluntatem
1396 5556 1581 5606 meam,
1604 5543 1692 5595 sed
1712 5544 1945 5595 volunta-

347 5638 465 5679 tem
505 5630 615 5698 ejus
647 5632 737 5699 qui
782 5646 859 5685 me
896 5632 1035 5699 misit
1072 5631 1251 5703 (Joan.
1283 5647 1357 5698 γι,
1384 5632 1498 5702 58);
1538 5643 1591 5688 et
1621 5632 1769 5689 Sicut
1816 5636 1946 5689 dixit

350 5720 494 5773 mihi
514 5719 694 5791 Pater,
720 5725 792 5779 sic
823 5725 1001 5793 loquor
1026 5722 1204 5796 (Joau.
1248 5740 1339 5789 xu,
1370 5725 1490 5797 50);
1525 5735 1579 5784 et
1624 5726 1777 5795 Quod
1805 5729 1945 5782 dedit

2050 4905 2157 4951 tem
2191 4895 2363 4949 Patris
2391 4894 2599 4958 iecerit,
2631 4902 2685 4948 et
2720 4909 2827 4946 non
2869 4909 3042 4947 suam.
3091 4894 3147 4948 In
3191 4894 3291 4947 hoc
3323 4884 3490 4965 magis
3523 4897 3637 4949 lau-

2052 4988 2246 5043 dabilis
2274 4986 2431 5055 hujus
2458 4985 2604 5041 verbi
2637 4985 2781 5039 dicto
2806 4984 2967 5040 debet
2991 4987 3207 5055 agnosci
3235 5006 3247 5039 :
3278 4989 3397 5055 quia
3426 4988 3513 5057 qui
3540 4988 3638 5041 Pa-

2052 5079 2147 5133 tris
2164 5078 2491 5133 voluntatem
2515 5077 2889 5145 :equanimiter
2910 5077 3055 5142 fecit,
3072 5080 3433 5147 aequalitatem
3456 5066 3638 5134 osten-

2052 5170 2155 5237 dit,
2187 5170 2449 5237 Apostolo
2480 5169 2853 5224 conlirmante.
2884 5168 3012 5224 Haec
3046 5181 3143 5237 est,
3188 5172 3376 5242 inquit,
3403 5174 3636 5225 voluntas

2055 5261 2152 5315 Dei
2180 5264 2232 5314 in
2264 5260 2467 5314 Christo
2494 5259 2621 5314 Iesu
2655 5259 2708 5332 (Ι
2742 5261 2916 5317 Thess.
2944 5279 2996 5327 v,
3028 5263 3141 5332 i8).
3173 5263 3301 5317 Nam
3329 5264 3449 5333 quia
3480 5264 3634 5318 addi-

2052 5352 2129 5407 dit
2157 5372 2168 5406 :
2200 5352 2345 5408 Sicut
2370 5351 2498 5405 dixit
2527 5354 2652 5406 mihi
2681 5352 2856 5423 Pater,
2886 5355 2959 5407 sic
2980 5355 3158 5422 loquor
3187 5354 3361 5423 (Joan.
3392 5372 3485 5420 xu,
3515 5357 3634 5429 50);

2051 5459 2218 5513 quare
2260 5443 2533 5497 hominum
2564 5459 2754 5514 genus,
2787 5445 2925 5513 quod
2966 5456 3168 5499 rectum
3198 5456 3280 5499 est
3311 5447 3634 5519 intelligens,

2054 5538 2235 5592 audito
2267 5537 2368 5592 hoc
2396 5538 2558 5592 verbo
2606 5536 2880 5592 turbetur?
2921 5537 2976 5589 Si
3026 5537 3167 5590 enim
3210 5537 3365 5592 aliter
3395 5539 3636 5598 Christus

2055 5651 2211 5705 quam
2246 5636 2383 5691 Deus
2418 5636 2574 5689 Pa'er
2605 5634 2928 5702 loqueretur,
2968 5642 3093 5685 tunc
3122 5632 3290 5703 magis
3326 5634 3466 5691 Patri
3507 5640 3635 5692 inat-

2056 5728 2227 5797 qnalis
2250 5728 2333 5785 vel
2366 5725 2643 5784 dissimilis
2675 5725 2744 5779 dit
2765 5734 2965 5780 erclur.
2998 5725 3055 5780 Si
3090 5743 3219 5784 vero
3254 5743 3371 5800 qum
3405 5733 3635 5801 loquitur
