3958 6176
402 324 529 351 καίοι

482 352 535 387 ι.)

1734 328 1970 384 ννιοιωι
2013 326 2381 383 TAPSENSIS

3608 333 3713 390 {76

436 448 611 512 Pater,
645 463 702 501 ea
748 446 1198 518 loquitur‘Filitts,
1244 461 1510 516 nunquam
1565 444 1840 514 inaequalis
1871 441 2011 496 Patri
2042 440 2090 508 Α
2120 457 2209 494 ror
2239 439 2416 511 (Joan.
2446 455 2497 509 v,
2533 439 2659 511 17);
2686 451 2741 497 et
2772 442 2917 499 Sicut
2960 441 3115 500 Pater
3146 446 3358 500 suscitat
3397 457 3623 501 mortuos
3661 462 3709 503 et

432 548 522 591 aut
554 539 825 593 dissimilis
850 541 1134 594 invenitur.
1174 539 1321 604 Quod
1347 538 1488 590 dt’dtt
1520 535 1662 601 mihi,
1697 534 2013 605 inquit,ser-

418 637 565 701 pari,
597 646 669 702 et,
711 638 879 689 omnia
908 652 1021 705 qum
1054 635 1177 687 mihi
1220 634 1379 699 dedit,
1422 648 1565 685 nemo
1612 633 1782 699 aufert
1833 644 1863 679 a
1912 641 2008 677 me.

432 730 579 782 bona
612 730 752 782 enim
795 729 972 781 divina
1013 728 1114 781 hoc
1142 725 1300 779 modo
1334 722 1678 793 intelligenda
1709 728 1833 773 sunt
1872 714 2010 769 Filio

432 819 706 871 attributa.
742 818 895 871 Dedit
925 817 1065 870 enim
1090 816 1244 870 Pater
1273 815 1409 870 Filio
1441 814 1730 883 potentiam
1763 810 2013 877 omnipo-

432 910 583 974 teuti,
626 891 961 977 majestatem
1009 908 1194 963 tribuit
1243 908 1811 978 majestati,virtutem
1862 904 2010 957 dedit

431 1002 632 1069 virtuti,
693 1002 1025 1071 prudentiam
1077 1003 1357 1072 prudenti,
1408 1004 1800 1073 praeseientiam
1866 1017 2008 1072 prae-

428 1095 636 1159 scienti,
656 1095 1007 1149 aeternitatem
1031 1094 1334 1161 aeternitati,
1359 1094 1692 1149 divinitatem
1716 1093 2002 1160 divinitati,

428 1188 785 1256 aequalitatem
809 1187 1087 1254 coaequali,
1108 1184 1565 1240 immortalitatem
1599 1184 1909 1247 immortali,
1929 1182 2008 1235 in-

430 1277 784 1331 visibilitatem
816 1276 1090 1343 invisibili,
1128 1277 1259 1347 Regi
1296 1292 1538 1347 regnum,
1572 1277 1733 1330 vitam
1765 1277 1917 1330 vitm:
1954 1286 2008 1330 et

429 1386 530 1424 non
562 1371 720 1429 aliam
747 1371 814 1426 ab
835 1385 895 1425 ea
922 1385 1078 1439 quam
1106 1370 1263 1424 habet
1289 1372 1440 1440 112
1466 1369 1642 1433 dedit;
1666 1378 1721 1422 et
1749 1377 2004 1437 quantum

425 1460 603 1524 habet,
637 1469 838 1514 tantum
870 1459 1037 1528 dedit,
1065 1460 1151 1515 vel
1177 1461 1220 1514 si
1254 1476 1368 1529 qua:
1397 1461 1499 1514 alia
1529 1476 1648 1529 qum
1680 1460 1837 1516 Pater
1869 1459 2004 1515 Filio

423 1552 814 1606 indivisibiliter
853 1561 907 1607 et
939 1549 1365 1622 inseparabiliter
1399 1552 1694 1607 contulisse
1739 1561 2004 1606 monstra-

421 1652 526 1697 tur.
563 1643 669 1699 Sed
700 1643 815 1698 haec
844 1645 1022 1698 omnia
1073 1642 1290 1697 habenti
1337 1644 1511 1711 potius
1542 1658 1697 1710 quam
1745 1642 2002 1713 indigenti

418 1733 634 1789 dedisse
661 1736 939 1803 probatur,
963 1735 1049 1789 cui
1075 1749 1104 1788 a
1131 1733 1265 1788 Filio
1297 1734 1491 1788 dicitur
1519 1752 1529 1785 :
1566 1736 1751 1789 Omnia
1779 1754 1888 1790 mea
1914 1748 2000 1789 tua

416 1838 552 1894 sunt,
577 1836 622 1880 et
652 1827 822 1880 omnia
846 1836 934 1879 tua
965 1841 1075 1879 mea
1101 1839 1219 1879 sunt
1272 1826 1451 1895 (Joan.
1486 1841 1618 1892 xvtt,
1652 1826 1761 1897 ib).

484 1919 575 1973 Xl.
606 1919 661 1974 Si
691 1920 788 1973 ista
812 1919 992 1973 omnia
1017 1934 1134 1988 qua:
1162 1918 1476 1987 perhibetur
1509 1920 1665 1975 Pater
1696 1921 1832 1975 Filio
1869 1937 2000 1977 con-

416 2009 621 2075 tulisse,
653 2010 755 2062 alia
783 2011 833 2063 in
857 2024 944 2076 eo,
973 2018 1027 2064 et
1051 2010 1152 2063 alia
1181 2012 1431 2064 videntur
1453 2026 1573 2065 esse
1592 2013 1643 2066 in
1670 2013 1823 2078 Filio,
1849 2030 1998 2070 men-

415 2105 598 2157 dacem
627 2102 742 2155 sine
773 2100 935 2156 dubio
962 2101 1185 2157 facimus
1216 2102 1431 2166 Filium,
1464 2103 1553 2172 qui
1597 2104 1727 2157 dicit
1756 2120 1848 2159 sua
1878 2121 1997 2161 esse

413 2208 528 2261 quia
552 2191 725 2246 Patris
757 2199 897 2247 sunt.
932 2191 1036 2249 Sed
1060 2192 1103 2246 si
1123 2194 1174 2246 in
1196 2192 1277 2246 his
1306 2208 1423 2261 qua:
1453 2193 1587 2246 dixit
1640 2194 1864 2248 mendax
1904 2196 1992 2249 Fi-

412 2286 510 2335 lius
541 2282 830 2345 invenitur,
870 2290 927 2337 et
968 2282 1295 2352 evangelista
1340 2283 1502 2338 simili
1557 2288 1715 2337 modo
1746 2287 1830 2354 qui
1875 2287 1990 2342 ait:

412 2374 685 2445 IEq‘ualem
714 2392 766 2429 se
806 2375 998 2445 faciens
1030 2373 1136 2428 Deo
1169 2373 1347 2445 (Joan.
1378 2390 1434 2442 v,
1472 2373 1585 2443 18),
1619 2378 1763 2429 omni
1797 2378 1993 2432 virtute

374 2512 375 2515 η
410 2469 658 2522 tailctur:
691 2483 754 2522 ac
789 2467 863 2521 ita
919 2468 1022 2523 erit
1067 2475 1123 2523 ut
1166 2482 1263 2523 nec
1304 2466 1461 2523 Pater
1494 2469 1627 2523 Filio
1666 2469 1872 2541 integre
1901 2482 1993 2527 aut

408 2565 668 2618 veraciter
716 2563 919 2633 aliquid
969 2563 1262 2618 contulisse
1306 2571 1656 2628 monstretur,
1700 2579 1799 2619 nec
1832 2582 1989 2621 verus

407 2656 544 2710 Deus
578 2654 742 2709 Filius
765 2663 1135 2724 cognoscatur.
1157 2651 1260 2707 Sed
1284 2654 1328 2706 si
1353 2667 1474 2707 vera
1503 2665 1623 2706 sunt
1642 2653 1820 2722 (sicuti
1840 2648 1985 2725 sunt)

406 2765 521 2818 qua:
553 2749 709 2804 Pater
740 2748 878 2802 Filio
901 2747 1326 2815 inseparabiliter
1343 2756 1403 2799 et
1423 2746 1707 2800 indiscrete
1738 2748 1985 2811 contulit,

405 2842 768 2895 conticescant
808 2839 1134 2895 dementium
1181 2837 1456 2892 hominum
1498 2839 1715 2908 linguae,
1757 2856 1873 2909 qua:
1902 2842 1986 2896 tti-

403 2942 587 2988 tuntur
624 2934 817 2988 Filium
858 2949 888 2988 a
932 2934 1102 2988 Patris
1147 2933 1443 2987 substantia
1494 2950 1766 3003 separare.
1818 2937 1987 3007 Rogat

403 3018 567 3080 Filius
602 3025 841 3095 Patrem,
876 3033 934 3078 ut
968 3024 1236 3078 hominem
1272 3035 1454 3077 veram
1488 3040 1542 3077 se
1566 3035 1776 3094 gestare
1806 3039 1977 3081 osten-

401 3128 512 3179 dat.
556 3123 684 3177 Nam
713 3132 769 3177 ut
798 3121 1010 3175 deitatis
1039 3134 1151 3174 sua:
1198 3120 1467 3173 intimaret
1500 3124 1814 3188 petentium,
1849 3123 1980 3177 mari

400 3215 686 3284 imperavit
723 3222 776 3266 et
815 3211 1007 3278 ventis,
1054 3220 1107 3265 et
1150 3211 1385 3281 quinque
1416 3211 1577 3265 millia
1611 3213 1897 3268 hominum
1917 3214 1983 3270 de

399 3307 635 3374 quinque
691 3303 918 3372 panibus
974 3302 1253 3356 saturavit.
1323 3303 1556 3357 Calicem
1608 3299 1870 3372 passionis
1926 3313 1983 3359 ut

399 3398 560 3449 homo
594 3395 761 3448 tristis
802 3394 1041 3462 accepit;
1077 3401 1134 3447 ut
1181 3394 1323 3447 Deus
1371 3405 1547 3449 autem
1583 3394 1780 3449 fontem
1827 3411 1980 3464 aqum

398 3488 530 3539 vivae
561 3484 801 3541 salientis
843 3484 893 3538 in
922 3484 1083 3537 vitam
1116 3492 1373 3550 cateruam
1416 3485 1757 3541 credentibus
1801 3486 1981 3556 propi-

395 3578 562 3631 navit.
601 3577 815 3645 Accepit
838 3590 1055 3642 nomen,
1092 3583 1147 3628 ut
1173 3575 1225 3628 in
1262 3578 1362 3630 hoc
1395 3578 1610 3633 nomine
1640 3580 1877 3633 coelestia
1926 3588 1979 3635 et

398 3672 668 3727 terrestria
715 3679 767 3725 et
812 3670 1018 3724 inferna
1050 3669 1296 3725 adorent.
1333 3670 1609 3725 Exaltatus
1636 3681 1717 3727 est
1753 3672 1821 3727 de
1860 3672 1979 3727 imis

394 3764 457 3818 ad
485 3763 776 3834 superiora,
812 3760 862 3816 id
895 3770 977 3816 est
1001 3760 1067 3815 de
1094 3775 1253 3815 carne
1285 3761 1531 3814 humana:
1576 3762 1873 3832 fragilitatis
1912 3763 1977 3817 ad

394 3858 559 3913 Deum
597 3854 985 3921 conscendens,
1020 3854 1173 3908 sedet
1220 3852 1286 3907 ad
1324 3852 1601 3907 dexteram
1654 3853 1971 3923 majestatis,

399 3966 455 4010 ut
480 3970 598 4009 eum
634 3970 736 4007 non
769 3951 975 4006 dubitet
1004 3949 1230 4003 humana
1263 3947 1546 4003 infirmitas
1576 3949 1748 4018 sequi,
1772 3949 1859 4003 ubi
1882 3963 1976 4003 ca-

395 4057 485 4112 μιι
514 4060 667 4099 suum
698 4044 889 4097 viderit
939 4041 1175 4111 gloriari.
1212 4039 1414 4096 Unctus
1454 4047 1538 4096 est
1574 4050 1629 4096 ut
1670 4042 1976 4100 chrismatis

391 4140 556 4206 ipsius
581 4138 832 4191 unctione
864 4151 892 4189 a
923 4134 1042 4189 labe
1079 4132 1276 4204 prioris
1307 4133 1543 4188 hominis
1574 4133 1751 4189 delicti
1785 4150 1978 4205 purge-

394 4254 531 4289 mnr.
571 4233 842 4287 Excitatus
871 4247 900 4283 a
932 4230 1155 4285 mortuis
1186 4238 1287 4294 est,
1321 4238 1494 4283 utnos
1522 4228 1770 4295 exemplo
1796 4242 1975 4281 resur-

395 4326 646 4382 recticnis
668 4325 783 4392 eius
825 4339 852 4375 a
880 4321 1063 4375 mortis
1087 4319 1275 4374 aculeo
1297 4320 1603 4374 liberemur.
1626 4316 1794 4373 Sedes
1811 4318 1973 4372 disci-

390 4422 525 4489 pulis
557 4419 855 4485 petentibus
888 4431 992 4468 non
1022 4429 1078 4467 se
1105 4427 1261 4482 posse
1291 4411 1420 4466 dare
1457 4419 1699 4478 testatur,
1738 4426 1802 4463 ne
1833 4411 1973 4464 inter

384 4530 479 4567 eus
529 4510 811 4564 divortium
866 4513 1197 4559 nasceretur.
1242 4501 1373 4555 Nam
1426 4502 1516 4569 qui
1563 4504 1655 4564 ait,
1720 4499 1841 4553 Non
1898 4509 1969 4552 est

387 4626 551 4663 meum
595 4608 720 4659 dare
750 4604 883 4657 vobis
915 4600 1126 4674 (Matth.
1163 4614 1252 4663 xx,
1280 4595 1393 4666 95),
1426 4596 1580 4660 dixit,
1619 4595 1747 4647 Volo
1789 4604 1841 4648 ut
1883 4594 1966 4647 uti

382 4723 476 4776 ego
507 4722 639 4771 sum,
673 4713 716 4756 et
746 4703 826 4755 isti
848 4702 945 4753 sint
975 4712 1169 4751 mecum
1202 4692 1377 4765 (Joan.
1407 4706 1533 4751 xvtt,
1557 4689 1673 4760 ‘24).
1697 4691 1824 4756 Quae
1844 4698 1966 4744 suat

387 4794 531 4849 Patri
560 4793 751 4863 placita
779 4791 922 4855 fecit,
950 4790 1073 4859 quia
1100 4783 1367 4842 contraria
1406 4783 1581 4837 facere
1614 4782 1802 4836 nescit.
1834 4782 1964 4837 Nam

378 4883 471 4953 qui
502 4884 570 4937 ait
608 4882 750 4944 Veni,
780 4899 879 4935 non
912 4893 963 4933 ut
996 4880 1183 4949 faciam
1206 4876 1513 4931 voluntatem
1551 4890 1732 4939 meam,
1764 4877 1854 4929 sed
1880 4892 1966 4930 υσ-

390 4984 633 5033 twttatem
671 4978 783 5046 ejus
818 4974 901 5039 qui
943 4988 1019 5025 nte
1058 4972 1190 5024 misit
1227 4968 1406 5039 (Joan.
1440 4984 1510 5032 VI,
1563 4967 1676 5035 58),
1709 4966 1862 5032 dixit,
1900 4967 1967 5023 Ut

380 5070 569 5140 facian;
602 5066 908 5121 voluntatem
948 5075 1087 5116 luant
1132 5079 1147 5115 :
1203 5061 1336 5115 Dens
1391 5078 1552 5127 meus,
1601 5062 1737 5113 colui
1786 5060 1959 5132 (Psal.

378 5176 561 5225 xxxrx,
590 5158 645 5227 9)
669 5175 682 5224 ;
710 5167 759 5211 ct
791 5155 1091 5210 Voluntaria
1115 5154 1413 5222 sacriﬁcabo
1436 5155 1523 5206 tibi
1546 5152 1717 5223 (Psal.
1746 5170 1854 5218 LIII,
1880 5154 1957 5224 8).

377 5252 474 5320 Qui
505 5252 577 5305 ait
624 5249 777 5303 Pater
800 5249 965 5318 major
982 5262 1058 5298 me
1079 5256 1148 5299 est
1177 5243 1353 5313 (Joan.
1383 5262 1492 5312 xrv,
1524 5247 1639 5315 '28),
1668 5247 1800 5301 dixit
1850 5246 1960 5315 Ego

376 5359 417 5398 et
462 5346 619 5400 Pater
646 5360 801 5400 unum
838 5360 1010 5395 sumus
1042 5341 1220 5413 (Joan.
1258 5358 1309 5399 χ,
1346 5341 1467 5411 50);
1502 5354 1555 5396 ct
1587 5345 1699 5398 Sint
1737 5346 1785 5396 in
1818 5346 1956 5396 nobis

379 5441 532 5510 113
558 5457 737 5502 unum,
778 5442 905 5491 sicut
934 5452 1022 5506 ego
1054 5444 1101 5489 et
1132 5422 1185 5487 tu
1218 5452 1373 5489 unum
1402 5453 1574 5491 sumus
1605 5439 1783 5507 (Joau.
1820 5452 1952 5508 Xvn,

372 5530 493 5599 $9.);
520 5540 574 5583 et
604 5532 786 5584 Omnia
819 5548 927 5583 mea
966 5538 1053 5580 tua
1097 5536 1233 5593 sunt,
1269 5540 1314 5583 et
1347 5539 1432 5581 tua
1465 5546 1572 5583 utea
1610 5542 1727 5585 sunt
1772 5532 1949 5602 (Joan.

373 5635 498 5681 xvtt,
534 5620 649 5689 10);
680 5636 731 5676 et
759 5620 974 5676 Creditis
998 5621 1120 5692 quia
1139 5636 1230 5692 ego
1252 5622 1303 5674 in
1330 5620 1506 5685 Patre,
1536 5634 1582 5675 et
1612 5623 1764 5679 Pater
1797 5630 1847 5679 in
1875 5643 1951 5682 me.

372 5726 440 5771 est
461 5716 638 5786 (Joan.
665 5734 772 5784 xiv,
802 5721 885 5788 ιο)
908 5736 921 5783 ;
945 5730 998 5774 et
1020 5718 1172 5774 Pater
1196 5736 1332 5774 meus
1359 5731 1619 5794 aperatur,
1648 5733 1691 5779 et
1712 5739 1803 5793 ego
1829 5740 1951 5793 ope-

2117 532 2357 599 viviﬁeat,
2388 532 2460 587 sic
2483 542 2529 585 et
2554 531 2720 587 Filius
2742 552 2868 604 quos
2892 538 2996 589 vult
3020 537 3238 604 viviﬁcat
3272 535 3448 606 (Joan.
3488 552 3539 601 v,
3571 538 3707 606 21);

2116 635 2170 680 et
2205 627 2306 693 Qui
2329 644 2404 681 me
2432 629 2581 695 vit/et,
2611 631 2743 684 videt
2768 640 2812 685 et
2837 631 3044 685 Patrem
3068 633 3247 702 (Joan.
3280 649 3386 698 xIv,
3416 635 3499 703 9);
3526 647 3578 689 et
3607 635 3710 699 Q‘ni

2122 738 2200 773 me
2223 723 2350 788 odit,
2376 733 2422 776 et
2459 722 2663 777 Patrem
2692 742 2855 778 meum
2881 728 2985 780 odit
3024 726 3199 797 (Joau.
3240 743 3324 791 xv,
3357 727 3478 799 25);
3508 736 3565 782 et
3587 730 3709 783 Cla-

2114 818 2261 885 riﬁca
2288 817 2485 870 Filium
2514 828 2679 885 tuum,
2711 829 2763 873 ut
2797 819 2965 873 Filius
3011 830 3127 873 tuus
3168 821 3415 888 clariﬁcet
3444 832 3491 873 te
3521 820 3703 893 (Joan.

2114 926 2240 975 vat,
2277 913 2363 979 1):
2392 922 2446 967 et
2480 913 2587 984 Ego
2616 923 2663 967 te
2697 915 2973 985 clariﬁcavi
3010 930 3161 983 super
3187 924 3372 966 terram
3402 913 3591 979 (Ibid.,
3617 918 3705 983 4),

2113 1012 2167 1058 et
2203 1003 2527 1072 Manifestavi
2552 1021 2734 1056 nomen
2762 1014 2901 1058 tuum
2925 1004 3213 1057 hominibus
3239 1001 3428 1075 (Ib.'d.,
3452 1003 3528 1075 6).
3561 1005 3625 1057 Et
3648 1015 3704 1058 ut

2106 1098 2292 1152 omnis
2321 1097 2565 1151 humanae
2593 1097 2948 1151 cavillationis
2979 1099 3221 1165 quiesrat
3261 1097 3505 1161 intentio,
3537 1096 3701 1151 Joan-

2112 1208 2232 1247 nem
2266 1192 2682 1262 Evangelistam,
2708 1192 2860 1261 cujus
2886 1190 3129 1257 superius
3154 1205 3282 1244 usus
3302 1204 3419 1243 sum
3450 1191 3700 1245 testimo-

2114 1286 2228 1353 nio,
2262 1284 2525 1353 proferam
2552 1293 2739 1339 testem
2778 1283 2866 1352 qui
2897 1281 3002 1335 ait:
3035 1279 3099 1333 In
3130 1281 3379 1351 principio
3417 1291 3521 1334 erat
3572 1280 3699 1335 Ver.

2109 1376 2250 1444 bum,
2273 1384 2320 1429 et
2348 1374 2570 1429 Verbum
2594 1385 2702 1428 erat
2727 1374 2865 1445 apud
2892 1374 3077 1439 Deum,
3109 1382 3153 1426 et
3176 1372 3316 1427 Deus
3346 1384 3452 1427 erat
3480 1372 3703 1430 Verbum

2110 1465 2288 1536 (Joan.
2336 1480 2372 1526 1,
2427 1464 2603 1534 1)?Si
2655 1464 2767 1519 [nec
2808 1473 2951 1519 tanta
2994 1464 3258 1518 divinitati
3295 1452 3693 1533 convenientia,

2107 1556 2300 1625 quibus
2332 1556 2540 1610 Patrem
2574 1565 2629 1610 et
2668 1556 2859 1611 Filium
2894 1573 3052 1610 unum
3088 1573 3208 1620 esse
3239 1558 3538 1623 docuimus,
3574 1576 3698 1630 per-

2110 1646 2226 1698 fidis
2258 1661 2362 1699 non
2387 1647 2680 1713 sufﬁciunt,
2712 1648 2815 1700 alia
2850 1648 2915 1718 (si
2959 1647 3194 1719 videtur)
3225 1652 3693 1719 superadjicimus.

2175 1734 2290 1789 XII.
2324 1733 2522 1789 Probus
2554 1736 2723 1807 judex
2752 1738 2883 1791 dixit
2915 1754 2934 1792 :
2976 1739 3029 1793 Si
3084 1740 3208 1795 huic
3252 1751 3358 1796 tam
3404 1745 3593 1799 validae
3640 1755 3695 1802 et

2036 1825 2081 1884 Β
2110 1832 2216 1878 tam
2237 1834 2399 1879 certa:
2418 1829 2773 1895 prosccntiuni
2800 1828 3117 1883 Ariusnisus
3139 1829 3551 1899 fueritobviare,
3576 1851 3695 1891 cer-

2104 1922 2214 1968 tum
2248 1926 2329 1969 est
2359 1930 2481 1970 eum
2515 1932 2618 1970 non
2648 1918 2908 1973 rationem
2938 1920 3087 1988 sequi
3110 1961 3122 1984 ,
3156 1923 3247 1977 sed
3282 1939 3377 1992 per
3405 1926 3694 1982 verborum

2102 2005 2549 2061 irrationabilium
2577 2015 2796 2077 camp‘ns
2819 2010 3126 2065 effrenatius
3148 2016 3381 2083 evagari,
3406 2020 3494 2085 qui
3524 2033 3694 2088 usque

2101 2112 2241 2151 nunc
2272 2100 2429 2150 trium
2457 2099 2870 2152 substantiarum
2904 2100 3186 2168 rationem,
3219 2112 3275 2157 ut
3305 2108 3552 2173 superius
3582 2110 3695 2163 fas-

2101 2200 2192 2239 sus
2217 2193 2298 2239 est
2332 2185 2492 2258 (sicut
2525 2188 2845 2241 Athanasius
2878 2204 2969 2256 ρετ
2997 2192 3221 2245 multtnn
3256 2196 3412 2249 unius
3443 2198 3694 2251 substan-

2103 2277 2188 2329 tia:
2217 2276 2598 2330 documentum
2626 2281 2904 2348 ostendi),
2939 2295 3032 2348 per
3063 2285 3243 2337 nescio
3273 2302 3428 2354 quam
3461 2289 3693 2343 nebulo-

2100 2380 2213 2420 sam
2246 2368 2526 2436 caliginem
2553 2369 2899 2437 circumiens,
2930 2374 3282 2431 assertionem
3310 2392 3462 2433 suam
3494 2380 3691 2450 nequi-

2102 2458 2238 2511 verit
2264 2458 2655 2514 demonstrare.
2783 2521 2790 2529 ,

2113 2543 2121 2555 ⁴
2170 2548 2322 2602 Arius
2345 2551 2472 2603 dixit
2497 2566 2513 2603 :
2536 2552 2782 2621 Nunquid
2813 2556 2934 2623 quia
2955 2573 3019 2613 ex
3044 2558 3237 2615 divinis
3265 2565 3495 2618 oraculis
3517 2566 3691 2621 Atha-

2101 2641 2312 2708 nasius,
2366 2646 2549 2697 nescio
2592 2645 2786 2714 quibus
2834 2651 3102 2717 articulis,
3138 2653 3332 2708 Filium
3370 2659 3525 2715 unius
3562 2661 3692 2715 ευδ-

2097 2735 2308 2785 stantize
2323 2741 2377 2786 et
2398 2733 2539 2787 Patri
2564 2738 2885 2806 corqualem
2906 2756 3047 2806 esse,
3072 2758 3202 2799 ausu
3231 2749 3516 2803 temerario
3539 2752 3691 2807 visus

2096 2831 2177 2876 est
2200 2823 2467 2879 affirmare
2487 2868 2501 2890 ,
2530 2836 2583 2881 et
2604 2827 2861 2896 Spiritum
2892 2834 2979 2902 qui
3010 2833 3180 2889 Patris
3210 2847 3263 2891 et
3296 2838 3413 2894 Filii
3440 2842 3688 2898 minister

2092 2922 2205 2979 est,
2248 2915 2438 2970 iisdem
2468 2917 2625 2973 debet
2656 2922 2845 2989 aequali
2879 2924 3218 2982 confessione
3250 2929 3535 2986 canterre?
3562 2948 3687 2989 cum

2093 3002 2204 3072 ipse
2232 3004 2398 3061 Filius
2421 3006 2561 3061 dicat
2586 3026 2597 3060 :
2628 3008 2731 3064 Ille
2760 3028 2837 3066 me
2863 3014 3190 3084 gloriﬁeabit,
3221 3022 3340 3083 quia
3370 3024 3432 3074 de
3458 3039 3566 3077 meo
3596 3042 3687 3078 ac—

2089 3097 2238 3163 cipiet
2279 3096 2452 3168 (Joan.
2484 3115 2596 3165 va,
2626 3103 2743 3172 HV);
2764 3114 2829 3159 et
2856 3105 3057 3161 Mittam
3088 3111 3224 3163 vobis
3262 3112 3514 3179 Spiritum
3545 3120 3689 3170 veri-

2010 3198 2056 3262 ρ
2091 3185 2207 3239 tatis
2234 3184 2412 3258 (Joan.
2453 3204 2544 3254 xv,
2574 3191 2695 3261 26);
2727 3193 2779 3248 et
2810 3195 3036 3266 Spiritus
3066 3216 3097 3251 a
3124 3216 3203 3252 me
3230 3205 3466 3271 procedet
3492 3205 3679 3276 (latin.

2087 3290 2205 3340 xvr,
2234 3276 2352 3346 {5);
2385 3286 2437 3332 et
2471 3279 2631 3343 Quem
2663 3281 2821 3338 Pater
2843 3288 3003 3341 mittet
3039 3289 3091 3343 in
3119 3295 3323 3347 nomine
3360 3312 3471 3349 meo
3498 3298 3687 3367 (Joan.

2084 3377 2155 3429 tv,
2198 3364 2329 3435 ‘26);
2370 3377 2421 3420 et
2460 3367 2619 3423 Pater
2654 3372 2718 3424 ad
2773 3385 3107 3433 mortuorum
3150 3396 3269 3437 ossa
3313 3384 3440 3440 dicit
3470 3364 3688 3445 :VDaba

2085 3452 2338 3523 Spiritum
2370 3473 2535 3511 meum
2576 3460 2629 3512 in
2672 3477 2787 3527 eos,
2817 3475 2865 3517 et
2902 3468 3075 3522 vinetis
3106 3470 3317 3541 (Eucti.
3357 3490 3566 3543 xxxv",
3599 3480 3686 3539 5).

2081 3547 2327 3617 Nunquid
2370 3551 2416 3605 is
2448 3553 2536 3619 qui
2578 3568 2606 3606 a
2637 3554 2793 3611 Patre
2823 3558 3053 3614 mittitur
3084 3562 3167 3617 vel
3196 3566 3470 3633 procedit,
3501 3543 3686 3626 eidem

2080 3637 2241 3693 debet
2269 3656 2298 3694 a
2327 3658 2432 3710 quo
2472 3646 2713 3712 procedit
2745 3652 2982 3719 requiri?
3024 3668 3143 3708 cum
3189 3659 3444 3726 propheta
3496 3663 3565 3717 de
3613 3681 3687 3720 eo

2082 3737 2326 3796 testatur,
2358 3744 2407 3787 et
2453 3734 2617 3789 dicit:
2652 3737 2782 3794 Ecce
2814 3739 3068 3797 Dominus
3106 3746 3322 3813 ﬁrmans
3353 3751 3640 3807 tonitruum

2079 3832 2128 3878 et
2158 3842 2336 3881 creatis
2378 3828 2629 3898 Spiritum
2663 3832 2861 3904 (Amos,
2898 3851 2967 3902 Iv,
3003 3837 3116 3909 t3).
3150 3840 3372 3895 Prorsus
3402 3858 3682 3911 nunquam

2079 3914 2209 3970 mihi
2241 3918 2504 3974 videbitur
2529 3935 2775 3979 creatura
2797 3941 2899 3981 suo
2929 3931 3160 3984 creatori
3190 3934 3411 4002 :equari,
3446 3944 3537 3988 aut
3565 3952 3679 3992 una

2076 4019 2199 4060 cum
2231 4007 2419 4062 eodem
2453 4026 2610 4079 posse
2643 4022 2907 4080 potestate
2936 4018 3118 4086 potiri.

2148 4098 2459 4153 Athanasius
2499 4101 2629 4155 dixit
2658 4119 2675 4155 :
2706 4103 2761 4157 Si
2787 4104 2983 4174 judicis
3015 4108 3299 4164 clementia
3349 4115 3677 4179 permissum

2079 4186 2264 4241 tribuit
2305 4196 2360 4242 et
2408 4190 2650 4259 largitur,
2701 4208 2764 4248 ex
2815 4196 3012 4252 divinis
3056 4201 3463 4255 auctoritatibus
3506 4204 3680 4259 etiam

2076 4278 2332 4347 Spiritum
2382 4294 2624 4336 sanctum
2675 4302 2780 4339 non
2831 4288 2988 4360 114
3028 4302 3323 4345 creaturam
3374 4308 3527 4361 esse,
3577 4299 3679 4350 sed

2076 4370 2243 4426 Deum
2270 4382 2323 4427 et
2352 4385 2654 4431 creatorem
2684 4396 2804 4434 cum
2838 4382 2995 4439 Patre
3024 4392 3077 4440 et
3110 4387 3271 4453 Filio,
3303 4388 3536 4443 breviter
3575 4391 3682 4446 de-

2078 4464 2411 4516 monstrabo.

2002 4569 2048 4627 υ
2148 4550 2348 4607 Probus
2367 4554 2535 4623 judea:
2564 4557 2695 4610 dixit
2719 4573 2739 4612 :
2771 4559 2837 4614 Ut
2871 4569 2956 4615 tua
2993 4564 3253 4631 professio
3280 4569 3538 4634 continet,
3575 4584 3681 4637 ap-

2075 4642 2238 4709 proba
2287 4644 2519 4700 breviter
2553 4648 2697 4715 qttod
2739 4652 2875 4705 ratio
2914 4655 3078 4723 exigit
3117 4655 3515 4711 documentum.
3551 4660 3678 4717 Non

2071 4744 2134 4782 ex
2162 4743 2481 4801 argumento
2504 4738 2789 4802 sermonis,
2821 4740 2914 4795 sed
2935 4757 3000 4797 ex
3033 4744 3330 4800 divinarum
3365 4747 3669 4817 Scriptura-
3760 4770 3767 4773 “

2072 4833 2188 4874 rum
2240 4826 2590 4894 testimoniis,
2640 4831 2891 4898 Spiritum
2929 4844 3169 4890 sanctum
3216 4838 3361 4893 Patri
3399 4840 3480 4895 vel
3529 4843 3677 4899 Filio

2070 4915 2392 4982 comqudem
2427 4932 2570 4992 esse,
2598 4932 2708 4989 aut,
2738 4924 2876 4979 sicut
2905 4929 3016 4995 ipse
3047 4930 3215 4985 lassus
3236 4948 3315 4995 es,
3347 4950 3468 4989 eum
3496 4936 3675 4993 Deum

2070 5004 2154 5058 vel
2181 5015 2477 5062 creatorem
2505 5016 2806 5070 communis
2833 5020 3012 5087 operis
3039 5035 3161 5076 esse
3182 5026 3427 5080 ostende.
3453 5027 3517 5081 Ut
3541 5044 3677 5084 eum

2073 5092 2186 5149 hate
2214 5098 2460 5155 veridicis
2494 5104 2812 5163 testimoni's
2851 5113 3271 5179 approbaveris,
3310 5120 3467 5174 Arius
3496 5137 3523 5172 a
3568 5138 3675 5179 sua

2072 5185 2397 5257 intentione,
2454 5209 2596 5249 vera:
2646 5198 2771 5253 ﬁdei
2821 5203 3158 5270 professione
3202 5213 3479 5264 convictus
3531 5212 3674 5269 abs-

2068 5282 2247 5351 cedat.

2142 5371 2276 5426 thl.
2313 5375 2617 5433 Athanasius
2668 5381 2796 5434 dixit
2832 5398 2849 5435 :
2896 5384 3212 5454 Priusquam
3255 5389 3506 5460 Spiritum
3537 5407 3677 5449 san-

2066 5469 2207 5515 ctum
2238 5462 2401 5517 Deum
2427 5481 2546 5522 esse
2575 5471 2915 5538 perdoceam,
2943 5479 3194 5532 eumdem
3223 5492 3519 5537 creatorem
3540 5499 3679 5541 esse

2059 5560 2374 5608 cunctorum
2406 5558 2585 5612 verbis
2614 5559 2872 5629 legalibus
2903 5567 3234 5634 approbabo.
3270 5570 3543 5640 Scriptum
3577 5586 3677 5631 est

2059 5642 2201 5695 enim
2230 5663 2244 5696 :
2279 5644 2442 5701 Verbo
2475 5647 2678 5702 Domini
2702 5651 2814 5705 cazfi
2839 5653 3033 5721 ﬁimati
3064 5667 3214 5722 sunt,
3246 5670 3293 5711 et
3325 5659 3527 5728 Spiritu
3554 5668 3678 5721 aris

2058 5736 2167 5804 ejus
2199 5737 2361 5790 omnis
2392 5739 2546 5791 virtus
2576 5756 2751 5795 eorum
2783 5742 2953 5812 (Psal.
2992 5762 3136 5803 xxstt
3161 5789 3174 5815 ,
3214 5748 3290 5820 6).
3328 5750 3391 5807 Et
3422 5752 3476 5807 in
3507 5752 3683 5813 Salo-
