3958 6176
434 380 535 437 179

1747 376 1966 435 VlGlLll
2007 376 2382 434 TAPSENSIS

3594 376 3694 437 lStl

431 494 674 551 falsitatis
704 493 962 565 compede
988 491 1289 563 praapediri.
1329 488 1526 545 llortun
1559 489 1719 561 igitur
1758 506 1874 544 mos
1911 499 2013 558 est,
2047 494 2094 551 Α
2123 499 2205 543 est
2237 490 2395 543 unius
2423 484 2761 554 substantim)
2794 483 3051 540 divellere
3083 484 3295 553 penitus
3320 498 3423 540 non
3449 490 3707 555 potuisse.

430 590 523 658 qui
548 604 671 643 cum
701 602 811 641 sua:
844 585 1078 656 perfidia:
1104 597 1317 638 causam
1359 580 1422 635 ad
1454 580 1612 635 linem
1640 597 1807 650 usque
1837 583 2019 636 venire

430 681 833 752 conspexerint,
862 686 1162 732 metuentes
1192 690 1258 730 ne
1280 676 1483 729 cunctis
1505 675 1811 730 hominibus
1831 689 2015 728 eorum

433 773 654 837 lierﬂdia
686 771 1017 835 innotescat,
1052 769 1115 822 ad
1165 767 1387 836 potioris
1417 781 1476 820 se
1507 764 1753 820 conferre
1783 780 2016 834 praesen-

432 864 589 926 tiazn;
650 864 960 933 ignorantes
1019 861 1270 931 quoniam
1319 868 1373 913 et
1419 859 1528 913 illic
1557 859 1765 913 veritati
1797 859 2015 913 victoria

433 953 708 1020 tribuitur,
739 953 826 1008 ubi
858 951 1105 1021 potentiae
1138 948 1374 1005 liberalis
1404 950 1668 1006 sententia
1715 949 2019 1019 promulga-

435 1052 544 1098 tur.
579 1043 797 1098 FruStra
822 1043 981 1113 ig'tur
1006 1041 1167 1096 Arius
1187 1040 1397 1095 videtur
1422 1039 1490 1095 de
1518 1048 1703 1094 nostro
1724 1038 1927 1107 judicio
1950 1038 2017 1093 ad

437 1135 694 1205 principis
725 1135 995 1203 appellare
1025 1146 1304 1202 personam
1328 1172 1343 1198 ,
1373 1144 1494 1185 cum
1525 1130 1576 1184 in
1609 1129 1858 1185 conﬂictu
1897 1114 2046 1184 cer-‘

438 1226 653 1282 taminis
703 1226 833 1281 nihil
863 1226 1143 1280 adversum
1174 1239 1233 1279 se
1259 1220 1490 1278 senserit
1519 1222 1792 1292 pravitatis
1820 1262 1833 1286 ,
1864 1236 2020 1291 quem

443 1328 657 1374 constat
692 1318 1043 1374 Athanasium
1086 1316 1166 1387 ab
1205 1315 1473 1370 homousii
1520 1312 1832 1369 defensione
1860 1312 2022 1383 (quod

2126 580 2231 634 Sed
2261 581 2339 649 (ut
2367 578 2483 646 ejus
2513 576 2779 646 superﬂua
2821 575 3061 631 decrevit
3093 575 3343 647 intentio)
3369 592 3490 632 eum
3534 596 3601 635 ne
3636 581 3713 636 fa-

2124 674 2226 726 ciat
2266 671 2412 726 nullo
2468 670 2628 724 modo
2674 667 2956 724 refrenabo
2979 709 2993 733 ,
3027 684 3097 722 ne
3123 668 3245 722 victi
3279 684 3562 738 personam
3597 689 3703 729 non

2125 762 2419 828 sustinens,
2450 759 2516 814 de
2542 760 2790 829 adempto
2818 758 2921 812 sibi
2948 760 3203 828 temporis
3233 760 3407 829 spatio
3436 761 3710 830 glorietur.

2124 853 2254 907 Meze
2282 866 2409 906 vero
2448 851 2684 906 solertiae
2713 851 2815 905 erit
2850 853 3095 904 universa
3138 866 3255 920 qua:
3283 852 3352 906 ab
3382 853 3623 923 utrisque
3658 854 3714 910 iu

2126 956 2310 1002 nostra
2356 945 2663 1015 cognitione
2708 942 2916 1013 prolata
2985 951 3112 995 sunt
3172 942 3390 1013 gloriosi
3457 947 3715 1019 principis

2126 1039 2374 1095 sensibus
2426 1039 2705 1102 intimare;
2758 1044 2816 1089 ut
2868 1034 3122 1091 falsidicis
3169 1037 3481 1109 ambagibus
3523 1041 3715 1111 procul

2129 1132 2352 1195 amotis,
2383 1128 2449 1182 ad
2492 1128 2726 1182 victoriae
2758 1126 2991 1196 palmam
3034 1126 3356 1184 Athanasius
3394 1145 3541 1200 purae
3590 1132 3716 1189 ﬁdei

2130 1229 2369 1276 assertor
2396 1219 2568 1274 valeat
2597 1218 2895 1290 pervenire.

449 1448 3708 1488 Μ

1183 1592 1860 1707 manu
1960 1588 2961 1745 TAPSENSIS
3056 1661 3069 1665 -

762 1784 1331 1900 CONTRA
1415 1780 2066 1925 ARIANOS,

2158 1780 2540 1924 ETC.,
2639 1781 3380 1899 DIALOGUS.

562 1987 1022 2051 ATHANASIO,
1060 1986 1268 2053 A810,
1310 1985 1697 2050 BABELLIO,
1736 1985 2096 2050 PHO’I‘INO,
2125 1985 2217 2034 ET
2254 1986 2500 2035 PROBO
2536 1986 2795 2036 JUDIGE
2834 1987 3588 2040 INTERLOCUTOBIBUS.

1284 2239 1799 2317 PREFATIO
1874 2242 1977 2318 ΙΝ
1987 2240 2275 2317 CERTI
2327 2242 2850 2319 AUCTORIS.

519 2389 678 2458 113
712 2385 842 2440 Cum
886 2387 938 2439 iu
984 2398 1174 2438 manus
1201 2381 1406 2437 strenui
1445 2381 1686 2440 lectoris.
1721 2381 2026 2434 beati<sime
2058 2384 2105 2443 B
2132 2378 2271 2447 quod
2320 2379 2370 2433 in
2421 2378 2699 2434 Chrm‘iicis
2745 2382 2857 2435 su's
2909 2382 3077 2436 beata:
3129 2384 3403 2438 memoria:
3448 2382 3723 2455 Sulpicius

440 2492 573 2548 papa
596 2478 863 2543 Materne,
896 2475 1030 2530 liber
1053 2475 1154 2529 iste
1180 2488 1208 2527 a
1234 2472 1497 2527 catholico
1522 2472 1803 2525 sacerdote
1827 2480 1881 2526 et
1904 2486 2026 2540 pro-

440 2568 732 2625 batissima:
766 2568 890 2623 vita)
942 2566 1100 2622 beato
1140 2564 1466 2626 Athanasio,
1512 2572 1698 2617 contra
1747 2563 2026 2617 haereticos

438 2658 756 2725 Sabellium,
780 2656 1065 2713 Photinum
1088 2655 1360 2718 etArium,
1381 2675 1391 2701 ι
1416 2654 1678 2720 isputatus
1705 2652 2024 2720 pervenerit,

442 2750 591 2805 illico
618 2747 964 2819 respondebit
993 2765 1006 2801 :
1038 2746 1105 2801 Et
1147 2744 1415 2815 quomodo
1459 2743 1573 2798 fieri
1617 2752 1788 2812 potest
1820 2753 1878 2797 ut
1906 2759 2025 2799 cum

439 2851 630 2897 sancto
652 2840 949 2896 Athanasio
974 2852 1286 2894 successore
1311 2836 1447 2891 beati
1472 2834 1765 2890 Alexandri
1786 2834 2026 2906 episcopi

440 2934 691 2990 h‘abuerit
728 2932 890 2988 Arius
919 2931 1223 2986 conﬂictum
1246 2969 1260 2994 ,
1302 2944 1423 2983 cum
1451 2935 1665 2982 constet
1693 2942 1813 2981 eum
1832 2968 1847 2992 ,
1888 2926 2028 2981 sicut

2131 2478 2362 2533 Severus
2392 2478 2568 2547 posuit
2593 2478 2810 2533 dicens:
2856 2478 2974 2534 Duo
3012 2479 3162 2550 Arii,
3192 2488 3432 2550 tanquam
3468 2481 3570 2534 duo
3614 2497 3722 2535 m-

2132 2576 2326 2637 pcntes,
2359 2585 2423 2623 ea:
2450 2586 2552 2623 uno
2581 2585 2667 2622 ore
2713 2569 2983 2624 sibilabant
3005 2585 3024 2624 :
3054 2570 3187 2625 duos
3216 2570 3372 2626 Arios
3402 2569 3568 2625 fuisse
3603 2572 3720 2625 evi-

2132 2659 2324 2714 denter
2349 2661 2597 2730 reperiet.
2634 2659 2787 2715 Unde
2829 2660 3161 2729 intelligitur,
3197 2652 3436 2716 autcum
3468 2660 3594 2714 Ario
3631 2675 3724 2715 su—

2135 2753 2377 2821 perstite,
2410 2766 2515 2805 non
2545 2766 2665 2806 cum
2695 2752 2786 2806 illo
2813 2752 2905 2822 qui
2938 2751 3087 2806 fusus
3112 2760 3227 2818 est,
3267 2760 3360 2806 aut
3393 2766 3511 2806 cum
3541 2752 3725 2820 aliquo

2135 2843 2466 2899 Ariontanita
2529 2851 2772 2897 sanctum
2836 2843 3186 2898 Athanasium
3238 2843 3486 2898 habuisse
3531 2843 3726 2897 conﬂi-

2137 2946 2301 2990 ctum.
2334 2936 2668 3004 Quapropter
2693 2944 2902 3005 oportet
2933 2944 2991 2991 ut
3020 2936 3155 3002 haec,
3197 2950 3332 3005 opus
3361 2944 3419 2990 ut
3446 2935 3723 2989 credimus

439 3025 499 3081 in
523 3024 884 3081 ecclesiastica
917 3021 1147 3077 Historia
1179 3020 1390 3088 legitur,
1424 3017 1729 3086 turpissima
1756 3026 1946 3083 morte,
1974 3018 2023 3071 id

439 3128 547 3183 est,
578 3115 826 3182 exemplo
873 3112 1025 3167 Judze
1079 3111 1353 3165 traditoris
1415 3109 1625 3162 Domini
1680 3110 1849 3163 nostri
1900 3110 2025 3165 Jesu

442 3206 675 3273 Christi,
706 3206 870 3261 fuisse
901 3204 1075 3259 fusum
1103 3218 1117 3255 :
1152 3210 1208 3255 ut
1244 3199 1386 3270 quod
1419 3199 1580 3254 fetida
1628 3209 1807 3255 mente
1835 3215 2027 3256 conce-

441 3308 635 3369 p’erat,
682 3296 845 3352 fetido
883 3295 1191 3350 terminaret
1236 3292 1357 3346 fine.
1390 3290 1497 3346 Sed
1540 3291 1583 3345 si
1631 3290 1761 3345 illud
1804 3295 2024 3361 recolat,

2132 3042 2162 3082 a
2196 3029 2304 3082 Deo
2336 3028 2610 3098 impletum
2631 3071 2645 3091 ,
2677 3044 2706 3083 a
2754 3028 3033 3084 catholicis
3058 3030 3255 3099 sepius
3296 3028 3623 3098 relegantur,
3664 3035 3730 3083 ut

2133 3128 2461 3188 cognoscant
2503 3118 2730 3189 qualiter
2772 3121 3143 3176 hmreticorum
3186 3119 3394 3190 possint
3434 3121 3605 3173 vitare
3632 3133 3732 3173 ve-

2137 3225 2302 3275 nena,
2332 3220 2386 3265 et
2426 3209 2583 3267 [idem
2625 3226 2774 3267 suam
2816 3213 3017 3283 absque
3058 3211 3165 3269 ulla
3200 3212 3537 3268 hms’tatione
3578 3212 3732 3284 (Deo

2140 3302 2450 3373 auxiliante)
2485 3303 2694 3359 valeant
2721 3305 3012 3361 custodire.

1610 3438 2124 3517 PIUEFATIO
2173 3445 2565 3525 VIGILII.

523 3576 681 3646 119
707 3574 839 3628 Dum
866 3587 1074 3628 mecum
1104 3571 1169 3625 dc
1198 3570 1321 3623 ﬁdei
1347 3568 1570 3623 veritate
1591 3568 1679 3621 diu
1704 3570 2031 3638 nutllutnque
2059 3575 2105 3637 C
2136 3587 2355 3645 agerent
2392 3579 2810 3633 introducerem.
2864 3577 2933 3632 Et
2978 3594 3046 3634 ne
3091 3578 3419 3650 singulorum
3465 3596 3739 3651 prosccu-

366 3706 375 3719 ι
443 3678 768 3732 tractarem,
799 3676 960 3736 atque
1004 3664 1294 3734 Scriptura:
1325 3662 1750 3718 consideratione
1789 3665 2031 3731 require-
2135 3667 2308 3722 tiones
2353 3669 2405 3724 in
2436 3669 2657 3724 dubiut'n
2689 3670 2837 3724 nullo
2882 3670 3224 3725 examinante
3261 3671 3535 3737 venirent,
3580 3675 3741 3730 arbi-

444 3777 561 3819 rem
607 3775 839 3832 quonam
869 3759 1030 3814 modo
1059 3756 1385 3826 multiplices
1405 3764 1459 3810 et
1478 3769 1792 3809 numerosas
1817 3755 2031 3810 ha'rcti-
2136 3767 2275 3813 trum
2298 3760 2580 3830 quemdam
2606 3759 2823 3816 nomine
2843 3760 3098 3827 Probum,
3116 3764 3743 3833 auctoritatejudiciaria

442 3868 629 3909 eorum
652 3849 1001 3923 quaestiones,
1028 3847 1392 3918 responsionis
1413 3847 1674 3901 brevitate
1697 3846 2028 3914 refellerem,
2135 3849 2371 3903 functum
2417 3850 2679 3905 interesse
2720 3849 2852 3917 feci,
2903 3867 3009 3920 quo
3055 3851 3122 3906 de
3169 3852 3394 3923 singulis
3424 3854 3746 3926 quibusque

442 3953 500 4001 et
537 3958 722 4000 eorum
752 3942 1008 4012 sacrilega
1051 3940 1191 3996 dicta
1221 3939 1383 3994 variis
1411 3947 1466 3994 et
1508 3939 1678 4008 longis
1706 3938 1893 3994 diﬂusa
1927 3949 2034 3995 tra-
2137 3937 2485 4008 probabiliter
2511 3939 2875 4010 discernente,
2904 3940 3083 4010 impiae
3110 3932 3384 4011 pravitatis
3416 3955 3749 4001 cassaretur

442 4036 674 4092 ctatibus
732 4034 1115 4105 compendioso
1184 4033 1563 4103 disputationis
1610 4032 1897 4087 luctamine
1949 4047 2031 4087 su-
2136 4028 2382 4084 intentio.
2415 4029 2705 4086 Sabellium
2735 4046 2898 4101 ergo,
2940 4032 3261 4101 Photinum,
3295 4034 3512 4102 Arium,
3562 4046 3749 4107 atque

441 4141 712 4198 perarem,
746 4142 813 4182 ne
842 4126 1221 4197 prolixioribus
1250 4126 1540 4194 prolixiora
1596 4124 1835 4180 referens
1865 4126 2026 4179 inter-
2134 4119 2201 4174 ad
2227 4128 2436 4176 nostras
2467 4130 2643 4190 partes
2671 4121 3025 4178 Athanasium
3065 4124 3364 4190 introduxi,
3410 4135 3467 4179 ut
3496 4128 3745 4199 veritas,

439 4220 755 4277 minabilem
782 4228 838 4275 et
867 4220 1026 4274 nimis
1053 4218 1375 4274 laboriosam
1406 4218 1708 4288 legentibus
1749 4219 2028 4291 materiam
2135 4227 2344 4267 summo
2367 4214 2769 4282 conﬂigentium
2791 4215 3085 4271 certamine
3107 4214 3363 4286 eliquata,
3393 4215 3458 4269 ad
3482 4218 3751 4275 omnium

440 4311 805 4379 reliquissem,
834 4309 965 4364 utile
994 4311 1097 4363 hoc
1123 4319 1178 4363 et
1205 4308 1359 4363 valde
1386 4308 1728 4363 commodum
1760 4308 2028 4377 apparuit,
2134 4304 2376 4359 notitiam
2408 4305 2711 4373 perveniret
2731 4346 2744 4371 ,
2792 4316 2847 4361 et
2891 4305 3202 4362 diversitate
3248 4322 3603 4378 personarum
3638 4312 3753 4367 vel

442 4408 507 4454 ut
534 4398 953 4468 uniuscujusque
983 4398 1219 4452 haeretici
1248 4412 1529 4466 personam
1553 4412 1672 4453 cum
1702 4398 1786 4453 sui
1811 4398 2030 4468 dogma-
2134 4396 2542 4466 responsionum
2561 4398 3106 4472 acinterlocutionum
3138 4398 3299 4469 hujus
3315 4401 3496 4469 operis
3516 4401 3753 4459 variata
3783 4448 3793 4453 ,

442 4490 516 4546 tis
545 4488 968 4560 Professionibus
984 4487 1182 4559 ,rquasi
1209 4501 1507 4556 praesentes
1527 4504 1646 4545 cum
1674 4486 2030 4559 praesentibus
2136 4487 2362 4557 digestio
2384 4488 2655 4545 fastidium
2685 4489 2987 4560 legentibus
3016 4499 3337 4560 amputaret.

1092 4665 1781 4772 DLALOGI
1861 4666 2339 4774 LIBER
2412 4670 3074 4781 PRIMUS.

514 4829 559 4885 l.
580 4827 781 4882 Probus
792 4828 958 4897 judea:
987 4828 1114 4882 dixit
1137 4842 1157 4881 :
1181 4826 1518 4896 Perspiciens
1540 4827 1591 4882 in
1623 4828 1887 4883 idolorum
1930 4830 2035 4885 cul-
2059 4836 2113 4897 1)
2138 4845 2259 4884 rere
2286 4845 2509 4899 queam,
2538 4846 2606 4886 ne
2637 4833 2837 4887 erroris
2867 4834 3110 4890 caecitate
3154 4838 3277 4892 exui
3317 4840 3574 4909 cupiens,
3606 4857 3767 4900 ma—

441 4930 558 4978 tura
610 4917 813 4973 nullam
865 4919 976 4972 veri
1026 4917 1264 4973 numinis
1313 4918 1609 4974 consistere
1656 4919 1987 4988 mrijcstatem
2014 4962 2028 4987 ,
2129 4920 2338 4991 joribus
2368 4922 2707 4978 tenebrarum
2747 4926 3021 4981 erroribus
3053 4927 3315 4997 implicer,
3362 4930 3407 4985 si
3442 4932 3655 5000 passim
3696 4949 3776 4996 et

438 5011 764 5071 Christianis
792 5010 1167 5078 memetipsum
1207 5009 1547 5081 dogmatibus
1588 5011 1855 5080 subjicere
1886 5014 2026 5076 volo,
2133 5013 2251 5069 sine
2294 5014 2401 5068 ullo
2431 5015 2689 5071 examinis
2719 5016 3065 5086 discrimine,
3106 5021 3333 5092 alicujus
3373 5034 3539 5080 secta:
3608 5045 3777 5097 qua:

438 5104 634 5177 quibus
673 5100 932 5156 astruitur
960 5114 1095 5154 unus
1122 5108 1177 5154 et
1205 5115 1363 5155 verus
1390 5116 1511 5156 esse
1555 5103 1722 5168 Deus,
1771 5103 1857 5171 qui
1905 5103 2027 5157 uui-
2132 5108 2301 5177 prima
2326 5111 2624 5164 occurrerit
2659 5111 2895 5167 imitator
2923 5114 3177 5184 cxistam,
3208 5132 3326 5187 quae
3349 5127 3528 5174 utrum
3562 5136 3776 5192 prava

438 5211 595 5254 versa
644 5208 764 5265 qua:
812 5192 1058 5247 videntur
1100 5201 1154 5247 et
1200 5206 1318 5262 quae
1364 5208 1469 5247 non
1512 5194 1784 5257 videntur,
1832 5193 2028 5249 virtute
2129 5198 2200 5252 sit
2228 5212 2327 5253 nec
2356 5214 2458 5267 ne,
2489 5200 2575 5255 vel
2600 5202 2828 5257 veritate
2870 5203 3123 5273 suffulta,
3159 5205 3367 5275 ignoro.
3413 5209 3478 5264 Et
3507 5212 3641 5268 ideo
3703 5221 3777 5276 si

440 5290 592 5347 νει-Μ
620 5287 704 5343 sui
734 5287 957 5342 creavit.
988 5284 1057 5339 Et
1095 5286 1349 5355 quoniam
1378 5301 1496 5340 cum
1525 5288 1706 5355 plures
1735 5286 2025 5342 Christiani
2130 5289 2322 5357 placet,
2357 5290 2466 5345 imo
2497 5292 2616 5361 quia
2652 5292 2863 5361 placere
2887 5294 3069 5361 debet,
3092 5299 3457 5371 unusquisque
3480 5316 3781 5367 vestrum

440 5380 677 5442 nominis
703 5377 859 5433 titulo
878 5384 1220 5443 censeantur,
1247 5390 1277 5430 a
1305 5376 1528 5431 veritate
1548 5376 1665 5445 ejus
1696 5376 1816 5432 ﬁdei
1841 5378 2024 5445 procul
2130 5378 2182 5432 in
2212 5392 2501 5449 conspectu
2532 5392 2714 5439 nostro
2751 5383 2876 5441 ﬂdei
2918 5400 3029 5442 suae
3058 5393 3382 5445 sententiam
3415 5394 3652 5465 pandat,
3700 5415 3791 5460 ιη

439 5473 692 5527 aberrare
721 5471 993 5537 dicuntur,
1017 5470 1229 5525 diversa
1260 5471 1465 5527 scilicet
1490 5472 1771 5526 sentiendo
1797 5480 1852 5527 et
1882 5472 2025 5526 varia
2127 5470 2525 5528 examinatione
2568 5473 2745 5528 habita
2773 5515 2788 5541 ,
2822 5492 2940 5545 qua:
2968 5477 3174 5534 firmior
3201 5484 3411 5537 cunctis
3458 5493 3512 5538 et
3545 5491 3794 5550 verio'

440 5564 745 5631 dogmatum
786 5564 1027 5620 instituta
1054 5564 1333 5629 sectando,
1363 5565 1503 5618 scire
1533 5578 1674 5618 nunc
1699 5576 2026 5632 magnopere
2128 5569 2341 5626 reperta
2372 5560 2555 5630 fuerit,
2588 5563 2712 5619 huic
2737 5580 2925 5621 omnes
2950 5568 3072 5637 jure
3095 5570 3373 5639 cedamus,
3407 5584 3459 5628 et
3483 5573 3640 5634 hanc
3673 5581 3794 5641 in-

437 5652 689 5709 desidem
729 5670 851 5723 quae
890 5655 963 5710 sit
999 5656 1130 5711 recti
1175 5655 1438 5726 dogmatis
1469 5654 1636 5720 ﬁdes,
1676 5655 1762 5709 cui
1802 5655 2024 5710 remotis
2132 5651 2438 5710 dubitanter
2466 5667 2648 5725 spreto
2672 5659 2922 5719 falsitatis
2950 5678 3133 5720 errore
3154 5679 3465 5736 sequamur.

439 5744 691 5806 omnibus
719 5743 1002 5802 dubietatis
1036 5748 1190 5818 120
1214 5746 1524 5820 ambagibus
1555 5746 1815 5804 tenaciter
1842 5743 2019 5802 inhae-
2202 5744 2392 5801 Omnes
2433 5747 2715 5806 dixerunt:
2748 5752 3027 5823 Quomodo
3056 5754 3149 5812 tibi
3195 5757 3324 5813 tanti
3364 5759 3616 5827 mystcrii
3666 5780 3799 5827 se-

451 4606 693 4623 ﬁ

704 4606 3755 4632 Μ
