3958 6176
292 340 393 398 181

853 301 856 303 Α
905 339 1177 396 CONTRA
1218 338 1530 405 ARIANOS,
1573 337 2067 404 saueuaasos,
2112 335 2292 406 £10.,
2339 337 2700 395 DIALOGUS.
2745 341 2872 396 Lm.
2917 342 2957 396 ι.

3461 347 3562 404 152

282 465 436 511 creta
465 452 808 509 committere
837 467 1150 521 possumus,
1194 461 1250 508 et
1296 454 1373 508 rei
1406 455 1698 521 inexperta:
1740 452 1880 508 arbi-
1907 462 1954 517 Α
1984 463 2187 523 gmtes,
2224 454 2278 507 in
2318 456 2516 509 nomine
2552 455 2722 510 Patria
2745 494 2763 524 ,
2797 467 2841 510 et
2874 454 3001 509 Filii
3026 496 3040 522 ,
3072 466 3117 510 ct
3151 457 3370 528 δρὲιὶιιιε
3399 467 3565 518 sancti-

283 549 454 601 trium
487 544 782 610 collocare,
833 559 953 597 cum
1003 543 1227 598 necdum
1285 544 1599 614 gentilitatis
1639 543 1875 599 maculas

281 640 400 695 veri
417 637 691 712 dogmatis
720 635 1069 706 perceptione
1098 637 1372 691 ablueris?
1705 687 1709 690 .

354 732 561 786 Probus
584 731 748 799 iudex
770 730 904 786 dixit
929 745 945 783 :
975 730 1089 784 Iloc
1115 738 1198 783 est
1223 730 1435 799 utique,
1465 729 1607 800 quod
1648 729 1773 784 totis
1800 728 1878 781 vi-

276 823 431 878 ribus
452 836 784 892 cognoscere
810 823 990 890 cupio,
1015 821 1154 891 quod
1180 822 1250 875 sit
1273 831 1476 876 rectum
1500 830 1554 876 et
1576 820 1874 874 veridicum

276 916 508 984 dogma,
542 914 596 968 in
633 928 740 982 quo
780 928 870 967 me
910 920 1154 982 oporteat
1183 913 1377 967 occulti
1424 911 1666 981 mysterii
1697 925 1874 964 sacra-

275 1015 460 1062 menta
491 1005 790 1074 percipere.
820 1003 1001 1071 Neque
1023 1003 1164 1057 enim
1197 1002 1359 1058 modo
1377 1001 1644 1070 profunda
1674 1010 1869 1071 myste-

277 1101 484 1162 rituum
507 1109 701 1150 arcana
732 1095 864 1149 mihi
892 1095 1132 1164 pateﬁeri
1170 1094 1454 1159 desidero;
1483 1094 1577 1149 sed
1609 1094 1698 1148 illa
1733 1107 1872 1148 nunc

279 1189 411 1243 mihi
455 1187 642 1256 ﬂagito
671 1185 1056 1250 demonstrari,
1091 1200 1210 1252 quae
1254 1185 1308 1238 in
1335 1194 1511 1240 vestra
1541 1184 1644 1239 ﬁde
1671 1184 1873 1238 extrin-

273 1294 436 1334 secus
464 1278 753 1342 habentur,
787 1286 842 1330 et
880 1277 1089 1346 publice
1119 1275 1499 1344 praedicantur.
1533 1274 1586 1328 ld
1616 1286 1698 1329 est
1728 1274 1868 1344 quod

275 1385 416 1424 unus
457 1369 710 1438 idemque
745 1383 906 1422 verus
942 1368 1012 1422 sit
1051 1367 1193 1421 Deus
1231 1366 1521 1422 visibilium
1554 1373 1609 1421 et
1637 1365 1870 1421 invisibi-

276 1463 407 1516 lium
437 1461 687 1516 conditor
717 1475 918 1515 rerum.
955 1459 1019 1514 Et
1047 1459 1169 1528 quia
1201 1458 1304 1514 hoc
1333 1473 1429 1514 vos
1463 1474 1568 1513 uno
1610 1473 1701 1513 ore
1742 1473 1866 1526 pro—

276 1556 414 1610 fiteri
463 1569 571 1609 non
623 1554 823 1618 nescio,
872 1552 997 1621 quid
1043 1567 1218 1607 causa:
1245 1552 1544 1615 exstiterit,
1578 1560 1634 1605 ut
1673 1552 1723 1604 in
1760 1559 1864 1604 tam

273 1648 449 1700 varias
478 1643 793 1699 dividamini
840 1653 1049 1710 sectas,
1103 1652 1162 1697 ut
1203 1658 1322 1713 qua:
1366 1644 1437 1698 sit
1476 1659 1637 1707 vera,
1680 1656 1866 1711 quaeve

270 1737 424 1800 falsa,
459 1736 688 1805 intelligi
719 1735 940 1789 omnino
962 1748 990 1786 a
1024 1734 1180 1788 nobis
1205 1749 1311 1789 non
1342 1734 1530 1804 possit,
1554 1735 1862 1803 priusquam

1988 544 2200 600 (uitauit.
2231 559 2392 599 xxvnt
2410 587 2424 611 ,
2453 547 2566 614 19).

2056 634 2256 689 Probus
2273 637 2440 707 judex
2467 638 2595 691 dixit
2630 655 2647 691 :
2679 639 2871 706 Magno
2911 639 3152 694 miraculi
3178 649 3395 712 stupore
3426 653 3564 697 διευς

1981 727 2123 779 nitus
2146 728 2343 793 haereo,
2371 737 2481 782 tres
2502 744 2529 782 a
2554 730 2704 784 vobis
2736 730 2867 786 deos
2897 733 3175 799 praedicari
3198 738 3560 803 conspiciens,

1978 832 2006 869 a
2036 816 2228 884 quibus
2252 818 2314 870 ad
2341 818 2494 872 unius
2519 820 2609 874 Dei
2638 820 2921 889 singularis
2953 826 3202 890 potentiae
3226 827 3558 895 majestatem
3590 829 3598 892 ἕ

1977 909 2386 977 confugiendum
2418 925 2538 965 esse
2566 911 2920 967 credideram.
2955 913 3104 969 Unde
3131 931 3248 983 qute
3292 918 3361 971 sit
3402 919 3560 987 hujus
3588 937 3593 947 ·

1977 1001 2200 1054 rationis
2242 1001 2411 1066 ﬁ'des,
2454 1002 2536 1058 vel
2565 1004 2692 1072 quid
2735 1004 2832 1073 ista
2879 1006 3034 1058 trium
3079 1022 3256 1061 rerum
3290 1008 3559 1077 triumque

1977 1090 2358 1145 vocabulorum
2409 1095 2623 1147 nomina
2673 1094 2944 1163 indicent,
2987 1112 3167 1166 quzeso
3197 1113 3294 1153 nos
3325 1101 3558 1156 breviter

1975 1179 2265 1236 informare
2287 1182 2598 1250 dignemini.

2045 1274 2300 1330 Satellius
2328 1276 2456 1329 dixit
2490 1291 2507 1330 :
2537 1276 2699 1332 Plane
2727 1293 2758 1332 a
2785 1279 2938 1332 nobis
2967 1288 3076 1335 tres
3104 1281 3380 1352 praedicari
3424 1283 3559 1342 deos

1973 1381 2077 1420 non
2110 1367 2302 1421 audisti
2330 1409 2344 1432 ,
2377 1368 2470 1422 sed
2503 1370 2724 1424 credere
2757 1386 2856 1425 nos
2888 1373 2940 1425 in
2973 1373 3182 1427 Patrem
3203 1415 3220 1440 ,
3250 1383 3304 1428 et
3336 1374 3552 1439 Filium,

1970 1466 2024 1511 et
2045 1455 2301 1525 Spiritum
2326 1469 2589 1524 Sanctum,
2616 1461 2752 1515 sicut
2781 1463 2934 1518 nobis
2967 1475 3048 1516 est
3077 1465 3143 1518 ab
3172 1468 3424 1534 apostolis
3449 1477 3553 1522 tra‘

1969 1548 2160 1615 ditum,
2186 1549 2501 1618 simpliciter
2526 1550 2751 1618 professi
2782 1566 2986 1609 sumus.
3015 1556 3144 1609 Cum
3173 1556 3315 1610 enim
3339 1557 3551 1612 Patrem

1969 1644 2338 1709 nominamus,
2371 1660 2475 1698 non
2505 1645 2668 1699 alium
2713 1646 2962 1712 Patrem,
2998 1648 3162 1702 alium
3193 1650 3440 1705 volumus
3470 1651 3552 1706 in-

1971 1733 2134 1803 telligi
2159 1734 2377 1801 Filium,
2401 1735 2492 1790 sed
2524 1737 2662 1791 hunc
2687 1743 2937 1793 eumdem
2961 1749 3015 1794 et
3042 1739 3252 1796 Patrem
3277 1752 3330 1797 et
3353 1743 3548 1797 Filium

272 1839 456 1883 vestro
485 1830 781 1883 certamine
802 1869 816 1892 ,
866 1827 1028 1897 digno
1067 1827 1336 1896 patientiae
1370 1827 1738 1882 moderamine
1769 1828 1861 1883 ha-
1895 1834 1938 1893 Β
1971 1825 2344 1893 prtedicamus.
2392 1829 2547 1896 122
2587 1827 2726 1882 Deus
2756 1831 2897 1883 enim
2935 1829 3184 1884 ineffabili
3217 1833 3425 1887 virtutis
3456 1849 3548 1903 po-

272 1919 400 1981 bito,
433 1916 560 1986 quid
592 1918 662 1972 sit
692 1931 986 1985 congruum
1019 1916 1328 1987 diligentius
1357 1930 1741 1986 cognoscamus
1768 1919 1794 1972 ‘!

340 2008 403 2063 ll.
440 2009 758 2062 Athanasius
784 2009 917 2062 dixit
946 2025 964 2065 :
990 2007 1122 2064 Cum
1155 2009 1228 2062 sis
1267 2009 1412 2062 omni
1445 2009 1738 2063 litterarum
1772 2024 1861 2079 ge-

269 2116 396 2157 nere
423 2101 696 2167 imbutus,
738 2112 793 2155 et
831 2100 1220 2170 philosophicis
1249 2100 1546 2169 disciplinis
1571 2100 1858 2156 admodum

267 2194 547 2260 eruditus,
593 2193 774 2247 mirari
824 2207 1207 2264 usquequaque
1255 2208 1361 2248 non
1391 2192 1587 2260 debes,
1635 2193 1859 2261 plurima

267 2301 430 2356 penes
477 2299 580 2340 nos
642 2292 697 2339 et
725 2284 872 2338 varia
919 2284 1215 2340 novitatum
1261 2285 1510 2355 dogmata
1555 2285 1856 2351 exstitisse,

265 2391 382 2432 cum
411 2385 468 2432 et
500 2374 640 2444 apud
667 2389 762 2429 vos
805 2383 884 2428 tot
918 2375 1300 2430 sententiarum
1339 2377 1599 2429 novitates
1624 2387 1860 2430 emerse-

264 2469 407 2532 rint,
449 2474 582 2536 quot
613 2481 747 2536 pene
776 2466 992 2520 nomina
1022 2465 1258 2535 ipsorum
1286 2467 1633 2521 continentur
1675 2476 1858 2521 aucto-

261 2578 404 2617 rum.
442 2561 578 2616 Nam
611 2575 730 2616 cum
761 2570 870 2616 tres
896 2561 1005 2616 sint
1034 2561 1088 2615 in
1130 2560 1328 2616 mundo
1349 2603 1363 2627 ,
1395 2561 1701 2615 Judmorum
1721 2601 1735 2624 ,
1771 2575 1860 2630 pa-

257 2669 520 2722 ganorum
547 2664 604 2709 et
628 2653 1057 2709 Christianorum
1086 2653 1391 2724 religiones,
1416 2654 1596 2708 multis
1615 2664 1668 2708 et
1697 2654 1856 2723 longe

257 2749 511 2803 discretis
541 2748 935 2802 sententiarum
978 2746 1378 2801 diversitatibus
1408 2762 1740 2817 unaquaeque
1769 2762 1856 2802 re-

258 2840 383 2908 ligjo
409 2855 440 2893 a
464 2838 640 2907 seipsa
673 2839 1008 2904 desciscens,
1034 2839 1086 2894 in
1109 2839 1282 2892 varias
1309 2840 1542 2909 propriae
1562 2840 1852 2894 institutio-

260 2931 339 2984 nis
385 2938 569 2986 sectas
615 2930 782 2984 divisa
831 2942 914 2985 est
955 2930 1125 2988 :dum
1175 2931 1540 3002 unusquisque
1588 2932 1853 2988 suavitate

256 3019 577 3073 recentioris
621 3018 932 3083 sententiae,
984 3036 1087 3073 non
1139 3019 1419 3074 veritatem
1467 3020 1560 3074 sed
1607 3022 1850 3074 veritatis

258 3110 672 3166 similitudinem
707 3111 1041 3181 praferentis
1080 3111 1325 3177 illectus,
1359 3114 1510 3182 121
1557 3113 1849 3180 antiquitus

1969 1917 2162 1978 tentia,
2208 1931 2308 1986 qua
2357 1918 2536 1971 omnia
2583 1918 2805 1987 implet,
2846 1921 3025 1975 Mariae
3066 1921 3296 1992 Virginis
3336 1935 3546 1979 uterum

1965 2009 2193 2078 implens
2216 2051 2230 2074 ,
2263 2019 2422 2079 atque
2461 2025 2525 2066 ex
2556 2026 2633 2076 se,
2665 2012 2734 2066 ob
2762 2012 2990 2068 humana
3019 2015 3224 2083 piacula
3257 2018 3541 2085 expianda,

1961 2100 2193 2154 earnalis
2237 2101 2474 2155 materiae
2512 2102 2862 2158 substantiam
2896 2105 3011 2160 sine
3051 2109 3131 2160 sui
3180 2107 3548 2164 immutatione

1971 2191 2270 2261 suscipiens
2295 2235 2312 2261 ,
2358 2193 2641 2248 visibiliter
2681 2211 2803 2250 sese
2853 2197 3097 2254 humanis
3142 2201 3415 2255 obtutibus
3453 2203 3544 2256 tle-

1963 2286 2324 2354 monstravit,
2375 2285 2432 2363 ei
2461 2289 2514 2342 in
2551 2303 2616 2344 eo
2649 2291 2763 2359 ipso
2800 2293 3020 2348 homine
3060 2309 3216 2364 quem
3257 2299 3546 2368 assumpsit

1962 2374 2128 2430 Filius
2172 2388 2539 2448 nuncupatur;
2592 2397 2711 2436 cum
2755 2397 2862 2439 non
2901 2386 3038 2439 alius
3065 2397 3222 2457 atque
3251 2389 3417 2452 alius,
3448 2392 3546 2444 sed

1960 2467 2100 2523 idem
2133 2468 2292 2524 Pater
2337 2472 2677 2542 intelligatur.
2721 2475 2787 2529 Et
2818 2475 2919 2532 hac
2949 2478 3153 2532 ratione
3185 2495 3344 2533 unum
3375 2480 3543 2535 Deum

1957 2562 2202 2626 colimus,
2223 2577 2327 2618 non
2350 2564 2510 2619 alium
2539 2565 2620 2637 (ut
2642 2565 2772 2636 dixi)
2795 2577 2953 2638 atque
2973 2569 3135 2624 alium
3161 2571 3540 2640 intelligentes,

1958 2655 2050 2710 sed
2084 2655 2226 2710 hunc
2256 2656 2612 2727 eumdemque
2643 2675 2806 2714 unum
2838 2670 2888 2715 et
2918 2676 3102 2716 verum
3137 2663 3466 2730 proﬁtentes.

2029 2745 2115 2799 lV.
2150 2745 2396 2800 Photinus
2426 2750 2556 2802 dixit
2601 2767 2620 2804 :
2657 2749 2821 2820 lmpie
2854 2751 3120 2807 Sabellius
3153 2754 3426 2822 professus
3455 2766 3538 2809 est

1959 2837 2125 2890 Deum
2169 2836 2380 2894 Patrem
2435 2854 2530 2908 per
2575 2840 2843 2910 Virginem
2893 2851 3071 2897 natum
3103 2885 3118 2910 ,
3170 2846 3350 2899 nescio
3395 2846 3558 2912 quod"

1953 2927 2311 2996 protensionis
2339 2929 2522 2983 vitium
2554 2939 2712 2984 tanta:
2756 2933 3002 3000 ingerens
3029 2934 3315 3001 maiestati,
3358 2944 3414 2989 ut
3441 2951 3536 3005 per

1952 3019 2003 3073 id
2032 3021 2170 3088 quod
2196 3029 2453 3074 extensus
2477 3031 2560 3075 est
2584 3025 2634 3076 in
2665 3024 2896 3094 Virgine,
2927 3025 3038 3093 ipse
3066 3029 3164 3082 sibi
3196 3028 3370 3092 Pater,
3397 3031 3536 3099 ipse-

1951 3125 2055 3179 que
2087 3111 2157 3165 sit
2188 3110 2373 3177 Filius,
2408 3115 2545 3180 quod
2577 3115 2756 3169 nullus
2787 3117 3204 3172 tlhrisﬁanorum
3237 3121 3282 3174 ei
3314 3135 3534 3176 conces-

255 3218 280 3254 a
309 3201 555 3268 patribus
584 3202 833 3257 traditam
867 3203 1063 3257 lineam
1093 3202 1448 3271 derelinquit;
1491 3217 1556 3257 eo
1588 3204 1840 3257 irremea-
1870 3209 1914 3270 (ζ
1949 3206 2103 3258 serit.
2153 3203 2307 3259 Unde
2346 3205 2513 3274 magis
2555 3221 2655 3275 ego
2698 3208 2818 3262 dico
2869 3208 3032 3264 Deum
3086 3211 3294 3266 Pat-cm
3341 3203 3530 3268 Filium

259 3294 433 3348 biliter
463 3308 561 3362 per
597 3293 710 3347 avia
753 3294 1037 3360 oberrans,
1069 3309 1171 3362 quo
1197 3295 1436 3348 novitate
1463 3309 1561 3363 pro
1580 3302 1844 3348 vetustate

257 3387 418 3439 utitur
452 3394 706 3455 tanquam
740 3386 945 3455 antiqui
993 3386 1176 3440 limitis
1217 3395 1272 3439 et
1306 3401 1336 3439 a
1383 3387 1621 3455 patribus
1666 3385 1843 3440 traditi

258 3480 389 3530 v'am
421 3477 704 3532 incedens.
750 3479 854 3531 Aut
908 3478 1048 3531 enim
1081 3478 1306 3531 multum
1348 3478 1528 3539 sentit,
1555 3487 1644 3532 aut
1669 3477 1844 3531 minus

257 3569 442 3635 credit,
474 3577 529 3623 et
552 3568 672 3622 ideo
697 3569 929 3622 medium
953 3578 1005 3623 et
1028 3569 1227 3636 regium
1256 3568 1358 3622 iter
1379 3568 1626 3622 incedere
1649 3569 1838 3622 nescit.

257 3660 378 3714 licet:
410 3660 614 3714 idcirco
646 3659 902 3729 praefatus
928 3674 1046 3713 sum
1074 3701 1088 3724 ,
1121 3668 1178 3713 ut
1211 3659 1298 3713 tibi
1329 3660 1626 3714 clarissima
1657 3661 1840 3728 explo-

256 3752 435 3805 randa:
466 3751 711 3806 veritatis
741 3750 937 3805 indicia
969 3751 1427 3814 demenstrarem;
1460 3761 1516 3802 ut
1549 3765 1840 3818 agnoscere

256 3843 509 3897 facillime
541 3858 706 3912 queas
763 3844 911 3897 illum
955 3843 1228 3910 pravitatis
1257 3857 1440 3896 errore
1471 3843 1690 3904 involvi,
1747 3842 1836 3909 qui

257 3937 429 4002 prisca
478 3935 784 4003 apostolica:
832 3933 954 3987 ﬁdei
999 3935 1237 3988 instituta
1283 3933 1683 4000 derelinquens,
1722 3933 1835 3999 ipse

254 4026 353 4078 sbi
403 4039 502 4093 pro
539 4039 650 4078 suae
680 4024 967 4079 voluntatis
1021 4023 1240 4077 arbitrio
1296 4024 1453 4077 ﬁdem
1491 4038 1647 4092 quam
1687 4023 1835 4091 sequi

252 4117 447 4171 debeat
503 4115 756 4170 somniat.

321 4208 479 4260 Arius
511 4206 638 4259 dixit
665 4223 682 4260 :
714 4205 924 4275 Optime
963 4205 1286 4261 Athanasius
1331 4221 1570 4261 errorem
1600 4204 1833 4273 perﬁdia!

253 4300 305 4352 in
336 4299 565 4368 adjectis
593 4307 646 4352 et
673 4314 841 4366 nuper
870 4299 1098 4352 inventis
1126 4314 1304 4352 rerum
1336 4299 1662 4352 novitatibus
1701 4313 1833 4353 con-

251 4393 441 4446 sistere
467 4390 772 4458 proﬁtetur,
790 4391 1084 4459 apostolico
1107 4393 1157 4445 in
1183 4393 1283 4446 hoc
1312 4393 1482 4460 ipsum
1507 4401 1833 4461 congruente

254 4481 594 4542 testimonio,
624 4495 729 4548 quo
752 4480 823 4533 ait
853 4498 862 4532 :
897 4479 1155 4549 Profanas
1185 4490 1350 4534 autent
1375 4497 1550 4534 vocum
1589 4483 1832 4535 novitates

1949 3293 2146 3350 habere
2177 3295 2460 3350 Dominum
2490 3296 2670 3352 Jesum
2701 3297 2992 3366 Christum,
3024 3319 3089 3355 ex
3121 3303 3281 3356 Maria
3313 3305 3530 3375 Virgine

1946 3387 2155 3441 initium
2199 3398 2541 3454 sumentem;
2587 3391 2676 3460 qui
2730 3407 2825 3460 per
2866 3403 3064 3448 sanctae
3107 3397 3527 3452 conversationis

1943 3482 2457 3536 excellentissimum
2489 3494 2648 3552 atque
2681 3485 2994 3542 inimitabile
3036 3489 3377 3546 beatitudinis
3417 3509 3528 3548 tne~

1942 3573 2124 3638 ritum,
2154 3590 2182 3627 a
2213 3575 2322 3629 Deo
2345 3575 2500 3630 Patre
2525 3576 2575 3629 in
2604 3576 2791 3635 Filium
2825 3591 2905 3634 est
2928 3581 3226 3650 adoptatus,
3250 3595 3301 3638 et
3327 3588 3530 3640 eximio

1942 3666 2238 3720 divinitatis
2278 3669 2482 3722 honore
2525 3670 2769 3725 donatus.
2811 3673 3074 3727 (Ia-terum
3126 3676 3264 3731 Deus
3305 3680 3526 3733 inviola-

1941 3757 2064 3811 bilis
2094 3768 2148 3811 et
2179 3758 2503 3824 immensus,
2535 3776 2636 3815 nec
2665 3778 2727 3817 ex
2758 3777 2818 3818 se
2847 3764 3007 3818 alium
3036 3769 3245 3836 genuit,
3285 3785 3384 3825 nec
3411 3773 3535 3839 ipse-

1942 3864 2175 3917 unquam
2206 3852 2416 3917 genitus
2450 3852 2565 3916 fuit,
2594 3861 2653 3907 ut
2684 3855 2874 3908 merito
2901 3866 2988 3910 aut
3019 3859 3086 3913 de
3112 3875 3169 3913 se.
3202 3861 3388 3914 Filium
3425 3864 3533 3915 lia--

1940 3940 2088 4004 bere,
2112 3950 2202 3995 aut
2227 3942 2341 4010 ipse
2361 3943 2460 3996 sibi
2486 3942 2648 3995 Filius
2669 3959 2788 3999 esse
2807 3947 3075 4001 credatur.
3103 3949 3206 4003 Sed
3232 3960 3312 4004 est
3335 3952 3521 4006 unicus

1938 4040 1993 4085 et
2021 4033 2331 4100 singularis,
2361 4047 2460 4086 nec
2487 4036 2791 4100 generando
2819 4039 3048 4103 passioui
3091 4041 3383 4109 obnoxius,
3418 4059 3518 4098 nec

1937 4123 2173 4189 seipsum
2201 4124 2568 4192 protendendo
2591 4129 2909 4191 cumulatus,
2933 4144 3028 4182 nec
3053 4145 3198 4183 suam
3227 4132 3276 4185 in
3303 4132 3544 4202 Virgine'

1939 4212 2236 4281 portionem
2266 4213 2587 4277 derivando,
2627 4215 2873 4269 divisioni
2903 4218 3190 4284 subjectus.

2008 4303 2158 4356 Arius
2192 4303 2321 4356 dixit
2344 4320 2361 4355 :
2388 4304 2496 4372 Ego
2524 4305 2662 4358 enim
2688 4308 2949 4362 conﬁteor
2981 4308 3274 4378 ingenitum
3302 4311 3512 4368 Patrem

1936 4406 2059 4449 ante
2108 4396 2284 4449 omnia
2333 4405 2573 4464 tempora
2617 4398 2954 4455 ineffabiliter
2999 4402 3188 4457 Filium
3240 4406 3510 4474 genuisse,

1935 4501 2031 4553 per
2057 4501 2213 4554 quem
2252 4496 2306 4541 et
2336 4488 2386 4541 in
2420 4504 2528 4557 quo
2556 4490 2797 4545 visibiles
2827 4502 3098 4547 creaturas
3134 4503 3291 4564 atque
3330 4499 3545 4553 invisi-i-

254 4573 415 4624 derita
452 4570 504 4640 (Ι
538 4570 672 4626 Tim.
702 4587 784 4637 Vl,
815 4572 931 4637 20).
981 4571 1129 4625 Unde
1171 4573 1394 4626 obsecro
1438 4584 1494 4625 ut
1524 4573 1588 4625 ab
1616 4572 1715 4625 hoc
1751 4574 1829 4624 in-
1859 4580 1906 4639 ι)
1934 4578 2069 4632 biles
2111 4579 2233 4633 fecit
2269 4598 2280 4632 :
2323 4579 2409 4648 qui
2451 4581 2764 4637 novissimis
2803 4587 3126 4652 temporibus
3168 4598 3381 4656 propter
3411 4591 3511 4646 htt-

251 4664 558 4732 quisitionis
607 4665 818 4718 tramite
862 4678 968 4717 non
1014 4665 1265 4728 recedas,
1315 4664 1620 4734 diligentius
1670 4673 1830 4733 atque

250 4757 503 4809 attentius
551 4755 922 4823 investigando
974 4757 1092 4825 quis
1152 4771 1316 4818 novo,
1363 4758 1546 4825 quisve
1610 4758 1829 4827 antiquo

250 4848 416 4900 utitur
443 4845 561 4900 ﬁdei
594 4847 903 4900 testimonio
926 4846 1019 4915 (af.
1054 4847 1173 4901 ﬁdei
1206 4852 1587 4914 sacramento).

322 4939 523 4992 Probus
561 4940 720 5007 iudex
747 4940 877 4991 dia-it
906 4955 921 4991 :
957 4938 1023 4992 Ut
1055 4939 1166 4993 haec
1195 4954 1313 5007 quas
1343 4940 1535 4994 asseris
1582 4939 1827 4994 facillime

249 5029 606 5095 innotescant,
641 5039 696 5084 et
724 5029 791 5084 ad
818 5029 991 5083 lucem
1019 5030 1261 5085 vetitatis
1310 5040 1511 5084 remota
1538 5031 1683 5086 omni
1715 5045 1827 5082 am-

248 5121 522 5191 biguitatis
570 5120 796 5190 caligine
846 5121 1096 5186 veniant,
1147 5120 1377 5190 antiquae
1428 5122 1545 5176 ﬁdei
1595 5121 1827 5190 regulam

246 5212 485 5281 pandite,
515 5221 566 5267 et
591 5213 662 5267 ita
695 5220 754 5265 ut
776 5221 857 5267 est
882 5213 951 5266 ab
980 5212 1235 5282 apostolis
1289 5213 1480 5267 tradita
1511 5215 1709 5268 nostris
1734 5229 1829 5267 au~

245 5310 389 5364 ribus
418 5309 680 5365 intimate.

318 5398 400 5453 lll.
451 5400 636 5452 Omnes
674 5400 914 5452 dixerunt
947 5417 964 5453 :
993 5399 1273 5455 Credimus
1313 5399 1364 5452 in
1403 5400 1569 5453 Deum
1615 5399 1826 5453 Patrem

245 5491 705 5556 omnipotentem,
739 5499 793 5543 et
840 5489 892 5542 in
938 5490 1119 5545 Jesum
1151 5489 1419 5546 Christum
1476 5489 1665 5543 Filium
1713 5489 1829 5557 ejus

247 5580 530 5636 Dominum
560 5591 826 5646 nostrum,
851 5590 904 5636 et
933 5583 983 5636 in
1015 5582 1271 5650 Spiritum
1302 5591 1564 5637 sanctum.
1598 5581 1720 5635 Haac
1748 5591 1830 5636 est

247 5673 368 5728 ﬁdei
403 5683 602 5728 nostra:
632 5676 816 5744 regula
838 5719 850 5741 ,
882 5691 1038 5745 quam
1070 5674 1274 5729 coalesti
1307 5674 1610 5743 mag-sterio
1643 5675 1821 5728 Domi-

247 5778 344 5816 nus
375 5765 590 5820 tradidit
633 5767 931 5835 apostolis,
971 5767 1153 5822 dicens
1181 5783 1192 5818 :
1227 5765 1340 5833 Ite,
1376 5766 1630 5835 baptizata
1660 5783 1830 5821 onum

1939 4669 2081 4722 mani
2113 4669 2324 4737 generis
2355 4670 2579 4725 salutem
2617 4688 2646 4726 a
2687 4673 2842 4729 Patre
2872 4678 3092 4740 missus,
3127 4695 3307 4734 verum
3342 4682 3513 4738 homi-

1936 4775 2056 4813 nem
2087 4761 2320 4829 gestavit
2349 4761 2400 4814 in
2432 4763 2658 4830 mundo,
2689 4780 2848 4832 quem
2886 4767 3265 4825 inviolabiliter
3301 4773 3367 4826 de
3398 4773 3515 4828 Vir-

1934 4852 2055 4922 gine
2080 4853 2238 4906 Maria
2264 4855 2380 4908 sine
2407 4855 2622 4909 humani
2647 4857 2863 4925 pudoris
2887 4862 3239 4927 permixtione
3260 4868 3511 4934 suscepit.

1933 4945 2032 5010 Qui
2071 4960 2191 4999 cum
2239 4947 2310 5001 sit
2351 4956 2610 5003 creaturae
2649 4965 2759 5003 suae
2789 4951 2928 5006 Deus
2966 4964 3021 5008 et
3065 4956 3356 5024 Dominus,
3407 4975 3551 5015 nonI

1934 5044 2109 5090 tamen
2143 5043 2316 5104 potest
2342 5039 2569 5106 genitori
2597 5054 2695 5094 suo
2719 5085 2733 5109 ,
2775 5052 2867 5097 aut
2904 5045 2952 5097 in
2982 5048 3229 5102 omnibus
3259 5049 3513 5113 conferri,

1933 5136 2026 5179 aut
2053 5127 2102 5180 in
2132 5129 2310 5197 aliquo
2341 5127 2626 5198 coaqnari,
2657 5147 2814 5201 quem
2845 5144 2900 5189 et
2930 5135 3093 5191 Deum
3124 5153 3297 5205 suum,
3322 5149 3377 5194 et
3405 5153 3514 5193 suae

1936 5221 2158 5290 originis
2181 5221 2463 5288 profitetur
2485 5233 2774 5281 auctorem.
2800 5227 2907 5282 Nec
2936 5239 3111 5285 tamen
3142 5231 3262 5285 ideo
3283 5231 3389 5284 duo
3413 5231 3512 5294 dii,

1936 5313 2058 5380 quia
2088 5321 2142 5366 et
2165 5312 2251 5366 hic
2268 5313 2432 5377 Deus;
2467 5330 2565 5369 nec
2593 5315 2713 5370 ideo
2734 5333 2838 5372 non
2868 5319 3025 5385 Deus,
3049 5321 3169 5388 quia
3190 5320 3334 5373 solus
3358 5319 3529 5375 Pater
3588 5313 3591 5317 ’

1934 5402 2092 5458 Deus.
2146 5405 2292 5460 Sicut
2322 5421 2427 5460 non
2460 5408 2581 5462 ideo
2613 5425 2720 5463 non
2770 5411 2947 5466 bonus
2970 5453 2984 5477 ,
3015 5412 3133 5482 quia
3180 5410 3324 5463 solus
3356 5409 3526 5466 Pater

1933 5496 2132 5561 bonus;
2165 5513 2284 5552 cum
2311 5498 2380 5552 sit
2407 5509 2458 5554 et
2496 5502 2648 5571 123
2682 5503 2845 5556 Filius
2874 5519 2977 5557 non
3004 5503 3170 5556 solum
3202 5503 3392 5566 bonus,
3419 5505 3514 5560 sed

1929 5597 1981 5641 et
2013 5588 2274 5642 bonorum
2307 5599 2547 5645 creator.
2575 5593 2644 5645 Et
2678 5593 2815 5647 sicut
2839 5594 2885 5648 ei
2913 5609 3016 5647 non
3044 5593 3292 5648 adimitur
3321 5602 3380 5649 ut
3407 5610 3516 5651 non

1934 5679 2103 5733 bonus
2127 5681 2210 5745 sit,
2238 5697 2357 5736 cum
2394 5684 2542 5736 solus
2573 5683 2732 5736 Pater
2757 5684 2922 5752 ipsius
2953 5683 3070 5738 Filii
3094 5685 3424 5756 professione
3449 5687 3516 5741 sit

1932 5771 2137 5837 bonus;
2187 5771 2262 5827 sic
2295 5773 2344 5827 ei
2375 5788 2478 5828 non
2529 5772 2766 5828 aufertur
2795 5789 2861 5830 ne
2892 5775 3032 5833 Deus
3079 5777 3166 5845 sit,
3218 5792 3341 5840 cum
3369 5777 3534 5832 solus
