4044 6184
436 330 541 384 185

1742 320 1964 378 VlGllJl
2003 318 2374 375 TAl’SENSlS

3592 313 3690 377 181

435 440 592 495 Pater
616 441 686 495 sit
715 441 873 495 Deus.
920 438 983 492 Et
1008 438 1145 501 sicut
1170 438 1381 494 bonitas
1412 436 1532 493 Filii
1563 451 1668 492 non
1697 434 2011 504 przejudicat
2037 442 2081 496 Α
2116 451 2379 520 prolatos,
2408 449 2495 517 qui
2529 463 2632 502 ηοη
2662 446 2876 517 proprie
2907 446 3015 501 ι)εο
3034 489 3047 513 ³
3077 444 3169 499 sed
3198 444 3441 513 personis
3470 454 3523 499 οι
3555 456 3692 501 ,em,

434 530 785 597 singularitati
825 538 1058 599 paternae
1101 529 1383 591 bonitatis;
1424 529 1502 582 sic
1535 527 1707 581 deitas
1748 525 1863 593 ejus
1902 539 2006 577 non

434 623 602 678 ofﬁcit
631 622 793 689 Patri,
822 637 887 676 ne
908 624 1095 676 unicus
1124 637 1185 675 ac
1211 620 1494 691 singularis
1521 621 1589 674 sit
1617 618 1775 673 Deus.
1816 617 1881 669 Et
1909 615 2009 669 hoc

434 714 596 767 modo
625 728 787 766 unum
813 712 1121 781 proﬁtemur
1150 711 1338 776 Deum,
1367 726 1471 765 non
1502 707 1743 778 negando
1774 706 1853 777 (ut
1877 704 2009 775 dixi)

435 804 623 857 Filium
660 803 847 867 Deum,
876 804 968 856 sed
1000 817 1163 872 penes
1191 803 1362 856 solum
1389 802 1599 856 Patrem
1628 799 1788 853 unius
1815 797 2009 852 divini-

434 895 557 946 talis
583 894 952 947 auctoritatem
981 894 1389 946 constituentes.

414 1008 417 1009 ν
508 984 569 1037 ν.
618 984 923 1037 Athanasius
964 984 1092 1037 dixit
1136 997 1155 1037 :
1198 984 1337 1038 Bene
1374 983 1584 1038 Patrem
1625 997 1691 1043 es
1726 994 1787 1035 se
1817 978 2009 1032 Filium

432 1074 768 1129 ineffabiliter
797 1084 921 1129 ante
952 1075 1127 1128 omnia
1172 1083 1407 1143 tempora
1446 1073 1694 1140 genuisse
1726 1071 1883 1125 Arius
1913 1083 2009 1124 sua

436 1166 768 1233 professione
798 1166 1073 1229 deﬁnivit;
1121 1164 1213 1217 sed
1246 1176 1418 1217 utrum
1452 1163 1642 1217 Filium
1674 1177 1738 1215 ex
1770 1162 1880 1230 ipsa
1912 1159 2010 1214 Pa-

434 1273 484 1313 tr
506 1274 532 1313 s
566 1259 798 1314 essentia
847 1258 933 1312 vel
989 1269 1178 1310 natura
1203 1297 1216 1320 ,
1250 1273 1315 1310 an
1345 1257 1563 1311 aliunde
1589 1254 1823 1326 genitum
1880 1253 2012 1307 velit

434 1366 693 1416 asserere,
726 1351 825 1404 hac
853 1350 1063 1404 interim
1091 1364 1183 1401 sua
1216 1349 1591 1417 prosecutione
1622 1346 1851 1400 reticuit.
1899 1345 2009 1412 Ego

433 1445 575 1497 enim
609 1445 840 1504 Patrem,
862 1451 916 1495 et
947 1441 1160 1507 Filium,
1194 1448 1249 1493 et
1277 1440 1532 1507 Spiritum
1584 1448 1826 1491 sanetum
1851 1435 2011 1491 unius

432 1536 742 1590 substantia:
767 1575 781 1599 ,
831 1534 1093 1601 uniusque
1134 1540 1334 1584 natura:
1364 1544 1483 1585 esse
1513 1529 1775 1583 conﬁteor
1805 1546 1817 1579 :
1853 1528 1923 1581 ita
1953 1534 2013 1581 ut

432 1643 537 1680 non
568 1641 634 1680 ex
665 1625 853 1691 nihilo,
889 1639 1061 1690 neque
1089 1639 1152 1678 ex
1184 1622 1382 1689 aliquo,
1416 1620 1509 1675 sed
1540 1619 1609 1674 de
1635 1618 1788 1672 Patre
1818 1617 2010 1671 Filium

431 1720 667 1786 genitum
693 1758 707 1782 ,
749 1730 801 1772 et
844 1718 911 1773 de
958 1718 1114 1771 Patre
1157 1715 1409 1785 Spiritum
1455 1713 1669 1769 credam
1721 1712 2049 1781 procedere-

432 1820 697 1863 sanctum.
728 1811 793 1863 Et
816 1809 936 1863 licet
962 1817 1070 1863 tres
1101 1809 1153 1862 in
1187 1822 1281 1861 sua
1309 1805 1635 1875 proprietate
1663 1804 2011 1858 subsistentes
2043 1799 2087 1859 Β

435 1903 687 1967 proﬁtear
736 1917 857 1957 esse
888 1917 1144 1969 personas
1170 1940 1186 1965 ,
1237 1899 1423 1953 horum
1459 1908 1635 1951 tamen
1668 1911 1769 1951 una
1802 1906 2010 1963 natura,

436 2008 647 2060 unaque
678 1992 930 2048 divinitas
956 1992 1353 2062 comprobatur.

508 2082 707 2137 Probus
726 2085 890 2154 judea:
916 2085 1085 2137 dixit:
1112 2084 1427 2152 Quanquam
1459 2081 1572 2135 haec
1604 2081 1748 2134 varia
1779 2088 1832 2135 et
1859 2078 2015 2149 longe

435 2174 708 2229 dissimilis
726 2176 1111 2229 sententiarum
1132 2182 1425 2230 vestrarum
1461 2172 1740 2227 diversitas
1772 2186 2013 2241 magnam

435 2266 761 2320 confusionis
789 2267 1070 2336 caliginem
1102 2267 1297 2322 nostris
1330 2265 1595 2320 mentibus
1636 2264 1893 2329 incutiat,
1938 2270 2015 2317 ta-

434 2375 559 2412 men
607 2367 663 2412 ut
707 2360 814 2412 cito
845 2358 929 2411 bis
959 2358 1272 2428 ambagibus
1302 2370 1559 2411 exuamur
1584 2399 1598 2423 ,
1630 2365 1682 2409 et
1714 2362 1770 2407 ut
1800 2369 1917 2423 quae
1944 2352 2016 2407 sit

436 2467 579 2504 vera:
628 2450 753 2504 ﬁdei
794 2450 1095 2519 professio,
1135 2462 1523 2521 cognoscamus
1576 2446 1866 2515 dignemini
1906 2446 2018 2499 evi-

437 2544 770 2598 denzioribus
799 2544 993 2598 divina:
1048 2542 1337 2612 Scriptura:
1383 2540 1699 2596 testimoniis
1762 2538 2015 2591 assertio-

438 2652 564 2689 nunt
608 2644 903 2690 vestrarum
935 2636 1228 2689 sententias
1270 2634 1621 2688 communire.
1671 2632 1737 2685 Et
1765 2645 1831 2685 ne
1861 2631 2016 2697 longo

436 2728 692 2783 orationis
720 2728 919 2782 ambitu
953 2728 1121 2796 ipsius
1152 2726 1427 2793 permixtae
1456 2723 1832 2792 disputationis
1862 2720 2018 2775 diﬁ‘u-

437 2818 586 2871 sione
650 2817 831 2886 procul
888 2816 1227 2885 evagemini,
1281 2815 1590 2884 singillatim
1656 2810 2017 2881 unusquisque

437 2921 677 2963 vestrum
718 2908 977 2964 adversus
1025 2916 1251 2962 cmteros
1296 2906 1514 2960 dimicet
1554 2924 1569 2960 :
1612 2904 1680 2959 ita
1728 2912 1786 2958 ut
1830 2916 2017 2958 omnes

438 3011 620 3053 contra
662 3015 823 3054 unum
855 2998 1209 3068 qusestionum
1233 3013 1378 3052 arma
1401 3006 1693 3064 sumentes,
1720 2998 1773 3051 in
1798 2987 1879 3051 his
1900 3010 2016 3065 qua:

436 3092 592 3145 vobis
638 3106 758 3145 esse
801 3091 1102 3146 communia
1148 3091 1356 3154 nostis,
1395 3098 1577 3143 contra
1608 3078 2013 3143 dissentientem

436 3182 590 3234 vobis
636 3180 862 3234 invicem
912 3179 1293 3248 suﬁragemini.
1348 3180 1555 3245 Porro,
1612 3179 1656 3232 si
1710 3179 1831 3233 ﬁdei
1882 3178 2012 3233 nihil
2042 3158 2086 3221 (ἶ

436 3288 720 3326 commune
752 3271 959 3326 habetis
984 3311 998 3335 ,
1031 3274 1143 3325 suis
1178 3272 1541 3341 unusquisque
1582 3272 1779 3325 nitatur
1810 3271 2016 3340 profes-

436 3363 695 3429 sionibus,
743 3372 801 3419 ut
825 3362 977 3417 facile
1005 3362 1262 3416 clarescat
1306 3372 1481 3416 utrum
1510 3362 1562 3417 in
1586 3362 1670 3416 his
1692 3378 1808 3432 quae
1831 3364 1882 3417 in
1906 3365 2014 3419 alio

436 3457 656 3510 damnat
709 3458 823 3524 ipse
854 3458 1063 3525 penitus
1092 3470 1196 3509 non
1229 3456 1509 3524 impingat.
1542 3454 1599 3510 Si
1628 3455 1801 3524 placet
1832 3456 2011 3526 igitur,

436 3562 558 3600 eum
592 3548 824 3603 Sabellio
854 3548 982 3602 inite
1007 3547 1336 3612 conﬂictum,
1358 3556 1411 3600 et
1440 3546 1529 3600 ille
1557 3557 1739 3601 contra
1770 3562 1863 3601 vos
1889 3562 2014 3604 suas

436 3637 672 3693 vindicet
719 3646 940 3705 partes:
975 3638 1045 3692 ita
1074 3646 1131 3693 ut
1158 3638 1205 3691 si
1246 3653 1367 3692 eum
1412 3652 1669 3705 superare
1717 3638 2011 3707 quiveritis,

434 3728 611 3784 victus
640 3729 914 3785 abscedat.
946 3730 1071 3784 Post
1100 3745 1255 3799 quem
1294 3729 1556 3783 Photinus
1585 3744 1705 3784 sese
1735 3730 2013 3783 certamini

436 3824 565 3877 dare
612 3823 875 3887 debebit,
916 3832 970 3879 et
1016 3838 1165 3878 soam
1216 3822 1464 3877 veridicis
1508 3823 1644 3876 tueri
1697 3820 2013 3874 testimoniis

435 3914 620 3972 ﬁdem.
642 3915 839 3969 Contra
861 3930 1039 3985 quem,
1073 3913 1230 3985 124.
1250 3927 1438 3968 omnes
1458 3911 1817 3966 eonﬁictionis
1841 3911 2010 3964 aciem

436 4005 728 4060 obﬁrmare
749 4006 989 4072 debetis;
1037 4014 1091 4059 ut
1137 4005 1180 4059 si
1222 4013 1277 4060 et
1317 4003 1403 4057 hic
1442 4004 1667 4059 cesserit
1705 4013 2009 4074 superatus,

436 4099 807 4166 disputationis
838 4099 1013 4153 locum
1041 4098 1248 4152 caeteris
1283 4096 1630 4165 sequentibus
1656 4094 2008 4161 derelinquat.

435 4189 504 4243 Et
543 4188 644 4244 hoc
688 4190 848 4245 modo
888 4190 1121 4244 arbitror
1163 4202 1260 4241 nos
1305 4187 1371 4241 ad
1418 4186 1721 4257 indaginem
1773 4185 2011 4239 veritatis

435 4293 596 4350 posse
631 4281 951 4349 quantocius
997 4279 1298 4349 pervenire.
1349 4278 1694 4333 Permittatur
1725 4278 1921 4346 itaque,
1952 4282 2013 4328 ut

436 4375 586 4438 dixi,
634 4374 899 4430 Sabellius
938 4388 1091 4427 suam
1139 4372 1299 4426 ﬁdem
1330 4370 1665 4439 documentis
1702 4367 2010 4425 coelestibus

436 4464 753 4534 approbare.

435 4618 439 4622 _
511 4555 594 4609 Vl.
637 4554 895 4610 Sabellius
938 4553 1066 4607 dixit
1106 4568 1125 4606 :
1163 4552 1423 4618 Quoniam
1472 4567 1555 4605 me
1601 4566 1720 4606 cum
1765 4550 2012 4604 omnibus

436 4643 687 4713 congredi
738 4644 1076 4713 praecepisti,
1129 4641 1491 4710 respondeant
1540 4649 1714 4694 utrum
1754 4640 2011 4709 simplicis

432 4746 642 4797 naturre
681 4736 846 4790 Deum
876 4749 996 4790 esse
1020 4733 1311 4788 fateantur.

506 4826 659 4880 Arius
687 4826 818 4879 dixit
847 4825 1017 4893 :Quis
1048 4825 1147 4879 hoc
1172 4821 1365 4891 impius
1394 4820 1703 4891 negaverit?

506 4917 763 4971 Sabellius
808 4917 937 4970 dixit
969 4930 986 4968 :
1020 4913 1399 4983 Respondeant
1431 4914 1589 4968 etiam
1624 4920 1800 4965 utrum
1834 4911 2013 4965 omnia

437 5024 555 5081 qua:
592 5009 660 5065 de
688 5008 801 5064 Deo
848 5008 1097 5063 dicuntur
1144 5005 1438 5062 secundum
1476 5005 1832 5060 substantiam
1874 5004 2016 5057 acci-

426 5100 628 5173 pienda
659 5101 791 5155 sint.

503 5192 658 5247 Arius
670 5190 832 5244 dixit:
852 5186 1167 5244 lsta'nostrte
1181 5185 1299 5243 ﬁdei
1317 5186 1530 5257 propria
1548 5199 1669 5240 esse
1694 5190 2011 5237 noscuntur.

505 5282 911 5357 Photinusdixit
938 5298 958 5336 :
984 5281 1261 5337 Assentior
1286 5286 1474 5335 cuncta
1498 5278 1565 5331 de
1590 5278 1697 5332 Deo
1719 5273 2010 5329 secundum

436 5378 783 5434 substantiam
821 5374 945 5430 dici.

506 5470 816 5523 Athanasius
838 5468 967 5521 dixit
990 5482 1007 5520 :
1034 5465 1149 5520 Non
1172 5475 1372 5519 temere
1393 5461 1839 5532 pronuntiaverim
1888 5458 2006 5513 uni-

437 5573 593 5614 versa
620 5575 739 5629 quae
764 5560 833 5616 de
876 5559 987 5633 Deo
1030 5559 1278 5612 dicuntur
1323 5553 1613 5610 secundum
1652 5554 2004 5607 substantiam

439 5649 636 5705 debere
664 5652 865 5719 accipi,
894 5660 1111 5721 propter
1135 5647 1419 5703 nonnullos
1449 5647 1702 5701 relatives
1733 5646 2006 5699 nominum

443 5755 619 5809 casus,
636 5740 926 5797 secundum
946 5741 1196 5798 usitatum
1221 5739 1436 5794 humani
1458 5738 1717 5795 sermonis
1739 5737 2008 5808 eloquium

2114 542 2337 612 poribus
2364 540 2448 596 vel
2478 542 2879 610 quibuscnnque
2908 553 3085 593 rerum
3118 537 3403 607 generibus
3432 547 3693 606 coaptan-

2115 644 2218 689 tnr.
2262 634 2316 688 ld
2346 644 2449 699 εει,
2483 648 2602 687 cum
2641 648 2700 687 se
2728 631 2935 686 nescire
2961 632 3111 696 dicit,
3144 629 3229 683 vel
3259 644 3377 683 cum
3408 644 3466 684 se
3498 629 3691 683 iterum

2113 726 2429 793 cognovisse
2473 723 2663 779 fatetur
2693 763 2708 789 ,
2753 730 2845 777 aut
2884 737 3005 775 cum
3038 735 3218 774 rerum
3256 732 3284 772 a
3336 733 3394 773 se
3434 718 3691 773 factarum

2115 817 2501 885 paenitudinem
2526 816 2683 885 gerit,
2707 824 2761 869 et
2782 800 2921 867 nunc
2942 828 3001 867 se
3025 814 3240 876 iratum,
3263 826 3403 865 nunc
3430 812 3693 879 placatum

2114 908 2367 961 ostendit.
2397 907 2526 974 Quae
2551 905 2729 959 omnia
2759 906 2801 958 si
2832 903 3121 958 secundum
3151 903 3438 957 essentiam
3470 902 3692 957 velimus

2114 1000 2357 1066 accipere
2379 1039 2394 1063 ,
2426 997 2731 1067 passibilem
2763 998 2878 1050 sine
2907 995 3068 1049 dubio
3095 1003 3147 1049 et
3178 992 3526 1061 improvidam
3558 993 3692 1046 divi-

2114 1104 2234 1143 nam
2263 1088 2634 1156 proﬁtebimur
2661 1102 2781 1141 esse
2798 1096 3064 1151 naturam,
3095 1084 3146 1137 in
3167 1099 3267 1153 qua
3290 1092 3380 1137 aut
3404 1082 3686 1152 ignoratio,

2112 1189 2203 1234 aut
2231 1194 2294 1234 ex
2328 1187 2567 1247 tempore
2597 1188 2710 1233 orta
2740 1176 2973 1245 cognitio
3003 1174 3158 1229 cadat
3190 1191 3202 1239 ;
3249 1187 3402 1241 quam
3435 1182 3486 1225 et
3516 1172 3689 1224 tristia

2114 1270 2419 1339 ptenitendo
2446 1269 2731 1324 conﬁciant
2753 1306 2769 1331 .
2818 1276 2871 1321 et
2910 1266 3029 1321 laeta
3057 1264 3341 1318 sublevem
3370 1260 3687 1332 vegetando.

2112 1360 2263 1426 Quod
2294 1360 2419 1429 quid
2447 1360 2586 1413 aliud
2609 1360 2731 1422 erit,
2765 1356 2865 1411 nisi
2891 1355 3163 1410 mutabilia
3192 1355 3417 1424 perpeti,
3441 1363 3494 1408 et
3520 1354 3688 1407 insta-

2113 1453 2204 1507 bili
2248 1452 2541 1505 mobilitate
2587 1451 2689 1504 huc
2726 1450 2957 1516 illucque
3000 1447 3284 1502 difﬂuere?
3334 1443 3483 1500 Unde
3522 1443 3691 1497 mani—

2114 1545 2403 1600 festissime
2424 1544 2804 1614 comprobatur
2827 1518 2931 1596 non
2956 1540 3134 1593 omnia
3166 1538 3232 1592 de
3254 1538 3363 1592 Deo
3402 1535 3691 1591 secundum

2113 1634 2464 1688 subStantiam
2498 1635 2601 1688 dici
2632 1633 2850 1696 debere,
2882 1630 2975 1684 sed
3006 1630 3272 1699 aliquanta
3309 1625 3690 1695 dispensationi

2114 1723 2487 1793 respondentia
2512 1764 2528 1790 ,
2581 1737 2687 1777 non
2737 1730 2941 1776 naturae
2988 1718 3107 1788 ejus
3145 1715 3517 1773 convenientia
3546 1722 3693 1768 certo

2116 1817 2311 1869 certius
2344 1814 2603 1884 proﬁteri.

2185 1905 2385 1960 Probus
2414 1906 2582 1980 judrx
2618 1905 2747 1959 dixit
2790 1919 2809 1958 :
2847 1904 2995 1959 Licet
3036 1900 3359 1956 sufﬁcienter
3398 1905 3452 1953 et
3488 1896 3692 1952 doctius

2114 2000 2370 2054 laudabili
2414 2000 2678 2053 brevitate
2721 1994 3099 2064 responderis,
3137 2006 3241 2046 non
3283 1990 3458 2045 omnia
3488 1988 3555 2042 de
3585 1987 3696 2041 Deo

2115 2093 2406 2144 secundum
2437 2088 2787 2143 substantiam
2818 2084 2942 2150 dici,
2975 2084 3129 2137 latius
3161 2088 3337 2134 tamen
3367 2080 3479 2132 haec
3510 2077 3695 2132 audire

2115 2185 2211 2236 abs
2243 2192 2293 2236 te
2321 2181 2568 2236 desidero
2590 2223 2605 2247 ,
2635 2195 2756 2236 cum
2805 2179 2879 2233 tui
2929 2176 3032 2232 loci
3077 2174 3456 2244 disputationis
3488 2184 3695 2240 tempus

2118 2272 2364 2327 adfuerit.
2394 2272 2545 2327 Nunc
2576 2270 2786 2326 interim
2819 2270 2837 2341 (
2868 2279 2924 2323 ut
2947 2276 3071 2323 ante
3093 2267 3230 2321 fatus
3251 2264 3399 2336 sum)
3431 2264 3695 2321 Sabellius

2117 2372 2174 2419 ut
2201 2371 2467 2432 coeperat,
2497 2370 2867 2432 proseQuatur.

2188 2456 2298 2509 Vll.
2346 2454 2599 2510 Sabellius
2630 2453 2757 2507 dixit
2798 2468 2816 2505 :
2859 2449 3007 2505 Fidei
3056 2455 3255 2502 nostra:
3297 2446 3596 2516 professio,
3639 2452 3697 2498 ut

2117 2546 2362 2613 superius
2397 2547 2552 2617 125
2578 2545 2715 2610 dixi,
2758 2544 2900 2598 hunc
2935 2540 3288 2608 eumdemque
3316 2548 3370 2593 et
3401 2536 3607 2591 Patrem
3642 2544 3696 2591 et

2118 2635 2309 2691 Filium
2342 2638 2592 2705 prmdicat
2624 2635 2827 2699 Deum;
2870 2648 2936 2687 ne
2962 2630 3144 2701 gentili
3170 2644 3355 2683 errore
3391 2628 3524 2681 duos
3566 2625 3697 2680 deos

2118 2744 2362 2784 asserere
2392 2728 2802 2793 convincamur,
2843 2724 2889 2778 si
2928 2724 3063 2777 alius
3093 2722 3276 2786 Pater,
3316 2720 3453 2773 alius
3482 2732 3511 2771 a
3543 2715 3697 2770 nobis

2120 2822 2286 2876 Filius
2318 2819 2656 2890 praedicetur.
2705 2816 2855 2872 Unde
2894 2829 2961 2869 ex
2992 2813 3073 2866 his
3104 2812 3231 2881 ipsis
3257 2826 3374 2879 qua:
3404 2822 3433 2861 a
3465 2823 3569 2862 non
3613 2806 3697 2861 in-

2123 2912 2481 2982 telligentibus
2497 2910 2581 2964 vel
2605 2910 2777 2963 minus
2790 2904 3142 2960 sentientibus
3157 2902 3378 2955 adversa
3401 2898 3555 2954 nobis
3576 2912 3696 2953 esse

2120 3013 2393 3074 putantur,
2417 3001 2749 3071 apertissime
2771 2995 3145 3052 demonstrabo
3172 2994 3364 3047 summi
3387 3005 3544 3061 atque
3581 3004 3698 3044 om-

2119 3097 2409 3165 nipotentis
2449 3095 2542 3147 Dei
2574 3107 2733 3148 unam
2774 3105 2896 3146 esse
2922 3103 3224 3159 personam.
3251 3086 3379 3140 Nam
3403 3085 3528 3155 quid
3554 3082 3696 3138 aliud

2117 3188 2368 3244 estPater
2388 3188 2439 3239 in
2460 3202 2539 3238 me
2558 3201 2764 3238 manetis
2786 3184 2908 3255 facit
2931 3198 3081 3253 Opera
3126 3178 3304 3250 (Joan.
3331 3194 3434 3243 xw,
3460 3176 3568 3247 10),
3591 3176 3694 3230 nisi

2118 3282 2231 3351 Ego
2266 3282 2317 3335 in
2350 3295 2435 3334 me
2460 3293 2684 3332 manens
2708 3277 2844 3331 facio
2870 3275 3066 3343 Opera?
3092 3284 3145 3328 et
3176 3273 3275 3338 Qui
3296 3289 3373 3325 me
3394 3272 3545 3335 videt,
3566 3271 3696 3322 videt

2117 3382 2162 3426 et
2194 3372 2399 3425 Patrem
2427 3370 2602 3442 (Joan.
2634 3383 2746 3433 xw,
2778 3367 2867 3435 9),
2889 3366 2937 3420 id
2971 3376 3073 3429 est,
3105 3364 3217 3433 Ego
3253 3378 3368 3418 sum
3393 3364 3509 3431 ipse
3538 3361 3696 3415 Pater

2115 3464 2204 3535 qui
2231 3463 2424 3527 Filius;
2456 3471 2513 3517 ut
2542 3476 2635 3530 per
2660 3474 2819 3514 unam
2862 3457 3149 3511 divinitatis
3190 3453 3692 3525 contemplationem

2116 3571 2273 3610 unam
2308 3555 2570 3623 intelligas
2596 3567 2714 3609 esse
2743 3550 3065 3618 personam?
3088 3548 3190 3603 Sed
3222 3556 3274 3602 et
3301 3548 3439 3614 quod
3465 3548 3558 3613 ait,
3582 3544 3695 3615 Ego

2112 3647 2170 3700 in
2228 3645 2383 3699 Patre
2442 3658 2486 3697 et
2550 3643 2705 3695 Pater
2753 3643 2968 3706 inme;
3062 3640 3145 3693 vel
3212 3638 3354 3708 quod
3406 3637 3568 3691 Isaias
3626 3636 3696 3691 ad

2116 3736 2361 3791 eumdem
2406 3735 2661 3804 loquitur,
2713 3733 2898 3787 dicens
2924 3774 2937 3798 ,
2991 3730 3056 3783 In
3103 3740 3149 3784 te
3190 3740 3260 3784 est
3296 3729 3465 3794 Deus,
3513 3738 3558 3780 et
3595 3745 3695 3782 non

2115 3838 2187 3883 est
2234 3826 2372 3881 Deus
2428 3835 2607 3895 prwter
2653 3836 2698 3878 te
2744 3823 2897 3895 (Isai.
2928 3838 3051 3886 xcv,
3086 3820 3194 3890 14),
3246 3820 3295 3874 id
3346 3819 3696 3889 proculdubio

2115 3918 2449 3992 manifestius
2471 3917 2633 3971 voluit
2662 3916 2915 3975 indicare.
2944 3914 3059 3967 sine
3086 3912 3308 3966 alterius
3340 3911 3697 3979 permixtione

2117 4026 2381 4083 personaa,
2411 4010 2464 4063 in
2496 4010 2671 4078 seipso
2703 4005 3040 4060 ineﬁ'abiliter
3070 4017 3402 4073 permanere.
3444 4001 3498 4055 Si
3528 4001 3693 4063 enim,

2115 4111 2174 4157 ut
2221 4103 2321 4173 ipsi
2366 4116 2577 4170 quoque
2618 4098 2919 4153 concedunt
2950 4105 3005 4149 et
3032 4106 3087 4150 ut
3116 4095 3362 4163 superius
3394 4094 3517 4147 fassi
3548 4101 3695 4158 sunt,

2114 4194 2342 4262 simplex
2370 4201 2452 4248 est
2493 4190 2673 4247 divina
2704 4198 2888 4245 natura
2914 4228 2929 4253 ,
2979 4202 3083 4241 non
3118 4185 3231 4240 ﬁeri
3265 4188 3438 4254 potest
3464 4194 3517 4236 nt
3551 4183 3698 4236 velut

2114 4284 2227 4353 ipsa
2260 4284 2577 4337 intrinsecus
2632 4296 2794 4335 vacua
2851 4279 3070 4333 alterius
3110 4277 3161 4329 in
3190 4291 3247 4331 se
3278 4285 3480 4328 naturae
3508 4290 3699 4342 perso-

2113 4392 2236 4433 nam
2259 4377 2552 4440 contineat,
2580 4385 2633 4430 et
2659 4376 2773 4443 ipsa
2799 4372 3036 4427 vicissim
3059 4371 3395 4426 contineatur
3416 4371 3482 4422 ab
3504 4369 3694 4422 altera.

2117 4468 2347 4524 Necesse
2377 4477 2459 4523 est
2497 4467 2638 4523 enim
2672 4476 2729 4520 ut
2758 4464 2933 4534 scipsa
2964 4473 3053 4518 aut
3083 4461 3370 4517 minuendo
3396 4461 3695 4525 contrahat,

2116 4569 2210 4615 aut
2252 4561 2559 4615 evacuando
2602 4558 2910 4623 exinaniat,
2957 4567 3048 4610 aut
3087 4553 3357 4609 dilatando
3387 4551 3647 4606 diﬁ‘undat
3681 4570 3694 4604 ε

2117 4652 2369 4722 quoniam
2409 4660 2746 4719 receptorum
2791 4649 2873 4702 vel
2914 4647 3284 4714 recipientium
3331 4643 3567 4696 conditio
3598 4644 3699 4695 ista

2117 4755 2219 4808 est,
2245 4754 2301 4799 ut
2327 4754 2417 4798 aut
2447 4750 2759 4810 recepturus
2787 4738 2960 4807 spatio
2984 4738 3235 4792 dilatetur
3263 4736 3327 4788 ad
3359 4736 3583 4789 alterum
3616 4748 3700 4787 re-

2115 4835 2444 4903 cipiendum;
2476 4842 2565 4887 aut
2595 4829 2928 4899 recipiendus
2992 4827 3358 4882 contractione
3388 4827 3565 4893 aliqua
3594 4825 3699 4877 mi-

2117 4933 2329 4989 nuatur,
2360 4933 2418 4977 ut
2443 4924 2578 4976 intra
2606 4931 2913 4976 cvacuatam
2938 4919 3002 4974 ad
3033 4916 3429 4986 suscipiendum
3462 4931 3520 4970 se
3550 4928 3701 4970 natu-
3776 4950 3797 4967 .

2118 5029 2230 5068 ram
2266 5012 2435 5067 valeat
2464 5011 2747 5066 contineri.
2790 5011 2920 5077 Quae
2949 5010 3199 5079 quoniam
3232 5020 3335 5058 tam
3372 5007 3529 5079 impia
3563 5016 3700 5058 lam-

2116 5118 2220 5175 que
2276 5104 2507 5158 absurda
2553 5102 2782 5173 simplici
2830 5102 2901 5155 illi
2940 5109 2992 5155 et
3037 5098 3288 5154 ineffabili
3334 5093 3535 5150 natura:
3573 5112 3701 5149 con-

2114 5210 2308 5266 gruere
2335 5195 2550 5249 minime
2581 5201 2836 5263 possunt,
2873 5192 2923 5246 id
2948 5192 3065 5246 sine
3092 5190 3252 5245 dubio
3282 5198 3448 5244 restat
3478 5187 3698 5258 intelligi

2115 5294 2172 5339 ut
2203 5300 2339 5340 unus
2369 5285 2617 5354 idemque
2642 5286 2693 5338 in
2725 5284 2901 5353 seipso
2929 5295 3175 5347 manens,
3208 5281 3274 5335 de
3305 5280 3483 5349 seipso
3512 5280 3697 5348 singu-

2116 5375 2296 5430 lariter
2330 5375 2508 5430 dicere
2545 5373 2784 5429 videatur
2812 5390 2827 5427 :
2865 5373 2974 5445 Ego
3011 5374 3062 5426 in
3090 5370 3244 5425 Patre
3268 5379 3313 5423 et
3345 5369 3497 5423 Pater
3524 5370 3577 5422 in
3609 5386 3691 5423 me

2119 5466 2294 5538 (Joan.
2327 5481 2381 5531 Χ,
2414 5467 2543 5535 58);
2573 5474 2626 5519 et
2654 5465 2754 5529 Qui
2776 5481 2853 5517 me
2876 5464 3024 5526 videt,
3048 5462 3178 5516 videt
3205 5472 3249 5515 et
3272 5461 3477 5515 Patrem
3511 5459 3692 5530 (Joatt.

2117 5573 2224 5622 x1v,
2260 5556 2317 5627 9)
2348 5576 2360 5609 ε
2393 5572 2458 5609 ne
2490 5557 2532 5610 si
2578 5556 2644 5610 de
2691 5554 2897 5609 duobus
2927 5553 3126 5608 dictum
3159 5553 3402 5623 accipere
3442 5553 3693 5615 volucris,

2116 5646 2249 5700 duos
2279 5646 2621 5700 nihilominus
2648 5645 2774 5698 deos
2803 5646 3089 5713 separatim
3123 5643 3402 5698 distinctos
3454 5658 3699 5697 asserere

2117 5738 2468 5803 convincaris.
2512 5738 2618 5792 Aut
2643 5737 2686 5793 si
2716 5737 2786 5791 ita
2816 5751 2910 5792 eos
2936 5737 2988 5792 in
3019 5748 3080 5792 se
3118 5735 3344 5791 invicem
3375 5748 3694 5804 permanere
