3958 6176
307 316 416 370 185

933 310 1202 367 CONTRA
1248 308 1567 378 ARIANOS,
1610 306 2330 379 SABELLIANOS.,ETC.,
2374 304 2739 374 DIALOGUS,
2781 305 2909 361 UB.
2949 305 2989 360 I.

3490 306 3596 365 488

304 425 579 492 defendis,
606 432 660 478 ut
690 424 890 479 borum
916 440 1071 479 unam
1105 423 1250 477 dicas
1281 438 1401 480 esse
1429 432 1693 488 naturam,
1721 426 1905 480 nescio
1929 442 1983 502 Α
2014 423 2125 494 t5).
2160 422 2349 478 Posset
2388 421 2598 489 dicere,
2636 421 2725 492 qui
2765 421 2909 476 visus
2937 434 3053 475 sum
3088 419 3179 476 tibi
3222 422 3276 478 in
3302 421 3422 477 loco
3453 438 3593 488 meo,

306 535 471 589 quam
502 530 855 587 peisonarum
889 515 1266 570 biformitatem
1294 556 1309 580 ,
1352 524 1604 585 portento
1638 516 1797 570 alicui
1826 518 1903 572 si-

306 615 521 677 milem,
546 627 608 664 ex
637 612 794 664 unius
823 611 905 665 rei
930 609 1079 665 initio
1107 610 1497 678 prominentem
1518 652 1531 675 ,
1560 620 1651 663 aut
1678 608 1731 663 in
1751 609 1907 663 unius

307 717 523 758 natura:
574 703 874 757 substantia
930 702 1209 756 COIIfﬂsiUS
1257 714 1306 754 et
1363 700 1686 769 permixtius
1756 702 1906 755 habi-

308 810 515 852 tantem
564 795 831 849 videberis
856 794 1122 863 profiteri,
1146 802 1201 848 et
1237 796 1336 846 hac
1370 793 1578 846 ratione
1607 792 1913 861 simplicem

306 902 365 946 et
421 894 795 944 ittlenteratam
844 888 1040 941 divinae
1096 888 1309 940 virtutis
1360 896 1603 940 naturam
1673 888 1907 953 indignis

307 987 665 1053 compasitam
725 978 1069 1049 qualitatibus
1125 981 1427 1035 defensare.
1467 978 1703 1034 Recurre
1753 980 1909 1049 126

306 1076 485 1145 magis
537 1074 602 1127 ad
648 1073 737 1126 illa
784 1069 1073 1138 singularia
1115 1070 1417 1123 cmlestium
1466 1068 1733 1138 praeutiia
1782 1082 1907 1121 san-

306 1178 566 1231 ctorum,
621 1164 816 1233 quibus
878 1163 1037 1215 unius
1083 1162 1134 1215 in
1188 1175 1291 1213 una
1340 1174 1568 1229 persona
1641 1159 1906 1213 manentis

307 1261 568 1314 divinitas
614 1256 976 1326 praedicatur,
1026 1263 1085 1306 ut
1128 1253 1339 1324 Moyses
1378 1253 1632 1307 admonet
1667 1252 1854 1307 dicens
1887 1269 1903 1309 :

306 1353 469 1415 Audi,
494 1350 696 1415 Israel;
740 1349 996 1401 Dominus
1036 1345 1172 1399 Deus
1198 1356 1349 1415 tuus,
1390 1346 1641 1399 Dominus
1672 1361 1799 1398 unus
1832 1354 1905 1398 est

307 1442 492 1511 (Deut.
527 1457 597 1506 vi,
631 1440 708 1505 4).
762 1440 829 1492 Ει
868 1448 927 1492 ut
971 1438 1083 1506 ipse
1122 1452 1335 1507 quoque
1368 1437 1505 1490 Deus
1532 1448 1906 1504 saepenumero

307 1543 647 1588 contestatur
676 1549 691 1585 :
724 1531 927 1597 Videte,
953 1533 1133 1597 ridete,
1158 1530 1396 1596 quoniam
1422 1544 1513 1597 ego
1534 1544 1644 1580 sum
1673 1526 1831 1591 Deus,
1858 1536 1904 1579 et

308 1642 410 1677 non
433 1635 513 1678 est
535 1624 672 1676 alius
698 1622 887 1686 absque
907 1638 987 1675 me
1022 1622 1195 1690 (Deut.
1228 1634 1392 1684 xxxu,
1425 1617 1539 1685 59).
1572 1619 1637 1672 Et
1668 1618 1858 1670 iterum
1888 1634 1900 1668 :

310 1716 486 1770 Testes
511 1731 598 1767 vos
621 1714 759 1779 estis,
786 1714 831 1766 si
850 1725 923 1767 est
943 1713 1076 1766 alius
1103 1710 1239 1765 Deus
1263 1722 1445 1779 prater
1469 1726 1545 1761 me
1568 1707 1718 1779 (Isai.
1748 1724 1902 1772 xuii,

312 1809 425 1876 10).
471 1808 591 1860 Non
625 1805 886 1859 debemus
914 1812 1075 1857 tanta:
1105 1802 1440 1857 auctoritatis
1486 1800 1699 1855 cmlitus
1748 1800 1903 1853 nobis

308 1900 635 1956 sententiam
688 1898 1062 1967 depromptam
1120 1896 1345 1949 alterius
1416 1894 1511 1948 Dei
1564 1891 1904 1946 confessione

309 1993 607 2055 frustrare,
635 2005 703 2045 ne
734 1992 783 2044 in
816 1989 984 2043 nostri
1026 1987 1316 2057 perniciem
1352 1987 1481 2040 tanti
1514 1986 1766 2055 praeconii
1796 1998 1905 2038 cas-

266 2144 273 2147 ,
310 2093 491 2138 sanies
522 2081 833 2150 imperium,
861 2080 1035 2134 debita
1065 2078 1288 2134 deorum
1310 2077 1608 2133 cultoribus
1638 2085 1902 2131 tormenta

314 2177 623 2233 subeamus.

376 2273 516 2327 V'III.
553 2272 756 2326 Probus
779 2272 954 2338 ~judea:
982 2270 1113 2324 dixit
1137 2285 1156 2323 :
1184 2268 1238 2324 Si
1272 2267 1396 2321 huic
1426 2275 1531 2321 tam
1561 2264 1747 2319 valida:
1774 2279 1902 2333 pro-

309 2366 575 2420 secutioni
610 2378 766 2433 posse
805 2362 1008 2432 aliquid
1037 2360 1224 2416 referri
1256 2358 1475 2429 putatis,
1508 2369 1762 2428 perorare
1789 2353 1906 2424 dig-

311 2459 531 2514 nemini.
922 2480 925 2485 ν
1116 2464 1123 2471 ’
1606 2462 1615 2473 ⁴

378 2552 535 2605 Arius
563 2550 695 2604 dixit
724 2566 743 2602 :
775 2549 910 2603 Dum
956 2548 1109 2602 unius
1157 2546 1251 2601 Dei
1293 2544 1554 2612 probabili
1601 2542 1816 2612 quidem
1850 2548 1905 2596 et

310 2643 600 2698 admodum
666 2640 785 2695 utili
830 2640 1169 2695 confessione
1216 2638 1414 2692 bifaria:
1457 2635 1673 2690 deitatis
1718 2646 1903 2687 errore

308 2736 581 2793 Sabellius
615 2733 966 2801 semetipsum
994 2742 1217 2785 conatur
1243 2742 1459 2794 exuere,
1495 2724 1778 2780 nefandam
1803 2723 1902 2778 Ju-

309 2830 447 2886 daici
502 2843 698 2883 sensus
730 2828 1059 2893 impietatem
1092 2824 1349 2889 incurrit,
1386 2822 1577 2876 Filium
1602 2819 1698 2874 Dei
1736 2819 1900 2873 Deum

310 2924 359 2978 in
382 2937 480 2976 sua
512 2934 737 2974 manere
765 2917 1083 2984 substantia,
1118 2925 1171 2971 et
1220 2913 1487 2983 propriam
1541 2913 1738 2966 habere
1780 2926 1902 2979 per-

308 3030 520 3079 sonam,
557 3022 739 3067 mente
776 3011 1040 3080 sacrilega
1087 3007 1421 3076 denegando.
1469 3005 1636 3074 Cujus
1674 2990 1902 3058 insanis-

308 3108 429 3163 simi
458 3105 661 3159 furoris
684 3102 982 3165 audaciam,
1016 3108 1428 3168 quantocunque
1456 3096 1732 3152 brevitatis
1748 3108 1899 3148 com-

2009 517 2056 572 si
2084 531 2185 571 una
2238 516 2501 585 loquentis
2546 516 2929 584 intelligeretur
2958 529 3079 569 esse
3124 529 3375 584 persona.
3420 513 3595 569 Item:

2011 614 2269 677 Ascende,
2300 612 2502 681 inquit,
2539 612 2594 665 in
2636 610 2841 677 Bethel,
2884 621 2932 664 et
2968 612 3051 682 {ac
3076 611 3145 664 ibi
3166 611 3326 664 altare
3359 610 3482 675 Deo,
3511 610 3598 679 qui

2010 705 2249 775 apparuit
2281 705 2367 757 tibi
2396 703 2548 774 (Cen.
2583 720 2744 769 xxxv,
2775 704 2847 769 1).
2882 707 2989 759 Nec
3038 705 3176 760 istud
3209 705 3465 769 singulari
3495 722 3561 756 un

2010 811 2169 866 quam
2199 812 2443 865 persona:
2474 811 2771 865 congruere
2817 807 3009 863 potest,
3055 797 3139 851 ubi
3176 806 3280 850 tam
3310 797 3595 850 distinetns

2009 890 2144 943 alius
2198 890 2370 943 altero
2421 892 2711 944 sacrarium
2767 890 2993 959 imperat
3026 893 3481 945 constituendum.
3542 890 3591 941 lil

2009 982 2153 1036 enim
2178 981 2477 1036 solitarium
2510 982 2689 1036 dicere
2735 984 3063 1036 conveniens
3095 993 3208 1035 erat
3240 998 3254 1033 :
3289 980 3397 1033 Fac
3432 983 3595 1032 altare

2010 1074 2136 1126 mihi
2162 1072 2289 1141 Deo,
2314 1074 2400 1143 qui
2429 1075 2647 1143 apparui
2674 1074 2781 1127 tibi.
2818 1075 2944 1129 Item
2989 1074 3127 1128 Deus
3177 1076 3328 1128 inter
3375 1074 3441 1126 de
3485 1075 3591 1125 sal-

2006 1168 2198 1222 vandis
2236 1168 2287 1220 in
2322 1167 2434 1221 Deo
2484 1167 2619 1221 Filio
2683 1167 2890 1235 populis
2955 1182 3045 1234 per
3092 1169 3228 1221 Osee
3279 1171 3592 1234 prOphet‘m

1973 1306 1978 1311 .
2008 1258 2265 1328 loquitur,
2291 1258 2476 1312 dicens
2504 1275 2517 1309 :
2549 1257 2615 1310 Et
2640 1258 2847 1311 salvabo
2871 1274 2956 1311 eos
2982 1259 3035 1310 in
3070 1259 3287 1310 Domino
3320 1255 3427 1309 Deo
3458 1258 3595 1323 ipso-

2008 1366 2125 1404 rum
2145 1349 2323 1422 (Osee,
2351 1365 2391 1417 t,
2417 1348 2493 1419 7).
2520 1349 2650 1405 Item
2683 1350 2843 1403 David
2874 1351 2938 1402 ad
2973 1349 3165 1403 Filium
3202 1348 3295 1402 Dei
3327 1348 3549 1415 loquens
3578 1365 3591 1400 :

2013 1443 2246 1496 Tln'onus
2280 1452 2424 1506 tuus,
2454 1442 2589 1495 Deus
2609 1482 2624 1506 ,
2651 1442 2703 1495 in
2736 1442 2975 1494 saeculum
3007 1440 3184 1495 πανευιί
3220 1458 3240 1494 :
3264 1442 3403 1509 virga
3432 1442 3593 1505 anui-

2009 1535 2147 1599 tatis,
2172 1536 2312 1603 uirga
2353 1535 2495 1603 regni
2528 1534 2620 1587 tui.
2663 1532 2942 1603 PrOpterea
2985 1533 3130 1585 unxit
3181 1540 3229 1584 te
3269 1530 3425 1593 Deus,
3459 1530 3595 1583 ιδεμ.

2009 1634 2147 1688 tuus,
2177 1624 2287 1677 oleo
2317 1625 2507 1677 lwtitiaz
2537 1639 2645 1694 pra:
2665 1624 2983 1677 consortibus
3014 1624 3112 1676 tuis
3136 1622 3312 1691 (Psal.
3358 1638 3502 1685 κων,
3542 1623 3593 1683 7,

2010 1717 2085 1784 8).
2116 1716 2250 1781 Quid
2284 1715 2385 1770 hoc
2422 1716 2485 1768 ad
2520 1716 2873 1770 confessionis
2904 1730 3141 1769 errorem
3172 1714 3594 1769 submovendum

1935 1826 1981 1886 Β
2010 1807 2349 1863 manifestius
2382 1809 2551 1876 potuit
2577 1808 2712 1871 dici,
2746 1807 2832 1861 ubi
2869 1810 3003 1861 Deus
3034 1807 3197 1860 Deum
3232 1807 3445 1861 tinxisse
3476 1822 3595 1875 per.

2008 1901 2303 1955 scribitur?
2337 1901 2459 1954 llzec
2499 1901 2712 1954 interim
2748 1915 2907 1968 pauca
2939 1900 3007 1953 de
3040 1900 3211 1953 \‘cteri
3251 1901 3595 1953 Testamento

2008 1992 2273 2060 decerpsi.
2303 1992 2435 2046 Nam
2471 1992 2619 2060 plura
2667 2001 2722 2046 et
2762 1991 3128 2046 manifestiora
3162 1992 3339 2045 studio
3368 1994 3597 2046 brevita-

2009 2090 2079 2142 tis
2133 2088 2316 2155 omisi,
2347 2087 2538 2153 quibus
2574 2087 2689 2141 luce
2736 2087 2937 2140 clarius
2982 2086 3360 2153 comprobatur
3393 2094 3449 2139 et
3495 2088 3589 2137 I’a-

2006 2188 2143 2233 trem
2175 2187 2229 2233 et
2252 2179 2441 2232 Filium
2472 2178 2737 2233 distinctis
2778 2187 2832 2231 et
2876 2178 3138 2245 separatis
3169 2176 3592 2230 substantiarum

2008 2270 2426 2339 proprietatibus
2451 2270 2701 2325 existere.
2724 2270 2872 2336 Quod
2900 2278 3078 2323 autem
3100 2269 3387 2335 Sabellius,
3408 2284 3472 2322 ex
3496 2270 3596 2323 hoc

2005 2360 2148 2431 quod
2180 2362 2253 2415 ait
2279 2378 2291 2412 :
2320 2360 2434 2431 Ego
2456 2363 2505 2414 in
2539 2360 2717 2425 Patre,
2750 2372 2795 2415 et
2826 2359 2981 2414 Pater
3012 2362 3063 2413 in
3089 2376 3166 2413 me
3187 2361 3368 2429 (Joan.
3397 2376 3450 2421 x,
3482 2359 3593 2428 58),

2008 2469 2167 2507 unam
2191 2452 2340 2508 nisus
2363 2464 2444 2507 est
2465 2454 2836 2507 demonstrare
2867 2463 3108 2508 naturam
3141 2458 3254 2508 sive
3280 2468 3592 2521 personam;

2005 2544 2145 2614 quod
2179 2545 2426 2600 videlicet
2454 2546 2558 2599 alia
2590 2548 2725 2599 intra
2764 2547 2922 2599 aliam
2967 2548 3084 2600 sine
3111 2546 3443 2601 confusionis
3476 2560 3598 2613 per-

2004 2641 2287 2704 mixtione,
2318 2642 2396 2693 vel
2432 2648 2626 2707 prteter
2668 2648 2865 2694 caetera
2918 2639 3166 2691 vitiorum
3216 2654 3445 2707 genera,
3476 2654 3595 2705 quae

2006 2750 2158 2790 more
2217 2733 2605 2802 sophismatum
2662 2732 3016 2800 quaestionum
3070 2732 3236 2785 voluit
3288 2732 3591 2793 intentare,

2006 2826 2185 2881 inesse
2216 2841 2323 2879 non
2350 2823 2548 2894 possit,
2583 2828 2653 2877 ita
2676 2838 2789 2877 non
2820 2838 2980 2879 unum
3031 2824 3263 2877 indicant
3310 2838 3429 2877 esse
3468 2823 3595 2879 θιὼ-

2006 2920 2255 2970 stantiam
2281 2917 2363 2970 vel
2401 2929 2705 2984 personam,
2736 2914 2869 2967 sicut
2899 2929 3007 2967 non
3050 2929 3150 2966 una
3200 2914 3290 2967 Dei
3338 2923 3391 2966 et
3423 2914 3595 2977 homi-

2005 3025 2132 3065 num
2161 3017 2339 3079 potest
2365 3022 2486 3061 esse
2511 3016 2729 3070 natura,
2760 3008 2827 3060 de
2852 3006 3046 3074 quibus
3074 3007 3268 3059 dicitur
3310 3006 3451 3075 quod
3493 3006 3591 3073 ip~i

2006 3104 2057 3158 in
2093 3104 2205 3157 Deo
2231 3112 2286 3157 et
2312 3102 2451 3157 Deus
2480 3103 2531 3154 in
2563 3101 2643 3155 eis
2671 3110 2773 3155 est.
2804 3102 3046 3160 Denique
3092 3100 3230 3155 idem
3271 3100 3337 3153 ad
3378 3101 3589 3153 Patrem

309 3199 508 3271 pendiu
535 3198 611 3250 uti
644 3206 892 3265 potuerO,
924 3193 1223 3248 caelestium
1250 3189 1684 3245 testimoniorum
1713 3197 1901 3241 auelo'
1928 3201 1975 3262 ο
2006 3196 2073 3249 de
2095 3194 2442 3250 credentibus
2471 3194 2694 3263 loquens
2732 3193 2897 3248 Filius
2926 3194 2998 3246 ait
3028 3210 3042 3248 :
3074 3193 3141 3247 Ut
3173 3197 3304 3247 sicut
3341 3204 3395 3247 tu
3436 3192 3592 3246 Pater

311 3294 466 3347 riute
488 3289 739 3349 frenabo,
770 3285 835 3339 ad
864 3284 1336 3341 demonstrandam
1368 3281 1582 3351 proiirie
1608 3280 1901 3334 subsisten-

313 3400 412 3444 tem
448 3382 575 3437 Filii
622 3393 906 3449 personam
941 3394 955 3430 :
989 3394 1093 3431 non
1131 3377 1219 3431 illa
1266 3390 1383 3444 quae
1424 3373 1639 3444 quidem
1693 3371 1900 3426 homini

312 3483 561 3544 suscepto
588 3488 889 3540 congruere
920 3471 1236 3525 cavillantur
1264 3483 1563 3535 assumens,
1600 3470 1706 3520 sed'
1726 3466 1813 3520 illa
1848 3465 1901 3519 in

313 3568 545 3623 medium
579 3565 860 3633 proterens
893 3563 1219 3622 testimonia,
1251 3576 1370 3630 quae.
1410 3560 1527 3613 sine
1557 3559 1667 3612 ullo
1698 3558 1902 3627 ancipi-

314 3661 377 3714 tis
405 3658 783 3727 intelligentite
812 3640 1060 3724 scrupulo
1110 3653 1377 3707 divinitati
1424 3651 1542 3719 ejus
1591 3660 1902 3718 competere

310 3766 496 3808 omnes
546 3750 755 3820 pariter
820 3746 1164 3802 confitentur.
1240 3745 1294 3797 In
1366 3742 1559 3797 Genesi
1620 3740 1901 3794 Dominum

311 3847 514 3901 dixis~e
539 3845 768 3913 legimus
801 3860 812 3893 :
845 3840 1120 3895 Faciamus
1150 3838 1405 3893 hominem
1444 3836 1513 3888 ad
1560 3835 1830 3903 imaginem
1856 3842 1903 3886 et

311 3936 701 3992 similitudinem
748 3943 972 3987 nostram
1008 3930 1162 4003 (Gen.
1204 3945 1241 3996 t,
1286 3929 1399 3996 26).
1442 3926 1581 3981 Ecce
1624 3925 1904 3995 pluraliter

312 4030 463 4093 dixit,
519 4029 795 4099 faciamus,
847 4026 1011 4079 alium
1060 4024 1317 4077 videlicet
1356 4021 1597 4075 indicans
1637 4018 1700 4073 ad
1743 4032 1901 4086 quem

311 4124 583 4194 loquentis
629 4122 725 4175 Dei
769 4120 939 4175 factus
978 4126 1059 4173 est
1105 4130 1304 4171 sermo.
1334 4113 1451 4168 Non
1480 4113 1625 4168 enim
1656 4120 1762 4165 tam
1810 4110 1905 4163 ab.

314 4218 470 4272 surde
502 4214 908 4285 intelligendum
941 4222 1025 4269 est
1056 4211 1220 4265 fuisse
1250 4211 1509 4275 locutum,
1543 4218 1600 4261 ut
1635 4207 1738 4261 sibi
1784 4206 1901 4275 ipse

312 4311 511 4365 diceret
560 4308 851 4378 faciamus,
899 4304 1041 4373 quod
1117 4302 1333 4372 proprie
1390 4301 1603 4354 illorum
1660 4307 1744 4353 est
1816 4299 1902 4366 qui

313 4402 559 4455 amentia:
592 4398 897 4468 passionem
923 4398 1220 4450 incurrunt.
1255 4392 1493 4462 Namque
1513 4391 1812 4446 utalterum
1836 4389 1901 4444 ad

313 4496 539 4550 alterum
559 4493 797 4547 locutum
830 4489 993 4544 fuisse
1010 4488 1282 4558 Scriptura
1302 4485 1906 4553 monstraret,continuo

2006 3288 2060 3340 in
2086 3303 2165 3339 me
2194 3296 2242 3339 et
2271 3302 2361 3355 ego
2391 3286 2443 3338 in
2470 3294 2537 3349 te,
2570 3286 2641 3337 ita
2670 3293 2717 3338 et
2745 3286 2843 3352 ipsi
2871 3286 2924 3340 in
2953 3285 3093 3339 nobis
3117 3287 3219 3340 sint
3248 3284 3427 3355 (Joa-t.
3460 3300 3589 3349 xvii,

2004 3379 2122 3445 21).
2158 3378 2220 3431 Et
2249 3376 2442 3431 iterum
2473 3394 2486 3429 :
2514 3377 2615 3441 Qui
2636 3377 2741 3429 edit
2762 3392 2967 3430 carnem
2995 3394 3177 3444 meam,
3212 3389 3257 3432 et
3282 3378 3401 3431 bibit
3429 3393 3592 3431 meum

2004 3469 2328 3541 sanguinem,
2358 3468 2410 3522 in
2441 3484 2519 3521 me
2548 3478 2742 3533 manet,
2786 3478 2833 3522 et
2862 3484 2954 3537 ego
2988 3470 3041 3520 in
3069 3485 3126 3521 eo
3153 3466 3331 3536 (Joan.
3366 3483 3447 3530 vt,
3474 3465 3586 3537 5(5).

2006 3566 2293 3633 Apostolus
2323 3579 2536 3635 quoque
2583 3564 2651 3618 de
2698 3564 2857 3617 idiota
2888 3582 2901 3618 :
2936 3563 3000 3617 Et
3041 3575 3324 3628 prostratus
3348 3606 3362 3629 ,
3398 3565 3589 3633 inquit,

2003 3658 2326 3726 conﬁtebitur
2380 3658 2501 3723 quia
2529 3673 2643 3710 vero
2668 3655 2805 3709 Deus
2838 3658 2895 3709 in
2934 3657 3069 3710 vobis
3104 3666 3175 3711 est
3224 3655 3273 3726 (1
3307 3656 3426 3710 Cor.
3478 3672 3589 3719 xiv,

2006 3749 2119 3819 25).
2160 3751 2317 3820 128
2344 3749 2495 3804 Sicut
2538 3764 2667 3818 ergo
2704 3762 2823 3802 cum
2860 3749 2997 3802 Deus
3024 3749 3075 3801 in
3108 3748 3259 3802 nobis
3280 3789 3295 3811 ,
3325 3759 3379 3802 et
3410 3763 3506 3801 nos
3538 3748 3589 3801 in

2009 3843 2118 3898 Deo
2145 3858 2329 3897 sumus
2358 3858 2462 3896 non
2494 3842 2808 3909 confusione
2836 3856 3097 3910 personae,
3129 3857 3234 3896 non
3268 3843 3472 3895 unitate
3495 3856 3591 3895 na-

2007 3947 2158 3999 turae,
2194 3951 2299 3991 non
2330 3937 2598 4003 augmenti
2625 3935 2935 3991 accessione
2956 3976 2969 3999 ,
2999 3948 3103 3987 non
3131 3933 3436 3987 detrimenti
3464 3932 3592 3985 sub-

2006 4031 2289 4094 tractione,
2321 4044 2429 4083 non
2470 4028 2707 4096 qualibet
2750 4027 3049 4096 composita
3084 4026 3164 4080 vel
3205 4025 3447 4079 ordinata
3480 4040 3594 4077 mu-

2008 4125 2185 4180 tabilis
2215 4122 2528 4179 substantiae
2570 4121 2857 4191 qualitate,
2897 4120 2990 4174 sed
3040 4133 3187 4187 pura:
3236 4126 3291 4171 et
3333 4117 3594 4184 simplicis

2008 4216 2127 4271 fidei
2152 4214 2435 4270 sanctitate
2467 4213 2696 4267 Domino
2724 4212 2775 4266 in
2801 4212 2957 4265 nobis
2989 4207 3349 4263 habitaculum
3385 4222 3595 4274 prtepao

2007 4323 2185 4363 ramus
2211 4346 2227 4372 ,
2255 4317 2310 4361 et
2339 4306 2428 4360 ille
2458 4318 2556 4359 nos
2584 4304 2635 4357 in
2666 4317 2815 4357 suam
2846 4299 3399 4370 rccipimansionem
3425 4339 3439 4363 ,
3467 4298 3594 4350 dum

2006 4402 2123 4471 ejus
2157 4401 2482 4455 voluntatem
2531 4398 2774 4453 faciendo
2807 4398 2858 4451 in
2900 4398 3017 4464 ipso
3044 4407 3358 4457 manemus;
3395 4392 3462 4444 ita
3498 4390 3597 4443 Pn-

2009 4503 2089 4549 ter
2130 4503 2183 4547 ct
2227 4490 2396 4547 Filius
2437 4507 2534 4562 pro
2580 4489 2933 4545 indissolubili
2963 4487 3162 4542 findere
3217 4483 3509 4539 voluntatis
3541 4482 3614 4536 in'

315 4588 563 4655 subjecit,
594 4584 817 4637 dicens:
849 4579 915 4633 Et
939 4579 1059 4647 fecit
1091 4578 1226 4631 Deus
1248 4576 1614 4631 hominemmd
1634 4576 1905 4645 imaginem
1936 4572 1987 4631 D
2011 4601 2069 4641 se
2100 4586 2330 4639 invicem
2362 4598 2579 4639 manere
2608 4591 2920 4638 noscuntur,

317 4678 407 4732 Dei
436 4678 555 4746 fecit
579 4674 731 4728 illum
782 4672 968 4741 (Ibid.,
1017 4670 1135 4741 27).
1168 4669 1227 4725 Si
1257 4683 1394 4723 unus
1420 4680 1584 4741 esset,
1618 4668 1683 4721 ad
1714 4668 1901 4737 imagi-

319 4784 438 4823 nem
466 4782 617 4822 suam
653 4765 847 4820 fecisse
895 4760 1183 4818 diceretur.
1232 4760 1383 4815 Nunc
1426 4769 1603 4814 autem
1651 4759 1814 4836 alius.
1834 4757 1899 4812 ad

318 4862 534 4915 alterius
562 4860 847 4928 imaginem
876 4855 1112 4923 apertius
1152 4854 1346 4909 fecisse
1393 4852 1735 4908 describitur.
1770 4852 1898 4907 Item

320 4969 433 5007 cum
464 4954 533 5007 ob
561 4952 723 5004 multa
754 4948 974 5003 nefandi
1022 4946 1245 5003 sceleris
1291 4947 1525 5001 facinora
1552 4988 1566 5012 ,
1613 4944 1904 5001 Sodomitis

320 5058 437 5096 cum
466 5044 578 5094 suis
606 5039 801 5094 incolis
846 5049 1016 5092 terras
1060 5038 1231 5108 igneis
1261 5036 1512 5092 divinitas
1542 5038 1694 5108 127
1721 5034 1905 5090 imbri-

322 5131 415 5187 bus
441 5132 708 5187 sanxisset
758 5130 1014 5197 urendas,
1062 5132 1133 5185 ita
1180 5131 1428 5186 refertur.
1479 5128 1663 5195 Pluit,
1713 5129 1899 5200 inquit,

324 5224 568 5279 Dominus
596 5241 630 5279 a
655 5223 877 5279 Domino
908 5225 1077 5294 ignem
1107 5232 1153 5277 et
1178 5222 1399 5293 sulphur
1440 5223 1593 5294 (Gen.
1633 5239 1753 5289 xtx,
1783 5224 1901 5295 24).

320 5314 452 5370 Nibil
481 5328 587 5370 tam
618 5316 922 5372 evidentius
952 5315 1017 5369 ad
1045 5316 1435 5371 ostendendum
1468 5316 1681 5371 Patrem
1735 5326 1789 5372 et
1814 5318 1906 5373 de-

324 5408 723 5463 monstrandum
752 5408 945 5463 Filium
985 5408 1228 5476 legaliter
1268 5409 1445 5477 potuit
1487 5408 1721 5462 intimari
1746 5446 1763 5474 ,
1815 5410 1904 5465 ubi

325 5501 451 5554 alius
477 5502 542 5554 ab
574 5501 764 5569 altero,
798 5515 902 5554 non
933 5514 1070 5555 unus
1108 5513 1137 5552 a
1169 5514 1228 5556 se
1254 5500 1373 5569 ipso
1399 5499 1726 5569 sulphureas
1752 5502 1907 5555 coali-

327 5602 403 5647 tus
424 5594 692 5661 iaculatus
719 5602 799 5647 est
834 5592 1106 5647 ﬂammas.

391 5684 480 5743 IX.
504 5687 640 5740 Item
662 5685 779 5754 ipse
800 5682 965 5738 Filius
986 5684 1049 5737 ad
1075 5682 1237 5739 Iacob
1260 5684 1513 5755 loquitur,
1547 5684 1729 5740 dicens
1755 5703 1768 5738 :
1798 5684 1911 5757 Ego

328 5794 433 5834 sum
456 5778 615 5848 Deus,
646 5778 732 5848 qui
752 5778 887 5833 visits
914 5794 1024 5833 sum
1050 5778 1142 5832 tibi
1170 5778 1223 5835 in
1270 5778 1383 5834 loco
1423 5778 1522 5833 Dei
1561 5778 1714 5854 (Gen.
1756 5796 1911 5847 xm,

2082 4676 2147 4730 X.
2175 4674 2377 4729 Probus
2413 4678 2581 4747 judca:
2608 4675 2739 4728 dixit
2772 4690 2790 4727 :
2831 4673 3093 4740 Quoniam
3142 4679 3249 4725 tam
3280 4668 3596 4724 clarissimis

2011 4766 2436 4821 testimoniorum
2476 4766 2817 4820 documentis
2842 4766 3052 4819 Patrem
3076 4771 3129 4818 et
3156 4763 3348 4816 Filium
3379 4760 3596 4830 proprie

2011 4860 2305 4914 subsistere
2364 4859 2745 4913 demonstrasti
2796 4857 2958 4927 (quod
3023 4855 3291 4911 Sabellius
3350 4853 3598 4907 humanis

2011 4953 2279 5008 mentibus
2311 4953 2666 5022 qumstionum
2699 4953 2923 5006 nebulas
2952 4949 3278 5006 otl‘uudendo
3322 4945 3594 5017 negabat),

2012 5043 2063 5098 id
2099 5060 2237 5098 nunc
2266 5059 2294 5097 a
2329 5045 2431 5097 tuis
2459 5044 2717 5113 quaeritur
2746 5043 3004 5113 partibus,
3038 5040 3307 5111 quomodo
3332 5049 3385 5092 et
3429 5038 3595 5091 Deum

1972 5133 2225 5189 ’Patrem
2275 5142 2332 5189 et
2390 5134 2555 5189 Deum
2604 5134 2797 5188 Filium
2850 5134 3141 5203 separatim
3191 5140 3245 5186 et
3296 5125 3597 5184 distinctius

2013 5224 2333 5295 profitendo,
2367 5239 2469 5278 non
2498 5223 2755 5293 pluralem
2784 5224 3077 5279 divinitatis
3104 5234 3387 5277 numerum
3427 5217 3597 5271 introo

2014 5319 2211 5374 ducere
2263 5314 2516 5372 videaris.
2572 5317 2638 5371 Et
2688 5330 2989 5386 quanquam
3044 5314 3113 5367 de
3167 5311 3269 5365 hoc
3320 5304 3598 5373 superiore

2012 5410 2389 5481 prosecutione
2407 5409 2639 5464 breviter
2660 5423 2824 5475 pauca
2856 5401 3257 5474 perstrinxeris,
3288 5398 3394 5452 lata
3418 5406 3597 5452 tamen

2014 5512 2069 5559 et
2098 5503 2310 5572 propria
2340 5500 2652 5571 quaestionis
2679 5496 3045 5567 hujuscemodi
3068 5493 3229 5547 debet
3257 5504 3380 5545 esse
3409 5489 3599 5558 proba-

2016 5598 2109 5651 tio.
2133 5597 2301 5662 Quam
2336 5606 2460 5649 tunc
2489 5593 2761 5662 copiosius
2790 5589 3042 5659 expedire
3071 5585 3323 5653 debebis,
3355 5585 3482 5639 dum
3515 5587 3599 5638 in-

2020 5697 2099 5743 ter
2122 5696 2173 5743 te
2193 5697 2352 5757 atque
2383 5684 2732 5741 Athanasium
2756 5678 3134 5749 disputationis
3163 5694 3391 5735 examen
3420 5692 3599 5745 cmpe-

2022 5783 2089 5836 rit
2135 5779 2344 5853 agitari.
2396 5779 2459 5834 Et
2503 5776 2753 5848 quoniam
2805 5787 2945 5829 nunc
2990 5774 3075 5841 (ut
3121 5772 3255 5843 dixi)
3301 5772 3597 5829 assertione
