3958 6176
366 303 466 361 187

1693 282 1914 346 VlGlLIi
1955 280 2322 344 TAPSENSIS
2825 316 2867 325 --

3537 295 3641 353 188

363 420 590 476 veridica
662 417 879 476 Sabellii
939 426 1020 474 est
1075 415 1293 486 perﬁdia
1346 405 1604 478 refutata,
1661 411 1782 466 ﬁdei
1829 425 1939 465 sua:
1968 409 2015 466 Δ
2047 408 2223 460 aiebat
2257 424 2269 458 :
2301 403 2436 457 Data
2456 413 2526 460 est
2550 406 2673 459 mihi
2693 405 2854 460 omnis
2875 413 3096 477 potestas
3125 405 3176 461 in
3206 409 3328 463 celo
3354 418 3404 464 et
3429 409 3479 464 in
3500 420 3642 467 terra

362 513 619 568 Photinus
645 512 824 574 certis,
857 511 900 566 si
927 510 1084 573 valet,
1112 507 1430 563 testimoniis
1456 504 1616 558 adsit.

434 603 688 658 Photinus
716 605 844 658 dixit
873 619 889 656 :
922 601 1036 671 Ego
1063 600 1286 655 Domino
1338 606 1522 652 nostro
1560 596 1688 652 Jesu
1729 595 1947 650 Christo

364 697 570 751 initium
603 697 799 759 tribuo,
848 708 1146 763 purumque
1189 691 1461 744 hominem
1506 689 1667 744 fuisse
1712 688 1942 751 afﬁrmo,

363 795 416 842 ct
445 805 538 854 per
561 788 728 841 beata:
757 787 879 839 vita:
903 783 1414 839 excellentissimum
1441 783 1689 835 meritum
1709 821 1723 844 ,
1754 780 1948 834 divini-

369 881 494 934 tatis
526 881 780 934 honorem
825 877 990 932 fuisse
1041 878 1310 947 adeptum.
1363 876 1493 942 Quis
1540 875 1682 930 enim
1714 873 1948 929 femineo

366 981 613 1042 portatus
635 983 788 1025 utero
813 986 909 1042 per
941 980 1146 1040 partum
1179 970 1459 1039 egeritur?
1488 969 1616 1034 Quis
1648 967 1948 1037 puerperia:

367 1075 531 1116 cunas
559 1071 838 1132 expertus,
887 1071 941 1117 et
981 1061 1136 1116 lactei
1169 1061 1345 1131 poculi
1387 1060 1643 1116 alimento
1691 1063 1943 1126 nutritus,

309 1185 315 1202 π
368 1153 631 1207 maternis
653 1164 890 1223 gestatus
917 1163 994 1207 est
1027 1153 1210 1208 ulnis?
1242 1154 1370 1218 Quis
1412 1152 1706 1221 profectum
1746 1155 1950 1221 accepit

367 1242 579 1295 aetatis?
609 1242 740 1309 Quis
787 1243 1067 1298 Universas
1115 1258 1386 1312 corporea:
1425 1243 1722 1312 fragilitatis
1766 1244 1952 1296 condi-

367 1333 539 1388 tiones
568 1335 841 1404 implevit,
887 1336 1013 1389 dum
1055 1336 1282 1390 esuriem
1314 1336 1531 1402 patitur,
1563 1336 1688 1389 dum
1732 1337 1951 1405 nequis-

368 1423 493 1478 simi
521 1425 738 1493 spiritus
771 1427 1063 1480 tentatione
1091 1427 1432 1494 percellitur,
1475 1427 1599 1481 dum
1643 1428 1952 1484 lassitudine

370 1515 639 1585 fatigatur,
670 1515 793 1570 dum
838 1517 889 1571 in
934 1531 1152 1570 somnos
1186 1517 1502 1582 resolvitur,
1535 1518 1659 1572 dum
1707 1534 1951 1589 compre-

370 1605 568 1662 hensus
601 1607 827 1662 nexibus
849 1609 1117 1676 alligatur,
1145 1609 1269 1662 dum
1299 1609 1521 1677 ﬂagellis
1549 1611 1859 1665 verberatur
1899 1620 1953 1666 et

369 1699 600 1768 palmis,
653 1701 776 1754 dum
821 1701 1072 1754 ludibriis
1105 1701 1467 1754 insultantium
1507 1702 1740 1770 agitatur
1767 1744 1780 1766 ,
1824 1703 1947 1757 dum

2051 499 2265 569 (Matth.
2309 514 2495 564 xxvut,
2529 498 2638 570 l8).
2691 499 2842 566 Quod
2893 501 3079 570 utique
3135 504 3178 555 si
3219 510 3344 554 ante
3393 511 3639 573 tempora
3681 510 3688 520 ‘

2051 591 2192 647 Deus
2219 600 2382 655 esset,
2415 599 2737 660 potestatem
2781 607 2851 648 ex
2900 601 3142 662 tempore
3172 608 3278 648 non
3317 598 3635 668 accepisset,

2049 698 2207 752 quam
2247 685 2400 754 13o
2423 698 2638 753 semper
2663 685 2916 739 habuisse
2933 686 3232 742 constabat.
3259 688 3385 752 Sed,
3421 700 3474 743 ut
3497 692 3635 757 disi,

2051 777 2120 830 ob
2151 777 2463 843 prmélarum
2493 775 2815 831 obedientiae
2846 791 2908 832 ac
2936 778 3200 846 passionis
3232 780 3480 833 meritum
3509 825 3525 848 ,
3556 781 3641 835 di-

2052 869 2175 920 vino
2204 876 2286 921 est
2315 867 2518 922 honore
2544 867 2795 932 donatus,
2824 877 2879 923 et
2913 883 3074 938 super
3112 871 3291 924 omnia
3333 873 3635 938 exaltatus,

2050 958 2189 1012 sicut
2217 964 2272 1011 et
2299 958 2486 1013 Petrus
2510 959 2741 1028 loquitur
2762 958 2948 1014 dicens
2982 977 2996 1012 :
3027 959 3166 1014 Deus
3197 971 3401 1029 patrum
3430 975 3638 1018 nostro-

2051 1065 2166 1101 rum
2194 1050 2435 1103 exaltavit
2461 1065 2685 1119 puerum
2727 1067 2875 1102 suum
2913 1049 3090 1104 Jesum
3124 1053 3261 1118 (Act.
3308 1069 3387 1118 tu,
3428 1055 3541 1125 15).
3571 1056 3639 1111 Et

2053 1142 2245 1195 iterum
2279 1158 2289 1192 :
2317 1140 2540 1194 Dextera
2560 1142 2717 1211 igitur
2745 1141 2838 1195 Dei
2865 1144 3116 1196 excitatus
3146 1144 3283 1212 (Act.
3319 1161 3380 1211 It,
3413 1145 3526 1216 53).
3559 1147 3638 1201 Ac

2052 1248 2238 1288 rursus
2271 1252 2283 1286 :
2319 1231 2623 1297 Certissime,
2658 1234 2850 1303 inquit,
2875 1235 3001 1287 sciat
3033 1235 3196 1288 omnis
3225 1235 3406 1288 domus
3447 1235 3633 1302 Israel,

2052 1329 2174 1394 quia
2201 1334 2245 1378 et
2275 1324 2555 1379 Dominum
2593 1327 2742 1379 illum
2777 1336 2824 1379 et
2861 1325 3119 1379 Christum
3163 1327 3302 1381 Deus
3334 1331 3473 1397 fecit,
3503 1330 3638 1384 [tunc

2053 1413 2231 1467 Iesum
2257 1431 2404 1482 quem
2432 1430 2516 1468 ros
2546 1415 2872 1482 crueiﬁxistis
2895 1416 3031 1487 (Act.
3062 1432 3145 1482 tv,
3179 1419 3266 1487 10)
3301 1435 3314 1472 :
3348 1419 3636 1474 ostendens

2055 1507 2374 1569 evidentius,
2411 1517 2630 1577 propter
2673 1509 2974 1576 passionem
3023 1510 3220 1573 crucis,
3269 1525 3335 1564 ex
3394 1521 3636 1580 tempore

2057 1599 2221 1653 Deum
2270 1597 2433 1653 fuisse
2483 1599 2702 1661 factum,
2752 1613 2857 1652 non
2911 1599 3076 1653 Deum
3115 1609 3240 1654 ante
3269 1610 3505 1670 tempora
3537 1619 3636 1656 na-

2056 1696 2188 1743 tum.
2219 1687 2370 1743 Unde
2401 1697 2456 1742 et
2481 1688 2677 1743 Paulus
2703 1707 2714 1740 :
2751 1688 2939 1755 Tanto,
2985 1691 3190 1760 inquit,
3220 1695 3413 1763 angelis
3445 1697 3629 1749 melior

371 1792 546 1845 crucis
569 1791 806 1861 patibulo
829 1792 1192 1862 suspenditur,
1226 1801 1279 1846 et
1307 1794 1494 1848 mortis
1523 1794 1797 1862 dispendia
1824 1810 1945 1863 per-

2066 1779 2240 1845 t'actus,
2284 1787 2476 1849 quanto
2521 1777 2849 1835 excellentius
2907 1797 3014 1848 pra:
3057 1783 3162 1835 illis
3206 1799 3390 1836 nomen
3446 1789 3636 1857 accepit

372 1885 571 1953 petitur
602 1904 614 1936 :
647 1901 802 1956 quem
831 1885 1060 1939 humana
1091 1885 1329 1941 conditio
1355 1884 1665 1954 parentibus
1693 1887 1948 1953 subdidit,

367 1977 524 2047 cujus
547 1978 779 2032 fraterna
804 1978 1080 2046 utriusque
1102 1992 1261 2031 sexus
1282 1987 1405 2030 sunt
1439 1977 1594 2048 129
1615 1979 1823 2031 nomina
1863 1977 1954 2032 de-

373 2068 600 2138 signata,
631 2067 721 2136 qui
751 2066 816 2122 de
859 2068 1096 2122 locorum
1140 2067 1447 2136 cognitione
1494 2067 1720 2135 fallitur,
1772 2070 1860 2136 qui
1887 2070 1954 2123 de

373 2160 499 2214 mali
532 2160 751 2227 Spiritus
778 2159 994 2214 nomine
1023 2158 1346 2224 sciscitatur,
1380 2160 1470 2229 qui
1497 2159 1681 2229 judicii
1725 2162 1862 2216 diem
1897 2176 1955 2216 se

373 2253 628 2321 ignorare
659 2252 871 2315 fatetur,
897 2252 985 2322 qui
1027 2251 1430 2306 tribuendarum
1467 2252 1670 2307 sedium
1723 2263 1956 2322 potesta-

376 2355 482 2401 tem
516 2362 622 2401 non
647 2361 705 2401 se
736 2346 936 2402 habere
969 2355 1214 2412 testatur,
1248 2346 1335 2417 qui
1379 2361 1439 2402 se
1483 2348 1534 2401 in
1575 2362 1732 2403 cruce
1762 2350 1955 2404 dereli-

372 2446 520 2492 ctum
550 2439 917 2508 conqueritur,
950 2438 1037 2507 qui
1065 2439 1330 2507 passionis
1363 2439 1647 2494 formidine
1685 2447 1739 2494 et
1766 2442 1954 2495 mortis

374 2539 584 2584 terrore
629 2530 952 2596 concutitur,
1007 2538 1227 2598 propter
1270 2529 1413 2599 quod
1465 2539 1521 2586 et
1571 2530 1790 2585 calicem
1839 2547 1866 2584 a
1897 2546 1956 2588 se

375 2620 652 2675 transferri
687 2629 952 2688 precatur,
983 2627 1038 2675 et
1065 2636 1218 2689 quam
1253 2621 1414 2674 multa
1450 2622 1606 2692 (qua:
1628 2637 1958 2678 commemo-

376 2728 497 2768 rare
529 2714 743 2781 longutn
788 2716 895 2784 εει)
939 2713 1253 2768 humanitati
1303 2713 1673 2768 convenientia
1719 2715 1955 2783 patitur:

373 2808 494 2876 quis
526 2816 631 2862 tam
661 2808 918 2878 insipiens
945 2817 1029 2863 est
1050 2815 1106 2862 ut
1133 2807 1246 2862 lucc
1271 2806 1382 2863 Deo
1407 2820 1702 2877 congruere
1733 2809 1959 2864 arbitre-

375 2900 505 2953 tur?

451 2992 542 3048 XI.
576 2992 706 3047 Nam
732 2995 819 3048 illa
845 2993 1100 3049 virtutum
1140 2992 1396 3046 miracula
1439 3007 1544 3046 non
1590 2993 1802 3062 propria
1839 3007 1960 3061 per-

377 3093 621 3154 petrasse
647 3085 862 3148 virtute,
887 3084 981 3139 sed
1017 3084 1179 3138 Deum
1204 3098 1298 3151 per
1332 3097 1454 3136 eum
1504 3081 1696 3136 fecisse
1735 3071 1958 3137 creden-

2055 1871 2239 1942 (Hebr.
2274 1887 2312 1938 I,
2343 1871 2418 1940 4).
2453 1870 2605 1938 Quod
2635 1872 2776 1926 enim
2802 1871 2860 1924 ﬁt
2880 1871 2963 1925 vel
2989 1873 3268 1941 accipitur,
3308 1889 3370 1929 ex
3399 1884 3639 1945 tempore

2053 1963 2216 2016 sumit
2255 1963 2489 2016 initium.
2535 1963 2665 2016 Nam
2708 1977 2773 2016 ex
2805 1963 3010 2017 semine
3040 1963 3203 2018 David
3233 1965 3454 2034 originis
3493 1981 3638 2021 sum.

2055 2055 2228 2124 psisse
2256 2052 2606 2123 principium,
2649 2053 2827 2107 divina
2873 2055 3068 2124 ubique
3110 2064 3374 2110 testantur
3401 2059 3638 2127 eloquia,

2057 2148 2194 2200 sicut
2227 2145 2363 2198 Deus
2415 2150 2482 2198 ad
2535 2144 2704 2198 David
2761 2144 3017 2215 loquitur,
3069 2146 3255 2200 dicens
3287 2165 3300 2198 :
3331 2145 3500 2201 Filius
3552 2152 3640 2219 qui

2057 2238 2338 2305 egredietur
2361 2237 2422 2289 de
2442 2236 2646 2290 renibus
2667 2236 2790 2300 tuis,
2817 2236 2928 2305 ipse
2960 2237 3234 2306 (edi/icabit
3268 2238 3394 2291 mihi
3432 2239 3642 2293 domum

2059 2328 2110 2401 (1
2122 2328 2181 2381 ΙΙ
2210 2331 2334 2399 Reg.
2363 2345 2478 2399 vtu,
2512 2329 2621 2399 I9).
2657 2329 2723 2384 Et
2752 2330 2945 2384 iterum
2975 2346 2992 2384 :
3023 2329 3099 2384 De
3123 2333 3294 2401 fructu
3337 2334 3527 2387 ventris
3567 2337 3642 2388 tui

2058 2438 2247 2489 ponam
2264 2437 2416 2491 super
2440 2420 2607 2475 sedem
2632 2437 2793 2475 meam
2813 2420 2983 2493 (Psal.
3005 2437 3188 2488 cum,
3212 2424 3320 2494 Il).
3346 2423 3415 2478 Et
3448 2425 3642 2480 Isaias:

2063 2511 2193 2564 Ecce
2217 2512 2369 2564 radix
2393 2509 2536 2565 Jesse
2556 2520 2792 2581 exsurget
2822 2529 2992 2581 regere
3019 2524 3188 2586 gentes
3218 2514 3367 2584 (Isai.
3411 2532 3463 2570 χι
3482 2557 3498 2582 ,
3527 2516 3642 2586 l0).

2063 2601 2128 2656 Et
2150 2603 2438 2670 Apostolus
2468 2621 2481 2656 :
2510 2602 2585 2656 De
2607 2601 2767 2668 Filio,
2799 2602 3000 2672 inquit,
3037 2620 3160 2668 suo,
3196 2607 3282 2675 qui
3303 2611 3469 2676 factus
3495 2617 3570 2661 est
3601 2610 3646 2661 ei

2059 2708 2121 2745 ex
2143 2693 2331 2746 semine
2362 2691 2524 2746 David
2553 2692 2730 2762 (Rom.
2765 2709 2803 2759 ι,
2832 2695 2908 2762 '5).
2938 2693 3005 2748 Et
3034 2695 3225 2748 iterum
3257 2713 3271 2750 :
3305 2694 3504 2750 Memor
3540 2708 3648 2751 esto

2061 2783 2322 2838 Christum
2347 2784 2526 2838 Iesum
2556 2785 2892 2839 resurrexiise
2922 2801 2954 2838 a
3002 2787 3212 2840 mortuis
3235 2803 3298 2840 ex
3325 2789 3515 2841 semine
3541 2786 3648 2842 Da-

2060 2876 2144 2929 vid
2172 2874 2258 2946 (11
2290 2875 2419 2930 Tim.
2450 2892 2510 2940 ιι,
2538 2876 2619 2943 8).
2652 2875 2719 2928 Et
2747 2874 2964 2943 angelus
2989 2875 3053 2929 ad
3081 2875 3299 2930 Mariam
3328 2893 3341 2928 :
3374 2876 3524 2930 Dabit
3544 2878 3647 2942 illi,

2061 2968 2249 3035 inquit,
2281 2968 2414 3021 Deus
2435 2967 2602 3022 sedem
2632 2965 2798 3020 David
2819 2968 2976 3036 patris
2999 2967 3079 3020 sui
3102 2965 3253 3036 (Luc.
3275 2968 3444 3036 1,52).
3467 2967 3545 3021 Ex
3564 2968 3649 3024 his

2063 3059 2222 3127 igitur
2252 3067 2409 3126 atque
2449 3059 2570 3112 aliis
2614 3072 2774 3127 quam
2809 3057 3052 3127 pluribus
3091 3058 3489 3112 demonstratur
3537 3063 3649 3113 evi-

377 3148 527 3242 dum,
557 3174 695 3227 sicut
720 3173 834 3240 ipse
856 3172 927 3226 ait
959 3190 970 3223 :
998 3172 1156 3225 Pater
1180 3148 1232 3224 in
1262 3187 1339 3224 me
1367 3187 1602 3234 manens,
1643 3172 1767 3240 facit
1807 3188 1953 3240 opera

2066 3150 2279 3205 dentius
2327 3164 2431 3204 non
2462 3150 2629 3203 Deum
2671 3161 2794 3204 ante
2824 3148 3017 3204 secula
3050 3149 3231 3216 fuisse,
3264 3150 3360 3205 sed
3393 3153 3456 3218 in
3477 3151 3649 3206 Deum

377 3265 561 3338 (Joan.
593 3281 700 3334 xvv,
729 3265 837 3335 10).
875 3264 938 3318 Et
965 3266 1152 3318 iterum
1179 3279 1194 3318 :
1223 3262 1344 3316 Non
1375 3271 1540 3332 potest
1561 3279 1592 3315 a
1611 3278 1663 3316 se
1691 3263 1858 3316 Filius
1880 3266 1962 3334 fa-

374 3377 488 3415 cere
542 3359 821 3428 quidquam
873 3355 1054 3428 (Joan.
1087 3372 1141 3423 v,
1187 3353 1298 3424 l9).
1357 3355 1491 3420 Quia
1541 3354 1684 3408 enim
1736 3355 1960 3410 multum

381 3454 492 3507 Deo
523 3458 772 3518 acceptus
798 3449 917 3515 fuit,
952 3447 1207 3517 quidquid
1231 3446 1399 3500 voluit
1429 3446 1761 3501 orationibus
1793 3448 1961 3515 impe-

375 3543 702 3599 travit.l\'am
736 3541 779 3596 si
813 3540 1034 3595 mortuis
1083 3539 1287 3593 reddita
1329 3549 1411 3593 est
1447 3539 1584 3601 vita,
1615 3538 1658 3591 si
1692 3537 1850 3592 cmcis
1883 3538 1960 3591 lu-

374 3654 519 3703 men,
549 3639 592 3692 si
623 3637 882 3693 debilibus
905 3635 1095 3699 virtus,
1115 3635 1159 3688 si
1184 3633 1410 3704 leprosis
1440 3633 1718 3699 munditia,
1748 3633 1790 3686 si
1815 3647 1962 3688 mare

377 3731 626 3799 ventique
655 3737 964 3790 cesserunt,
998 3728 1040 3780 si
1076 3727 1452 3781 alimentorum
1499 3735 1740 3780 creatura
1786 3725 1962 3779 multi-

375 3822 557 3891 plicati
613 3820 812 3874 fenoris
880 3819 1053 3874 sensit
1116 3825 1477 3887 augmentum,
1538 3833 1644 3870 non
1695 3815 1795 3870 nisi
1847 3815 1961 3870 haec

376 3913 554 3967 omnia
579 3911 836 3966 orationis
865 3924 1089 3963 munere
1118 3908 1292 3962 elicita
1321 3921 1442 3962 esse
1469 3914 1780 3960 noscuntur.
1806 3904 1960 3960 Simi-

374 4003 516 4072 lique
545 4001 706 4055 modo
732 4001 961 4070 perfecta
985 3999 1225 4068 quaedam
1251 3997 1523 4067 prOphettc
1544 3997 1595 4049 in
1629 3995 1720 4049 Dei
1741 3994 1958 4048 nomine

374 4096 736 4167 perfecerunt.
768 4093 968 4147 Verum
1011 4092 1133 4161 quia
1178 4090 1262 4144 hic
1312 4091 1364 4143 in
1411 4097 1612 4142 tantum
1646 4101 1705 4142 se
1737 4086 1846 4140 Deo
1875 4085 1958 4140 di-

373 4203 560 4256 gnum,
593 4187 965 4254 carioremque
1005 4182 1396 4252 perseverando
1437 4181 1490 4234 iu
1539 4179 1804 4233 mandatis
1843 4177 1957 4246 ejus

372 4279 638 4346 exhibuit,
671 4286 729 4331 ut
761 4278 873 4345 ipse
907 4276 981 4329 ait
1011 4290 1023 4326 :
1059 4274 1168 4344 Ego
1201 4288 1313 4341 qua:
1358 4272 1549 4339 placita
1577 4279 1694 4324 sunt
1735 4270 1780 4323 ei
1825 4269 1957 4337 facio

372 4386 570 4440 semper
595 4370 772 4438 (Joan.
797 4383 912 4430 vm,
944 4364 1059 4433 29),
1099 4374 1154 4419 et
1194 4374 1250 4418 ut
1289 4363 1447 4417 Pater
1486 4375 1696 4430 quoque
1740 4359 1804 4412 ad
1834 4374 1954 4413 eum

377 4477 470 4531 per
498 4461 743 4530 angelum
775 4458 1027 4527 loquitur,
1051 4456 1236 4510 dicens
1267 4455 1428 4527 (sicut
1459 4456 1509 4508 in
1541 4453 1793 4509 Zacharia
1824 4452 1957 4507 scri-

2068 3242 2223 3296 bonae
2252 3241 2480 3296 actionis
2509 3240 2700 3296 merito
2731 3241 3041 3309 profecisse.

2135 3333 2251 3387 XII.
2279 3331 2480 3387 Probus
2510 3333 2674 3401 judex
2712 3332 2840 3384 dixit
2863 3346 2881 3383 :
2904 3330 3182 3385 lutentatis
3202 3345 3229 3383 a
3255 3329 3480 3384 Photino
3502 3347 3650 3400 quae-

2063 3427 2329 3480 stionibus
2376 3442 2408 3482 e
2450 3426 2663 3482 diverso
2693 3425 3021 3481 venientium
3069 3425 3506 3494 responsionibus
3550 3441 3648 3482 oc-

2073 3527 2339 3573 curratur.

2136 3611 2452 3663 Athanasius
2478 3608 2649 3662 dixit:
2677 3608 2730 3664 Si
2768 3623 2829 3663 ea
2880 3623 2998 3678 qua:
3028 3607 3186 3662 Arius
3227 3617 3412 3662 contra
3453 3607 3649 3662 Sabel-

2064 3701 2192 3755 lium
2237 3709 2551 3769 prosecutus
2597 3707 2681 3753 est
2723 3700 3006 3768 diligenter
3052 3698 3320 3763 advertas,
3379 3698 3450 3752 ibi
3481 3686 3652 3754 etiam

2064 3793 2276 3848 Photini
2302 3792 2582 3863 perﬁdiam
2616 3793 2812 3860 pariter
2834 3791 3113 3861 cognoscis
3140 3793 3436 3848 exclusam.

2135 3885 2334 3939 Probus
2350 3886 2518 3956 judex
2537 3886 2666 3937 dixit
2697 3900 2714 3937 :
2745 3883 2812 3938 Ut
2840 3885 3003 3952 puta?

2133 3974 2446 4030 Athanasius
2471 3976 2601 4029 dixit
2628 3973 2926 4028 :Sabellius
2971 3989 3127 4028 unam
3173 3975 3475 4029 conﬁtendo
3523 3990 3650 4045 pcr-

2062 4081 2275 4132 sonam,
2311 4066 2501 4120 Filium
2533 4073 2657 4119 ante
2687 4072 2996 4119 cunctorum
3027 4065 3288 4134 originem
3321 4066 3647 4120 saeculorum

2062 4161 2362 4215 subsistere
2392 4157 2677 4228 denegavit
2702 4175 2714 4210 :
2739 4157 2879 4227 quod
2921 4157 3090 4227 ipsum
3122 4173 3333 4226 quoque
3383 4158 3649 4213 Photinus

2063 4253 2241 4322 impiis
2272 4263 2585 4304 asseverare
2605 4247 2924 4304 commentis
2963 4248 3290 4318 aggreditur,
3336 4247 3460 4301 dum
3510 4247 3658 4301 Filio-

2063 4361 2131 4402 ex
2160 4345 2377 4399 humani
2408 4352 2558 4396 ortus
2589 4341 2861 4394 nativitate
2889 4340 3096 4394 initium
3129 4339 3391 4404 tribuens,
3423 4339 3650 4392 omnino

2063 4453 2184 4492 eum
2229 4451 2332 4490 non
2381 4435 2542 4488 fuisse
2591 4443 2830 4485 testatur.
2881 4432 3009 4498 Quae
3067 4431 3322 4498 sacrilega
3375 4430 3649 4498 opinionis

373 4521 522 4622 ptum
556 4521 660 4620 est)
692 4566 706 4604 :
738 4521 982 4619 Angelus,
1008 4547 1199 4616 inquit,
1239 4521 1441 4598 Domini
1478 4549 1674 4609 stabat,
1697 4555 1742 4598 et
1781 4553 1953 4597 conte,-

2066 4529 2358 4592 sententia,
2397 4526 2523 4580 Ario
2553 4524 2824 4592 cepiosius
2873 4531 3230 4591 prosequente
3279 4530 3485 4574 cassata
3536 4529 3645 4576 est.

369 4643 600 4697 stabatur
626 4641 660 4694 J
667 4657 806 4694 esum
836 4657 852 4694 :
877 4639 1004 4694 Ha’c
1031 4640 1156 4692 dicit
1181 4635 1430 4690 Dominus
1447 4636 1579 4688 Deus
1600 4638 1908 4690 exercituum
1932 4651 1950 4689 :

372 4736 434 4792 Si
456 4736 508 4788 in
529 4736 621 4789 viis
642 4734 761 4788 meis
783 4733 1150 4796 ambulaveris,
1179 4741 1226 4784 et
1255 4731 1539 4783 custodiam
1578 4746 1744 4783 meam
1785 4738 1952 4783 custo-

370 4826 547 4890 dieris,
580 4836 634 4878 tu
655 4840 850 4894 quoque
867 4823 1128 4893 judicabis
1151 4822 1358 4874 domum
1398 4836 1561 4873 meam
1597 4820 1838 4890 (Zachar.
1869 4835 1947 4885 ιιι,

374 4918 468 4986 5),
517 4925 572 4972 et
615 4925 670 4970 ιιι
709 4922 937 4969 mortem
988 4929 1086 4982 pro
1141 4913 1322 4967 mundi
1372 4912 1542 4968 salute
1583 4912 1952 4979 aequanimiter

370 5007 526 5074 tulit;
554 5007 623 5062 ob
653 5006 772 5071 hoc,
806 5005 1045 5073 inquam,
1073 5003 1213 5071 quod
1245 5018 1303 5058 se
1318 5010 1517 5056 tantum
1536 5017 1598 5056 ac
1618 5001 1772 5056 talem
1796 5000 1948 5055 exhi-

372 5105 506 5170 buit,
555 5101 705 5157 dedit
756 5099 829 5154 illi
883 5099 1023 5154 Deus
1074 5097 1442 5150 universorum
1490 5104 1852 5165 potestatem,
1892 5109 1954 5148 ac

370 5199 540 5255 Deum
573 5197 720 5251 illum
744 5193 905 5249 totius
934 5200 1192 5247 creaturae
1217 5189 1515 5253 constituit,
1547 5189 1687 5244 sicut
1731 5193 1956 5258 Aposto-

372 5295 457 5348 lus
493 5293 670 5357 docet,
719 5289 945 5343 dicens:
972 5284 1278 5339 Humiliavit
1318 5284 1642 5350 semetipsum
1688 5298 1844 5352 usque
1890 5283 1957 5332 ad

372 5395 602 5450 mortem,
627 5392 842 5437 mortem
866 5389 1033 5433 autem
1065 5377 1246 5429 crucis.
1289 5374 1508 5444 Propter
1541 5375 1677 5444 quod
1727 5383 1772 5426 et
1815 5371 1954 5427 Deus

371 5477 516 5529 illum
547 5474 806 5539 exultavit,
829 5482 876 5525 et
895 5470 1033 5524 dedit
1051 5469 1127 5523 illi
1155 5483 1335 5520 nomen
1364 5467 1500 5536 quod
1530 5475 1601 5518 est
1628 5482 1779 5533 super
1807 5480 1954 5517 omne

373 5583 589 5628 nomen;
611 5576 663 5618 ut
692 5567 744 5620 in
775 5568 978 5618 nomine
1016 5561 1141 5614 Jesu
1182 5575 1328 5612 omne
1363 5574 1487 5626 genu
1524 5558 1775 5624 ﬂectatur,
1810 5556 1952 5608 ca’le-

375 5669 548 5721 sttum,
573 5657 880 5709 terrestrium
911 5663 956 5708 et
979 5655 1294 5720 infernarum
1326 5648 1492 5719 (Phil.
1523 5663 1578 5709 tl,
1609 5648 1686 5715 8).
1721 5645 1870 5702 Unde
1897 5654 1952 5700 et

375 5752 492 5822 ipse
524 5757 638 5818 post
666 5749 986 5818 passionem,
1020 5761 1137 5816 qua:
1180 5743 1228 5802 ei
1269 5743 1372 5799 tale
1409 5740 1633 5799 contulit
1677 5738 1945 5801 meritum,

2063 4625 2262 4691 Aperte
2293 4621 2435 4676 enim
2475 4629 2529 4673 et
2575 4616 2802 4673 lucidius
2847 4614 3258 4679 demonstravit,
3309 4613 3501 4668 Filium
3546 4610 3649 4667 Dei

2063 4722 2229 4776 Deum
2257 4728 2382 4772 ante
2410 4725 2653 4784 tempora
2685 4713 3012 4769 substitisse.

2133 4815 2331 4870 Probus
2373 4813 2528 4877 iudex
2546 4809 2716 4863 dixit:
2742 4806 2954 4861 Memini
2983 4803 3227 4874 equidem
3265 4802 3416 4874 131
3457 4801 3652 4855 Arium

2062 4914 2129 4969 de
2176 4909 2502 4977 preprietate
2542 4918 2785 4972 personae
2812 4901 2930 4956 Filii
2959 4897 3300 4954 subsistentia
3335 4904 3518 4951 contra
3547 4894 3651 4948 Sa.-

2059 5002 2278 5060 bellium
2309 4999 2438 5052 satis
2467 4997 2674 5065 egisse;
2699 4994 2791 5048 sed
2818 4990 3196 5060 disputationis
3231 4988 3364 5043 ordo
3393 4987 3475 5042 vel
3502 4987 3656 5040 ratio.

2061 5097 2232 5170 poscit
2285 5102 2341 5148 ut
2391 5089 2599 5148 Photini
2665 5101 2878 5157 quoque
2918 5084 3145 5138 assertio
3187 5080 3404 5151 proprio
3453 5078 3651 5133 debeat

2067 5199 2251 5247 contra
2289 5186 2568 5242 nitentium
2617 5177 2952 5236 reiutationis
2973 5175 3126 5231 obice
3174 5171 3526 5234 submoveri;
3577 5186 3650 5226 na

2064 5283 2190 5338 dum
2221 5279 2379 5334 nimis
2408 5273 2656 5331 brevitati
2686 5269 2944 5333 studetis,
2994 5282 3079 5321 res
3121 5264 3455 5319 necessarias
3478 5261 3643 5314 omit-
3705 5265 3728 5271 “

2068 5384 2178 5426 tere
2207 5367 2514 5423 videamini.
2557 5363 2674 5418 Non
2705 5360 2847 5416 enim
2895 5371 3112 5428 parvam
3160 5355 3339 5409 intulit
3378 5368 3487 5407 suze
3521 5352 3654 5407 ﬁdei

2064 5461 2445 5532 quzrstionem,
2490 5455 2674 5511 multis
2722 5448 3078 5506 asseverando
3136 5444 3474 5502 documentis
3501 5488 3513 5508 ,
3560 5442 3657 5497 Fi-

2060 5556 2188 5608 lium
2233 5552 2323 5606 Dei
2368 5565 2431 5604 ex
2473 5547 2635 5603 Maria
2678 5544 2883 5599 initium
2929 5539 3232 5607 accepisse,
3276 5545 3329 5592 et
3378 5537 3430 5590 in
3477 5534 3657 5588 Deum

2066 5643 2377 5700 clarissimae
2407 5638 2631 5695 actionis
2657 5635 2846 5690 merito
2878 5630 3190 5701 profecisse.

2130 5734 2438 5790 Athanasius
2471 5729 2598 5786 dixit
2628 5745 2642 5784 :
2672 5727 2785 5785 Non
2813 5723 3017 5796 pigebit
3046 5731 3134 5778 aut
3164 5734 3271 5787 me,
3304 5726 3395 5773 aut
3434 5717 3656 5784 Arium,
