4044 6184
328 392 433 452 189

942 390 1215 450 CONTRA
1255 388 1574 456 ARIANOS,
1615 386 2105 455 SABELLlANOS,
2151 386 2327 455 ETC.,
2369 387 2732 450 DlALOGUS.
2775 392 2912 450 LIB.
2952 394 2995 453 ῐ.

3508 402 3611 459 190

326 504 543 561 Photini
569 502 893 559 dementiam
935 504 1133 559 divinat
1170 504 1461 572 Scriptura:
1508 501 1915 556 auctoritatibus
1944 508 1993 564 Α
2018 502 2144 554 vitas
2178 501 2271 556 Dei
2297 514 2461 558 seruat
2487 507 2654 561 illum.
2688 507 2821 563 Nam
2853 511 3012 579 igitur
3033 512 3158 583 quia
3202 512 3442 571 homines
3485 519 3613 575 ﬁde-

328 613 575 668 argut-re,
606 598 692 666 qui
718 597 768 651 in
798 605 1001 651 tantum
1033 598 1276 665 prorupit
1306 595 1556 660 insaniae,
1597 604 1655 650 ut
1683 594 1915 663 pr0phe-

331 690 451 745 ticis
477 698 638 758 atque
657 688 967 757 apostolicis
980 687 1159 754 dictis,
1189 701 1387 741 vesano
1413 686 1607 739 luroris
1633 685 1711 738 sui
1735 683 1916 738 animo

330 793 672 850 repugnans,
697 780 881 832 nescio
912 793 1032 847 quae
1061 777 1318 831 vilissima
1351 775 1715 845 derogationis
1734 789 1918 830 exem-

332 876 439 943 pla,
474 887 592 942 qua:
627 872 764 926 Deus
804 886 901 941 pro
944 880 1141 925 nostra:
1181 868 1570 939 redemptionis
1606 867 1776 923 salute
1825 881 1921 922 vo-

332 962 568 1019 luntario
596 961 761 1016 subiit
789 961 981 1016 aﬁ'ectu
1002 1003 1017 1029 ,
1065 961 1120 1015 in
1162 960 1413 1031 injuriam
1442 968 1602 1014 tanta:
1636 958 1921 1029 protulerit

334 1053 658 1120 maiestatis.

2017 593 2095 647 les
2125 591 2192 648 de
2221 593 2331 648 Deo
2364 596 2475 650 nati
2504 614 2622 653 esse
2669 602 2936 667 dicuntur,
2991 604 3189 659 idcirco
3242 606 3321 660 eis
3369 608 3615 664 humana:

2021 686 2311 742 nativitatis
2344 689 2584 747 aufertur
2610 696 2908 764 origo?aut
2956 699 3264 768 priusquam
3316 704 3383 759 de
3437 705 3613 761 honti-

2022 776 2177 832 nibus
2216 792 2567 882 nascerentur
2589 794 2713 840 ante
2742 790 2923 843 mundi
2957 793 3298 862 principium,
3333 813 3430 866 per
3473 801 3619 854 divi-

2024 882 2107 922 ηπ
2130 870 2423 926 nativitatis
2454 881 3019 938 commemorationem
3048 890 3322 944 exstitisse
3362 892 3618 951 credendi

2028 958 2189 1012 Sunt?

2098 1049 2253 1104 Arius
2282 1051 2413 1105 dixit
2446 1070 2466 1107 :
2492 1055 2750 1123 Quoniam
2784 1063 3232 1123 manifestissimae
3256 1072 3465 1128 veritati
3511 1076 3623 1132 cal-

406 1116 548 1198 stn.
582 1143 737 1199 Arius
765 1144 895 1198 dixit
922 1116 943 1199 ἒ
972 1120 1326 1200 Tolerabilius
1372 1144 1682 1201 Judmorum
1712 1141 1926 1198 Christo
2027 1140 2139 1202 lida
2162 1116 2541 1212 disputationis
2568 1160 2681 1204 arte
2704 1116 3279 1230 pi.ou...‘.'.i.}{aﬁii.,'
3296 1116 3620 1224 'L'iiiinlis'l

337 1235 713 1292 insultantium
737 1252 923 1303 voces,
955 1249 1041 1291 am
1072 1238 1310 1292 cruciﬁxi
1333 1238 1555 1292 latronis
1578 1234 1929 1304 blaSphemiat

338 1327 825 1397 audiuntur,quam
854 1327 1081 1382 nefanda
1103 1329 1260 1398 hujus
1279 1329 1496 1383 Photini
1522 1326 1743 1397 perﬁdia
1766 1323 1930 1379 susti-

341 1433 522 1478 netur.
554 1420 686 1488 Quis
715 1419 858 1475 enim
892 1419 1028 1474 lerat
1082 1435 1275 1488 purum
1307 1419 1577 1474 hominem
1627 1414 1931 1488 praedicari,

340 1524 428 1569 aut
457 1527 524 1567 ex
554 1511 717 1566 Maria
742 1510 1037 1580 sumpsisse
1066 1510 1276 1564 initium
1307 1525 1429 1565 eum
1482 1508 1570 1579 qui
1610 1522 1668 1562 sc
1698 1506 1766 1561 de
1793 1505 1932 1560 casio

341 1604 551 1658 venisse
580 1612 636 1659 et
663 1612 788 1658 ante
813 1601 1009 1657 saecula
1059 1601 1299 1671 genitum
1350 1608 1674 1670 protestatur
1707 1639 1723 1665 ,
1799 1597 1940 1652 sicut

343 1695 481 1751 idem
510 1694 579 1749 de
600 1694 761 1750 Patre
782 1695 1029 1764 loquens,
1059 1703 1113 1748 et
1141 1703 1359 1748 :eternte
1413 1690 1706 1746 nativitatis
1733 1697 1941 1760 myste-

343 1788 481 1842 rium
513 1786 775 1855 pandens,
803 1786 914 1841 ait:
942 1786 1067 1839 Ante
1088 1788 1278 1839 alecula
1329 1783 1565 1855 [undavit
1608 1798 1706 1846 nte,
1735 1788 1780 1834 et
1825 1788 1943 1833 ante

2036 1235 2177 1330 sima
2208 1246 2290 1291 est
2310 1237 2503 1295 divinas
2560 1244 2849 1315 Scriptura:
2898 1254 3217 1311 auctoritate
3262 1256 3620 1330 frangendus.

2034 1326 2268 1426 Joannes
2287 1333 2428 1386 enim
2455 1338 2729 1404 apostolus
2750 1340 2904 1397 iStius
2928 1342 3136 1416 (credo)
3171 1326 3432 1408 insaniam
3466 1355 3626 1426 longe

2036 1428 2160 1475 ante
2187 1421 2240 1514 in
2282 1423 2483 1492 Spiritu
2522 1438 2709 1483 sancto
2742 1436 3099 1502 conspiciens,
3131 1450 3254 1495 ante
3307 1421 3625 1514 principium

2038 1513 2356 1573 sucularum
2379 1517 2802 1576 substantialiter
2830 1526 2966 1592 apud
2990 1526 3199 1584 Patrem
3224 1532 3388 1588 Deum
3428 1513 3623 1593 Filium

2041 1606 2310 1661 exstitisse
2341 1616 2598 1680 testatur,
2652 1628 2715 1668 ac
2743 1616 2820 1670 sic
2846 1616 3128 1676 Photinum
3177 1623 3287 1677 alto
3344 1627 3629 1696 imperitiae

2044 1712 2239 1767 sopore
2260 1698 2590 1775 demersum,
2625 1714 2678 1759 et
2708 1707 2889 1763 lethali
2914 1711 3091 1779 quiete
3121 1715 3414 1783 sepultum,
3446 1720 3633 1776 claris-

2046 1790 2195 1884 sima:
2223 1806 2333 1847 suae
2356 1796 2500 1850 vocis
2528 1800 2796 1866 praeconio
2825 1803 3041 1872 excitat,
3066 1807 3251 1864 dicens
3281 1827 3295 1865 :
3325 1810 3391 1865 In
3436 1815 3633 1884 princi-

348 1896 522 1968 ontnes
547 1880 704 1933 colles
733 1879 905 1949 genuit
934 1895 1031 1933 me.
1075 1876 1205 1967 Cum
1258 1887 1463 1946 pararet
1511 1874 1682 1968 cenios,
1717 1875 1944 1968 (aderam
1976 1888 2019 1948 Β
2046 1882 2132 1952 pio
2160 1891 2269 1938 εναι
2306 1884 2544 1954 Verbum,
2580 1900 2625 1943 ει
2660 1890 2882 1945 Verbum
2903 1904 3009 1949 erat
3035 1900 3173 1966 apud
3200 1900 3381 1968 Deum,
3418 1874 3464 1957 ἐι
3497 1905 3636 1962 θεν.

348 1970 425 2024 illi
446 1966 637 2038 (Prov.
664 1985 782 2035 vm,
803 1969 1043 2040 25).Scd
1074 1960 1317 2024 et'Pater
1337 1968 1401 2022 ad
1433 1966 1680 2023 eumdem
1714 1966 1951 2036 loquitur

349 2062 536 2116 dicens
577 2078 592 2113 :
628 2059 714 2115 Ex
744 2072 886 2115 utero
933 2071 1048 2115 ante
1075 2061 1344 2131 luciferum
1368 2061 1520 2130 genui
1559 2070 1607 2113 te
1636 2058 1808 2129 (Psal.
1842 2072 1949 2125 crx,

350 2150 429 2223 τι).
449 2151 584 2219 Quia
618 2152 765 2207 enim
794 2150 967 2206 stella:
995 2152 1046 2206 in
1076 2151 1245 2221 signis
1261 2159 1562 2220 temporum
1595 2149 1783 2218 positas
1805 2157 1952 2213 sunt,

354 2242 697 2298 nativitatem
729 2241 847 2297 Filii
877 2243 958 2298 sui
992 2240 1135 2296 Deus
1158 2241 1319 2296 Pater
1338 2251 1463 2297 nte
1500 2249 1764 2294 astrorum
1794 2238 1957 2308 origi-

362 2333 572 2403 nem,id
601 2342 687 2389 est
710 2342 834 2389 ante
865 2333 1103 2388 omnium
1135 2342 1433 2401 temporum
1460 2331 1653 2396 seriem
1684 2329 1959 2384 exstitisse

357 2433 607 2481 testatur.
657 2427 780 2483 Sive
804 2426 1115 2495 spiritaliter
1164 2425 1365 2480 dictum
1415 2423 1798 2493 intelligamus,
1840 2429 1961 2474 ante

364 2516 636 2587 luciferum
662 2559 678 2583 ,
710 2518 762 2572 id
792 2526 876 2572 est
911 2526 1036 2571 ante
1088 2517 1396 2587 angelorum
1438 2525 1773 2577 creaturam;
1822 2526 1959 2581 quo-

360 2608 504 2662 niam
540 2608 607 2662 de
632 2608 823 2677 angelo
861 2607 1059 2663 dictum
1095 2618 1213 2661 est:
1249 2604 1453 2675 Lucifer
1487 2604 1579 2676 qui
1632 2618 1780 2657 mane
1828 2602 1962 2655 orie-

362 2700 512 2756 batur
546 2700 680 2771 (lsa.
705 2718 815 2768 xiv,
850 2700 963 2772 12).

438 2791 699 2847 Photinus
735 2794 919 2847 dixit:
966 2792 1080 2848 Hoc
1131 2788 1425 2846 secundum
1482 2783 1965 2858 prxdestinat'onis

365 2886 651 2941 veritatem
674 2885 875 2941 dictum
897 2886 1179 2956 accipitur,
1204 2885 1467 2953 Apostolo
1513 2888 1852 2937 contestante
1882 2888 1964 2934 at-

367 2991 468 3046 que
496 2974 750 3032 dicente:
783 2977 884 3043 Qui
913 2976 1304 3047 prtedestinatus
1331 2983 1403 3028 est
1433 2971 1605 3026 Filius
1636 2970 1731 3025 Dei
1777 2972 1831 3023 in
1862 2971 1967 3023 vir-

364 3075 472 3121 tute
502 3067 685 3138 (Rom.
706 3085 745 3133 I,
774 3069 855 3137 4).
884 3066 1016 3123 Nam
1038 3069 1118 3122 sic
1149 3066 1351 3121 dictum
1379 3072 1463 3120 est
1488 3082 1499 3116 :
1533 3064 1666 3117 Ante
1693 3061 1849 3116 calles
1877 3078 1968 3132 ge-

369 3163 481 3213 nuit
504 3176 585 3214 me
612 3159 798 3229 (Prov.
828 3176 943 3229 vm,
971 3160 1089 3229 25),
1122 3159 1245 3214 vel:
1280 3159 1409 3212 Ante
1448 3156 1716 3224 luciferum
1746 3155 1898 3226 genui
1924 3165 1971 3207 te

2053 1985 2160 2028 erat
2187 1973 2428 2032 Verbum.
2456 1979 2570 2035 Hoc
2593 1992 2696 2035 erat
2726 1984 2778 2037 in
2800 1986 3049 2058 p‘incipio
3078 1991 3217 2059 apud
3263 1991 3423 2046 Deum
3450 1994 3633 2063 (Joan.

2055 2082 2094 2133 ι,
2126 2068 2197 2137 1).
2229 2068 2370 2139 Ergo
2397 2070 2445 2126 ei
2469 2074 2557 2141 qui
2583 2075 2634 2127 in
2661 2075 2923 2147 principio
2944 2088 3057 2133 erat
3112 2082 3249 2150 apud
3291 2084 3480 2153 Deum,
3530 2103 3637 2143 non

2058 2159 2377 2230 relinquitur
2401 2173 2457 2217 ut
2485 2166 2775 2223 novissimo
2808 2180 3044 2240 tempore
3071 2174 3290 2243 originis
3311 2189 3421 2244 sua:
3443 2178 3642 2246 princi-

2059 2251 2203 2323 pium
2225 2251 2293 2307 ab
2318 2253 2532 2313 homine
2562 2260 2868 2327 sumpserit.
2896 2260 2961 2315 Et
2987 2278 3053 2317 ne
3083 2262 3184 2318 hoc
3208 2264 3461 2334 Verbum,
3489 2269 3641 2341 133

2060 2341 2200 2413 quod
2227 2344 2279 2397 in
2304 2346 2566 2415 principio
2587 2360 2703 2403 erat
2731 2352 2869 2419 apud
2901 2353 3064 2406 Deum
3087 2355 3279 2410 divina:
3294 2360 3437 2413 vocis
3467 2369 3642 2414 trans-

2062 2446 2275 2492 euntem
2304 2437 2573 2495 existimet
2603 2448 2825 2506 sonunt',
2868 2441 2942 2496 ait
2969 2460 2982 2495 :
3018 2443 3081 2497 Et
3113 2445 3250 2499 Deus
3280 2458 3388 2500 erat
3428 2447 3644 2502 Verbum

2063 2526 2276 2599 (Ibid).
2310 2528 2461 2596 Quod
2489 2531 2536 2585 si
2568 2531 2667 2585 hoc
2700 2530 2928 2587 Verbum
2980 2533 3121 2590 Deus
3171 2547 3305 2603 erat,
3353 2538 3645 2594 substan:ia

2066 2632 2307 2690 manens,
2357 2638 2460 2677 non
2490 2639 2654 2678 sonus
2697 2627 2962 2681 transiens
3005 2638 3141 2682 erat.
3194 2626 3453 2683 Fundatae
3504 2628 3646 2684 enim

2066 2718 2271 2765 natura:
2299 2713 2465 2767 virtus
2485 2714 2801 2780 ostenditur,
2861 2730 2981 2786 qua:
3026 2717 3191 2772 fuisse
3219 2719 3302 2773 vel
3354 2733 3471 2773 esse
3521 2722 3647 2775 sub-

2067 2804 2389 2860 stantialiter
2415 2806 2753 2875 praedicatur.
2780 2808 2845 2863 Et
2865 2810 3117 2877 quoniam
3142 2825 3283 2864 nunc
3307 2825 3517 2880 quoque
3545 2811 3647 2866 Sa-

2068 2897 2286 2952 bellinm
2316 2897 2370 2951 in
2401 2897 2503 2954 hoc
2538 2899 2803 2955 auditorio
2831 2900 3107 2956 nobiscum
3130 2910 3307 2957 astare
3350 2902 3648 2974 conspicio,

2072 2994 2122 3048 in
2168 3001 2421 3064 utrosque
2450 2995 2741 3050 testimonii
2790 2997 2947 3067 hujus
2979 2998 3079 3054 tela
3110 2998 3367 3067 vibraho,
3418 3008 3473 3054 et
3526 3000 3652 3055 inde

2072 3087 2357 3143 Phatinum
2404 3089 2590 3145 occido
2657 3090 2797 3146 unde
2843 3091 3130 3148 Sabellium
3182 3095 3406 3162 perime.
3460 3093 3653 3149 Audiat

2074 3195 2203 3250 ergo
2227 3180 2489 3235 Sabellius
2520 3182 2685 3236 Deum
2718 3184 2857 3253 apud
2887 3184 3055 3239 Deum
3105 3184 3290 3256 fuisse,
3347 3195 3401 3241 et
3444 3186 3655 3241 desinat

372 3249 689 3320 (Psal.crx,
722 3250 807 3322 5),
864 3266 985 3307 cum
1031 3260 1207 3305 tamen
1264 3249 1571 3304 novissimis
1641 3245 1964 3313 temporibus

2077 3282 2144 3329 ah
2177 3274 2378 3329 unitate
2410 3289 2674 3342 personae.
2706 3245 2900 3329 Audiat
2928 3276 3209 3342 Photinus,
3261 3245 3364 3331 hoc
3419 3276 3655 3333 Verbum

373 3340 537 3396 fuerit
564 3351 721 3397 natus
752 3382 768 3408 ,
796 3342 1065 3413 quomodo
1086 3349 1141 3396 et
1170 3340 1459 3410 Apostolus
1498 3337 1818 3393 elecﬁouem
1849 3350 1973 3389 san-

374 3442 587 3488 ctorum
632 3444 757 3489 ante
802 3434 1078 3489 exordium
1115 3432 1310 3487 factam
1365 3429 1558 3485 asserit
1633 3428 1972 3483 saeculorum.

378 3524 481 3589 Qui
502 3541 617 3588 nos,
632 3524 807 3595 inquit
836 3525 986 3597 elegit
1006 3533 1122 3577 ante
1141 3523 1553 3577 constitutionem
1567 3518 1740 3572 mundi
1756 3516 1973 3589 (Ep/tes.

378 3608 417 3679 ⁸,
446 3615 530 3685 4).
567 3616 720 3687 132
756 3616 821 3671 Et
853 3615 1034 3685 utique
1059 3628 1166 3669 non
1208 3620 1332 3667 sunt
1373 3611 1473 3665 nisi
1531 3611 1584 3665 in
1638 3608 1744 3664 ﬁne
1792 3604 1976 3661 mundi

379 3707 562 3763 electi.
588 3706 741 3762 Sicut
763 3721 892 3776 ergo
922 3704 1182 3776 apostoli,
1208 3703 1297 3773 qui
1326 3710 1450 3756 ante
1471 3701 1665 3756 saecula
1712 3713 1819 3754 non
1844 3696 1977 3752 sub-

382 3798 671 3866 sistebant,
702 3808 877 3853 tamen
911 3798 963 3852 in
996 3795 1463 3867 praedestinatione
1512 3792 1671 3848 electi
1723 3804 1844 3847 esse
1894 3789 1975 3843 di-

385 3898 621 3953 cuntur;
651 3887 841 3943 eodem
863 3886 1233 3956 intelligentiae
1275 3898 1473 3955 genere
1516 3891 1572 3938 et
1619 3882 1687 3936 de
1739 3880 1976 3945 Christo,

386 3979 529 4049 quod
556 3989 684 4033 ante
699 3978 889 4033 saecula
907 3978 1082 4033 dictus
1103 3985 1185 4031 est
1212 3987 1393 4041 natus,
1420 3976 1472 4029 in
1513 3970 1979 4043 predestinatione

388 4071 591 4125 dictum
621 4069 899 4138 accipitur.
929 4070 1090 4124 Moris
1115 4068 1352 4123 estenim
1383 4065 1582 4120 divinae
1602 4065 1895 4131 Scripturaa
1924 4062 1977 4117 id

390 4161 531 4230 quod
562 4175 660 4229 pro
685 4168 834 4215 certo
864 4160 1096 4214 futurum
1120 4166 1202 4212 est
1222 4171 1284 4211 ac
1312 4156 1355 4211 si
1374 4156 1482 4225 jam
1508 4155 1702 4209 factum
1727 4155 1796 4207 sit
1822 4167 1980 4207 enar-

390 4265 533 4309 rare.
570 4251 722 4308 Unde
747 4261 800 4308 et
822 4252 1080 4323 prOpheta
1112 4252 1184 4305 ait
1215 4267 1228 4303 :
1256 4249 1355 4315 Qui
1383 4249 1499 4320 fecit
1520 4263 1633 4313 qua:
1665 4248 1839 4316 futura
1862 4254 1981 4299 sunt

392 4342 547 4414 (Isai.
580 4358 709 4410 ην,
746 4343 832 4408 ll,
860 4358 958 4397 sec.
998 4340 1191 4411 LXX),
1217 4340 1267 4394 id
1295 4350 1406 4404 est;
1434 4339 1484 4392 in
1505 4337 1974 4410 prtedestinatione

395 4436 555 4500 facta,
587 4436 639 4490 in
670 4450 727 4489 re
758 4445 934 4489 autem
960 4433 1182 4496 necdum
1213 4429 1512 4485 existentia.
1541 4429 1611 4482 lta
1639 4434 1694 4482 et
1740 4426 1856 4481 Filii
1888 4441 1982 4480 na-

394 4527 572 4582 tiritas
595 4536 723 4580 ante
750 4526 943 4581 sxcula
969 4524 1362 4594 prtedcstinata,
1384 4521 1435 4576 in
1461 4522 1562 4576 ﬁne
1587 4535 1715 4575 vero
1743 4527 1827 4574 est
1849 4528 1984 4574 tem-

397 4631 584 4685 porum
614 4616 880 4671 veraciter
900 4623 1039 4670 orta.

468 4707 675 4763 Probus
689 4707 861 4779 judex
889 4706 1021 4761 dixit
1050 4721 1068 4759 :
1100 4704 1189 4760 llla
1240 4719 1356 4773 qua:
1402 4712 1527 4757 ante
1565 4701 1819 4756 mundum
1850 4715 1985 4771 pra:—

400 4798 695 4855 destinatur
725 4799 847 4854 Filii
875 4798 1147 4865 nativitas,
1172 4811 1236 4851 es
1267 4796 1359 4850 Dei
1390 4794 1564 4849 Patris
1593 4800 1746 4847 utero
1768 4806 1987 4862 proces-

402 4891 538 4946 sisse
562 4890 918 4956 describitur;
953 4896 1009 4943 ιιι
1055 4902 1188 4944 vero
1239 4886 1429 4941 Filium
1459 4900 1522 4940 ex
1572 4883 1735 4939 Maria
1777 4884 1986 4938 initium

402 4981 673 5050 accepisse
706 4981 942 5036 testaris.

476 5071 614 5126 XIV.
653 5069 911 5125 Photinus
931 5069 1061 5122 dixit
1091 5085 1110 5123 :
1135 5068 1239 5124 Sed
1272 5083 1376 5122 non
1425 5067 1545 5123 ideo
1590 5064 1990 5136 intelligendum

403 5170 487 5215 est
532 5160 802 5216 Christum
832 5159 902 5215 de
944 5159 1055 5214 Deo
1097 5158 1253 5214 Patre
1303 5172 1424 5213 esse
1468 5166 1681 5219 natum.
1736 5155 1859 5226 quia
1907 5164 2000 5210 aut

405 5256 519 5321 ipse
545 5266 603 5307 se
629 5253 700 5306 de
726 5251 886 5306 Patre
909 5251 1175 5320 genitum,
1199 5259 1290 5305 aut
1313 5251 1472 5305 Pater
1490 5249 1741 5319 genuisse
1772 5247 1992 5301 fatetur.

405 5343 518 5398 Hoc
531 5344 674 5398 enim
699 5343 840 5399 Deus
868 5343 1025 5398 Pater
1048 5343 1118 5397 de
1138 5341 1401 5411 adaptatis
1422 5342 1505 5395 vel
1531 5339 1852 5407 adoptandis
1870 5337 1999 5391 libis

403 5437 586 5493 dicere
613 5438 923 5502 consuevit,
953 5437 1093 5491 sicut
1145 5451 1239 5505 per
1291 5435 1477 5489 Isaiam
1530 5433 1765 5488 dicitur:
1825 5428 1994 5483 Filios

406 5532 557 5602 genui
580 5538 627 5585 et
648 5531 870 5586 exaltavi
896 5529 1053 5601 (lsai.
1083 5545 1122 5592 ι,
1163 5525 1244 5598 2).
1280 5526 1346 5581 Et
1373 5521 1992 5592 iterumzPrimogenitus

408 5623 546 5688 ﬁlius
574 5637 716 5676 meus
741 5619 908 5675 Israel
938 5619 1130 5688 (Exod.
1163 5634 1236 5683 tv,
1265 5617 1380 5686 29.).
1416 5615 1734 5669 EtJoanues
1768 5631 1781 5666 :
1815 5612 1995 5666 Omnis

409 5714 498 5780 qui
544 5723 696 5766 natus
736 5720 808 5765 est
834 5754 849 5778 ,
882 5712 1089 5781 inquit,
1120 5726 1183 5764 ex
1212 5708 1322 5763 Deo
1344 5751 1357 5776 ,
1402 5724 1502 5761 non
1541 5715 1711 5776 peccat
1740 5702 1793 5776 (1
1839 5702 1994 5757 Joan.

412 5819 471 5871 v,
503 5804 590 5875 18)
623 5821 635 5858 :
667 5814 719 5860 et
742 5819 848 5861 non
871 5812 1064 5876 potest,
1101 5802 1289 5874 inquit,
1323 5813 1565 5872 peccare,
1594 5796 1842 5868 quoniam
1867 5794 2001 5848 nati-

2008 4626 2062 4686 D

2076 3368 2246 3424 Deum
2276 3371 2327 3423 in
2363 3368 2624 3438 primipio
2651 3368 2944 3434 exstitisse,
2973 3380 3026 3424 et
3053 3369 3256 3423 desinat
3278 3368 3345 3424 de
3366 3370 3527 3425 Maria
3552 3373 3651 3427 vir-

2077 3462 2199 3531 gine
2228 3459 2438 3514 initium
2468 3461 2723 3515 tribuere.
2750 3459 2889 3530 Hoc,
2923 3461 3113 3531 inquit,
3143 3472 3252 3514 erat
3307 3463 3360 3516 in
3407 3464 3659 3537 principio

2077 3554 2217 3624 apud
2242 3551 2424 3607 Deum.
2462 3551 2647 3606 Omnia
2670 3569 2759 3622 per
2781 3554 2949 3623 ipsum
3000 3554 3138 3625 facta
3184 3565 3323 3621 sunt,
3350 3564 3395 3610 et
3415 3558 3522 3610 sine
3550 3557 3662 3625 ipso

2080 3636 2272 3715 factum
2296 3653 2366 3697 est
2391 3645 2521 3698 nihil
2548 3644 2726 3717 (Joan.
2760 3659 2799 3714 ι,
2825 3642 2904 3712 2).
2935 3643 3000 3698 In
3051 3644 3146 3699 hoc
3198 3648 3388 3700 mundo
3434 3659 3564 3714 erat,
3615 3657 3662 3702 et

2078 3738 2301 3791 mundus
2328 3753 2419 3810 per
2465 3739 2631 3809 ipsum
2677 3740 2844 3810 factus
2896 3749 2970 3793 est
3019 3739 3203 3808 (Ibid.,
3235 3740 3345 3809 10).
3382 3744 3665 3798 Antecedit

2079 3844 2289 3890 creator
2312 3843 2576 3890 creatura:
2604 3850 2715 3890 sua:
2749 3836 3041 3905 epilieium,
3071 3851 3137 3890 an
3164 3836 3308 3891 non?

2153 3925 2265 3981 XV.
2301 3925 2504 3981 Probus
2522 3928 2691 3996 judex
2718 3928 2847 3979 dixit
2875 3942 2894 3979 :
2919 3928 3136 3981 Constat
3159 3928 3337 3996 operis
3365 3930 3445 3982 sui
3497 3928 3662 3984 fabri—

2080 4033 2196 4074 cam
2232 4018 2550 4073 antecedere
2579 4027 2873 4071 creatorem
2909 4032 2924 4081 ;
2956 4032 3126 4087 neque
3155 4019 3297 4071 enim
3358 4028 3533 4087 potest
3562 4022 3667 4073 ulla

2083 4113 2288 4169 ratione
2330 4111 2540 4166 admitti
2598 4119 2656 4166 ut
2714 4119 2897 4181 postea
2932 4110 3046 4179 ipse
3102 4112 3345 4178 ceperit,
3403 4112 3495 4180 qui
3545 4113 3669 4166 lacti

2082 4215 2267 4261 auctor
2295 4206 2524 4260 exstitit.

2153 4298 2306 4352 Arius
2336 4298 2463 4350 dixit
2496 4311 2515 4350 :
2544 4296 2600 4353 Si
2630 4310 2759 4366 ergo
2788 4296 2963 4350 omnia
2989 4309 3084 4365 per
3108 4293 3300 4348 Filiqu
3341 4291 3477 4345 facta
3517 4301 3664 4356 sunt,

2083 4404 2137 4449 et
2166 4392 2396 4447 mundus
2425 4405 2518 4461 per
2536 4405 2658 4445 eum
2676 4390 2846 4444 factus
2861 4399 2966 4455 est,
2996 4398 3217 4457 apparet
3264 4398 3387 4441 ante
3408 4388 3668 4439 mundum

2084 4486 2164 4541 vel
2197 4495 2320 4540 ante
2350 4486 2527 4538 omnia
2558 4498 2677 4553 qua:
2710 4482 2848 4536 facta
2867 4491 2988 4536 sunt
3013 4481 3203 4535 Filium
3224 4479 3512 4534 exstitisse.

2157 4575 2358 4631 Probus
2388 4576 2555 4646 judex
2593 4574 2924 4628 dixit:Nibil
2967 4573 3067 4627 hac
3112 4569 3670 4642 probatiouetnanile-

2090 4672 2226 4724 stius
2249 4668 2445 4738 poterit
2470 4665 2851 4721 demonstrari.

2163 4760 2317 4813 Arius
2344 4760 2475 4811 dixit
2502 4773 2521 4811 :
2558 4758 2662 4811 Sed
2692 4771 2757 4809 ne
2787 4757 2921 4809 forte
2948 4757 3104 4809 unius
3154 4754 3382 4823 apostoli
3431 4753 3669 4823 probatio

2094 4850 2426 4907 insuiﬁciens
2448 4862 2571 4904 esse
2600 4845 2819 4916 perﬁdis
2841 4846 3113 4910 videatur,
3168 4845 3295 4913 alia,
3319 4844 3364 4898 si
3400 4843 3669 4914 praecipis,

2097 4942 2420 5006 testimonia,
2469 4940 2657 4994 Filium
2713 4939 2805 4992 Dei
2855 4948 2979 4993 ante
3035 4941 3230 4993 saecula
3295 4937 3675 4991 subsistentem

2098 5032 2474 5098 contestantia,
2511 5030 2655 5085 brevi
2690 5029 3061 5098 prosecutione
3090 5030 3421 5083 subnectam.

2171 5126 2373 5181 Probus
2394 5124 2563 5197 judex
2583 5124 2731 5191 dixit
2753 5139 2772 5177 .·
2800 5122 2948 5179 Licet
2976 5129 3055 5195 (ut
3080 5126 3225 5193 reor)
3254 5122 3436 5177 utilius
3458 5133 3510 5178 et
3547 5118 3681 5173 vali-

2100 5222 2219 5277 dius
2250 5222 2352 5277 hoc
2375 5218 2681 5273 testimonio
2704 5216 2835 5271 nihil
2861 5217 2951 5283 sit,
2969 5225 3167 5285 tamen,
3202 5224 3257 5269 ut
3285 5221 3514 5270 dwersrs
3544 5227 3675 5282 pro-

2102 5322 2377 5379 bationum
2410 5316 2734 5376 testimoniis
2763 5313 3047 5371 assertioni
3078 5322 3181 5366 tua:
3211 5312 3449 5366 cumules
3492 5308 3675 5373 ﬁdem,

2102 5429 2274 5488 pauca
2322 5415 2402 5484 (ut
2428 5413 2533 5483 ais)
2579 5409 2984 5478 circumscripta
3018 5407 3276 5462 brevitate
3324 5415 3651 5472 prosequere

2174 5512 2326 5564 Arius
2354 5509 2481 5562 dixit
2512 5523 2530 5560 :
2562 5505 2768 5561 Domini
2789 5503 2955 5558 nostri
2991 5501 3115 5557 Jesu
3144 5498 3345 5553 Christi
3398 5513 3499 5552 vox
3522 5498 3682 5553 estin

2101 5602 2394 5672 Evangelia
2437 5599 2713 5655 dicentis:
2757 5595 2920 5650 Nemo
2946 5592 3171 5647 asccndt't
3217 5593 3271 5646 in
3320 5591 3523 5658 calum,
3582 5590 3685 5643 nisi

2100 5696 2188 5766 qui
2215 5695 2277 5748 de
2304 5693 2429 5748 ratio
2458 5687 2736 5753 descendit,
2760 5684 2931 5739 Filius
2960 5683 3176 5737 hominis
3214 5684 3303 5753 qui
3353 5692 3427 5738 est
3477 5682 3530 5735 in
3558 5679 3685 5734 cwlo

2106 5788 2282 5859 (Joun.
2316 5802 2406 5852 ιιι,
2436 5783 2541 5854 l3).
2570 5781 2634 5839 Et
2658 5781 2849 5837 iterum
2878 5794 2893 5835 :
2921 5775 3170 5833 Descendi
3201 5778 3264 5836 de
3291 5778 3441 5845 cazlo,
3476 5794 3579 5833 son
3630 5785 3691 5830 ut
