4044 6184
366 277 475 365 191¹

361 495 438 532 me
469 477 640 531 Patris
674 479 850 548 (Joan.
882 494 956 543 vr,
988 477 1101 549 58).
1137 481 1373 547 Apparet
1404 492 1531 545 ergo
1582 476 1690 544 jam
1759 474 1944 539 fuisse,

361 572 447 632 qui
489 570 556 622 de
585 571 723 624 cmln
751 570 1121 634 descenderat,
1157 581 1213 623 ut
1240 571 1496 624 Photinus
1545 569 1848 632 erubescat,
1896 574 1949 621 et

362 661 524 713 alium
556 677 723 733 essea
753 663 926 721 Patre.
962 665 1086 716 dum
1121 678 1227 717 non
1264 677 1375 715 suae
1414 662 1703 715 voluntatis
1726 660 1950 713 arbitrio

366 757 638 819 prwsuniit
664 754 860 822 aliquid
895 754 1217 818 faciendum,
1249 756 1339 808 sed
1389 754 1647 807 mittentis
1686 768 1744 806 se
1778 750 1951 805 Patris

365 862 413 893 in
440 844 686 896 omnibus
712 852 1023 914 exsequitur
1056 846 1211 918 134
1254 848 1600 913 voluntatem,
1650 855 1706 899 ut
1761 845 1952 900 Sabel-

365 943 466 992 Iius
497 951 553 994 et
581 943 626 995 ei
656 942 860 995 similes
891 944 1273 993 conticescant.
1335 940 1463 995 Item
1501 958 1513 991 :
1548 937 1722 999 Pater,
1758 938 1947 1006 inquit,

363 1032 597 1099 glori/ica
622 1048 699 1085 me
721 1033 810 1083 illa
841 1032 1026 1101 gloria,
1053 1048 1203 1101 quam
1230 1030 1383 1083 habui
1404 1032 1543 1099 apud
1584 1039 1629 1083 te
1681 1039 1953 1099 antequam

366 1124 589 1176 mundus
612 1126 752 1193 ﬁeret
781 1122 958 1189 (Joan.
993 1139 1121 1186 xvn,
1147 1124 1224 1192 5).
1263 1124 1400 1177 Ecce
1431 1133 1554 1177 ante
1612 1122 1794 1175 mundi
1828 1137 1957 1175 con-

366 1217 722 1279 stitutionem,
760 1215 1174 1285 honorisgloria
1208 1218 1485 1285 prteditum
1530 1229 1695 1284 penes
1742 1216 1952 1267 Patrem

366 1324 486 1363 sese
544 1312 706 1365 fuisse
761 1318 1005 1363 testatur.
1058 1310 1250 1363 Audiat
1294 1323 1422 1378 ergo
1472 1308 1738 1363 Sabellius
1792 1309 1953 1361 alium

366 1400 503 1469 apud
530 1402 780 1465 alterum,
806 1401 987 1453 audiat
1014 1400 1275 1453 Photinus
1326 1399 1547 1469 gloriam
1608 1408 1732 1453 ante
1772 1398 1954 1453 mundi

366 1492 671 1561 possedisse
718 1492 1057 1560 principium.
1102 1491 1229 1545 Item
1304 1491 1593 1559 Apostolus
1630 1493 1684 1544 in
1743 1490 1955 1559 propria

367 1601 486 1640 eum
519 1585 815 1638 divinitatis
846 1585 1013 1637 forma
1066 1583 1231 1636 luisse
1287 1583 1599 1649 ostendens,
1647 1583 1954 1652 priusquam

368 1688 573 1729 natura:
598 1676 809 1729 servilis
843 1674 1068 1729 formam
1101 1674 1419 1742 susciperet,
1452 1674 1526 1726 ait
1559 1691 1572 1727 :
1627 1674 1729 1741 Qui
1759 1690 1873 1727 cum
1901 1674 1955 1726 in

1024 341 1035 351 ν
1685 270 1905 334 VJCILII
1947 269 2321 328 TAPSENSlS

362 388 550 458 faciam
578 386 882 440 voluntatem
900 384 1081 453 meam,
1110 387 1204 441 sed
1220 387 1524 441 voluntatem
1549 400 1657 455 ejus
1679 385 1767 455 qui
1806 384 1942 437 misit
1972 389 2017 446 Α
2048 398 2201 450 sero;
2245 383 2364 449 sed,
2396 390 2454 438 ut
2477 381 2608 450 disi,
2641 380 2800 437 unius
2826 396 2942 438 eam
2972 388 3197 448 naturae,
3223 380 3487 451 uniusque
3516 383 3642 437 sub-

3546 265 3647 322 Γ)τὶ

2052 479 2259 531 stantia:
2289 478 2475 532 credo.

2122 570 2272 624 Arius
2302 571 2475 624 dixit:
2509 570 2621 641 Ego
2648 571 2786 625 sicut
2809 580 2915 627 tres
2941 584 3204 640 personas
3253 570 3307 623 in
3362 583 3459 624 sua
3515 585 3644 636 pro-

2057 664 2280 732 j-rietate
2306 673 2586 718 manentes
2610 705 2624 727 ,
2649 664 2719 717 ita
2750 673 2856 719 tres
2876 664 3200 718 substantias
3244 662 3414 715 Patris
3443 670 3495 715 et
3528 661 3642 715 Filii

2053 768 2107 812 et
2136 758 2366 823 Spiritus
2392 757 2559 812 sancti
2576 757 2857 812 conﬁteor.
2890 757 3004 810 Alia
3032 764 3114 810 est
3139 755 3281 809 enim
3313 754 3404 807 Dei
3440 752 3641 819 Patris,

2055 852 2159 904 alia
2189 850 2328 915 Filii,
2356 849 2455 903 alia
2478 850 2708 919 Spiritus
2760 849 2930 904 sancti
2971 848 3290 911 substantia,
3338 863 3435 901 nec
3469 858 3640 914 potest

2054 943 2166 996 ullo
2190 942 2349 996 modo
2379 942 2629 1011 ingenitae
2653 942 2965 995 substantia!
2988 940 3160 993 Patris
3191 949 3281 994 aut
3300 942 3474 1009 genita
3501 940 3646 1004 Filii,

2055 1043 2145 1086 aut
2167 1044 2345 1087 creata
2376 1034 2608 1102 Spiritus
2637 1033 2813 1086 sancti
2832 1031 3065 1087 conferri
3093 1041 3300 1085 natura.
3346 1031 3499 1086 Unde
3548 1047 3648 1088 nec

2059 1133 2320 1191 potestate
2350 1125 2601 1193 aequales,
2634 1139 2731 1178 nec
2754 1123 3119 1192 magn‘tudine
3145 1124 3371 1189 similes,
3406 1138 3504 1178 nec
3546 1139 3645 1178 na—

2059 1225 2175 1270 tura
2208 1225 2486 1270 consortes
2515 1231 2543 1269 a
2578 1216 2733 1270 nobis
2766 1215 2907 1270 ﬁdeli
2932 1216 3268 1269 confessione
3295 1214 3606 1269 creduntur.
3654 1256 3657 1259 .

2137 1307 2298 1363 XV".
2328 1307 2703 1380 Probusjudex
2725 1310 2892 1364 dixit:
2925 1309 2979 1363 Si
3005 1310 3105 1363 hoc
3124 1316 3290 1363 totum
3330 1317 3431 1373 est,
3462 1309 3511 1361 in
3540 1323 3648 1378 quo

2056 1416 2086 1455 a
2124 1401 2275 1455 vobis
2298 1400 2523 1455 invicem
2551 1400 2838 1455 dissentire
2855 1400 3131 1468 videmini,
3151 1401 3201 1454 id
3224 1410 3324 1464 est,
3344 1400 3483 1469 quod
3510 1415 3648 1454 unus

2060 1494 2327 1559 diversas,
2352 1494 2487 1548 alius
2510 1494 2790 1549 Trinitatis
2821 1510 2979 1549 unam
3037 1494 3181 1548 dicat
3231 1508 3349 1548 esse
3398 1493 3652 1548 substan-

2062 1588 2189 1641 tiam
2216 1603 2231 1653 ;
2254 1587 2303 1640 id
2337 1603 2479 1642 nunc
2507 1587 2882 1656 disputationis
2912 1586 3045 1640 ratio
3071 1588 3260 1655 poscit,
3309 1595 3364 1640 ut
3394 1587 3652 1641 assertio-

2062 1694 2157 1733 nes
2187 1688 2393 1734 vestras
2425 1694 2530 1733 non
2558 1678 2853 1733 subtilitate
2882 1688 3321 1749 argumentorum
3375 1678 3442 1734 de
3496 1679 3654 1733 indu-

365 1769 533 1838 {arma
564 1766 658 1821 Dei
679 1778 827 1835 esset,
879 1785 979 1821 non
1027 1768 1264 1839 rapinam
1311 1767 1582 1819 arbitratus
1626 1779 1698 1820 est
1751 1783 1858 1819 esse
1903 1781 1955 1819 se
1986 1765 2029 1824 Β
2061 1770 2188 1826 stiia
2215 1771 2511 1827 dialectica
2538 1773 2669 1826 artis
2703 1771 3055 1837 venientium,
3076 1771 3169 1826 sed
3201 1772 3349 1840 puris
3369 1780 3425 1827 et
3445 1771 3651 1840 simpli-

364 1864 608 1931 aqualem
638 1858 750 1912 Deo
772 1876 789 1921 ;
819 1860 908 1912 sed
930 1860 1249 1927 semetipsum
1281 1859 1576 1923 exinauivit,
1600 1858 1821 1927 formam
1847 1873 1960 1910 ser-

365 1953 410 2004 ui
438 1953 693 2011 accipiens
722 1950 946 2023 (Philip.
981 1966 1037 2015 ll,
1065 1952 1143 2018 6).
1171 1952 1283 2003 lam
1318 1950 1475 2019 igitur
1505 1950 1645 2005 Deus
1685 1960 1820 2015 erat,
1870 1952 1959 2019 qui

342 2053 426 2097 ‘ut
459 2047 617 2098 homo
641 2053 806 2108 esset,
855 2042 944 2096 Dei
974 2058 1033 2095 se
1085 2041 1310 2096 formam
1359 2043 1661 2097 exinanisse
1716 2043 1958 2098 docetur.

367 2134 495 2190 item
519 2134 785 2189 Jcremias
819 2134 984 2188 Deum
1017 2133 1181 2189 fuisse
1209 2135 1514 2203 priusquam
1568 2134 1801 2190 hominis
1852 2136 1963 2190 for-

369 2243 511 2281 mam
542 2209 854 2297 dignaretur
881 2242 1179 2293 assumere,
1202 2228 1703 2297 evidentius‘aperit
1732 2228 1916 2284 dicens
1944 2244 1958 2282 :

370 2316 478 2371 llic
507 2330 581 2372 est
616 2319 754 2372 Deus
782 2329 973 2379 noster.
1006 2329 1051 2373 et
1084 2337 1184 2372 non
1213 2322 1538 2389 deputabitur
1564 2322 1691 2375 alter
1718 2325 1785 2374 ad
1802 2338 1917 2375 eum
1943 2337 1961 2374 :

368 2412 452 2476 qui
471 2410 656 2463 invenit
688 2410 883 2463 onniem
912 2411 1044 2463 viam
1096 2410 1323 2464 scientiae
1365 2421 1411 2464 et
1461 2412 1600 2465 dedit
1643 2428 1753 2465 eam
1798 2410 1962 2467 Iacob

368 2516 525 2568 puero
557 2516 667 2561 suo.
700 2498 749 2554 et
767 2499 933 2554 Israel
949 2506 1103 2555 electo
1134 2518 1248 2556 suo.
1274 2501 1403 2556 Post
1430 2503 1536 2557 Itazc
1572 2504 1624 2556 in
1650 2505 1798 2557 terris
1827 2504 1964 2557 risus

367 2607 461 2659 est,
494 2603 541 2647 et
572 2596 703 2647 inter
732 2595 958 2649 homines
987 2604 1308 2649 conversatus
1362 2606 1434 2650 est
1466 2595 1719 2668 (Baruch,
1750 2613 1827 2665 Ill,
1874 2598 1963 2668 '56)

370 2687 495 2743 llzec
525 2699 628 2741 tam
658 2690 809 2743 lirma
841 2731 856 2755 ,
890 2700 1103 2760 tamque
1131 2691 1501 2745 robustissima
1544 2691 1611 2746 de
1640 2692 1834 2746 divinis
1864 2708 1962 2746 au-

368 2782 713 2835 ct0ritatibus
757 2782 934 2836 elicita
992 2782 1365 2850 probamenta,
1415 2782 1653 2852 qualibet
1704 2782 1963 2838 Photinus

370 2871 437 2940 (si
468 2872 626 2941 valet)
659 2872 1122 2942 argumentatione
1143 2872 1422 2928 diSSolvat.

440 2964 577 3019 XVI.
615 2964 674 3017 Pl
691 2970 813 3020 obus
828 2967 994 3037 judex
1016 2966 1147 3019 dixit
1176 2984 1195 3021 ε
1220 2967 1275 3022 Si
1300 2966 1475 3022 adhuc
1516 2976 1623 3021 tam
1658 2967 1961 3025 manifestis

369 3064 584 3125 tamque
611 3057 864 3124 perfectis
892 3058 1232 3111 documentis
1253 3057 1514 3111 Photinus
1548 3058 1735 3112 obvius
1762 3060 1839 3113 ire
1868 3060 1963 3113 de-

2066 1868 2218 1923 cibus
2246 1867 2446 1923 divinat
2494 1868 2785 1938 Scriptura:
2832 1867 3169 1923 documentis
3223 1866 3493 1922 robustius
3549 1866 3655 1921 [Ill-2

2064 1962 2238 2016 ciatis.

2135 2056 2288 2109 Arius
2312 2053 2678 2109 dixit:Credo
2732 2055 2872 2125 quod
2923 2054 3304 2109 memoralibus
3354 2051 3653 2122 prudentia:

2067 2158 2173 2203 tua:
2218 2148 2467 2202 sensibus
2512 2148 2789 2202 Athanasii
2845 2149 3275 2217 prosecutionem
3319 2160 3654 2215 nequaquam

2064 2241 2333 2296 subtraxit
2362 2241 2586 2307 oblivio,
2628 2256 2731 2309 qua
2761 2241 2814 2296 id
2838 2241 3135 2310 elegantius
3158 2240 3449 2309 peroravit,
3500 2239 3653 2293 illum

2065 2333 2262 2388 debere
2288 2334 2571 2404 pravitatis
2590 2349 2775 2390 errore
2805 2335 3003 2401 notari,
3034 2336 3122 2403 qui
3155 2346 3291 2387 nova
3321 2343 3377 2388 et
3403 2332 3653 2386 inusitata

2068 2426 2358 2480 verborum
2393 2437 2694 2482 Commenta
2727 2437 2992 2492 sectatur,
3034 2426 3293 2493 adjiciens
3344 2424 3659 2493 apostolicis

2066 2520 2406 2590 dogmatibus
2453 2521 2595 2591 quod
2627 2521 2694 2574 ab
2720 2521 2922 2575 eisdem
2971 2527 3183 2575 constat
3244 2519 3493 2573 traditum
3546 2531 3661 2570 non

2065 2615 2253 2669 fuisse.
2542 2678 2548 2691 .

2139 2706 2339 2761 Probus
2357 2708 2523 2780 judex
2552 2708 2679 2762 dixit
2708 2722 2726 2761 :
2754 2708 2825 2762 ita
2858 2705 3098 2761 memini.

2135 2799 2288 2854 Arius
2315 2801 2442 2854 dixit
2470 2818 2487 2855 :
2520 2799 2661 2869 Ergo
2689 2799 2889 2855 Nicazui
2916 2798 3128 2854 decreta
3163 2796 3377 2851 concilii
3425 2796 3656 2850 lectione

2063 2891 2386 2958 pandantur,
2422 2901 2475 2944 et
2499 2906 2762 2959 agnosces
2786 2890 3134 2944 Athanasium
3171 2889 3255 2943 vel
3279 2887 3437 2957 hujus
3464 2898 3654 2941 aucto-

2063 2997 2150 3037 res
2180 2982 2524 3052 apostolicam
2562 2982 2719 3035 fidem
2747 2996 3004 3036 novorum
3035 2981 3337 3050 adjectione
3370 2979 3656 3033 verborum

2064 3082 2288 3128 eatenus
2315 3074 2640 3151 corrupisse,
2668 3083 2722 3127 ut
2770 3083 2823 3127 et
2872 3088 2966 3127 eos
3017 3074 3107 3143 qui
3146 3072 3381 3141 antiquis
3436 3071 3651 3124 Patrum

366 3150 591 3216 siderat,
634 3160 836 3203 eertum
866 3159 948 3205 est
974 3165 1095 3206 eum
1132 3149 1390 3205 morbida:
1418 3151 1778 3205 contentionis
1827 3152 1959 3206 vitio

2071 3164 2331 3220 inlitesere
2356 3165 2641 3231 doctrinis,
2673 3165 2965 3220 ambitione
2994 3166 3137 3234 regia
3188 3164 3290 3227 usi,
3349 3163 3655 3217 censuerint

367 3243 471 3311 agi,
506 3243 593 3311 qui
638 3250 797 3295 tanta:
820 3259 924 3296 non
947 3242 1228 3311 subjicitur
1257 3242 1490 3295 veritati.
1536 3241 1645 3297 Sed
1688 3258 1754 3297 ne
1780 3242 1958 3297 studio

365 3335 627 3389 dilatandi
659 3336 970 3389 certaminis
1002 3337 1271 3389 nebulosze
1330 3336 1572 3390 falsitatis
1632 3336 1959 3405 quaestiones

367 3426 608 3483 intendat
629 3436 682 3480 et
712 3428 762 3481 in
795 3426 1083 3496 superfluis
1133 3426 1295 3481 rebus
1353 3426 1717 3481 necessarium
1750 3437 1961 3496 tempus

366 3519 632 3582 absumat,
658 3518 838 3572 utilem
868 3521 980 3572 suis
1012 3519 1473 3587 prosecutionibus
1499 3521 1656 3573 ﬁnem
1701 3520 1958 3590 imponat.

370 3613 527 3665 Arius
554 3626 681 3664 vero
710 3620 870 3679 atque
916 3611 1269 3676 Athanasius,
1319 3612 1407 3681 qui
1451 3611 1648 3666 Filium
1694 3612 1787 3666 Dei
1836 3622 1961 3668 ante

368 3701 553 3756 mundi
584 3711 733 3755 ortus
762 3702 1023 3771 principia
1055 3702 1121 3756 de
1153 3703 1309 3758 Patre
1339 3702 1581 3773 genitum
1636 3705 1963 3763 confitentur

374 3793 535 3862 (quod
562 3792 805 3847 videlicet
834 3792 1099 3847 Sabi-llius
1158 3795 1356 3861 pariter
1386 3792 1752 3864 Photinusque
1804 3810 1961 3864 nega-

371 3884 541 3953 bant),
575 3885 844 3954 quomodo
876 3885 926 3937 in
958 3900 1060 3939 una
1098 3886 1393 3955 eademque
1418 3888 1683 3942 sententia
1712 3887 1966 3943 Iideidis-

372 3979 561 4033 sidiunt
605 3980 822 4047 faciant,
855 3993 1147 4051 secumque
1196 3995 1303 4037 non
1351 3982 1694 4048 conveniant,
1749 3982 1961 4039 edicere

371 4085 475 4126 non
506 4083 802 4127 morentur.

438 4166 749 4221 Athanasius
770 4168 903 4221 dixit
935 4183 954 4222 :
985 4166 1292 4222 Subsistere
1342 4176 1467 4221 ante
1517 4167 1714 4222 sacula
1765 4168 1959 4222 Filium

371 4257 635 4311 veraciter
667 4259 824 4311 Arius
850 4260 1152 4325 prolitetur.
1185 4258 1338 4325 Quod
1368 4268 1548 4313 autem
1577 4259 1643 4313 de
1673 4258 1829 4313 Patre
1869 4275 1964 4312 ua-

371 4357 453 4401 tns
481 4350 570 4416 sit,
606 4363 741 4402 sono
767 4350 1138 4404 tantummodo
1167 4351 1309 4405 vocis
1333 4358 1388 4405 et
1408 4352 1659 4405 simulata
1675 4352 1960 4406 verborum

369 4441 733 4507 confessione,
762 4456 867 4495 non
891 4443 1136 4496 veritatis
1160 4444 1492 4512 proprietate
1528 4443 1804 4507 concedit;
1836 4443 1961 4497 dum

2064 3258 2325 3313 feralibus
2357 3259 2673 3329 relegandos
2702 3259 2911 3314 edictis.

2140 3352 2340 3407 Probus
2357 3354 2526 3425 judex
2550 3353 2679 3407 dixit
2710 3353 2807 3409 :Si
2840 3354 3125 3423 praesentis
3153 3352 3347 3422 negotii
3382 3350 3517 3405 ratio
3559 3364 3654 3418 po-

2064 3444 2229 3499 stulat
2258 3454 2317 3499 ut
2342 3446 2617 3500 decretum
2646 3446 2846 3500 Nicteni
2864 3447 3119 3500 recitetur
3141 3445 3375 3508 concilii,
3398 3443 3499 3496 boc
3520 3456 3656 3511 quo-

2064 3552 2168 3606 que
2196 3538 2518 3593 Athanasius
2549 3554 2646 3593 sua
2676 3540 3051 3607 prosecutione
3085 3539 3241 3609 136
3282 3538 3560 3606 designet;
3594 3546 3654 3590 ut

2064 3642 2129 3681 ex
2153 3629 2433 3699 utriusque
2462 3631 2751 3685 voluntatis
2781 3644 3002 3684 assensu
3030 3631 3099 3700 (si
3128 3628 3486 3699 quidilludest
3511 3628 3650 3698 quod

2064 3719 2307 3792 oll'ertur)
2336 3725 2673 3778 extrinsecus
2705 3724 2981 3777 recitetur.

2136 3812 2452 3879 Athanasius
2480 3814 2613 3867 dixit
2638 3829 2657 3868 :
2687 3812 2873 3867 Causae
2903 3813 3149 3882 congruit
3181 3821 3236 3867 ut
3264 3825 3441 3866 rerum
3481 3818 3661 3881 gesta-

2065 3921 2183 3961 rum
2220 3906 2461 3961 lectionis
2491 3907 2645 3976 copia
2674 3921 2779 3960 non
2810 3916 3056 3976 negetur.

2135 3998 2317 4053 XVIII.
2354 3998 2731 4070 Probusjudex
2760 3998 2888 4050 dixit
2942 4013 2961 4050 :
3014 3997 3173 4066 Ergo,
3229 4005 3285 4048 ut
3314 3994 3650 4061 desideratis,

2067 4090 2268 4161 pra-fati
2300 4088 2504 4145 decreti
2529 4091 2653 4144 ﬁdei
2672 4089 2904 4145 Nicaeum
2931 4089 3092 4144 lectio
3112 4087 3420 4143 ventiletur.

2138 4183 2203 4237 Et
2228 4184 2424 4257 lectum
2454 4191 2538 4238 est
2572 4182 2642 4236 ita
2677 4197 2691 4235 :

2479 4330 2766 4369 EXIIPLAB
2797 4330 2935 4369 FIDEI
2963 4329 3204 4369 NlCEN/E.

2139 4438 2424 4495 Credimus
2460 4439 2511 4493 in
2536 4455 2699 4494 unum
2754 4440 2921 4494 Deum
2974 4439 3206 4501 Patrem,
3233 4436 3655 4503 omnipotentem

370 4548 493 4587 eum
526 4548 553 4585 a
581 4545 819 4602 paterna:
869 4542 1074 4590 natura:
1120 4536 1420 4591 substantia
1476 4537 1685 4607 longius
1726 4544 1962 4606 separat,
1990 4501 2044 4563 Β
2068 4532 2310 4588 omnium
2344 4530 2635 4584 visibilium
2668 4540 2723 4584 et
2753 4520 3100 4584 invisibilium
3159 4530 3437 4582 factorem.
3487 4525 3554 4578 Et
3602 4529 3657 4579 in

370 4634 426 4694 et
451 4625 761 4681 conditione
791 4635 1129 4693 naturaenon
1152 4626 1570 4697 dispensationis
1609 4628 1815 4683 ratione
1864 4626 1966 4681 Pa-

372 4716 438 4770 tri
470 4717 769 4786 subjectum
794 4716 1047 4774 afﬁrmat.

442 4805 647 4862 Probus
664 4809 826 4878 iudex
846 4810 975 4864 dixit
1003 4827 1023 4866 :
1055 4809 1426 4866 Clarissimum
1448 4811 1570 4866 ﬁdei
1595 4810 1750 4882 135
1766 4820 1964 4865 vestrae

374 4897 628 4953 indicium
661 4900 819 4964 date,
864 4910 920 4957 et
963 4903 1410 4971 quemadmodum
1464 4903 1696 4958 credatis
1755 4902 1962 4956 recenti

375 4994 752 5061 prosecutione
775 4995 984 5065 signate
1003 5036 1018 5061 ,
1043 5010 1151 5065 quo
1178 4996 1347 5065 possit
1369 4996 1435 5050 ad
1458 5009 1699 5049 normam
1721 4993 1964 5063 proposi-

375 5095 444 5139 ta:
478 5086 832 5143 confessionis
880 5087 1257 5158 disputationis
1308 5103 1521 5158 quoque
1565 5086 1790 5142 materia
1833 5100 1963 5141 coa-

376 5180 539 5249 ptari.

446 5274 753 5329 Athanasius
782 5273 953 5330 dixit:
985 5274 1062 5330 Ne
1089 5266 1302 5331 vestros
1328 5286 1545 5343 gravem
1577 5271 1821 5327 oratione
1847 5272 1970 5326 lon-

376 5368 591 5435 gissima
623 5384 835 5435 sensus,
860 5367 1018 5423 ﬁdem
1043 5382 1217 5423 meam
1240 5366 1392 5422 brevi
1408 5378 1659 5420 sermone
1679 5363 1968 5418 concludo.

378 5459 591 5514 Patrem
619 5469 673 5515 et
689 5460 877 5516 Filium
907 5470 963 5516 et
984 5460 1246 5530 Spiritum
1275 5464 1539 5522 sanctum,
1570 5455 1792 5523 deitate,
1817 5465 1972 5524 pote-

376 5559 534 5614 state,
583 5553 969 5621 magnitudine,
1031 5560 1243 5620 natura,
1298 5562 1462 5603 unum
1499 5561 1619 5602 esse
1663 5546 1966 5604 conﬁteor:

376 5655 477 5695 nec
509 5640 708 5709 aliquid
739 5645 790 5696 in
824 5644 921 5699 hac
964 5644 1228 5699 Trinitate
1279 5656 1497 5710 novum,
1558 5648 1963 5705 extraneumve,

375 5748 439 5789 ac
481 5735 523 5789 si
553 5743 707 5789 antea
731 5750 834 5791 non
867 5733 1051 5807 fuerit,
1086 5745 1271 5808 postea
1300 5751 1429 5793 vero
1459 5734 1727 5805 adjectum
1760 5732 1851 5800 sit,
1883 5746 1967 5786 as-

2070 4637 2233 4676 unum
2262 4622 2548 4676 Dominum
2570 4630 2813 4675 nostrum
2860 4620 3043 4675 Jesum
3102 4616 3399 4681 Christum,
3460 4615 3659 4670 Filium

2069 4713 2186 4781 Dei,
2201 4723 2383 4769 natum
2412 4727 2483 4768 ex
2498 4713 2655 4766 Patre
2676 4710 3033 4779 unigenitum,
3051 4710 3151 4763 hoc
3171 4708 3340 4761 estde
3360 4705 3659 4765 substantia

2067 4806 2281 4863 Patris:
2324 4805 2491 4860 Deum
2515 4818 2582 4858 ex
2613 4802 2748 4868 Deo,
2777 4803 2954 4855 lumen
2982 4816 3048 4854 ex
3084 4799 3307 4865 lumine,
3340 4799 3506 4851 Deum
3561 4812 3660 4851 ve-

2066 4914 2186 4954 rum
2215 4898 2283 4954 de
2312 4898 2424 4952 Deo
2444 4910 2574 4951 vero
2602 4911 2617 4950 :
2645 4904 2825 4949 natum
2880 4909 2987 4949 non
3043 4893 3239 4947 factum
3273 4908 3285 4944 :
3336 4890 3496 4945 unius
3538 4891 3661 4963 sub-

2067 4990 2282 5046 stantiae
2309 5004 2431 5043 cum
2460 4987 2621 5043 Patre
2645 5029 2659 5055 ,
2693 4987 2834 5056 quod
2862 4983 3035 5040 (ἓνωοὶ
3063 4984 3248 5039 dicunt
3304 4983 3618 5037 bomousion
3643 4995 3659 5044 ;

2070 5098 2166 5154 per
2192 5098 2351 5154 quem
2389 5083 2528 5137 facta
2556 5089 2684 5136 sunt
2710 5079 2891 5135 omnia
2913 5095 3035 5150 qua:
3082 5079 3134 5133 in
3161 5078 3300 5133 ctelo
3342 5086 3397 5131 et
3444 5093 3563 5148 qum
3610 5078 3663 5130 in

2073 5186 2213 5231 terra
2242 5193 2256 5229 :
2280 5175 2369 5244 qui
2398 5182 2620 5245 propter
2650 5180 2887 5227 nostram
2910 5171 3137 5227 salutem
3169 5170 3466 5232 descendit.
3488 5171 3661 5223 incar-

2072 5277 2232 5322 natus
2272 5275 2374 5333 est,
2408 5265 2573 5321 homo
2595 5264 2766 5320 factus
2794 5271 2896 5331 est,
2930 5277 3119 5333 passus
3144 5270 3249 5328 est,
3279 5272 3332 5316 et
3370 5261 3661 5315 resurrexit

2077 5360 2235 5415 tertia
2260 5358 2371 5426 die,
2399 5358 2645 5414 ascendit
2673 5358 2726 5412 in
2756 5355 2946 5420 eteius,
2970 5364 3229 5411 venturus
3252 5352 3487 5422 judicare
3514 5352 3663 5406 vivos

2077 5463 2133 5511 et
2161 5464 2420 5509 mortuos.
2445 5452 2511 5508 Et
2536 5454 2591 5508 in
2619 5450 2877 5522 Spiritum
2906 5457 3175 5505 sanctum.
3201 5447 3309 5502 Eos
3341 5454 3518 5502 autem
3573 5444 3663 5514 qui

2077 5548 2261 5603 dicunt
2285 5565 2298 5600 :
2324 5547 2451 5602 Erat
2477 5546 2691 5617 quando
2711 5558 2819 5599 non
2849 5551 2983 5610 erat,
3012 5551 3069 5598 et
3097 5550 3382 5610 antequam
3415 5550 3665 5592 nascere-

2079 5650 2163 5695 tur
2186 5655 2289 5695 non
2312 5648 2450 5705 erat,
2475 5648 2530 5693 et
2552 5636 2694 5708 quod
2717 5636 2785 5692 de
2811 5651 2916 5691 non
2940 5632 3297 5696 exstantibus,
3335 5630 3420 5685 vel
3466 5644 3531 5684 ex
3562 5626 3665 5684 alia

2075 5731 2397 5798 substantia,
2426 5738 2517 5785 aut
2546 5728 2809 5794 essentia;
2840 5727 3077 5783 dicentes
3100 5721 3411 5781 mutabilem
3453 5728 3509 5775 et
3537 5733 3663 5775 con-
