3958 6176
274 323 386 377 193

1080 315 1351 371 CONTRA
1391 313 1708 377 ARIANOS,
1738 310 2236 380 ‘SABELUANOS,
2279 312 2457 379 ETC.,
2498 312 2627 368 LIB.
2664 314 2711 369 i.

3458 322 3556 378 {98

276 431 585 489 vertibilem
612 430 806 495 Deum,
828 430 927 485 hos
948 430 1360 485 anathematizat
1384 428 1643 484 catholica
1667 438 1719 483 et
1747 442 1875 500 apo-
1902 440 1949 491 Α
1981 428 2161 483 bulum
2184 428 2487 495 sortiretur,
2524 430 2680 501 138
2707 430 2822 485 sine
2846 431 3080 486 nominis
3104 433 3431 502 proprietate
3447 417 3559 492 .ma-

281 527 469 579 stolica
499 523 762 578 Eccles'a.

357 617 503 673 XIX.
532 617 686 669 Arius
713 616 847 669 dixit
874 632 893 669 :
919 616 1192 685 Pervides,
1226 617 1463 671 virorum
1490 618 1691 686 optime
1744 615 1877 670 Pro-

285 711 375 778 be,
406 710 558 763 istius
599 708 817 762 decreta
850 708 1064 763 concilii
1109 709 1161 762 itt
1210 708 1636 777 suggillationem
1659 714 1876 776 aposto-

287 801 407 855 licae
461 800 584 854 ﬁdei
656 814 790 853 ausu
850 798 1151 853 temeraria;
1215 801 1658 867 prtDSUIIipliOIIiS
1714 797 1882 853 fuisse

288 896 619 963 conscripta.
658 892 797 959 Quid
826 892 969 947 enim
996 907 1130 962 Opus
1153 902 1269 947 erat
1293 907 1487 946 novum
1517 891 1619 945 hoc
1658 892 1883 944 homou.

289 989 406 1043 sion
438 986 759 1039 vocabulum
792 986 1020 1052 antiquis
1070 984 1379 1053 dogmatum
1428 986 1627 1053 regulis
1678 983 1882 1037 inseri?

291 1078 538 1146 Nunquid
562 1080 709 1130 enim
741 1076 1013 1146 apostolos
1043 1078 1124 1131 vel
1162 1092 1348 1131 eorum
1400 1075 1693 1146 discipulos
1724 1082 1885 1143 alque

292 1183 481 1226 omnes
517 1182 615 1235 per
643 1167 889 1222 ordinem
931 1182 1293 1231 successores,
1318 1167 1409 1236 qui
1439 1167 1505 1221 ad
1558 1166 1689 1221 illud
1719 1180 1887 1236 usque

293 1274 507 1333 tempus
541 1262 595 1314 in
621 1262 821 1318 Christi
858 1261 1199 1317 confessione
1247 1260 1520 1326 viventes,
1570 1260 1887 1314 homousion

296 1360 619 1415 vocabulum
647 1355 979 1426 ignorabant,
1010 1354 1298 1422 impietatis
1324 1352 1657 1422 sacrilegium
1683 1354 1733 1406 in
1763 1351 1890 1406 ﬁdei

291 1453 516 1505 veritate
546 1459 766 1505 secutos
804 1447 966 1500 fuisse
987 1445 1249 1510 dicemus,
1275 1460 1370 1513 pro
1396 1460 1467 1499 eo
1516 1443 1723 1497 scilicet
1747 1442 1889 1512 quod

292 1545 705 1614 bujnsnoniinis
732 1543 949 1599 notione
985 1541 1197 1610 privati,
1259 1540 1373 1594 sine
1420 1540 1585 1609 ipsius
1634 1538 1891 1608 praedicao

291 1639 452 1691 tionis
478 1635 788 1689 assertione
819 1642 1168 1702 perrexerunt
1198 1630 1265 1684 ad
1318 1631 1468 1701 137
1499 1630 1810 1684 Christum?
1832 1628 1890 1682 Si

289 1730 431 1781 enim
460 1744 493 1780 a
518 1728 677 1781 nobis
711 1728 791 1796 (ut
814 1726 899 1779 isti
932 1723 1149 1793 penitus
1199 1718 1566 1790 mentiuntur)
1623 1736 1759 1775 nova
1809 1720 1889 1774 in-

291 1820 684 1875 troducebatur
706 1826 891 1871 contra
921 1816 1288 1886 apostolorum
1316 1824 1513 1868 statuta
1540 1814 1806 1877 doctrina,
1837 1813 1891 1867 id

290 1915 470 1983 utique
502 1914 836 1966 conveniens
852 1920 987 1979 erat,
1005 1924 1156 1963 novin
1179 1908 1372 1962 anobis
1391 1911 1609 1977 ingeStae
1632 1907 1889 1962 doctrinae

290 2006 525 2075 antiquis
543 2006 916 2075 apostolorum
942 1999 1165 2054 obviare
1203 1998 1485 2063 doctrinis,
1511 2007 1569 2052 et
1597 1999 1890 2052 novitatem

291 2105 555 2151 vetustate
585 2094 948 2164 proscribere,
979 2108 1084 2147 non
1117 2099 1431 2146 vetustatem
1491 2091 1723 2145 novitate
1774 2106 1892 2159 per-

289 2198 519 2244 vertere.
548 2188 752 2257 thuid
780 2187 911 2241 mihi
942 2185 1043 2240 hoc
1071 2200 1263 2239 nomen
1281 2183 1611 2253 sequendum
1634 2184 1890 2252 imponit?

294 2278 486 2348 thuid
514 2294 605 2332 me
634 2278 702 2332 ad
730 2276 1037 2343 hujusmodi
1068 2275 1362 2328 novitatem
1390 2274 1679 2329 violentius
1702 2274 1891 2328 traliLt?

295 2369 485 2437 thuid
548 2368 668 2422 hoc
710 2366 1019 2436 apostolicae
1072 2364 1195 2419 ﬁdei
1235 2364 1584 2433 superadjicit
1646 2364 1889 2431 verbum,

294 2466 440 2530 cujus
473 2476 541 2514 ne
568 2461 849 2530 propheta:
879 2458 1118 2526 quidem,
1166 2472 1265 2510 nec
1316 2455 1544 2525 apostoli
1575 2458 1779 2523 uSpTatn
1813 2457 1893 2509 far

294 2553 436 2606 ciunt
468 2551 848 2607 mentionem?
888 2549 1040 2617 Quod
1098 2548 1263 2611 istud,
1297 2562 1502 2616 quaso,
1542 2561 1737 2601 nomen
1786 2557 1889 2613 est,

295 2644 408 2697 sine
431 2658 540 2711 quo
568 2643 705 2696 ﬁdes
737 2644 944 2712 integra
972 2656 1091 2696 esse
1116 2655 1221 2694 non
1245 2639 1451 2709 possit?
1477 2638 1591 2693 sine
1620 2655 1726 2707 quo
1742 2640 1895 2693 Chri-

296 2735 452 2788 stiani
480 2734 809 2789 Chrisﬁantn
835 2733 1110 2804 religionis
1130 2733 1443 2787 abdicantur
1461 2732 1699 2787 honore?
1722 2732 1892 2787 Unum

297 2829 437 2882 enim
468 2828 538 2882 de
572 2827 786 2881 duobus
816 2827 868 2881 in
899 2826 999 2879 hac
1024 2840 1179 2879 causa
1213 2825 1363 2892 sequi
1411 2838 1630 2879 necesse
1673 2832 1756 2878 est
1802 2840 1816 2875 :
1849 2823 1893 2878 si

296 2938 415 2976 vera
449 2931 539 2976 est
586 2921 851 2975 homousii
902 2919 1162 2981 aSsertio,
1221 2917 1348 2971 falsa
1397 2926 1480 2972 est
1530 2917 1892 2986 apostolorum

295 3011 633 3078 prmdicatio,
679 3027 797 3080 qua:
835 3010 952 3065 sine
1009 3009 1111 3063 hoc.
1160 3010 1376 3064 nomine
1442 3008 1602 3078 longo
1656 3019 1895 3078 tempore

298 3102 503 3157 ﬂoruit.
531 3103 591 3158 Si
621 3118 749 3158 vero
777 3113 946 3171 aposti
973 3102 1068 3157 lica
1098 3101 1227 3156 ﬁdes
1258 3100 1413 3170 hujus
1439 3102 1668 3156 nominis
1698 3116 1891 3171 expers
1916 3136 1963 3200 ο

298 3211 421 3250 vera
445 3206 551 3260 est,
584 3196 739 3250 sicuti
764 3205 819 3250 et
842 3204 945 3261 est,
972 3194 1089 3250 haec
1116 3195 1232 3249 sine
1259 3193 1424 3249 dubio
1449 3193 1580 3249 falsa
1612 3194 1733 3259 erit,
1770 3210 1891 3264 qua:

299 3288 529 3356 antiqua:
594 3287 719 3341 ﬁdei
759 3288 993 3341 nominis
1050 3287 1338 3342 noi'itatem
1388 3286 1603 3355 adjecit.
1657 3288 1892 3345 Revolve

301 3389 493 3432 cuncta
520 3378 657 3432 Novi
699 3389 752 3432 et
776 3372 985 3433 Veteris
1034 3377 1361 3432 Testamenti
1395 3378 1686 3445 volumina,
1717 3387 1893 3434 utrum

304 3469 497 3523 alicubi
559 3469 882 3525 homousion
922 3469 1091 3525 sacris
1140 3470 1368 3525 inditum
1434 3471 1638 3540 paginis
1694 3474 1896 3542 poteris

306 3562 566 3616 invenire.

376 3654 490 3708 XX.
526 3653 733 3707 Probus
751 3654 920 3722 judea:
950 3654 1078 3708 dixit
1100 3668 1120 3708 :
1144 3653 1277 3721 Quid
1311 3654 1392 3709 his
1419 3654 1681 3710 refertur?

371 3746 690 3800 Athanasius
712 3747 841 3800 dixit
868 3762 886 3800 :
915 3745 1159 3800 Nominis
1191 3755 1396 3800 tantum
1425 3747 1712 3802 offenderis
1744 3748 1897 3802 novi-

310 3847 433 3905 tate,
481 3857 559 3893 an
577 3842 742 3895 etiam
770 3841 941 3909 ipsius
960 3841 1038 3896 rei
1060 3846 1311 3895 virtutem
1337 3856 1455 3910 quae
1482 3840 1583 3896 hoc
1603 3852 1686 3896 est
1707 3846 1896 3897 sortita

311 3930 617 3985 vocabulum
647 3930 893 4000 refugis?

379 4024 531 4075 Arius
559 4023 692 4075 dixit
714 4039 734 4076 :
765 4022 898 4089 Quid
930 4023 1098 4089 dicas,
1124 4037 1229 4077 non
1261 4024 1392 4078 satis
1418 4024 1679 4093 intelligo.

382 4117 690 4169 Athanasius
716 4116 849 4169 dixit
879 4132 896 4168 :
928 4116 1190 4182 Quoniam
1219 4130 1305 4169 res
1332 4117 1546 4185 antiqua
1575 4132 1767 4170 novum
1801 4132 1897 4171 no-

315 4223 431 4261 men
480 4210 711 4276 accepit,
760 4223 864 4262 non
916 4208 1176 4263 vocabulo
1217 4223 1358 4263 novo
1403 4224 1559 4262 novae
1602 4209 1677 4264 rei
1728 4210 1901 4264 virtus

317 4302 558 4366 accessit,
593 4300 695 4354 hoc
726 4303 910 4369 utique
939 4302 1176 4369 requiro,
1209 4311 1385 4354 utrum
1420 4315 1503 4353 res
1530 4317 1649 4369 qua:
1678 4305 1897 4372 antiqua

318 4401 413 4453 est,
436 4392 593 4445 simul
621 4408 649 4444 a
675 4402 726 4445 te
748 4407 868 4445 cum
897 4392 1129 4445 nominis
1152 4391 1388 4444 novitate
1413 4392 1695 4445 damnetur
1721 4393 1744 4445 ?

1980 522 2135 577 nebat
2149 525 2170 575 ’ἰ
2186 522 2295 576 iloc
2312 521 2511 577 nullam
2528 524 2659 577 milii
2678 523 2897 578 rationis
2909 528 3344 595 consequentiam
3364 528 3560 587 habere

1981 615 2211 669 videtur.

2053 706 2367 760 Athanasius
2396 707 2526 760 dixit
2554 724 2572 761 :
2606 707 2997 763 Ecclesiasticm
3028 724 3243 779 semper
3280 716 3442 770 moris
3481 683 3567 772 es;

1981 799 2302 867 disciplinae,
2328 802 2371 854 si
2397 800 2610 870 quando
2638 800 3015 857 haereticorum
3038 820 3171 858 nova
3197 806 3442 862 doetrina
3471 826 3566 864 ex-

1985 906 2063 944 sui
2078 898 2190 960 gat,
2215 901 2399 945 contra
2424 892 2718 947 insolentes
2735 895 3089 962 quaestionum
3118 901 3381 956 novitates
3403 903 3564 958 rebus

1986 982 2388 1038 immutabiliter
2421 985 2853 1050 permanentibus
2885 988 3157 1042 nominum
3184 991 3437 1046 vocabula
3467 996 3567 1047 im-

1988 1083 2231 1139 mutare,
2267 1086 2321 1129 et
2350 1075 2738 1145 signiﬁcantius
2768 1093 2945 1132 rerum
2975 1088 3194 1135 naturas
3228 1087 3565 1152 exprimere;

1986 1183 2105 1237 quae
2152 1176 2331 1222 tamen
2386 1170 2728 1224 existentium
2779 1185 3057 1226 causarum
3108 1175 3392 1230 virtutibus
3435 1193 3567 1233 con-

1987 1273 2200 1332 gruant,
2242 1272 2297 1318 et
2324 1278 2441 1333 quae
2471 1264 2641 1333 magis
2677 1264 2894 1319 easdem
2932 1267 3225 1335 antiquitus
3268 1268 3429 1325 fuisse
3473 1272 3571 1326 de-

1990 1365 2309 1420 monstrent,
2331 1370 2435 1410 non
2463 1365 2611 1410 ortus
2634 1357 2926 1412 novitatem
2947 1358 3236 1414 insinuent.
3265 1362 3328 1415 Et
3352 1371 3407 1415 ut
3429 1361 3573 1431 quod

1990 1446 2110 1500 dico
2154 1447 2361 1514 planius
2420 1446 2546 1512 ﬁat,
2581 1456 2703 1501 utor
2730 1450 2994 1517 exemplo.
3028 1451 3080 1503 In
3112 1452 3144 1518 i,
3167 1467 3226 1505 so
3256 1451 3575 1509 Christiana:

1991 1539 2265 1606 religionis
2290 1524 2699 1606 \prasdieationis
2727 1542 2878 1595 initio
2900 1583 2913 1605 ,
2947 1557 3135 1597 omnes
3161 1546 3249 1613 qui
3279 1547 3572 1600 credebant

1992 1627 2220 1684 Domino
2263 1638 2449 1683 nostro
2478 1629 2601 1684 Jesu
2632 1629 2869 1696 Christo,
2901 1647 3005 1685 non
3034 1631 3343 1699 Christiani,
3372 1637 3465 1689 sed
3494 1638 3571 1689 di-

1920 1720 2176 1820 Bscipuli
2220 1721 2591 1774 tantummodo
2648 1722 3077 1777 nominabantur.
3146 1725 3209 1778 Et
3251 1726 3372 1795 quia
3420 1728 3571 1783 multi

1994 1810 2298 1880 dogmatum
2346 1828 2604 1867 novorum
2650 1825 2895 1868 auctores
2924 1818 3261 1883 exstiterant,
3312 1820 3571 1877 doctrina:

1994 1901 2272 1955 obviantes
2299 1905 2630 1971 apostolicae,
2661 1921 2952 1975 omnesque
3009 1917 3302 1964 iectatores
3332 1927 3456 1967 suos
3487 1914 3573 1966 di-

1994 1993 2229 2061 scipulos
2255 1995 2607 2048 nominabant
2637 2014 2648 2048 ε
2679 2011 2775 2049 nec
2798 2007 2912 2051 erat
2938 1999 3039 2051 ulla
3069 2002 3298 2055 nominis
3322 2004 3574 2060 discretio

1996 2083 2137 2138 inter
2164 2100 2321 2138 veros
2344 2085 2613 2155 falso>que
2636 2085 2950 2155 discipulos,
2981 2090 3092 2144 sive
3115 2092 3204 2160 qui
3228 2092 3574 2160 Cltristi,sive

1994 2177 2082 2244 qui
2117 2176 2376 2242 Dositltei,
2403 2176 2515 2231 sive
2542 2178 2796 2245 Tiletth},
2823 2179 2935 2233 sive
2964 2180 3115 2233 Judte
3144 2182 3440 2251 cujusdam,
3462 2187 3575 2243 sive

1995 2267 2155 2320 etiam
2188 2266 2411 2321 Joannis
2442 2278 2766 2333 sectatores,
2800 2270 2888 2337 qui
2920 2286 2979 2324 se
3004 2271 3221 2325 Christo
3245 2274 3465 2331 credere
3494 2275 3572 2330 fa-

1997 2357 2246 2411 tebantur
2275 2399 2290 2422 ,
2338 2359 2624 2413 noluerunt
2672 2368 2729 2413 ut
2772 2375 2880 2413 uno
2930 2361 3310 2430 discipulorum
3363 2368 3575 2422 nomine

1995 2458 2365 2504 censerentur.
2390 2450 2538 2503 Tunc
2564 2451 2791 2518 apostoli
2814 2453 3191 2509 convenientes
3216 2459 3571 2531 Antiochiam,

1996 2543 2132 2597 sicut
2148 2559 2331 2597 eorum
2356 2543 2497 2598 Luca
2520 2552 2766 2598 narrante
2790 2544 3024 2599 indicant
3044 2548 3195 2612 Acta,
3210 2565 3395 2604 omnes
3417 2550 3575 2604 disci-

2000 2636 2149 2700 pulos
2200 2651 2339 2689 novo
2391 2638 2624 2701 nomine,
2671 2637 2721 2689 id
2771 2645 2854 2690 est
2899 2635 3217 2693 Christianos
3263 2642 3572 2708 appellant:

1998 2724 2365 2779 discernentes
2404 2743 2495 2780 eos
2526 2742 2554 2780 a
2592 2729 2863 2782 communi
2902 2728 3157 2783 falsorum
3194 2731 3573 2799 discipulorum

1997 2818 2254 2870 vocabulo
2277 2857 2292 2882 ,
2332 2827 2391 2871 ut
2416 2826 2469 2872 et
2499 2818 2666 2872 divini
2696 2835 2790 2887 per
2815 2820 3003 2875 isaiatn
3032 2824 3233 2878 oraculi
3262 2840 3439 2879 sermo
3470 2828 3574 2881 int-

1996 2908 2259 2976 pleretur,
2299 2909 2388 2978 qui
2435 2911 2554 2964 ait:
2598 2910 2938 2965 Servientium
2984 2929 3097 2967 vero
3144 2915 3268 2969 milii
3318 2920 3576 2975 vocamur

1998 3017 2178 3055 nomen
2205 3019 2387 3056 nouum
2418 3002 2570 3073 (lsai.
2598 3019 2723 3067 ων,
2752 3005 2837 3070 15,
2868 3020 2969 3059 sec.
2994 3005 3190 3076 LXX).

2071 3095 2211 3149 XXI.
2260 3096 2408 3150 ilanc
2448 3112 2576 3165 ergo
2616 3098 2684 3150 ab
2729 3099 2987 3163 apostolis
3036 3100 3280 3155 traditam
3324 3103 3375 3156 in
3422 3118 3522 3158 nov
3550 3120 3576 3160 s

1998 3190 2197 3243 utendo
2226 3189 2534 3244 nominibus
2564 3190 2791 3244 formam
2822 3191 3062 3247 Ecclesia
3095 3203 3352 3260 retinens,
3389 3208 3576 3252 contra

1997 3280 2238 3335 diversos
2269 3282 2553 3335 haereticos
2580 3291 2736 3350 prout
2763 3296 2905 3336 sana:
2935 3284 3056 3337 lidei
3086 3288 3220 3338 ratio
3252 3289 3575 3354 postulabat,

1998 3370 2241 3426 diversas
2289 3374 2453 3427 edidit
2497 3375 2772 3428 nominum
2822 3378 3105 3429 novitates.
3149 3377 3383 3446 Denique
3434 3381 3578 3436 Patri

2000 3480 2193 3519 novum
2218 3466 2645 3520 innascibilttatis
2666 3482 2863 3522 nomen
2893 3468 3128 3522 Ecclesia
3156 3471 3425 3538 imposuit.
3445 3474 3577 3527 Cum

2000 3558 2143 3613 enim
2173 3559 2474 3612 Sabelliana
2510 3560 2730 3613 liazresis
2757 3561 2997 3629 genitum
3028 3576 3092 3615 ex
3126 3561 3335 3631 Virgine
3367 3564 3577 3619 Patrem

2000 3652 2259 3707 voluisset
2286 3666 2548 3717 asserere,
2582 3655 2869 3723 ingenitum
2898 3668 3083 3710 contra
3111 3659 3247 3711 lianc
3271 3660 3579 3715 conﬁtendo

2000 3744 2237 3800 Ecclesia
2279 3747 2495 3800 tradidit
2534 3746 2767 3801 Patrem.
2817 3750 2880 3802 Et
2910 3751 3090 3818 utique
3134 3754 3183 3803 in
3215 3751 3410 3805 divinis
3440 3754 3580 3807 Seri-

1999 3840 2174 3907 pturis
2211 3840 2491 3908 ingenitum
2539 3855 2808 3908 nunquam
2850 3841 3077 3909 legimus
3120 3843 3349 3897 l’atretn.
3398 3844 3580 3898 P0test

1998 3945 2129 3998 ergo
2150 3930 2413 3985 Sahellius
2434 3931 2710 3995 audaciam
2735 3947 2882 3985 suam
2905 3934 2954 3985 iit
2982 3932 3140 4002 hujus
3161 3936 3440 3989 calumnite
3463 3954 3581 3991 ver-

2003 4029 2116 4073 tere
2150 4024 2524 4089 qumstioaetn,
2566 4031 2620 4073 et
2656 4022 2839 4084 simiii,
2884 4034 2937 4075 ttt
2968 4033 3043 4083 tu.
3078 4028 3461 4091 pr.:positionis
3490 4044 3582 4097 go-

2001 4128 2129 4166 nere
2161 4115 2231 4165 uti
2252 4154 2265 4178 ,
2296 4128 2399 4181 quo
2427 4114 2606 4166 dicat:
2642 4114 2746 4166 Cur
2780 4114 2976 4167 divinis
3005 4115 3293 4180 Scriptnris
3324 4121 3439 4171 sine.
3472 4122 3581 4173 nl‘o

2001 4216 2284 4274 prtiSpectu
2311 4204 2528 4272 pudoris
2552 4205 2858 4257 violentiam
2885 4203 3076 4270 facitis,
3102 4206 3361 4273 proﬁtend
3388 4231 3397 4251 ι
3427 4211 3582 4279 139

2001 4298 2369 4351 innascibi'em
2404 4296 2649 4359 Patrem,
2682 4296 2821 4364 quod
2855 4296 3112 4362 scriptum
3144 4298 3432 4352 ostendere
3474 4318 3578 4353 non

2000 4394 2226 4447 valetis?
2258 4394 2407 4455 Item,
2440 4392 2562 4461 quia
2593 4406 2713 4445 etttn
2760 4406 2867 4443 non
2897 4392 3069 4444 solum
3103 4391 3341 4460 genitum
3366 4434 3378 4457 ,
3410 4394 3501 4446 sed
3529 4404 3582 4447 ct

382 4483 531 4536 Atius
557 4485 690 4536 dixit
718 4499 738 4536 :
768 4483 874 4536 Res
907 4483 1139 4551 loqueris
1170 4492 1469 4548 tortuosae,
1500 4494 1553 4537 et
1579 4483 1726 4536 omni
1768 4480 1982 4567 stiti-'0
2010 4499 2249 4554 passum,
2294 4483 2459 4551 impio
2504 4481 2753 4550 dogmate
2799 4482 2936 4535 idem
2983 4481 3249 4536 Sabellius
3303 4487 3581 4551 prolitetur

320 4575 440 4626 titice
476 4577 737 4630 miraculo
786 4575 995 4643 dignas.
1041 4574 1100 4628 Si
1144 4573 1288 4628 cnim
1332 4573 1651 4627 homousion
1693 4591 1887 4629 novum

322 4680 504 4719 nomen
546 4676 631 4721 est
650 4709 664 4729 ,
703 4681 810 4720 non
842 4666 1065 4720 dubium
1093 4665 1234 4735 quod
1273 4674 1326 4720 et
1355 4680 1444 4720 res
1472 4680 1607 4719 nova
1635 4666 1705 4719 sit
1733 4682 1893 4736 quam

322 4757 607 4822 Significare
637 4758 869 4812 videtur.

388 4850 694 4904 Athanasius
722 4851 852 4903 dixit
878 4864 894 4902 :
920 4848 1064 4919 Ergo
1088 4848 1285 4918 pariter
1309 4862 1422 4902 rem
1448 4862 1745 4918 nomenque
1767 4862 1897 4902 con-

324 4936 571 4992 detnttas?

392 5029 530 5084 Arias
559 5032 691 5084 dixit
714 5048 732 5084 :
762 5031 833 5084 ita
860 5030 1038 5099 plane.

389 5124 691 5177 Athanasius
736 5125 866 5177 dixit
897 5140 917 5179 :
958 5126 1119 5194 Igitur
1159 5139 1298 5180 cum.
1328 5125 1768 5181 demonstravero
1815 5126 1893 5182 rei

323 5216 539 5285 antiquas
572 5228 628 5272 et
657 5217 724 5271 ab
761 5217 1016 5284 apostolis
1048 5217 1260 5272 tradita:
1290 5232 1482 5271 nomen
1516 5232 1710 5272 novum
1740 5219 1895 5273 attri-

328 5306 496 5362 butum
522 5309 720 5372 fuisse,
755 5308 951 5362 victum
981 5318 1033 5363 te
1064 5309 1274 5363 tandem
1307 5309 1560 5364 fateberis
1588 5326 1602 5374 ;
1633 5324 1699 5364 an
1731 5313 1891 5365 etiam

328 5402 395 5453 sic
421 5418 526 5455 rem
558 5405 831 5471 antiquam
864 5402 1023 5455 simul
1063 5417 1184 5457 cum
1216 5402 1449 5457 nominis
1487 5403 1726 5459 novitate
1763 5420 1893 5459 con-

327 5492 570 5546 demnas?

386 5586 529 5637 Arius
555 5586 686 5640 dixit
711 5602 729 5638 :
765 5584 927 5638 Plane
955 5584 1055 5637 hoc
1086 5600 1188 5637 non
1221 5583 1483 5638 ostendis.
1511 5583 1576 5638 Et
1605 5600 1725 5653 qua:
1754 5588 1889 5641 ratio

326 5690 482 5728 came
512 5678 781 5743 ﬂagitabit
833 5685 996 5729 utres
1023 5677 1236 5744 antiqua
1262 5691 1461 5729 novum
1493 5678 1758 5744 acciperet
1792 5694 1888 5733 no-

326 5771 470 5821 men?
500 5768 744 5841 Nunquid
771 5771 912 5823 cniai
942 5785 1247 5838 prusquam
1282 5768 1437 5838 illljllS
1470 5768 1702 5824 nominis
1728 5784 1885 5825 voca-

1996 4578 2231 4647 episcopi
2248 4576 2408 4630 ve~tri
2421 4574 2620 4628 dudum
2636 4574 2907 4644 Syrmium
2925 4574 3307 4629 convenientes
3327 4591 3376 4627 in
3392 4592 3578 4645 unum,

1998 4674 2137 4727 inter
2165 4678 2389 4725 exteras
2431 4668 2551 4722 ﬁdei
2578 4683 2711 4734 quas
2739 4667 3210 4737 promulgaverunt
3249 4671 3576 4736 sanctiones,

1996 4766 2249 4819 dixerunt
2281 4762 2491 4815 Patietn
2531 4760 2913 4828 impassibilem
2954 4775 3074 4814 esse
3107 4776 3123 4814 :
3157 4761 3298 4829 quod
3331 4763 3581 4832 religiose

1997 4869 2089 4909 eo.-
2127 4860 2416 4920 sancteque
2455 4852 2706 4905 statuisse
2745 4850 3052 4918 probamus.
3103 4851 3209 4907 Sed
3252 4852 3353 4908 hoc
3396 4855 3579 4909 itidem

1999 4946 2089 5000 ille
2128 4944 2421 5014 proclamat
2447 4960 2459 4994 :
2490 4944 2779 5011 Quousque
2820 4956 3013 5007 vesnae
3043 4943 3270 5000 licentiae
3298 4948 3577 5002 audaciam

2000 5035 2339 5105 protenditis,
2383 5033 2684 5103 proﬁtendo
2716 5034 2880 5105 (quod
2922 5038 3180 5104 scriptum
3214 5053 3320 5091 non
3351 5037 3578 5109 legistis)

2000 5125 2381 5196 impassibiletn
2422 5126 2661 5189 Patrem;
2708 5126 2847 5196 quod
2895 5142 2991 5182 nec
3033 5132 3308 5198 prophetae
3347 5130 3581 5185 tradide-

2003 5225 2148 5279 runt,
2186 5231 2283 5270 nec
2314 5216 2542 5285 symboli
2574 5217 2862 5272 authentici
2896 5219 3113 5274 tradidit
3141 5222 3449 5284 auctoritas,
3481 5221 3576 5275 sed

2002 5318 2177 5365 vestra
2208 5318 2291 5363 est
2328 5308 2628 5362 temeritate
2660 5312 3078 5379 prmsumptum?
3122 5310 3348 5364 Rursum
3390 5326 3579 5381 prose-

2002 5408 2233 5470 quuntur
2263 5395 2421 5451 idem
2454 5398 2553 5466 ipsi
2579 5400 2669 5468 qui
2705 5400 2915 5469 Syrmio
2944 5409 3325 5465 convenerant,
3354 5412 3408 5455 et
3440 5404 3577 5457 hanc

1984 5493 2263 5561 religiosa:
2290 5490 2647 5547 confessionis
2678 5490 2833 5547 ﬁdem
2862 5492 2930 5546 de
2957 5491 3088 5544 Filio
3119 5501 3378 5549 statuunt.
3416 5494 3578 5549 Deum

1999 5586 2245 5655 inquiunt
2273 5586 2335 5637 de
2366 5585 2493 5651 Deo,
2525 5584 2697 5638 lumen
2723 5586 2786 5638 de
2811 5585 3024 5638 lumine.
3054 5583 3170 5638 Jam
3206 5585 3290 5640 hic
3320 5585 3573 5655 Pltotino,

1996 5681 2084 5746 qni
2127 5693 2191 5731 ex
2241 5677 2486 5731 humana:
2532 5676 2889 5747 generationis
2922 5685 3109 5731 natura
3145 5676 3352 5732 initium
3396 5680 3578 5734 tribuit

1996 5769 2153 5837 Filio,
2201 5777 2395 5838 quanta
2418 5766 2776 5824 calumniandi
2827 5766 3039 5824 occasio
3089 5779 3288 5841 pateat,
3335 5774 3446 5841 ipse
3496 5780 3570 5838 tu,
