4026 6176
352 305 454 362 I93

1665 286 1885 346 VIGILII
1926 281 2299 342 TAI’SENSIS

3505 275 3610 334 I96

351 418 778 492 quteso,metire.
798 416 904 471 Cur
918 415 1058 471 enim
1089 427 1194 468 non
1223 409 1425 464 similes
1455 404 1917 476 querimoniarum
1953 404 2008 463 Α
2104 401 2254 452 Arius
2282 396 2416 478 dixit
2438 411 2457 450 ἐ
2483 394 2584 450 lsle
2613 394 2793 449 nescio
2822 407 2923 464 qua
2956 394 3298 465 syllogisticm
3331 392 3463 448 artis
3487 409 3608 448 νεῖ·

352 525 542 566 causus
575 508 852 564 intendat?
899 505 1004 561 Cur
1047 520 1153 559 nou
1191 500 1351 556 simili
1390 494 1772 552 vociferatione
1813 494 1930 563 ipse

354 616 564 671 quoque
585 601 830 665 insaniat,
853 599 1036 653 dicens
1063 614 1078 650 :
1103 593 1238 661 Quid
1269 591 1484 646 dicitis?
1509 587 1635 658 quid
1667 585 1931 641 statuitis?

312 687 316 691 ’
357 694 482 764 quid
521 693 850 760 sequendum
892 698 1074 743 vestro
1103 702 1166 740 ex
1192 682 1392 752 judicio
1424 681 1655 750 posteris
1687 675 1933 731 traditis?

359 783 662 840 conﬁtendo
697 781 888 836 Filium
921 780 1084 832 Deum
1115 791 1181 829 ex
1225 774 1355 837 Deo,
1393 772 1572 824 lumen
1603 784 1668 821 ex
1697 766 1934 821 lumine?

361 873 636 928 Ostendite
660 871 790 940 mihi
821 878 994 923 utrum
1022 869 1074 921 in
1097 864 1282 919 eadem
1314 861 1435 916 fidei
1470 860 1659 923 forma,
1686 857 1740 911 id
1771 865 1852 910 est
1883 855 1934 908 in

362 962 668 1016 aut‘nentico
706 959 977 1029 symbolo,
1012 954 1151 1024 quod
1180 953 1405 1021 apostoli
1438 948 1806 1012 tradiderunt,
1838 947 1938 998 hoc

363 1051 616 1119 scriptum
647 1049 905 1118 legeritis.
938 1048 1040 1102 Sed
1071 1053 1354 1099 contentus
1380 1056 1519 1104 sum,
1553 1055 1672 1094 cum
1702 1037 1775 1091 ibi
1806 1037 1941 1091 scri-

365 1151 513 1209 ptum
557 1153 663 1192 non
695 1137 874 1201 fuerit,
907 1137 1094 1190 saltem
1129 1133 1257 1187 milii
1299 1131 1366 1185 de
1405 1130 1680 1199 prophetis
1709 1127 1937 1196 legatur,

365 1230 433 1283 de
469 1228 830 1296 apostolorum
868 1227 1061 1279 litteris
1089 1222 1422 1277 ostendatur.
1468 1220 1597 1286 Quis
1628 1219 1723 1270 has
1751 1231 1939 1270 vocum

369 1322 559 1373 toleret
599 1318 902 1383 novitates?
946 1318 1073 1382 Quis
1104 1314 1211 1369 suis
1251 1314 1536 1367 admittere
1575 1310 1821 1364 sensibus
1853 1325 1945 1377 pa-

369 1416 528 1468 tiatur
555 1414 692 1484 quud
726 1427 895 1482 neque
937 1410 1210 1480 prophetae
1241 1421 1412 1476 neque
1442 1404 1670 1474 apostoli
1707 1403 1936 1456 tradide-

370 1505 533 1560 runt?

442 1599 606 1653 XXII.
637 1597 763 1651 Item
788 1595 1015 1650 similem
1040 1594 1180 1646 Patri
1211 1591 1424 1656 Filium,
1455 1588 1635 1642 multis
1655 1595 1708 1641 et
1731 1585 1946 1641 ‘creber-

373 1690 522 1745 rimis
553 1688 899 1742 conciliorum
932 1693 1229 1737 vestrorum
1262 1680 1490 1734 decretis
1520 1677 1801 1731 statuistis.
1847 1676 1950 1728 Ex-

2032 491 2169 545 sutia
2200 473 2555 557 objectionem
2590 501 2761 541 meam
2793 495 3014 540 conatur
3043 486 3282 540 eludere.
3317 483 3428 552 Ege
3457 484 3602 538 enim

2033 582 2137 636 hoc
2163 581 2289 635 milii
2318 579 2524 635 ostendi
2553 578 2798 633 desidero
2821 618 2836 641 ,
2875 587 3051 630 utrum
3095 577 3408 630 homousion
3441 574 3613 628 domi-

2035 672 2166 727 nica:
2206 672 2275 724 sit
2317 670 2560 725 lectionis
2598 669 2912 723 auctoritate
2949 667 3333 737 conscriptum.
3386 667 3449 720 Et
3489 668 3611 722 ideo

2035 772 2127 816 aut
2173 763 2388 831 preprie
2431 761 2658 830 positum
2703 761 2861 830 legat,
2906 770 2997 814 aut
3037 761 3104 813 ab
3133 761 3246 829 ejus
3274 760 3615 816 confeSsione

2038 855 2272 908 recedat.

2110 942 2310 997 Probus
2324 943 2491 1013 judex
2514 943 2643 995 dixit
2667 958 2684 996 :
2705 942 2806 996 Sed
2833 941 2979 997 vides
3001 942 3444 1010 quemadmodum
3470 953 3616 997 tuam

2041 1035 2093 1088 in
2126 1044 2178 1088 te
2210 1034 2403 1088 referat
2431 1034 2802 1102 qurestionem,
2825 1044 2877 1089 et
2905 1034 3090 1089 iisdem
3123 1045 3172 1090 te
3219 1036 3412 1105 quibus
3455 1039 3619 1090 uteris

2048 1123 2198 1194 141
2233 1125 2558 1192 constringat
2589 1126 2860 1188 articulis,
2893 1125 3239 1193 professionis
3269 1137 3371 1181 tua:
3397 1128 3618 1182 manife-

2043 1216 2175 1269 stius
2203 1225 2256 1270 et
2287 1216 2399 1284 ipse
2444 1217 2666 1284 exigens
2713 1215 3112 1282 documentum,
3145 1226 3198 1271 ut
3233 1219 3280 1272 ei
3309 1218 3374 1272 de
3401 1219 3624 1271 canoni-

2045 1307 2121 1362 cis
2162 1308 2302 1362 nude
2340 1309 2564 1375 positum
2599 1309 2792 1362 litteris
2824 1310 3076 1364 ostendas
3118 1311 3503 1375 iunascibilem,
3532 1323 3622 1367 aut

2048 1399 2429 1466 impassibilem
2474 1400 2706 1461 Patrem,
2746 1412 2836 1454 aut
2869 1401 3032 1455 Deum
3061 1417 3125 1456 ex
3160 1403 3291 1470 Deo,
3323 1413 3413 1457 aut
3446 1405 3620 1459 lumen

2047 1508 2114 1546 ex
2150 1493 2476 1556 lumine,aut
2501 1493 2638 1546 Patri
2663 1494 2855 1548 Filium
2884 1494 3111 1549 similem
3141 1509 3279 1551 esse.
3299 1495 3425 1562 Quae
3447 1499 3623 1554 omnia

2052 1584 2096 1638 si
2128 1589 2340 1655 proprie
2375 1586 2542 1654 posita
2585 1586 2958 1642 demonstrare
2992 1588 3211 1644 minime
3252 1589 3498 1656 valueris,
3533 1607 3625 1646 ne—

2052 1675 2207 1744 gandi
2245 1676 2335 1730 tibi
2368 1676 2656 1731 necessitas
2689 1677 3004 1732 imminebit.
3048 1679 3143 1733 Cui
3185 1679 3474 1734 discrimini
3513 1682 3624 1748 illa,

374 1788 558 1851 surgat
589 1795 728 1833 nunc
759 1775 1070 1841 Eunomius,
1099 1774 1186 1842 qui
1219 1770 1532 1826 dissimilem
1567 1768 1870 1828 conlitetur,
1899 1773 1953 1820 et
1984 1767 2028 1825 Β
2060 1776 2114 1821 ut
2145 1769 2273 1822 mihi
2302 1770 2530 1834 videtur,
2559 1771 2668 1824 sola
2699 1771 2832 1824 ratio
2863 1772 3056 1839 poterit
3077 1771 3383 1836 subvenire,
3418 1783 3472 1826 ut
3499 1787 3626 1827 con-

377 1873 520 1929 dicat
558 1886 574 1926 :
621 1870 722 1926 Ubi
773 1869 873 1923 hoc
918 1865 1151 1936 legistis?
1197 1863 1286 1918 ubi
1333 1863 1590 1931 scriptum
1637 1857 1952 1926 reperistis?

379 1974 627 2019 utrumne
645 1962 802 2016 Pater
824 1975 889 2013 an
908 1959 1071 2012 Filius
1087 1957 1187 2010 hac
1208 1955 1273 2010 de
1301 1970 1360 2010 se
1382 1969 1509 2008 usus
1526 1961 1607 2007 est
1623 1950 1790 2005 voce?
1814 1949 1954 2018 Ergo

381 2065 459 2120 tu,
508 2055 631 2119 Ari,
687 2052 774 2120 qui
819 2065 903 2104 me
959 2049 1118 2103 hodie
1157 2047 1248 2100 tali
1291 2045 1611 2113 constringis
1641 2041 1868 2096 articulo
1899 2048 1956 2093 ut

383 2143 700 2199 homousion
739 2142 952 2210 proprie
997 2139 1251 2207 scriptum
1299 2135 1610 2196 ostendam,
1657 2143 1747 2186 aut
1791 2131 1957 2185 fatere

383 2244 568 2288 contra
604 2232 897 2286 insolentes
932 2238 985 2285 et
1029 2231 1252 2282 furtivas
1283 2227 1547 2281 limreticae
1589 2223 1958 2293 intelligentiae

385 2322 691 2394 pravitates,
716 2321 958 2392 quaedam
989 2319 1349 2400 confessionis
1373 2317 1588 2371 nomina
1619 2330 1723 2369 non
1755 2323 1961 2368 temere

388 2424 709 2483 praesumpta
738 2412 832 2467 sed
863 2427 930 2465 ex
953 2410 1297 2479 consequenti
1328 2408 1534 2462 ratione
1561 2407 1804 2472 collecta,
1839 2403 1960 2458 ﬁdei

387 2505 788 2559 auctoritatibus
813 2502 974 2556 fuisse
1003 2503 1231 2566 inserta;
1266 2501 1335 2554 ita
1362 2510 1418 2554 ut
1447 2509 1523 2552 tot
1555 2513 1812 2552 novorum
1842 2511 1963 2550 ver-

386 2597 574 2648 borum
620 2594 870 2662 religioso
918 2592 1187 2646 intellectu
1227 2590 1527 2644 exstiterint
1567 2588 1959 2652 absolutiones,

395 2686 550 2756 ιω
595 2694 722 2754 quot
757 2684 967 2739 fuerant
991 2684 1230 2754 quaesitae
1251 2683 1334 2737 vel
1361 2681 1776 2737 subministratae
1806 2680 1964 2749 perﬁ-

387 2778 490 2830 diae
516 2777 845 2829 occa~iones.
891 2778 995 2828 Aut
1019 2775 1062 2828 si
1090 2774 1142 2828 id
1171 2776 1326 2828 fateri
1356 2773 1612 2841 nolueris,
1657 2773 1760 2826 tuis
1789 2781 1962 2826 tecum

391 2867 779 2936 objectionibus
801 2881 975 2934 agam.
993 2864 1226 2920 Ostende
1251 2865 1379 2920 mihi
1403 2880 1510 2919 non
1531 2879 1596 2919 ex
1618 2863 1961 2934 coniecturis,

392 2975 501 3014 non
525 2973 590 3012 ex
620 2957 1019 3020 verisimilibus,
1044 2971 1152 3010 non
1181 2971 1246 3009 ex
1278 2955 1485 3010 ratione
1514 2955 1728 3021 vicinis,
1762 2969 1868 3008 non
1899 2953 1966 3007 ad

392 3048 792 3117 intelligendum
823 3047 1259 3117 provocantibus,
1291 3060 1402 3100 non
1429 3045 1496 3099 ad
1528 3044 1581 3100 id
1612 3043 1962 3114 proﬁtendum

2055 1860 2256 1914 cedatis
2290 1861 2446 1915 vobis
2477 1875 2538 1915 ea
2576 1876 2694 1931 qua:
2733 1862 2785 1915 in
2826 1862 3067 1916 conciliis
3098 1864 3295 1917 vestris
3328 1864 3468 1918 nude
3505 1873 3628 1920 sunt

2057 1952 2252 2020 posita,
2275 1951 2340 2006 de
2361 1951 2756 2021 Scripturarum
2782 1952 3016 2008 fontibus
3041 1969 3338 2009 emanasse.
3370 1956 3498 2008 Nam
3529 1955 3630 2008 hoc

2057 2041 2414 2095 contentionis
2449 2043 2578 2097 vitio
2617 2043 2988 2113 deputabitur,
3013 2054 3070 2098 ut
3097 2044 3472 2100 documentum
3506 2047 3632 2101 nudi

2059 2135 2323 2190 sermonis
2349 2133 2549 2206 eiigas,
2577 2137 2726 2205 cujus
2754 2136 2874 2192 fidei
2902 2151 3117 2192 sensum
3148 2139 3200 2192 in
3225 2137 3515 2206 Scripturis
3541 2153 3634 2192 co-

2061 2227 2264 2295 piosius
2312 2229 2530 2283 noveris
2589 2228 2910 2284 redundare.
2967 2232 3193 2284 Sensum
3244 2230 3401 2298 igitur
3452 2245 3635 2299 quaere

2062 2317 2201 2372 unde
2235 2319 2389 2384 huius
2414 2318 2658 2372 vocabuli
2699 2329 2886 2372 natura
2917 2320 3083 2374 traxit
3107 2319 3405 2388 originem;
3436 2329 3632 2374 etcum

2062 2424 2279 2464 sensum
2322 2410 2615 2476 inveneris,
2658 2425 2854 2466 nomen
2892 2419 2945 2466 te
2988 2411 3186 2480 pariter
3225 2412 3490 2466 invenisse
3529 2426 3634 2465 nou

2062 2499 2294 2554 dubites.

2137 2590 2322 2645 XXIV.
2365 2591 2673 2646 Athanasius
2705 2593 2870 2646 dixit:
2913 2592 3351 2662 Quantiscunque
3394 2607 3513 2646 cum
3569 2605 3634 2646 eo

2064 2680 2359 2736 rationibus
2398 2696 2545 2750 agas,
2579 2683 2882 2737 nullatenus
2911 2691 3086 2751 potest
3124 2684 3191 2737 ab
3221 2683 3319 2738 hac
3345 2681 3637 2737 intentione

2065 2773 2322 2826 revocari.
2357 2771 2512 2826 Novit
2555 2773 2697 2827 enim
2729 2774 3027 2828 certissime
3057 2765 3178 2842 quia
3223 2774 3264 2828 si
3309 2773 3374 2827 ad
3415 2774 3516 2828 hoc
3543 2773 3638 2827 de-

2065 2877 2310 2916 scensum
2333 2861 2521 2927 fuerit,
2542 2871 2600 2917 ut
2620 2877 2682 2917 ex
2714 2866 3094 2932 consequentia
3126 2864 3516 2933 Scripturarum
3537 2878 3637 2917 una

2073 2953 2249 3008 Patris
2269 2969 2388 3010 esse
2415 2955 2709 3010 substantia
2735 2965 2788 3010 et
2819 2956 2936 3011 Filii
2973 2956 3136 3028 (quod
3159 2966 3242 3011 est
3272 2957 3635 3023 homousion),

2066 3045 2342 3110 doceatur,
2375 3046 2620 3102 facillime
2658 3061 2718 3102 se
2753 3062 2910 3116 posse
2954 3049 3224 3116 superari:
3267 3057 3321 3102 et
3349 3047 3470 3103 ideo
3496 3047 3638 3102 diffi-

394 3140 593 3208 pietate
616 3138 738 3192 ﬁdei
760 3135 1144 3205 suadente,sed
1163 3151 1289 3204 pura
1313 3145 1366 3191 et
1382 3137 1521 3190 nuda
1537 3137 1820 3191 verborum
1846 3150 1965 3205 pro-
1992 3123 2036 3183 C
2069 3134 2266 3188 dentia:
2296 3145 2350 3189 et
2376 3137 2581 3191 timoris
2610 3137 2850 3204 periculo
2876 3145 3056 3204 actus,
3092 3138 3215 3191 nudi
3243 3137 3508 3191 sermonis
3544 3138 3640 3190 ﬂa-

397 3231 623 3298 prietate
650 3230 915 3297 scriptum
933 3227 1160 3282 ostende
1178 3266 1194 3290 ,
1223 3227 1518 3296 ingenitum
1548 3236 1640 3281 aut
1669 3227 1969 3295 impassibi-

398 3322 501 3374 lem
535 3320 779 3384 Patrem;
826 3318 1020 3372 Filium
1053 3333 1179 3372 vero
1220 3317 1386 3372 Deum
1414 3333 1476 3372 ex
1507 3319 1636 3384 Deo,
1679 3318 1856 3376 lumen
1897 3333 1966 3373 ex

399 3413 624 3478 lumine,
654 3419 744 3464 aut
768 3409 910 3464 Patri
938 3411 1165 3464 similem
1190 3423 1329 3464 esse.
1358 3408 1488 3463 Nolo
1509 3408 1640 3463 mibi
1666 3408 1848 3472 dicas;
1871 3409 1972 3463 hoc

399 3504 522 3557 ﬁdei
553 3502 692 3556 ratio
723 3504 913 3572 poscit,
947 3503 1048 3557 hoc
1077 3503 1244 3570 pietas
1283 3503 1462 3566 docet,
1493 3500 1558 3554 ad
1592 3502 1728 3554 hanc
1761 3515 1847 3555 me
1875 3515 1972 3554 no-

404 3595 561 3648 minis
591 3596 974 3662 professionem
1017 3594 1413 3663 Scripturarum
1444 3593 1821 3662 consequentia
1847 3607 1973 3663 pro-

400 3693 574 3740 vocat.
597 3685 752 3750 Nolo,
771 3687 1007 3754 inquam,
1030 3686 1158 3740 mihi
1188 3685 1309 3739 talia
1330 3685 1618 3749 obtendas;
1650 3685 1774 3753 quia
1801 3692 1855 3738 et
1885 3697 1972 3738 me

399 3775 599 3830 similia
628 3775 696 3829 de
733 3775 994 3830 homousii
1020 3776 1328 3846 probatione
1357 3776 1566 3842 reSpuis
1595 3775 1969 3844 proferentem.

402 3865 510 3922 Sed
538 3867 673 3920 ferto
703 3867 754 3920 in
782 3867 1024 3920 manibus
1053 3866 1352 3920 divinorum
1379 3865 1709 3920 voluminum
1737 3865 1969 3930 codices,

400 3967 457 4013 et
481 3959 668 4014 eodem
697 3972 851 4023 sono,
883 3957 1066 4011 iisdem
1096 3956 1320 4026 syllabis
1344 3955 1716 4025 prmdictorum
1744 3957 1975 4010 vocabu-

402 4050 575 4105 lorum
608 4050 820 4103 nomina
853 4049 1016 4102 indita
1048 4047 1179 4117 lege.
1206 4051 1312 4101 Aut
1334 4047 1556 4102 ostende
1582 4048 1858 4117 scriptum,
1887 4047 1975 4102 Fi—

403 4142 533 4197 lium
569 4142 707 4196 Patri
745 4141 995 4206 similem,
1021 4149 1114 4194 aut
1140 4143 1303 4194 fatere
1343 4139 1680 4195 dissimilem.
1712 4141 1826 4206 Quo
1853 4140 1977 4195 hinc

403 4249 678 4302 erumpas,
693 4247 946 4302 quorsum
975 4230 1168 4285 evadas
1191 4245 1300 4284 non
1319 4231 1564 4285 est.Tuis
1588 4240 1638 4284 te
1660 4231 1974 4299 implicitum

407 4327 786 4395 propositionis
815 4325 1038 4380 nexibus
1068 4323 1330 4378 enodandi
1354 4324 1576 4378 facultas
1607 4324 1753 4378 nulla
1783 4339 1978 4393 suppe-

402 4419 560 4472 ditat.
605 4422 710 4472 Aut
745 4417 980 4472 concede
1019 4415 1149 4469 milii
1176 4433 1241 4470 ex
1275 4416 1721 4486 consequentibus
1749 4419 1977 4487 probare

2070 3227 2195 3295 gitat
2231 3226 2631 3283 documentum.
2666 3227 2771 3284 Sed
2813 3229 2924 3283 suis
2949 3238 3034 3283 est
3073 3230 3265 3283 iterum
3296 3229 3641 3298 professioni-

2070 3314 2169 3370 bus
2197 3316 2661 3385 constringendus.
2701 3317 2882 3387 Exigis
2912 3332 2939 3370 a
2973 3332 3057 3372 me
3101 3327 3157 3372 ut
3186 3333 3345 3372 unam
3379 3318 3549 3372 Patris
3588 3329 3644 3374 et

2073 3409 2188 3464 Filii
2218 3410 2569 3464 substantiam
2589 3453 2604 3475 ,
2640 3410 2692 3465 id
2720 3419 2802 3466 est
2829 3410 3144 3466 homousion
3177 3412 3430 3481 scriptum
3459 3420 3642 3466 osten-

2070 3501 2222 3565 dam;
2251 3512 2304 3556 tu
2331 3513 2506 3558 autem
2532 3514 2638 3558 tres
2665 3505 2828 3569 usias,
2859 3503 2909 3558 id
2931 3514 3011 3559 est
3035 3515 3144 3558 tres
3169 3503 3493 3558 substantias
3513 3518 3644 3558 cono

2074 3592 2258 3648 literis.
2295 3593 2528 3649 Ostende
2557 3595 2714 3665 igitur
2752 3595 2879 3650 mihi
2909 3597 2996 3650 ubi
3027 3595 3199 3665 legisti
3245 3605 3354 3651 tres
3396 3594 3554 3650 usias.
3587 3595 3642 3648 Si

2072 3698 2172 3753 ego
2200 3684 2342 3738 enim
2389 3700 2546 3738 unam
2566 3730 2580 3753 ,
2622 3685 2722 3739 hoc
2750 3696 2831 3740 est
2861 3687 3174 3740 homousion
3199 3727 3215 3751 ,
3270 3686 3391 3739 ideo
3447 3699 3645 3753 negare

2080 3775 2272 3840 debeo,
2292 3777 2412 3846 quia
2429 3777 2527 3832 hoc
2551 3777 2689 3832 nude
2710 3779 2964 3847 scriptum
2986 3793 3090 3832 non
3108 3778 3322 3831 invenio
3345 3793 3359 3841 ;
3391 3787 3444 3829 tu
3465 3792 3647 3845 quem.

2072 3868 2358 3922 admodum
2390 3868 2551 3922 audes
2585 3877 2691 3922 tres
2720 3869 2863 3921 usias
2911 3868 3149 3937 proﬁteri
3178 3909 3193 3934 ,
3225 3882 3346 3922 cum
3391 3868 3492 3922 hoc
3514 3867 3645 3921 scri-

2075 3968 2222 4027 ptum
2247 3973 2505 4027 nusquam
2537 3959 2735 4027 poteris
2774 3957 3188 4012 demonstrare?

2151 4049 2350 4104 Probus
2371 4051 2538 4121 judcx
2567 4051 2740 4103 dixit:
2770 4050 2826 4104 Si
2870 4059 3046 4104 exstat
3085 4050 3296 4120 aliquod
3342 4065 3406 4105 ex
3451 4049 3647 4103 divinis

2078 4140 2481 4194 auctoritatibus
2501 4139 2876 4194 documentum
2912 4141 3125 4208 proprie
3153 4149 3206 4194 et
3233 4123 3533 4210 specialiter
3555 4154 3648 4210 po-

2079 4235 2236 4288 situm
2285 4249 2391 4304 quo
2439 4233 2762 4303 approbctur
2810 4233 3015 4296 Patris,
3061 4243 3116 4287 et
3146 4233 3290 4298 Filii,
3322 4243 3376 4288 et
3420 4234 3649 4302 Spiritus

2079 4326 2248 4379 sancti
2282 4337 2388 4378 tres
2419 4326 2559 4379 usias
2592 4334 2806 4394 tresque
2836 4326 2918 4392 (ut
2967 4324 3174 4395 fateris)
3220 4339 3340 4379 esse
3387 4335 3602 4378 naturas
3629 4364 3645 4384 .

2084 4418 2382 4486 proferatur
2401 4458 2416 4482 ,
2449 4433 2554 4487 quo
2575 4420 2738 4486 possit
2757 4418 3116 4472 Atltanasiusa
3143 4417 3481 4473 confessione
3497 4419 3651 4469 unius

409 4509 758 4572 homousion,
810 4508 863 4561 id
909 4515 991 4560 est
1035 4506 1190 4559 unius
1234 4483 1541 4560 substantiae
1581 4483 1772 4570 ﬁdem;
1813 4519 1902 4561 aut
1932 4510 1975 4562 si
2009 4483 2421 4571 Dsubstantiae,
2469 4483 2612 4579 quod
2660 4519 2742 4563 est
2791 4509 3148 4575 homousion,
3196 4509 3484 4564 declinare.
3517 4506 3648 4561 Cum

405 4598 706 4654 concedere
742 4599 1009 4663 nolueris,
1038 4597 1275 4667 neganda
1302 4609 1428 4652 sunt
1460 4599 1548 4653 tibi
1582 4599 1830 4654 universa
1861 4614 1980 4668 qua:

407 4693 525 4760 ipse
555 4693 756 4758 fateris,
799 4693 922 4761 quia
962 4705 1024 4746 ea
1064 4690 1204 4745 nude
1232 4690 1401 4759 posita
1444 4691 1684 4747 invenire
1723 4707 1981 4763 nusquam

407 4783 589 4852 utique
617 4783 840 4850 poteris.

485 4851 668 4928 XXIII.
692 4873 891 4927 Probus
903 4875 1070 4944 judex
1088 4851 1216 4928 dixi}
1243 4889 1260 4928 :
1281 4873 1336 4929 Si
1359 4873 1733 4929 ecclesiastica:
1755 4889 1980 4930 consue-

409 4967 611 5021 tudinis
640 4979 755 5018 mos
784 4972 868 5018 est
906 4974 964 5019 ut
999 4966 1170 5034 aliqua
1205 4966 1490 5020 verborum
1531 4967 1785 5020 vocabula
1824 4982 1980 5021 coero

408 5058 596 5114 cendis
623 5057 996 5111 haereticorum
1019 5060 1250 5113 motibus
1275 5062 1324 5113 in
1351 5059 1473 5114 ﬁdei
1502 5061 1815 5115 auctoritate
1841 5061 1977 5114 nuda

411 5159 698 5221 ponantur,
730 5165 848 5218 qua:
877 5158 1052 5204 tamen
1080 5155 1286 5206 ratione
1308 5166 1374 5206 ex
1401 5155 1776 5220 consequentia
1800 5169 1977 5207 rerum

408 5241 751 5298 existentium
794 5241 1117 5306 vestiantur;
1158 5242 1282 5296 dum
1327 5257 1512 5296 eorum
1553 5245 1753 5297 veritas
1783 5259 1845 5297 ex
1877 5257 1980 5313 qua

411 5335 670 5405 originem
695 5344 929 5396 sumunt,
957 5335 1147 5390 divinis
1177 5337 1440 5390 contineri
1472 5336 1662 5390 litteris
1691 5337 1977 5400 invenitur,

411 5428 538 5494 quid
559 5426 715 5491 dicis,
750 5427 882 5480 Arii
909 5426 1182 5481 Coueedis
1212 5426 1522 5479 homousion
1557 5427 1716 5496 (sicut
1744 5427 1982 5480 Athana-

412 5517 524 5570 sius
547 5519 694 5587 dicit)
718 5519 784 5574 de
811 5519 1002 5573 divinis
1023 5516 1315 5586 Scripturis
1341 5532 1432 5585 per
1454 5519 1834 5574 convenientes
1863 5532 1984 5588 pro-

413 5608 656 5664 fessionis
684 5611 964 5680 qualitates
986 5607 1223 5678 probari,
1261 5622 1328 5660 an
1361 5608 1499 5661 non?

2083 4601 2232 4654 enim
2281 4601 2503 4655 ttiusion
2547 4600 2759 4667 proprie
2797 4600 2849 4652 in
2889 4600 3175 4669 Scripturis
3205 4600 3434 4669 positum
3467 4607 3653 4652 osten-

2083 4693 2248 4759 deris,
2287 4693 2562 4762 apparebit
2606 4693 2955 4747 Athanasium
2997 4694 3298 4747 temeritate
3341 4692 3653 4760 pertinacis-

2085 4786 2236 4839 simze
2280 4783 2657 4838 obstinationis
2704 4785 2756 4838 iu
2803 4785 3065 4838 homousii
3103 4785 3436 4837 confessione
3467 4783 3649 4836 hacte-

2085 4894 2185 4934 nus
2219 4878 2527 4947 perdurare,
2560 4877 2700 4944 quod
2737 4881 2954 4943 proprie
2985 4877 3212 4945 positum
3236 4875 3534 4944 nequiverit
3559 4874 3652 4927 de-

2085 4981 2404 5026 monstrare.
2436 4968 2491 5021 Si
2526 4982 2656 5021 vero
2705 4967 2857 5038 142
2888 4981 2986 5020 nec
3019 4978 3070 5020 tu
3109 4968 3222 5035 ipse
3253 4978 3360 5019 tres
3392 4968 3532 5020 usias
3561 4966 3653 5020 de-

2085 5071 2384 5116 monstrare
2411 5058 2662 5122 valueris,
2684 5060 2793 5125 pari
2826 5059 2952 5111 mibi
2984 5057 3302 5111 conditionis
3337 5056 3654 5111 necessitate

2084 5153 2374 5209 obstrictus
2400 5165 2520 5204 esse
2553 5149 2841 5202 videberis.

2157 5242 2322 5297 XXV.
2365 5241 2676 5294 Athanasius
2705 5241 2869 5292 dixit:
2902 5239 3096 5322 Doceat
3127 5247 3235 5293 tres
3271 5239 3411 5291 usias
3442 5236 3658 5306 proprie

2091 5335 2322 5403 positas,
2362 5343 2414 5386 et
2443 5332 2576 5385 facio
2604 5333 2758 5385 unius
2785 5331 3121 5394 substantias,
3144 5331 3284 5399 quod
3308 5339 3390 5383 est
3434 5329 3659 5381 humou-

2090 5427 2205 5480 sion
2223 5464 2237 5487 ,
2269 5425 2586 5477 cessionem.

2161 5517 2313 5569 Arius
2337 5516 2498 5568 dixit:
2533 5515 2588 5570 Si
2615 5523 2722 5568 tres
2752 5523 2897 5578 sunt,
2927 5513 3107 5580 Pater,
3140 5522 3193 5566 et
3235 5511 3419 5574 Filius,
3454 5519 3509 5563 et
3537 5509 3648 5578 Spi-

2092 5607 2222 5661 ritus
2255 5617 2486 5662 sanctus.
2532 5605 2841 5660 necessario
2890 5615 2999 5659 tres
3029 5614 3156 5660 sunt
3201 5602 3548 5666 substantias,
3607 5617 3660 5655 tn
