3958 6176
308 305 409 360 197

1085 298 1354 355 CONTRA
1397 291 1714 365 ARIANOS,
1756 297 2246 365 SABELLIAN‘OS,
2292 298 2470 366 ETC.,
2516 297 2642 354 LIB.
2686 299 2750 355 ll.

3475 308 3577 363 198

305 419 498 487 quibus
545 432 886 490 unaquaeque
917 432 1141 490 persona
1173 422 1459 489 separatim
1492 431 1545 476 et
1584 421 1884 475 diatinctius
1913 424 1964 483 Α
1989 419 2133 474 usias
2161 420 2375 489 proprie
2407 418 2611 490 positas
2641 419 3050 476 demonstrare:
3081 429 3277 476 etcum
3306 437 3404 478 nos
3445 429 3576 482 utri-

305 515 520 581 prOprie
547 512 844 567 subsiSIere
883 522 1254 583 cognoscatur.
1363 573 1365 575 ,

375 603 691 656 Athanasius
729 603 898 656 dixit:
937 603 1030 658 llic
1075 603 1216 656 nulla
1255 613 1472 672 prosunt
1531 614 1845 673 argumenta
1873 645 1890 671 ,

308 696 391 748 hic
423 695 627 750 veritas
654 711 722 750 ex
767 696 1120 766 consequenti
1168 695 1374 749 ratione
1403 694 1694 764 colligitur.
1720 695 1891 748 Testi-

305 785 614 839 moniorum
681 787 986 855 proprietas
1041 785 1332 854 flagitator.
1391 783 1533 854 Lege
1587 786 1892 855 specialiter

305 879 535 932 triusion
560 879 792 947 positum
817 920 834 945 ,
865 888 922 933 et
949 879 1056 933 noli
1086 878 1422 946 conjicienda
1453 878 1665 933 dicere:
1695 879 1750 934 Si
1779 890 1889 933 tres

304 981 446 1037 sunt,
467 971 653 1033 Pater,
688 980 741 1025 et
772 970 955 1035 Filius,
986 979 1038 1025 et
1066 969 1296 1040 Spiritus
1323 979 1561 1035 sanctus,
1587 969 1892 1024 necessario

305 1071 413 1116 tres
437 1070 564 1115 sunt
587 1071 642 1115 et
664 1061 1009 1125 substantiae;
1041 1062 1164 1130 quia
1191 1070 1244 1115 et
1268 1075 1368 1129 ego
1397 1060 1557 1114 simili
1581 1060 1889 1128 conjectura

307 1169 522 1221 possum
565 1155 816 1209 veracius
867 1153 1115 1221 opinari:
1147 1153 1202 1209 Si
1254 1169 1415 1206 unum
1467 1151 1804 1219 suntPater,
1837 1160 1890 1207 et

305 1246 468 1300 Filius
510 1247 660 1315 (quia
693 1245 808 1313 ipse
834 1245 992 1300 dicit:
1030 1245 1141 1314 Ego
1165 1255 1218 1300 et
1251 1244 1413 1299 Pater
1446 1260 1608 1298 unum
1639 1243 1886 1312 sumus),

302 1337 573 1406 quomodo
605 1352 710 1390 non
733 1344 817 1391 est
857 1352 958 1391 una
992 1337 1327 1391 substantia?
1357 1336 1462 1391 Sed
1489 1336 1628 1390 hanc
1653 1335 1892 1404 disputa-

303 1427 462 1480 tionis
487 1428 629 1480 viam
675 1426 880 1496 ingredi
928 1426 1138 1496 penitus
1165 1425 1402 1492 noluisti,
1427 1426 1553 1479 dum
1593 1439 1622 1479 a
1652 1441 1736 1480 me
1769 1440 1891 1495 spe-

300 1518 510 1572 cialiter
543 1517 777 1586 positum
834 1516 1186 1586 (homousion
1237 1516 1680 1585 demonstrando)
1719 1517 1889 1586 exigis

300 1610 694 1662 testimonium.
729 1607 898 1662 Simili
922 1621 1052 1674 ergo
1078 1617 1134 1660 et
1163 1615 1215 1659 tu
1241 1607 1444 1660 ratione
1464 1615 1572 1660 tres
1601 1607 1740 1661 usias
1771 1619 1888 1674 spe-

299 1701 513 1756 cialiter
543 1709 597 1755 et
630 1699 844 1769 proprie
894 1699 1096 1768 positas
1149 1699 1286 1767 lege.
1344 1697 1400 1752 Si
1447 1698 1589 1752 enim
1619 1697 1740 1750 ideo
1789 1697 1886 1751 ho-

1995 527 2099 582 que
2123 512 2224 567 hoc
2242 512 2470 566 articulo
2497 512 2816 567 solverimus
2842 553 2858 578 ,
2887 513 3275 581 objectionibus
3305 517 3390 572 vel
3410 519 3578 575 inter-

1994 603 2361 672 rogationibus
2393 607 2498 658 tuis
2525 603 2854 658 satisfaciam
2884 619 3107 659 necesse
3131 589 3272 661 est.’

2066 694 2256 750 XXVI.
2300 695 2500 750 Probus
2512 697 2680 765 judex
2701 697 2867 749 dixit:
2891 695 3158 762 Quantum
3185 707 3377 754 vestra:
3395 699 3574 769 dispu-

1996 785 2208 840 tationis
2241 785 2466 840 intentio
2518 795 2812 851 monstrat,
2860 802 2960 843 nec
3005 797 3060 842 tu
3093 789 3440 857 flomousion,
3475 807 3575 846 nec

1993 876 2095 930 iste
2123 877 2372 931 Triusion
2411 876 2562 947 143
2589 879 2800 946 prOprie
2826 886 2879 932 et
2899 880 3200 947 specialiter
3229 884 3459 950 positum
3483 897 3574 933 Vti-

1993 967 2112 1022 letis
2143 968 2448 1022 ostendere.
2485 969 2636 1023 Unde
2664 984 2732 1023 ne
2763 970 2952 1037 puerili
2974 971 3378 1026 concertatioae
3406 973 3456 1026 in
3479 988 3571 1028 su-

1991 1059 2209 1128 perfluis
2232 1059 2392 1113 rebus
2423 1059 2624 1112 diutius
2655 1059 3012 1114 immoremini
3033 1100 3048 1125 ,
3080 1063 3148 1116 ab
3179 1062 3275 1116 hac
3299 1064 3415 1135 puri
3446 1079 3572 1118 exa-

1991 1149 2169 1204 ctione
2199 1150 2504 1204 documenti
2537 1149 2748 1203 tandem
2773 1160 2995 1219 uterque
3015 1150 3274 1216 desinite;
3302 1164 3352 1207 et
3375 1168 3570 1208 conse-

1991 1240 2172 1307 quenti
2205 1242 2432 1304 ratione,
2456 1247 2547 1293 aut
2574 1239 2892 1293 homousion
2913 1280 2927 1305 ,
2967 1248 3058 1294 aut
3086 1241 3308 1296 triusion
3339 1242 3404 1296 de
3430 1244 3571 1298 Scri-

1991 1339 2267 1400 pturarum
2309 1332 2628 1385 auctoritate
2649 1332 2904 1399 colligite.
2933 1333 3048 1386 Non
3089 1333 3228 1388 enim
3260 1333 3338 1388 fas
3369 1337 3473 1390 erit
3506 1338 3572 1391 de

1991 1425 2222 1478 nominis
2249 1424 2606 1493 appellatione
2638 1424 2915 1490 dubitare,
2950 1441 3105 1493 quam
3139 1428 3564 1482 testimoniorum

1989 1517 2205 1586 c0piosa
2229 1518 2501 1585 congestio
2530 1519 2730 1571 firmius
2759 1518 2957 1585 poterit
2985 1519 3257 1574 roborare.

2061 1610 2214 1662 Arius
2244 1610 2404 1662 dixit:
2438 1610 2696 1675 Quoniam
2741 1610 2843 1663 hoc
2875 1618 2961 1664 tua
3002 1610 3241 1666 decrevit
3263 1615 3522 1670 sententia
3548 1658 3564 1682 ,

1989 1701 2189 1755 debere
2219 1715 2315 1754 nos
2345 1702 2608 1754 rationum
2657 1700 3095 1768 persuasionibus
3126 1711 3180 1756 et
3223 1718 3404 1757 rerum
3437 1721 3566 1759 con-

300 1792 546 1846 mousion
573 1805 772 1859 negare
802 1789 994 1856 debeo,
1026 1788 1148 1858 quia
1194 1789 1293 1842 hoc
1317 1789 1574 1855 scriptum
1607 1787 1747 1841 nude
1775 1803 1880 1842 non
1916 1793 1960 1852 Β
1986 1794 2322 1862 sequentium
2356 1793 2533 1846 causis
2555 1833 2570 1857 ,
2619 1781 2994 1860 praedictorum
3042 1793 3317 1848 nominum
3345 1797 3566 1850 virtutes

299 1884 533 1939 ostendo
557 1925 573 1949 ,
623 1883 934 1938 necessario
966 1881 1188 1936 triusion
1223 1891 1348 1935 tunc
1399 1881 1548 1935 fateri
1600 1880 1770 1934 debeo
1794 1921 1810 1948 ,
1841 1880 1886 1933 si

301 1977 518 2046 proprie
543 1975 773 2044 positum
804 1984 853 2028 te
875 1974 1279 2027 demonstrante
1310 1985 1636 2042 cognovero.

367 2067 527 2120 Arius
556 2065 719 2120 dixit:
749 2064 1008 2119 Subsistit
1031 2063 1243 2132 proprie
1273 2062 1431 2116 Pater
1451 2102 1464 2126 ,
1498 2075 1563 2114 an
1597 2061 1743 2114 non?

368 2159 688 2212 Athanasius
729 2158 896 2211 dixit:
923 2156 1032 2211 Nisi
1065 2155 1195 2210 mihi
1226 2163 1333 2209 tres
1358 2153 1503 2208 usias
1544 2153 1758 2221 proprie
1790 2166 1882 2222 po-

303 2251 430 2306 sitas
460 2251 682 2320 legeris,
708 2249 911 2304 nullum
943 2249 1048 2303 tuis
1077 2245 1586 2315 interrogationibus
1617 2244 1754 2297 dabo
1793 2259 1880 2298 re-

306 2359 590 2413 sponsum.
612 2343 740 2410 Quis
757 2340 901 2396 enim
934 2356 1036 2394 non
1067 2339 1244 2393 videat
1273 2353 1378 2407 quo
1412 2345 1500 2390 tua
1533 2335 1712 2389 tendat
1735 2334 1884 2402 obje-

303 2436 443 2490 ctio?
490 2435 584 2489 Vis
629 2435 772 2489 enim
836 2440 1150 2503 argumento
1198 2428 1403 2484 callida:
1451 2427 1885 2495 interrogatimi‘s

303 2532 547 2585 diversas
597 2528 894 2598 approbare
934 2525 1106 2579 Patris
1141 2533 1194 2578 et
1242 2521 1361 2576 Filii
1395 2521 1755 2585 substantias;
1787 2519 1880 2573 sed

302 2619 634 2689 argumentis
665 2619 752 2673 hic
795 2632 899 2672 non
937 2625 1018 2671 est
1055 2628 1211 2684 opus,
1241 2613 1330 2668 ubi
1361 2611 1726 2666 manifestiore
1757 2624 1879 2678 pro-

302 2714 545 2783 prietatis
594 2709 932 2774 testimonio,
982 2709 1136 2763 trium
1184 2706 1601 2761 substantiarum
1654 2702 1884 2771 exigitur

303 2805 709 2862 documentum.
741 2803 846 2858 Sed
870 2802 914 2856 si
941 2818 969 2855 a
1000 2800 1328 2871 proprietate
1359 2795 1787 2850 testimoniorum
1814 2793 1880 2847 ad

301 2913 480 2955 rerum
508 2894 951 2966 consequentiam
979 2894 1211 2948 transire
1241 2889 1546 2954 desideras,
1584 2888 1684 2940 hoc
1708 2887 1880 2954 ipsum

301 2991 532 3060 publica:
563 2985 908 3042 conscientiae
936 2986 1255 3046 innoteseat,
1290 2997 1393 3035 non
1428 2989 1481 3034 te
1512 2978 1746 3045 potuisse
1779 2987 1883 3030 tres

1993 1887 2280 1957 colligere;
2314 1900 2380 1940 ne
2409 1885 2461 1939 id
2496 1885 2789 1939 Athanasio
2829 1884 3108 1950 videatur,
3140 1885 3454 1942 difficultate
3474 1888 3566 1942 de-

1995 1978 2355 2030 monstrandae
2382 1975 2625 2029 veritatis
2657 1974 2783 2027 nudi
2825 1990 2912 2029 me
2945 1976 3185 2030 vocabuli
3221 1978 3565 2046 proprietatis

1993 2066 2314 2122 documenta
2368 2067 2660 2135 qumsisse,
2693 2065 2760 2119 ita
2809 2065 2996 2119 faciam
3031 2074 3087 2120 ut
3116 2068 3191 2120 tui
3233 2076 3316 2121 est
3365 2068 3566 2123 decreti

1990 2159 2251 2213 sententia
2291 2159 2698 2228 promulgatum.
2741 2159 2848 2227 Ego
2885 2158 3024 2212 enim
3059 2160 3377 2228 compendio
3400 2163 3568 2230 magis

1992 2249 2068 2302 uti
2099 2249 2380 2314 volebam,
2433 2264 2498 2304 ne
2550 2248 2759 2318 longius
2791 2249 3012 2302 rationis
3059 2248 3283 2304 intentio
3345 2266 3566 2320 evaga'a

1991 2341 2252 2412 ambiguis
2283 2343 2530 2397 sensibus
2561 2343 2839 2396 veritatem
2871 2341 3173 2396 obumbret.

2061 2433 2372 2485 Athanasius
2418 2432 2586 2485 dixit:
2629 2431 2744 2485 Non
2795 2439 2970 2496 potest
3002 2431 3132 2485 fides
3162 2432 3348 2486 venire
3388 2432 3440 2486 in
3469 2433 3566 2486 du-

1989 2521 2158 2587 bium,
2207 2538 2327 2592 quae
2373 2533 2454 2578 est
2506 2522 2746 2577 veritatis
2797 2522 2926 2577 fulta
2977 2538 3066 2590 pra
3089 2523 3245 2576 sidio.
3291 2521 3564 2579 Crassiora

1988 2618 2381 2673 mendaciorum
2422 2618 2599 2672 nubila
2641 2618 2853 2686 fulgida:
2909 2618 3149 2672 veritatis
3190 2620 3365 2673 lumen
3399 2619 3561 2673 dissi-

1989 2718 2097 2777 pat.
2141 2708 2256 2762 Non
2307 2709 2447 2762 enim
2502 2716 2679 2775 potest
2731 2709 2960 2776 propriis
2990 2717 3172 2762 carere
3202 2709 3435 2775 viribus,
3467 2711 3559 2778 qui

1989 2813 2092 2851 non
2127 2809 2244 2868 eget
2282 2799 2614 2854 extrinsecus
2643 2798 3016 2868 suffragiorum
3043 2797 3379 2853 adminiculis
3412 2801 3562 2870 adju-

1991 2904 2120 2943 V8“.

331 3075 3562 3105 Μ

1250 3134 1722 3247 LIBER
1797 3134 2624 3250 SECUNDUS.

369 3317 412 3371 ι,
453 3313 522 3368 Et
566 3313 673 3367 alia
716 3312 798 3365 die
849 3307 1048 3363 Probus
1071 3305 1238 3372 judex
1277 3301 1443 3355 dixit:
1487 3299 1749 3365 Quoniam
1783 3310 1876 3351 vos
1905 3300 1948 3362 C
1983 3302 2182 3370 saepius
2219 3303 2285 3357 de
2325 3305 2527 3358 unitate
2578 3303 2894 3358 substantia:
2922 3304 3054 3358 citra
3087 3312 3204 3358 acta
3253 3304 3564 3374 diSputave-

303 3409 418 3464 initi
474 3406 699 3462 frederis
751 3410 902 3473 pacta
947 3393 1309 3453 indeclinabili
1362 3392 1628 3446 sententia
1668 3403 1887 3443 servare

303 3515 404 3554 non
436 3497 645 3561 dubito,
676 3494 867 3564 quibus
896 3488 947 3543 id
986 3486 1137 3542 vobis
1167 3483 1395 3539 invicem
1436 3480 1776 3536 concessisse
1804 3478 1883 3532 vi-

304 3589 524 3650 demini,
559 3595 618 3640 ut
647 3585 802 3638 unius
825 3578 1136 3637 substantia:
1156 3575 1242 3630 vel
1273 3572 1432 3627 trium
1463 3570 1886 3626 substantiaium

303 3680 695 3752 professionem
724 3691 789 3730 ex
811 3673 1114 3728 divinarum
1145 3662 1526 3735 consequentia
1558 3663 1877 3726 litterarum,

304 3775 579 3831 luculento
603 3766 984 3840 disputationis
1012 3761 1257 3819 examine
1277 3754 1639 3826 comprobetis
1655 3769 1668 3806 :
1685 3752 1887 3808 omissa

303 3867 507 3923 scilicet
528 3863 848 3935 quaestione,
877 3858 1258 3913 documentum
1282 3849 1400 3920 puri
1424 3846 1694 3910 vocabuli,
1723 3853 1886 3913 atque

305 3961 521 4030 proprie
555 3957 711 4027 positi
741 3951 1037 4022 exigentis;
1081 3946 1132 4002 id
1160 3946 1266 4014 jam
1297 3957 1439 3996 nunc
1484 3938 1652 4030 ipsius
1701 3936 1885 4030 placiti

305 4027 442 4106 ratio
479 4050 657 4120 poscit
688 4057 766 4112 ut,
797 4050 986 4099 cuncta
1018 4040 1264 4094 humana:
1291 4027 1772 4103 argumentationis
1797 4042 1887 4082 ea-

306 4145 580 4199 villatione
617 4148 846 4202 semota,
887 4134 955 4190 de
980 4131 1146 4187 sacris
1176 4129 1475 4184 divinarum
1507 4121 1885 4177 auctoritatum

317 4235 710 4296 voluminibus,
746 4229 940 4294 Patris,
969 4235 1024 4281 et
1052 4224 1190 4289 Filii,
1224 4232 1276 4276 et
1304 4219 1535 4288 Spiritus
1573 4212 1765 4278 sancti,
1796 4220 1889 4265 aut

309 4345 485 4394 unam,
507 4335 601 4382 aut
623 4326 866 4380 diversas
881 4318 1118 4375 doceatis
1130 4330 1249 4370 esse
1265 4311 1614 4368 substantias.
1636 4309 1710 4362 Ad
1729 4320 1886 4374 quam

310 4425 386 4477 rei
419 4420 812 4492 probationem,
850 4429 954 4468 non
1006 4419 1212 4465 tantum
1248 4408 1328 4477 (ut
1369 4403 1584 4475 opinor)

314 4512 463 4584 ια
489 4517 809 4564 cunctorum
840 4519 974 4574 pene
1014 4500 1320 4557 mortalium
1363 4510 1515 4552 mens
1545 4498 1616 4548 ita
1647 4499 1730 4584 est
1759 4505 1889 4561 pen-

309 4583 426 4657 dula
456 4598 860 4670 exspectatione
891 4608 1149 4663 suspensa
1169 4632 1184 4654 ,
1215 4599 1274 4644 ut
1295 4589 1342 4644 si
1374 4587 1503 4641 tanti
1538 4583 1738 4656 negotii
1775 4596 1887 4636 me-

310 4698 406 4751 rita
434 4701 778 4763 paterentur,
810 4691 929 4744 sine
959 4687 1120 4741 ullius
1150 4684 1255 4738 diei
1303 4677 1882 4749 comperendinatione,

309 4790 387 4843 vel
416 4787 636 4856 alicujus
664 4782 922 4838 momenti
953 4775 1374 4845 intercapedine,
1404 4771 1470 4826 ad
1494 4783 1760 4824 summam
1795 4782 1888 4820 ve-

311 4881 499 4944 ritatis,
521 4886 686 4946 atque
715 4873 918 4928 calcem
963 4866 1417 4924 manifestissimae
1459 4860 1693 4916 notionis
1743 4857 1887 4912 desi-

308 4971 458 5026 deret
486 4967 786 5038 pervenire.
820 4961 974 5019 Unde
1019 4975 1087 5014 ne
1132 4967 1240 5012 tam
1287 4954 1536 5025 religiosa
1569 4949 1804 5005 ﬁdelium
1835 4954 1890 5002 et

307 5062 546 5117 veritatis
591 5058 786 5128 cupida
819 5056 1106 5109 frustretur
1136 5047 1362 5105 intentio
1385 5089 1399 5111 ,
1432 5043 1579 5100 omni
1617 5039 1886 5096 lenocinio

310 5153 594 5206 luxuriosas
616 5146 877 5203 orationis
900 5144 1142 5213 exploso,
1167 5140 1234 5194 de
1257 5153 1338 5202 re,
1360 5137 1427 5191 de
1447 5149 1627 5200 causa,
1652 5133 1720 5187 de
1741 5144 1888 5185 com-

310 5244 634 5313 petentibus,
663 5243 733 5296 de
773 5236 1093 5294 necessariis
1141 5234 1281 5303 agite
1329 5230 1525 5295 rebus,
1561 5241 1775 5282 omnem
1808 5224 1888 5295 (ut

306 5335 443 5400 dixi)
471 5335 758 5389 verborum
799 5328 1056 5382 ambitum
1079 5334 1132 5380 et
1155 5323 1343 5393 procul
1375 5338 1404 5376 a
1444 5335 1603 5375 causa
1628 5325 1886 5384 vagantes

307 5427 635 5481 locutionum
670 5421 915 5490 phaleras
957 5417 1304 5487 leporemque
1338 5424 1647 5468 sermonum
1678 5407 1889 5461 cautius

307 5517 603 5572 evitantes:
638 5523 697 5567 ut
735 5509 1109 5580 disputationis
1138 5513 1332 5562 vestrm
1363 5504 1624 5566 narratio,
1671 5500 1892 5553 veritate

309 5609 479 5676 magis
499 5619 659 5676 quam
689 5603 957 5657 cothurno
983 5598 1239 5654 tumentis
1269 5595 1563 5650 adornetur
1591 5590 1817 5662 eloquii.

388 5701 449 5753 ll.
488 5699 802 5755 Athanasius
849 5697 1012 5753 dixit:
1053 5694 1200 5751 Licet
1227 5688 1543 5757 jamdudum
1591 5687 1781 5744 crebro
1826 5696 1888 5738 ac

1991 3395 2113 3455 rim,
2165 3407 2418 3462 measque
2466 3392 2858 3460 disputationes
2910 3397 3112 3463 scripto
3160 3395 3563 3463 mandaverim,

1989 3484 2185 3554 quibus
2212 3499 2241 3537 a
2271 3501 2355 3540 me
2383 3485 2435 3539 iu
2470 3486 2566 3539 hac
2587 3485 2948 3555 disputatione
2970 3484 3167 3554 aliquid
3194 3485 3314 3539 addi
3339 3487 3565 3555 amplius

1990 3591 2093 3629 non
2127 3576 2328 3643 possit:
2361 3586 2537 3630 tamen
2565 3574 2687 3645 quia
2731 3576 2844 3630 haec
2871 3575 3207 3631 extrinsecus
3251 3577 3396 3631 nullo
3427 3578 3566 3631 emi-

1990 3682 2092 3721 nus
2113 3666 2432 3720 adversante
2459 3669 2597 3720 dicta
2626 3675 2770 3733 sunt,
2801 3681 3022 3721 necesse
3049 3667 3216 3722 habeo
3242 3666 3355 3721 base
3380 3671 3566 3721 eadem

1990 3765 2254 3824 repetere,
2287 3769 2340 3813 et
2372 3759 2423 3811 in
2473 3758 2573 3813 hoc
2601 3758 2830 3828 publicae
2860 3757 3091 3812 actionis
3137 3772 3359 3812 examen
3410 3773 3494 3813 em
3520 3768 3568 3813 t-

1991 3857 2128 3914 tere,
2156 3864 2260 3918 quo
2296 3846 2503 3918 possint
2541 3851 2613 3903 tui
2642 3848 2826 3918 judicii
2854 3850 3119 3903 sententia
3153 3849 3420 3903 roborari.

2061 3939 2262 3993 Probus
2283 3941 2449 4009 judex
2477 3941 2644 3994 dixit:
2681 3941 2736 3995 Si
2785 3955 2889 3994 non
2935 3939 3134 3995 fuerint
3179 3941 3289 3994 Arii
3335 3940 3569 4011 replica-

1991 4032 2224 4088 tiouihus
2255 4041 2469 4087 tenuata
2491 4073 2506 4098 ,
2541 4042 2666 4086 tunc
2697 4044 2880 4086 nostra
2926 4040 3176 4103 poterunt
3209 4031 3409 4086 firmazi
3442 4049 3570 4086 sen-

1991 4133 2212 4246 ‘elliur'ius
2238 4194 2366 4247 dixit
2390 4209 2409 4246 :
2439 4192 2633 4262 thuid
2661 4192 2742 4245 ha:
2769 4191 3030 4246 fraudium
3060 4191 3340 4245 tendiculre
3364 4206 3560 4260 propn-

1990 4286 2219 4340 nuntur?
2259 4284 2452 4353 thuid
2485 4285 2538 4338 in
2570 4283 2867 4353 patrocinio
2917 4280 3158 4336 nefanda:
3209 4281 3522 4335 assertionis
3547 4321 3562 4344 ,

1618 4371 1758 4465 mea;
1789 4398 1886 4453 sed
1984 4376 2180 4445 judicis
2231 4375 2492 4430 sententia
2528 4371 2886 4442 praeoptatur?
2918 4375 3150 4441 Agamus
3200 4371 3372 4437 primo
3417 4371 3559 4437 quod

1991 4469 2143 4523 nobis
2194 4467 2458 4539 agendum
2507 4466 2800 4520 necessitas
2846 4462 3281 4518 demonstranda:
3324 4462 3563 4516 veritatis

1990 4559 2233 4630 imponit.
2267 4557 2564 4613 lnculcetur
2589 4556 2821 4609 humano
2843 4554 3045 4608 auditui
3071 4553 3192 4608 ﬁdei
3222 4563 3418 4607 nostrae
3443 4568 3568 4622 pru-

1913 4679 1967 4739 D
1994 4652 2174 4706 fessio.
2226 4650 2528 4721 Percipiant
2560 4647 2760 4718 judicia
2806 4648 2998 4718 quibus
3042 4646 3214 4700 modis
3261 4647 3564 4715 quibusque

1994 4746 2306 4808 rationibus,
2342 4743 2533 4814 quibus
2586 4741 2820 4810 denique
2867 4739 3205 4792 documentis
3247 4748 3428 4791 nostra
3460 4736 3567 4790 ful-

1992 4838 2162 4893 ciatur
2186 4836 2444 4891 assertio:
2475 4842 2671 4889 ettunc
2698 4833 2913 4886 demum
2943 4829 3422 4899 promuigationem
3444 4843 3565 4882 seu-

1995 4932 2194 4999 lentim,
2220 4945 2338 5001 quae
2367 4944 2430 4984 ex
2459 4937 2646 4982 nostro
2677 4925 2858 4992 utique
2885 4937 3216 4992 nequaquam
3249 4919 3445 4990 pendet
3474 4935 3564 4973 ar-

1993 5025 2152 5080 bitrio
2191 5026 2256 5078 de
2280 5023 2460 5092 judice
2491 5063 2504 5086 ,
2528 5017 2935 5090 postulabimus.

2067 5117 2266 5171 Probus
2279 5117 2443 5185 judex
2462 5114 2627 5169 dixit:
2659 5109 2991 5167 Praefationis
3015 5124 3168 5175 mem,
3204 5123 3371 5176 nuper
3393 5105 3442 5159 in
3469 5103 3567 5157 hoc

1995 5209 2219 5264 actionis
2257 5207 2521 5277 principio
2552 5205 2765 5267 habitat,
2797 5212 2850 5258 et
2875 5200 3180 5270 sponsionis
3222 5206 3415 5252 vestrae
3459 5195 3568 5247 du-

1995 5305 2120 5358 dum
2172 5298 2458 5370 praateritis
2489 5298 2653 5368 gestis
2685 5299 2918 5359 insertm,
2963 5291 3273 5348 meminisse
3319 5295 3569 5355 oportet,

1991 5395 2186 5466 quibus
2217 5394 2267 5447 id
2299 5400 2600 5462 peroratum
2639 5399 2722 5445 est
2743 5431 2757 5456 ,
2785 5387 3002 5442 omissis
3056 5378 3340 5449 superﬂuis
3386 5375 3450 5429 ad
3481 5392 3571 5430 ar.

1994 5503 2109 5542 cem
2141 5486 2338 5555 negotii
2367 5483 2566 5539 debere
2607 5479 2883 5536 descendi.
2922 5473 3071 5543 Quod
3113 5471 3320 5524 debetis
3351 5469 3569 5524 tandem

1996 5577 2286 5648 aliquando
2313 5577 2577 5631 factitare.

2069 5672 2222 5727 Arius
2251 5669 2422 5725 dixit:
2452 5662 2894 5724 DoceatPatrem,
2924 5663 2976 5711 et
3006 5652 3293 5716 Filium,et
3319 5649 3575 5722 Spiritum
