4026 6176
285 370 369 424 ΞΜ
1095 366 1365 423 CONTRA
1408 368 1720 431 ARIANOS,
1763 365 2251 426 SABELLIANUS,
2298 366 2471 429 ETC.,
2515 366 2621 419 UB
2687 364 2745 421 li.

3431 368 3531 421 2οἳ

283 485 799 554 generesubsistens,
827 482 1859 536 substantia:sineintemeratam'videtur
1888 490 1930 542 Α
1966 481 2127 535 idest
2157 497 2218 534 ex
2266 482 2554 533 substantia
2607 495 2699 534 sua
2736 480 2929 533 Filium
2974 494 3232 547 generare
3291 495 3393 534 non
3442 498 3531 547 po-

285 590 497 628 servare
544 586 809 627 naturam.
843 574 933 626 Sin
966 585 1141 626 autem
1175 574 1259 624 lux
1295 591 1356 625 ex
1402 589 1458 624 se
1498 574 1745 626 tenebras
1774 574 1847 640 gi-

281 676 420 731 gnat,
456 663 736 717 mutationi
767 664 994 715 obnoxia
1028 666 1152 729 crit,
1205 665 1424 716 alterius
1466 682 1495 716 a
1543 679 1601 716 se
1642 665 1852 732 generis

284 759 557 812 materiam
590 760 855 819 tribuens;
883 758 1000 826 quia
1030 757 1079 808 in
1111 758 1210 808 ltoc
1261 757 1696 809 intumtabilitatis
1744 772 1851 807 sua:

283 850 537 902 illibatam
580 848 770 916 poterit
814 862 1027 901 servare
1076 849 1447 912 substantiam,
1481 849 1522 900 si
1572 847 1669 900 hoc
1712 846 1850 915 quod

284 942 385 1007 ipsa
417 948 521 1005 est,
576 940 843 992 ministret
887 955 949 991 ex
981 954 1117 991 sese.
1166 941 1427 992 Caeterum
1468 938 1533 1001 si,
1569 938 1770 997 ntdixi,
1802 938 1850 989 id

280 1032 416 1099 quod
448 1046 518 1085 ex
544 1046 603 1085 se
648 1030 828 1085 tribuit
854 1030 995 1083 aliud
1023 1032 1124 1083 erit
1150 1045 1306 1097 quam
1335 1030 1446 1097 ipsa
1487 1046 1605 1097 qua:
1646 1029 1849 1095 tribuit,

283 1131 405 1174 tunc
434 1122 655 1175 alterius
696 1123 1006 1175 substantia":
1057 1121 1159 1174 dici
1210 1121 1592 1189 poterit;qnod
1636 1119 1853 1174 omnino

284 1222 589 1265 naturarum
617 1212 849 1264 omnium
891 1211 1136 1279 qualitas,
1172 1211 1252 1264 vel
1286 1212 1438 1275 ordo,
1472 1212 1551 1264 vel
1584 1211 1718 1264 ratio
1742 1222 1851 1263 ‘non

280 1302 530 1355 admittit.
562 1303 670 1371 Age
697 1317 854 1365 nunc,
881 1302 982 1370 iam
1018 1302 1058 1353 si
1087 1302 1310 1361 videtur,
1341 1316 1368 1353 a
1393 1300 1618 1354 terrenis
1648 1316 1709 1355 ac
1732 1301 1852 1354 visi-

280 1393 470 1447 bilibns
518 1397 568 1446 in
595 1397 868 1461 superiora
911 1397 1103 1447 tuentis
1140 1393 1352 1445 oculum
1387 1394 1672 1462 erigamus,
1703 1403 1755 1447 et
1789 1408 1853 1447 ex

280 1484 357 1535 bis
409 1499 533 1551 quae
586 1484 722 1537 facta
779 1490 921 1543 sunt,
981 1482 1189 1535 infecta:
1252 1482 1463 1535 virtutis
1500 1482 1851 1536 substantiam

280 1586 701 1641 cognoscamus,
761 1572 1065 1641 apostolica)
1117 1572 1460 1625 auctoritatis
1511 1571 1684 1625 edocti
1740 1587 1850 1624 ma-

276 1664 536 1731 gisterio,
603 1678 709 1730 quo
766 1662 894 1716 dicit
956 1662 1279 1716 invisibilem
1346 1660 1501 1733 15.8
1552 1662 1853 1715 Divinilatis

279 1755 527 1806 virtutem
594 1770 659 1807 ex
708 1753 789 1807 liis
854 1768 973 1821 qua:
1036 1755 1171 1806 tacta
1219 1762 1343 1807 sunt
1379 1755 1574 1807 debere
1622 1753 1849 1821 intelligi

1957 572 2139 625 tuisse.
2182 573 2292 636 Ego
2329 574 2468 624 enim
2505 573 2551 625 id
2582 582 2787 635 astruo,
2813 573 2863 624 id
2895 573 3188 625 clarissima
3218 575 3366 625 vocis
3413 590 3533 641 pro-

1956 661 2184 713 fossione
2225 677 2495 734 assetero,
2527 666 2666 731 quod
2699 666 2833 717 sicut
2877 664 3018 717 Deus
3066 665 3431 731 impassibilis,
3460 667 3530 719 ita

1955 764 2003 803 et
2037 753 2370 819 omnipotens
2413 762 2511 806 est.
2547 753 2723 805 (Iredo
2752 754 2819 807 de
2846 768 2938 807 sua
2963 756 3196 820 potuisse
3236 756 3531 809 substantia

1953 856 2229 907 generare,
2260 858 2355 895 nec
2386 851 2560 895 tamen
2612 843 2835 910 alicujus
2876 846 3138 911 passiOnis
3175 845 3304 897 vitio
3351 847 3533 913 subje-

1956 942 2095 984 ctum
2141 930 2319 984 fuissc.
2355 934 2613 997 Quoniam
2647 935 2859 999 divisio,
2891 935 3147 988 deritatio
3168 976 3180 995 .
3210 937 3530 1000 contractio,

1954 1026 2209 1089 accessio,
2246 1025 2438 1085 ﬁ-axns,
2464 1028 2541 1080 vel
2575 1027 2619 1079 si
2666 1042 2767 1095 qua
2812 1027 3110 1095 huiusmodi
3138 1043 3276 1082 esse
3309 1040 3532 1097 possunt

1953 1128 2147 1179 genera
2175 1116 2499 1181 passionum,
2519 1118 2789 1184 corporeis
2811 1129 2862 1171 et
2885 1120 3357 1173 contrectabilibns
3374 1133 3532 1190 atque

1955 1219 2019 1257 cx
2076 1205 2383 1259 diversitate
2428 1208 2746 1275 compositis
2795 1211 3117 1263 conveniunt
3169 1212 3346 1264 rebus.
3396 1212 3533 1266 Deus

1954 1309 2101 1361 vero,
2127 1296 2212 1363 qui
2238 1297 2394 1350 nullis
2416 1300 2691 1364 corporeis
2714 1299 3043 1353 schematum
3076 1301 3531 1357 circumscribitur

1956 1387 2142 1453 signis,
2172 1402 2269 1439 ncc
2301 1387 2564 1454 aliquibus
2591 1390 2934 1458 distinguitur
2978 1392 3336 1445 membrorum
3370 1393 3531 1448 linea-

1958 1481 2167 1543 mentis,
2201 1480 2325 1532 vitio
2345 1482 2622 1549 subiacere
2655 1498 2758 1536 non
2789 1494 2959 1550 potest
2987 1488 3267 1551 passionis.
3299 1488 3359 1541 Et
3389 1500 3532 1543 recte

1957 1570 2007 1622 in
2038 1586 2103 1624 eo
2129 1574 2528 1637 generationem
2587 1573 2860 1639 proﬁteor,
2894 1577 3011 1643 quia
3043 1580 3223 1646 genuit
3252 1597 3262 1630 :
3291 1590 3347 1633 et
3388 1596 3532 1635 recte

1956 1662 2352 1731 itnpassibiliter
2408 1665 2754 1723 nihilominus
2777 1668 3055 1733 conﬁteor,
3085 1673 3209 1739 quia
3268 1675 3532 1741 ρςιδςὶὶιὶιὶς

1958 1770 2224 1822 nunquam
2251 1753 2365 1807 fuit.

278 1844 468 1911 (Rom.
496 1861 533 1908 t,
580 1844 647 1897 ‘20
672 1844 711 1911 ).
758 1844 893 1897 Dicit
941 1856 1069 1913 ergo
1122 1844 1310 1906 Arius,
1377 1840 1567 1896 Filium
1619 1860 1683 1897 ex
1747 1843 1847 1897 Pa-
1886 1835 1928 1893 Β
2029 1844 2133 1897 Vll.
2162 1845 2314 1898 Arius
2358 1847 2490 1899 dixit
2518 1863 2536 1900 :
2560 1848 2691 1902 Nunt
2724 1850 2882 1919 igitur
2911 1854 3031 1920 quia
3062 1853 3113 1907 itt
3143 1850 3251 1908 Deo
3279 1857 3529 1923 omnipo-

279 1946 352 1988 tre
401 1947 585 1989 natum
641 1949 799 1998 esse,
850 1945 903 1988 et
953 1935 1114 1987 Deum
1167 1932 1330 1986 Deum
1376 1935 1639 2001 genuisse,
1679 1935 1853 1989 lucem

277 2025 468 2079 lucem.
507 2026 561 2079 In
590 2039 691 2092 qua
737 2024 1065 2093 professione
1096 2040 1258 2077 unum
1304 2024 1409 2078 erit
1435 2040 1465 2077 e
1494 2024 1698 2078 duobus
1734 2042 1855 2092 pro—

274 2115 527 2169 culdubio
557 2116 915 2169 retinendum.
948 2117 1053 2169 Aut
1098 2114 1239 2169 enim
1263 2130 1325 2169 ex
1358 2117 1538 2183 seipse
1570 2130 1850 2185 generous,

275 2207 319 2259 id
348 2206 495 2274 quod
530 2208 643 2274 ipse
682 2212 763 2259 cst
790 2206 994 2273 genuit,
1018 2215 1071 2259 et
1101 2206 1169 2259 ob
1216 2210 1318 2259 hoc
1363 2205 1528 2260 Filius
1553 2223 1673 2262 cum
1697 2207 1856 2261 Patre

274 2299 425 2351 unius
473 2298 787 2352 substantia:
811 2298 935 2352 erit.
970 2300 1068 2351 Aut
1100 2300 1143 2351 si
1179 2298 1400 2353 alterius
1435 2314 1466 2353 a
1524 2316 1585 2355 se
1643 2301 1856 2369 generis

270 2389 437 2444 Deum
468 2390 673 2459 genuit,
701 2405 825 2445 vera
875 2390 1125 2443 nativitas
1176 2390 1279 2443 dici
1324 2407 1428 2444 non
1485 2392 1703 2459 poterit,
1732 2407 1850 2459 qua:

275 2482 653 2549 proprietatem
686 2480 995 2535 substantiae
1021 2480 1232 2549 generis
1263 2496 1476 2536 serrare
1508 2498 1613 2536 non
1645 2484 1852 2551 potuit:

274 2582 322 2624 et
350 2586 417 2626 eo
458 2572 841 2641 disputationis
891 2574 1028 2627 ratio
1074 2572 1375 2637 deducitur,
1408 2583 1464 2626 nt
1504 2585 1597 2627 aut
1635 2576 1855 2629 omnino

274 2673 423 2717 natus
451 2677 560 2716 non
611 2666 703 2725 sit,
749 2673 840 2716 aut
892 2662 1247 2732 degeneratus
1273 2664 1361 2717 sit.
1390 2664 1541 2729 Quod
1573 2674 1854 2734 utrumque

272 2753 423 2808 fateri
448 2755 739 2810 absurdum
766 2764 820 2809 et
860 2756 1078 2826 impium
1104 2772 1224 2811 esse
1266 2758 1555 2812 videbitur.

340 2844 425 2896 Vl.
470 2843 669 2897 Probus
700 2845 868 2914 jndea:
917 2846 1049 2899 dixit
1088 2846 1189 2901 :Si
1218 2848 1343 2914 qttid
1394 2847 1495 2901 sibi
1525 2856 1707 2902 contra
1743 2849 1853 2903 lucc

274 2935 424 2989 Arius
451 2946 757 3005 competere
784 2936 949 3001 novit,
980 2937 1195 2993 edicere
1227 2954 1329 2992 non
1357 2948 1614 2994 moretur.

338 3028 490 3080 Arius
513 3028 645 3080 dixit
669 3044 689 3081 :
711 3027 977 3097 Simplicis
1004 3045 1064 3084 ac
1084 3030 1426 3084 immutabilis
1449 3041 1652 3086 natura:
1685 3034 1850 3087 Deum

272 3132 405 3182 esse,
444 3133 548 3171 non
572 3133 696 3172 reor
724 3120 1067 3175 Athanasium
1095 3120 1360 3190 ignorare.
1390 3120 1490 3189 Qui
1524 3122 1591 3189 si,
1624 3130 1680 3176 ttt
1710 3124 1850 3178 idem

1959 1937 2122 1989 tentia
2162 1938 2413 2005 denegari
2456 1955 2560 1992 non
2613 1951 2804 2009 potest,
2838 1942 3035 1997 idcirco
3062 1959 3123 1998 ea
3163 1961 3284 1999 cum
3327 1949 3530 2014 perpeti

1960 2043 2064 2082 non
2087 2042 2245 2095 posse
2273 2029 2541 2083 fatendum
2572 2040 2673 2097 est,
2697 2047 2814 2098 qua:
2836 2034 3055 2086 omnino
3080 2033 3381 2100 incorrupta
3412 2036 3531 2104 eius

1958 2119 2253 2175 divinitatis
2283 2122 2577 2176 substantia
2606 2138 2709 2176 non
2743 2125 2948 2191 recipit.
2996 2124 3146 2178 Unde
3192 2125 3345 2180 valde
3377 2128 3531 2180 inho—

1960 2220 2167 2263 nestum
2197 2220 2248 2263 et
2276 2211 2408 2263 satis
2449 2211 2721 2279 impietate
2766 2213 2977 2280 plenum
3018 2212 3304 2277 videbitur,
3337 2222 3393 2267 ut
3437 2228 3531 2282 per

1958 2304 2115 2354 unius
2144 2300 2535 2369 professionem
2577 2302 2909 2368 substantiae,
2946 2316 3044 2358 nec
3076 2303 3284 2358 Patrem
3319 2307 3531 2372 proitrie

1959 2394 2273 2456 subsistere,
2307 2408 2403 2447 nec
2436 2394 2624 2447 Filium
2657 2395 2709 2447 in
2738 2408 2831 2447 sua
2865 2396 3189 2463 proprietate
3234 2404 3378 2451 stare
3415 2410 3530 2451 cre-

1959 2483 2167 2537 damus.
2194 2484 2321 2538 llluc
2352 2486 2491 2537 enim
2522 2485 2760 2552 perﬁdia:
2784 2485 2897 2553 eius
2928 2484 3101 2553 pergit
3129 2485 3372 2550 intentio,
3405 2500 3528 2555 per-

1959 2572 2162 2637 mixtis,
2196 2584 2249 2629 et
2279 2576 2330 2628 in
2368 2576 2526 2628 unius
2557 2575 2631 2629 rei
2676 2576 3042 2644 coagulatione
3068 2592 3132 2630 ex
3175 2576 3400 2630 diversis
3420 2578 3530 2630 col-

1958 2667 2107 2721 tecds
2129 2676 2287 2734 atque
2327 2666 2560 2720 contusis
2586 2666 2758 2719 Patris
2786 2678 2839 2720 et
2871 2666 2986 2719 Filii
3014 2667 3279 2735 personis,
3322 2666 3374 2719 in
3406 2680 3525 2731 sua,

1959 2767 2015 2812 ut
2041 2758 2169 2823 dixi,
2200 2757 2541 2825 proprietatis
2578 2759 2948 2826 singularitate
2978 2757 3198 2811 minime
3224 2757 3527 2812 subsistere

1956 2847 2185 2901 valeant.
2216 2846 2347 2900 Illud
2368 2847 2525 2899 etiam
2558 2847 2717 2901 nimis
2744 2847 3090 2909 horrendum,
3115 2857 3169 2900 et
3194 2846 3377 2915 procul
3406 2862 3435 2900 a
3463 2848 3528 2900 ﬁ-

1956 2936 2150 2991 delium
2180 2936 2450 2992 mentibus
2479 2935 2887 3003 removendum,
2929 2936 2981 2989 in
3032 2937 3131 2990 hac
3180 2949 3284 2992 tua:
3324 2937 3528 3007 profes-

1955 3028 2123 3082 sionis
2153 3028 2371 3096 perﬁdia
2406 3028 2731 3091 continetur,
2780 3027 3144 3082 inviolabilem
3184 3027 3417 3093 Patrem,
3457 3031 3525 3084 de

1957 3134 2049 3176 sua
2071 3121 2363 3176 substantia
2404 3120 2712 3189 generando
2750 3120 3112 3186 corruptionis
3150 3133 3212 3175 ac
3242 3120 3518 3176 divisiottis

272 3208 514 3272 asseruit,
542 3210 611 3263 de
659 3223 752 3262 sua
785 3210 1080 3265 substantia
1111 3216 1404 3281 generavit,
1429 3214 1695 3267 mutabilis
1727 3229 1849 3283 pro-
1878 3182 1922 3245 Ο
1958 3214 2142 3267 vitium
2172 3214 2442 3267 declinare
2470 3213 2692 3267 minime
2723 3212 2980 3280 potuisse.

271 3299 516 3354 culdnbio
554 3301 673 3353 erit.
722 3299 950 3357 Necesse
991 3312 1073 3357 est
1114 3304 1280 3368 enim,
1305 3318 1369 3356 ex
1400 3316 1520 3358 sese
1549 3304 1686 3373 quod
1734 3304 1848 3371 ipse

273 3400 348 3444 est
389 3393 715 3459 generando,
743 3404 834 3447 aut
882 3404 1086 3463 partem
1132 3395 1446 3449 substantia:
1491 3409 1583 3463 per
1639 3394 1849 3449 deriva-

272 3482 425 3534 tionis
452 3484 852 3552 generationem
885 3484 1207 3553 perdidisse,
1229 3495 1319 3537 aut
1348 3486 1623 3539 divisioois
1666 3486 1850 3539 vitium

273 3577 467 3641 perpeti
521 3577 777 3643 potuisse.
837 3577 945 3645 Ego
973 3577 1115 3632 enim
1150 3577 1240 3631 Dei
1270 3577 1442 3631 Patris
1470 3578 1847 3641 substantiam,

273 3680 436 3733 neque
482 3681 549 3718 ex
597 3681 717 3719 sese
755 3666 956 3735 aliquid
1000 3668 1251 3732 edidisse,
1298 3683 1467 3737 neque
1522 3670 1572 3721 in
1624 3670 1850 3736 partium

274 3756 549 3821 qualitates
602 3756 891 3810 derivatatn
948 3756 1130 3823 fuisse,
1179 3772 1350 3826 neque
1402 3759 1721 3813 accessionis
1762 3772 1854 3815 attt

285 3846 662 3909 detractionis,
706 3849 787 3901 vel
834 3832 1031 3917 aliiiuid
1078 3850 1413 3914 huiusmodi,
1444 3850 1580 3918 quod
1631 3850 1698 3904 sit
1729 3866 1851 3920 pas-

274 3941 399 3993 sioni
433 3942 730 3994 obnoxium
756 3943 992 3997 sensisse
1016 3984 1031 4008 ,
1074 3942 1158 3995 vel
1206 3942 1404 3996 Sentire
1453 3942 1687 4010 potuis'se
1720 3956 1851 3996 cen-

276 4027 449 4083 fneor.

341 4121 650 4174 Athanasius
697 4121 1003 4176 dixit:Scd
1058 4138 1230 4191 neque
1288 4138 1385 4176 nos
1436 4123 1516 4176 Itis
1550 4124 1854 4191 passionum

275 4212 665 4266 conditionibus
695 4214 925 4267 divinam
956 4215 1223 4267 credimus
1272 4213 1550 4281 subiacere
1579 4223 1851 4277 naturam;

276 4309 363 4361 sed
386 4310 439 4361 in
472 4308 555 4361 liis
588 4308 969 4376 impassibilem
1006 4308 1240 4370 Patrem,
1274 4306 1669 4375 itnpassibilitcr
1696 4323 1762 4361 ex
1792 4321 1851 4360 se

279 4398 406 4466 ipso,
424 4398 475 4453 id
492 4399 654 4454 eStde
670 4414 734 4453 eo
749 4401 889 4468 quod
908 4400 1021 4467 ipse
1037 4409 1140 4464 est,
1161 4398 1348 4452 Filium
1372 4398 1619 4467 genuisse
1632 4398 1859 4453 ﬁdeliter

279 4490 615 4543 conﬁtemur.
648 4487 755 4543 Nec
784 4504 880 4542 nos
908 4488 1228 4542 divisionum
1263 4488 1345 4542 Vel
1377 4487 1760 4542 derivationum
1790 4503 1854 4542 ac

280 4580 523 4644 partium,
544 4589 965 4647 cunctarumque
1015 4594 1194 4632 rerum
1232 4579 1493 4647 passionis
1517 4593 1712 4647 genera
1740 4593 1858 4646 tum

282 4670 419 4722 inani
448 4669 820 4723 sollicitudinis
866 4669 1059 4722 timore
1099 4680 1249 4722 actus
1299 4670 1535 4738 obiicere
1561 4669 1795 4733 voluisti,
1826 4683 1855 4721 a

280 4758 627 4823 professionis
675 4759 901 4812 veritate
955 4757 1283 4821 deﬁcetunt;
1311 4767 1371 4811 ut
1418 4772 1667 4825 negemus
1692 4757 1856 4810 Deum

279 4864 341 4899 ex
373 4852 550 4918 seipso
577 4849 648 4902 ob
676 4849 776 4903 hoc
805 4865 1063 4920 generare
1095 4865 1201 4903 non
1235 4850 1488 4918 potuisse,
1524 4865 1591 4904 nc
1619 4849 1858 4903 videatur

280 4938 359 4990 bis
403 4939 749 5005 passionibus
798 4940 1098 5007 subiacere.
1151 4940 1286 5005 Quid
1325 4939 1484 5006 igitur
1529 4938 1852 5006 religiosius,

277 5029 466 5094 quidve
496 5032 735 5083 sanctius
784 5045 848 5084 ac
898 5030 1166 5083 Dianitati
1199 5029 1580 5099 congruentius
1607 5028 1856 5099 (obsecro

276 5133 387 5181 vos,
412 5133 445 5171 ο
487 5118 807 5188 auditores.)
845 5119 1031 5187 iudicii
1062 5135 1212 5187 atque
1264 5124 1415 5173 lance
1470 5129 1710 5187 pensato.
1739 5118 1859 5171 Eri-

278 5210 381 5275 gite
431 5210 626 5263 mentis
675 5210 892 5273 oculos,
934 5218 987 5261 et
1034 5211 1323 5263 terriﬁcum
1385 5209 1544 5262 futuri
1596 5209 1856 5263 examinis

278 5303 415 5355 diem
465 5312 785 5366 metuentes,
830 5301 953 5369 quid
986 5303 1152 5369 magis
1199 5302 1479 5355 catholica:
1528 5310 1688 5369 atque
1718 5315 1851 5369 apo-

276 5392 471 5445 stolicze
500 5404 758 5459 congruat
788 5394 1020 5456 veritati,
1049 5393 1296 5459 religiosa
1330 5392 1525 5444 mentis
1558 5392 1857 5445 intentione

283 5480 435 5551 149
465 5483 777 5551 perspicite;
813 5496 988 5535 tttrum
1040 5483 1189 5536 fateri
1238 5482 1653 5547 omnipotentem
1694 5482 1858 5534 Deum

278 5571 675 5640 impas‘ibilitcr
714 5589 782 5626 ex
821 5574 997 5639 seipse
1043 5572 1239 5626 Filium
1289 5584 1598 5638 generasse,
1630 5585 1697 5624 an
1730 5570 1858 5624 illud

277 5664 448 5727 potius
461 5666 688 5732 epinari,
716 5681 779 5718 tte
796 5665 1005 5732 pas-inn
1030 5680 1054 5717 s
1078 5666 1199 5719 vitio
1225 5664 1549 5734 subiaceret,
1574 5678 1637 5717 ex
1654 5663 1852 5732 scipso,

562 5756 828 5815 Pnnon.
878 5755 1062 5814 LXII.

2028 3303 2338 3356 Athanasius
2361 3302 2492 3356 dixit
2515 3317 2533 3355 :
2565 3302 2801 3356 Veritate
2821 3301 3015 3354 divinte
3036 3302 3419 3370 generationis,
3444 3318 3530 3357 vc-

1952 3395 2031 3448 lut
2058 3392 2209 3446 nodis
2253 3391 2625 3445 insolubilibus
2653 3391 2853 3445 atctius
2881 3392 3168 3460 obligatus,
3208 3409 3300 3460 per
3341 3397 3523 3449 nescio

1954 3503 2073 3559 quae
2100 3486 2343 3542 nefandae
2379 3485 2689 3540 intentionis
2737 3485 3032 3547 molimina,
3063 3486 3256 3551 quibus
3293 3486 3526 3541 divinam

1952 3588 2156 3633 certum
2185 3588 2264 3630 est
2286 3588 2471 3629 carere
2501 3584 2764 3639 naturam,
2788 3574 3045 3628 evadendi
3071 3573 3355 3643 sutfugiutn
3381 3592 3529 3644 qua:-

1955 3672 2143 3733 ritans,
2179 3667 2576 3734 corruptionem
2611 3666 2937 3731 incorrupta,
2985 3667 3288 3732 passionem
3321 3667 3518 3733 impas-

1953 3759 2114 3821 sibili,
2148 3759 2510 3826 impotentiam
2543 3756 2734 3823 obiicis
2770 3757 3122 3823 omnipotenti
3160 3765 3253 3809 :ct
3282 3758 3383 3811 hoc
3411 3772 3529 3812 cre-

1957 3851 2054 3902 bro
2097 3863 2160 3902 ac
2204 3849 2397 3915 sapius
2445 3858 2693 3914 repetens
2736 3845 2878 3898 nulla
2920 3855 2971 3899 te
2996 3843 3191 3898 divina:
3231 3844 3527 3912 maiestatis

1956 3940 2248 3993 reverentia
2278 3953 2304 3989 a
2331 3946 2436 3991 tam
2468 3937 2709 3991 nefandis
2726 3935 3121 4004 objectionibns
3155 3936 3310 4004 150
3337 3949 3524 3988 arcere

1956 4032 2231 4098 (quantum
2256 4029 2432 4096 video)
2448 4037 2621 4095 potest
2643 4029 2768 4087 :sed
2792 4028 2907 4079 sine
2933 4026 3042 4079 ullo
3070 4026 3285 4092 pudoris
3310 4025 3524 4090 intuitu,

1955 4122 2006 4173 in
2036 4119 2286 4186 iniuriam
2308 4117 2624 4171 veneranda:
2648 4115 2765 4169 Filii
2796 4116 3091 4170 nativitatis
3123 4114 3312 4168 obvius
3337 4126 3529 4183 prope-

1955 4223 2075 4264 rare
2094 4207 2389 4261 contendis.
2413 4206 2516 4259 Sed
2539 4216 2591 4259 te
2610 4205 2918 4259 eﬁ'renatius
2940 4210 3280 4274 evagantem,
3304 4216 3357 4258 et
3380 4206 3530 4259 velut

1953 4298 2142 4355 undosi
2167 4299 2395 4367 tequoris
2413 4297 2641 4367 gurgite,
2668 4297 2893 4349 naturali
2912 4296 3142 4365 quadam
3166 4297 3378 4351 licentia
3408 4297 3532 4352 ﬂui-

1957 4400 2178 4451 tantem,
2226 4388 2421 4441 diviute
2454 4387 2789 4440 auctoritatis
2837 4387 3140 4441 testimonia
3179 4388 3527 4451 coercebunt,

1962 4480 2160 4535 etintra
2186 4493 2358 4533 certos
2383 4479 2577 4531 divinae
2599 4477 2942 4545 professionis
2966 4477 3161 4532 limites
3175 4488 3526 4544 coarctatum,

1966 4572 2210 4641 legalium
2237 4571 2671 4623 constitutiottuttt
2699 4579 2867 4624 metas
2886 4569 3064 4638 egredi
3097 4585 3201 4623 non
3220 4570 3420 4624 sinent.
3448 4571 3530 4624 lno

1964 4661 2136 4715 culcat
2175 4659 2333 4730 igitur
2363 4660 2613 4712 Ιιιιιιιιιιιίε
2641 4660 2910 4722 sensibus,
2938 4675 3093 4714 sacro
3125 4660 3216 4715 illo
3243 4659 3528 4729 professio—

1967 4754 2048 4806 nis
2092 4766 2200 4805 suat
2229 4750 2447 4803 oraculo
2493 4749 2673 4802 divina
2707 4750 2979 4817 maiestas,
3007 4766 3112 4818 quo
3151 4766 3211 4805 se
3244 4751 3434 4805 Filium
3464 4751 3533 4805 de

1964 4843 2189 4897 occultis
2218 4841 2529 4895 substantia:
2549 4857 2661 4895 sua:
2686 4844 2897 4896 arcanis
2920 4842 3258 4898 inetl‘.ibiliter
3284 4845 3534 4912 genuisse

1968 4945 2191 4989 testatur
2215 4948 2264 4988 et
2306 4934 2472 4988 dicit:
2528 4932 2607 4987 Ex
2636 4943 2779 4987 utero
2825 4945 2940 4986 ante
2977 4933 3273 5003 Luciferum
3300 4937 3451 5005 genui
3487 4946 3535 4988 te

1965 5027 2134 5096 (Psat.
2166 5042 2271 5085 (δικ.
2293 5028 2368 5093 5).
2403 5026 2576 5079 Unum
2609 5036 2689 5079 est
2726 5042 2853 5096 ergo
2883 5027 2934 5081 in
2964 5029 3063 5083 hac
3102 5028 3296 5083 divinat
3325 5027 3532 5097 profes-

1965 5118 2133 5172 sionis
2178 5118 2566 5171 contestatione
2613 5118 2973 5172 retinendum.
3027 5122 3130 5172 Aut
3153 5119 3293 5173 enim
3327 5119 3395 5173 de
3441 5131 3535 5171 sua

1964 5210 2215 5263 ineﬁabili
2244 5209 2537 5261 substantia
2570 5206 2763 5262 Filium
2807 5210 3288 5279 incorruptibiliter
3326 5210 3533 5277 genuit,

1963 5313 2054 5353 aut
2102 5316 2169 5354 ne
2198 5312 2637 5367 corrumperetur
2670 5302 2887 5355 omnino
2915 5317 3019 5354 non
3062 5301 3266 5368 genuit.
3302 5300 3407 5354 Sed
3436 5312 3536 5365 ego

1966 5392 2101 5445 hanc
2133 5392 2354 5459 integrae
2383 5390 2504 5444 ﬁdei
2539 5402 2745 5459 partem
2770 5392 2930 5459 eligo,
2954 5407 3073 5458 qua:
3091 5390 3393 5457 religiosius
3409 5404 3537 5444 con-

1967 5482 2180 5537 testanti
2209 5482 2275 5536 de
2305 5496 2362 5536 se
2395 5481 2502 5535 Dco
2535 5480 2724 5536 suadet
2756 5480 3115 5534 famulandum
3145 5494 3159 5531 :
3194 5491 3294 5533 nec
3323 5492 3410 5533 me
3433 5478 3536 5532 ulla

1966 5573 2209 5627 humana:
2239 5571 2502 5641 passionis
2530 5571 2829 5634 obstacula,
2862 5585 2928 5624 ex
2952 5567 3291 5622 inﬁdelitatis
3316 5569 3539 5625 sacrile-

1961 5662 2049 5729 gio
2073 5662 2448 5727 descendentia
2471 5662 2734 5717 ullatenus
2759 5667 3008 5731 poterunt
3037 5672 3313 5725 revocare,
3341 5670 3400 5716 ut
3427 5677 3534 5717 mes

3224 5750 3264 5813 7
