4026 6176
463 280 567 336 205

1771 280 1998 337 “Cll.”
2038 277 2410 337 TAPSENSIS

3622 281 3724 337 2M

462 402 563 455 rite
594 414 699 455 non
747 396 958 453 credam
1001 397 1170 452 Deum
1219 409 1475 483 generare
1528 394 1788 465 potuisse,
1835 410 1903 450 ne
1936 397 2036 449 ltu-
2071 399 2117 457 Α
2151 404 2402 448 utrumne
2443 407 2562 461 ego,
2610 393 2700 462 qui
2742 393 2810 447 ob
2836 392 2936 448 hoc
2990 394 3145 448 unius
3188 395 3500 449 substantice
3535 396 3722 449 Filium

463 504 636 544 mana:
673 488 1073 545 consuetudinis
1105 501 1253 544 more
1274 488 1601 554 corruptioni
1638 487 1871 555 petierit
1907 487 2035 541 sub-

458 578 668 647 iacere;
708 595 830 634 cum
866 578 967 632 hoc
996 577 1125 631 ntilti
1166 581 1297 631 satis
1322 591 1441 631 esse
1467 592 1571 629 non
1600 576 1836 631 dubitem
1876 576 2034 646 proﬁ-

460 672 703 733 tendum,
728 669 797 725 de
834 669 925 723 Dei
955 669 1248 723 substantia
1280 678 1461 720 natum
1484 680 1605 722 esse
1634 683 1792 736 quem
1825 677 2036 722 constat

461 764 531 817 de
562 761 731 816 Patris
762 771 914 815 utero
942 761 1293 829 processisse.

537 851 667 908 Vill.
693 853 845 905 Arius
882 852 1011 905 dixit
1053 867 1071 905 :
1101 853 1365 919 Quantum
1401 862 1503 903 tute
1536 849 1927 918 prosecutionis
1956 850 2033 902 in-

463 943 628 997 tentio
676 950 955 1007 monstrat,
1002 942 1357 1009 compositum
1404 941 1559 994 nobis
1603 950 1657 994 et
1703 940 2031 1009 corruptioni

460 1033 749 1088 obnoxium
804 1033 885 1087 vis
933 1033 1273 1087 introducere
1326 1033 1513 1097 Deum,
1557 1032 1646 1100 qui
1676 1032 1836 1086 etiam
1886 1032 1935 1084 in
1968 1047 2034 1086 eo

461 1122 795 1191 corporalem
827 1120 963 1176 uteri
986 1120 1399 1190 appellationem
1428 1121 1671 1188 accipere
1692 1135 1795 1193 non
1819 1121 2030 1174 metuis.

460 1214 689 1269 Necesse
712 1229 839 1283 ergo
861 1216 963 1267 erit
986 1225 1043 1267 ut
1085 1224 1173 1267 aut
1203 1214 1459 1268 membris
1478 1213 1806 1280 compositus
1845 1212 1937 1277 sit,
1988 1212 2032 1266 si

460 1316 668 1359 uterum
692 1305 883 1368 habet;
916 1315 1002 1357 aut
1032 1303 1361 1369 corruptioui
1397 1305 1478 1373 (ut
1507 1303 1645 1371 dixi)
1673 1302 1957 1366 obnoxius,
1987 1306 2032 1357 si

459 1396 525 1451 de
553 1396 847 1450 sobstantia
876 1410 969 1448 sua
994 1395 1285 1464 generavit.

530 1488 843 1540 Athanasius
865 1486 1037 1539 dixit:
1072 1488 1235 1542 ltectc
1280 1502 1366 1541 tne
1397 1486 1447 1540 id
1492 1487 1728 1542 sensisse
1757 1503 2029 1559 argueres,

458 1578 504 1632 si
524 1592 622 1646 ego
643 1576 810 1631 Deum
838 1586 1044 1631 uterum
1075 1576 1297 1641 habere,
1318 1581 1528 1645 propria
1554 1578 1868 1634 temeritatis
1897 1594 2031 1647 pra:-

459 1670 785 1737 suntptione,
826 1670 943 1724 sine
974 1670 1083 1723 ttllo
1128 1670 1328 1724 divinae
1358 1671 1492 1739 legis
1540 1672 1848 1726 testimonio
1884 1672 2024 1726 afﬁr-

2138 501 2258 541 cum
2290 487 2446 540 Patre
2475 501 2595 541 esse
2638 490 2914 556 profiteor,
2944 488 3085 556 quod
3114 487 3362 542 videlicet
3398 502 3465 541 ex
3498 487 3635 554 ipso,
3668 501 3721 541 et

2138 593 2245 632 non
2270 579 2482 631 aliunde
2509 577 2839 646 dignoscitur
2868 586 3056 630 natus:
3090 584 3145 631 et
3164 577 3232 629 ob
3261 577 3362 631 hoc
3396 591 3605 630 rursntn
3641 578 3721 629 in-

2135 667 2554 735 corruptibiliter
2569 670 2816 736 genuisse
2839 669 3110 736 proﬁteor,
3133 668 3254 736 quia
3274 667 3721 721 esCellentissitna

2136 756 2330 811 divina:
2363 756 2653 825 maiestatis
2674 757 2966 810 substantia
2995 772 3089 825 per
3109 756 3190 810 sui
3215 755 3535 811 itteﬁabiletti
3566 758 3722 828 152

2138 847 2427 914 potentiam
2461 846 2793 915 corruptiooi
2826 830 3104 913 subiacere
3144 860 3249 899 non
3288 855 3480 913 potest.
3510 849 3590 901 An
3622 850 3723 902 is'e

2136 938 2222 1004 qui
2251 937 2303 990 in
2337 945 2482 990 tanto
2525 935 2773 1002 ancipitis
2815 936 3189 1005 intelligentia:
3220 936 3533 991 discrimine
3581 940 3723 1005 posi-

2138 1037 2222 1083 tus
2246 1036 2347 1092 est,
2384 1037 2441 1081 ttt
2460 1043 2567 1097 quo
2593 1029 2713 1083 fidei
2741 1043 2853 1083 Suae
2879 1028 3064 1097 pedem
3090 1039 3255 1099 ponat
3278 1030 3502 1084 nesciat.
3521 1031 3721 1086 Nolens

2136 1118 2277 1173 enim
2309 1118 2554 1173 conﬁteri
2584 1119 2751 1174 Deum
2784 1119 2852 1174 de
2886 1134 2981 1173 sua
3009 1121 3305 1174 substantia
3339 1122 3720 1192 incorruptibi-

2136 1209 2260 1265 liter
2284 1211 2558 1279 genuisse,
2610 1210 2661 1264 itt
2694 1226 2811 1266 eam
2838 1211 3195 1267 confessionis
3227 1216 3600 1269 necessitatem
3640 1225 3720 1268 at-

2136 1303 2384 1366 trahitur,
2420 1311 2477 1356 ut
2506 1311 2658 1370 neget
2692 1302 3016 1357 omnimodis
3047 1304 3321 1373 genuisse.
3348 1304 3459 1360 Sed
3492 1308 3592 1359 hoc
3636 1309 3719 1373 ip-

2135 1410 2252 1449 sum
2284 1409 2499 1464 negare,
2528 1395 2870 1450 obviantibus
2899 1396 3136 1465 undique
3176 1406 3229 1451 et
3271 1396 3416 1451 clara
3459 1400 3719 1453 vocifera-

2136 1485 2280 1539 tione
2303 1484 2756 1551 cxclamantibus,
2811 1486 2923 1540 sive
2975 1487 3319 1555 propheticis,
3351 1490 3464 1544 sive
3505 1498 3718 1558 aposto-

2137 1575 2253 1630 licis
2281 1575 2506 1630 vocibus
2534 1591 2804 1644 nunquam
2833 1578 2952 1633 sine
2973 1577 3135 1633 dubio
3161 1580 3374 1647 poterit.

2205 1664 2272 1719 Χ.
2310 1665 2511 1720 Probus
2537 1666 2705 1736 judex
2745 1668 2870 1720 dixit
2912 1682 2929 1719 :
2966 1668 3232 1736 Quidquid
3262 1668 3315 1722 in
3347 1668 3446 1724 hac
3475 1684 3719 1737 prosecu-

458 1776 711 1817 massem.
748 1765 817 1817 At
853 1777 973 1817 cum
1007 1763 1121 1831 ipse
1158 1762 1299 1816 Deus
1327 1764 1392 1816 ad
1424 1762 1769 1817 refellendam
1809 1764 2027 1818 credere

2137 1755 2335 1811 tionem
2375 1765 2675 1812 vestrarum
2705 1760 3002 1814 assertione
3039 1776 3365 1830 cognoscere
3395 1764 3564 1829 potui,
3593 1764 3715 1816 ulti-

457 1852 753 1907 nolentium
807 1852 1093 1920 insaniam,
1140 1852 1245 1907 hoc
1273 1856 1341 1908 de
1370 1854 1549 1924 seipse
1582 1856 1926 1925 pronuntiare
1956 1855 2036 1910 di-

457 1955 651 2014 gnatus
672 1955 776 2011 est,
807 1961 915 2015 quo
939 1945 1242 2001 evidentius
1264 1960 1360 2015 per
1385 1947 1519 2001 uteri
1553 1947 2031 2016 nuncupationem,

458 2054 565 2094 non
586 2039 947 2101 etttrinsecus,
984 2053 1088 2091 non
1131 2039 1374 2103 aliunde;
1410 2038 1504 2095 sed
1530 2038 1599 2093 de
1628 2039 1829 2107 seipse,
1863 2039 1915 2093 id
1954 2051 2037 2095 est

457 2132 526 2186 de
547 2146 639 2186 sua
659 2130 952 2187 substantia
984 2128 1176 2185 Filium
1197 2143 1486 2200 generasse
1506 2131 1753 2196 doceret;
1792 2146 1887 2187 cur
1905 2131 2033 2186 mihi

461 2225 670 2277 vitiosae
717 2223 1054 2278 credulitatis
1098 2231 1252 2277 notas
1292 2222 1490 2291 infigis,
1541 2237 1662 2277 cum
1711 2224 1813 2279 hoc
1860 2224 2036 2293 potius

464 2316 573 2369 Deo
609 2316 790 2371 dicere
835 2315 1044 2384 possis:
1079 2315 1135 2369 Si
1169 2314 1335 2369 habes
1364 2326 1600 2379 uterum,
1638 2315 1790 2386 151
1816 2329 2035 2385 compo-

458 2406 596 2460 situs
638 2406 765 2462 eris.
800 2406 855 2462 Si
887 2406 954 2461 de
987 2416 1038 2462 te
1065 2406 1185 2476 ipso
1214 2405 1467 2476 genuisti,
1497 2407 1830 2475 corruptioni
1859 2407 2032 2461 obno-

460 2500 581 2553 xius
609 2498 737 2555 eris.
771 2498 903 2554 Nam
948 2498 1022 2553 ita
1066 2500 1118 2553 itt
1156 2486 1273 2554 Dee
1299 2508 1483 2555 uterus
1517 2500 1633 2555 siue
1661 2499 1841 2566 aliqua
1867 2514 2036 2556 metu-

459 2589 674 2644 brorum
699 2588 1089 2658 compositione
1105 2590 1387 2658 accipitur,
1418 2589 1554 2645 sicut
1606 2590 1748 2645 oeuli
1778 2598 2033 2656 etaures,

456 2688 510 2734 et
531 2694 720 2735 manus
735 2687 793 2735 et
818 2680 998 2749 pedes,
1018 2679 1136 2735 sine
1164 2680 1288 2736 ullis
1313 2681 1715 2737 distinctionum
1742 2682 2036 2737 lineamen-

462 2772 531 2826 tis
559 2772 735 2827 iuessc
755 2773 1081 2827 referuntur.
1134 2773 1284 2829 Sicut
1311 2788 1440 2843 ergo
1469 2774 1675 2840 oculos,
1703 2775 1827 2843 quia
1854 2774 2033 2831 omnia

456 2863 622 2932 videt,
672 2878 831 2919 aures
871 2864 994 2935 quia
1033 2865 1213 2919 omnia
1257 2865 1426 2931 audit,
1460 2880 1651 2920 manus
1677 2867 1800 2935 quia
1842 2876 2032 2921 cuncta

452 2963 730 3026 eperatur,
762 2954 927 3025 pedes
951 2956 1075 3024 quia
1106 2956 1301 3025 ubique
1322 2964 1443 3019 est;
1468 2958 1539 3012 ita
1573 2959 1940 3028 uterum,quia
1965 2958 2034 3014 de

454 3047 634 3115 seipse
655 3044 995 3100 ineﬂabiliter
1016 3045 1220 3114 genuit,
1244 3046 1489 3116 accipere
1517 3047 1703 3102 debes.

2140 1862 2225 1903 ma
2252 1849 2511 1904 examinis
2541 1850 2711 1904 nostri
2739 1851 3006 1908 sententia
3031 1853 3307 1907 retinebit.
3340 1855 3491 1910 Nunc
3517 1870 3644 1909 vero
3678 1855 3725 1909 si

2138 1956 2242 2012 qua
2272 1941 2425 1997 vobis
2466 1941 2642 1997 adhuc
2678 1942 2746 1997 de
2780 1943 2973 1999 divinis
3021 1944 3321 2014 Scripturis
3361 1946 3483 2001 fidei
3528 1956 3720 2001 vestrae

2141 2033 2495 2099 congruentia
2540 2047 2823 2102 superesse
2854 2035 3070 2103 putatis,
3114 2036 3351 2105 proferre
3389 2036 3714 2107 dignamini,

2137 2139 2247 2194 quo
2281 2123 2539 2179 facillime
2566 2139 2829 2194 queamus
2867 2141 3121 2195 processu
3156 2128 3553 2197 disputationis,
3595 2130 3720 2199 quid

2138 2216 2252 2270 veri
2276 2217 2411 2269 ratio
2436 2216 2707 2270 contineat
2733 2216 3005 2284 indagare.

2208 2308 2362 2363 Arius
2393 2308 2554 2364 dixit:
2576 2307 2729 2374 Quod
2760 2317 2864 2363 tant
2891 2308 3145 2364 brevibus
3165 2318 3218 2365 et
3238 2311 3442 2381 exiguis
3468 2310 3717 2381 qtttestiu-

2137 2403 2293 2458 nibus
2317 2402 2464 2457 omni
2511 2402 2600 2457 illa
2628 2402 3001 2471 disputationis
3048 2418 3181 2458 mea:
3230 2406 3541 2481 narratione
3583 2419 3713 2459 usus

2137 2511 2278 2563 Sum,
2300 2496 2589 2553 Christiani
2616 2498 2833 2568 pudoris
2854 2512 2915 2552 ac
2943 2499 3277 2554 verecundia:
3306 2498 3421 2565 fuit,
3454 2508 3510 2553 ut
3535 2498 3718 2565 dispu-

2138 2589 2353 2642 tationis
2397 2597 2595 2642 nostra:
2634 2597 2833 2643 trames
2890 2588 3093 2643 levibus
3140 2588 3478 2643 inchoaretur
3528 2588 3714 2642 initiis.

2135 2680 2243 2737 Sed
2272 2680 2395 2751 quia
2427 2679 2582 2734 video
2627 2680 2978 2734 Athanasium
3023 2681 3325 2749 perSpicua‘.
3351 2680 3592 2735 veritatis
3632 2693 3715 2733 re-

2137 2771 2500 2826 bnstissimam
2525 2770 2828 2826 ﬁrtnitatem
2858 2770 3175 2841 quibusdam
3207 2772 3544 2829 arictantium
3567 2787 3715 2841 qua:-

2138 2863 2374 2917 stionum
2404 2861 2821 2931 impulsionibus
2842 2871 3087 2931 quatere,
3132 2865 3313 2917 acrius
3340 2873 3525 2918 contra
3566 2877 3711 2927 eum,

2135 2961 2186 3008 et
2228 2951 2454 3009 validius
2482 2953 2674 3019 epinor
2711 2952 3093 3008 dimicandum.
3149 2952 3289 3007 Dicit
3342 2968 3471 3024 ergo
3501 2951 3713 3007 Patrem

2134 3050 2190 3097 et
2213 3042 2405 3098 Filium
2432 3043 2587 3097 unius
2618 3058 2739 3098 esse
2767 3044 3101 3113 substantiae,
3146 3044 3241 3098 sed
3270 3044 3358 3098 illa
3391 3046 3713 3098 intemerata

531 3132 620 3191 IX.
648 3137 756 3190 Nec
805 3145 856 3189 te
883 3145 1100 3205 oportet
1147 3136 1435 3192 infideliter
1476 3139 1721 3205 opinari,
1742 3140 1865 3208 quia
1896 3141 1939 3193 si
1966 3140 2033 3196 de
2062 3132 2110 3195 C
2143 3132 2535 3202 ineli'abilisque
2557 3136 2811 3204 essentia,
2835 3149 2954 3205 quae
2973 3135 3129 3189 Pater
3156 3144 3260 3200 est,
3285 3149 3382 3189 nec
3411 3134 3718 3189 redundans

454 3243 513 3283 se
543 3229 660 3297 ipso
678 3228 879 3296 genuit,
914 3228 1184 3295 corrumpi
1214 3228 1395 3296 utique
1425 3230 1626 3297 potuit;
1653 3245 1811 3299 quem
1842 3240 1899 3286 ut
1918 3246 2031 3285 om.

456 3319 786 3387 nipotentem
828 3327 885 3372 et
922 3317 1401 3386 incorruptibiliter
1448 3334 1709 3388 generare
1769 3322 2030 3389 potuerit,

453 3422 559 3463 nec
583 3409 681 3463 hac
708 3408 820 3478 ipsa
842 3408 1192 3477 generatione
1212 3410 1481 3479 corrumpi
1513 3411 1772 3479 potuerit,
1803 3412 2032 3469 ﬁdeliter

452 3500 706 3555 convenit
751 3499 1014 3569 proﬁteri.
1065 3498 1198 3555 Nam
1231 3499 1281 3555 si
1327 3500 1645 3557 mirabiliter
1695 3516 1763 3557 ex
1812 3503 2033 3574 Virgine

450 3602 642 3646 contra
711 3606 891 3645 rerum
971 3600 1219 3650 naturam
1269 3592 1746 3662 incorruptibiliter
1796 3597 2034 3652 creditur

454 3693 635 3750 natus,
665 3692 869 3752 quanto
913 3683 1082 3752 magis
1111 3697 1182 3737 ex
1217 3683 1372 3738 Patre
1394 3685 1696 3740 credendus
1736 3695 1817 3742 est
1854 3687 2032 3743 incor-

455 3763 780 3845 ruptibiliter
826 3774 1077 3843 genitus?
1122 3775 1178 3832 Si
1230 3776 1375 3829 enim
1420 3776 1792 3832 substantialis
1841 3789 2029 3834 natura

455 3866 708 3935 Virginis,
747 3879 870 3935 qua:
913 3879 980 3919 ex
1020 3865 1135 3935 ipsa
1182 3867 1367 3936 utique
1403 3867 1772 3935 corruptibilis
1825 3877 2033 3924 natura:

450 3958 791 4023 conditione,
822 3955 1058 4026 passioni
1100 3965 1155 4010 et
1176 3957 1505 4026 corruptioni
1534 3959 1704 4027 potuit
1728 3958 2029 4029 subjaeere,

454 4052 770 4106 intemerata
816 4047 1035 4117 pudoris
1064 4048 1395 4118 integritate,
1438 4055 1496 4103 et
1520 4048 1763 4106 infractis
1802 4051 2031 4122 virgina-

453 4143 595 4197 libus
631 4141 903 4209 claustris,
942 4140 1205 4194 mirabilis
1256 4140 1675 4210 iucorruptionis
1724 4141 2034 4211 integritate

452 4234 619 4287 filium
650 4230 951 4301 generavit;
995 4245 1091 4285 cur
1138 4245 1249 4284 non
1280 4232 1450 4299 magis
1480 4232 1562 4297 (ut
1588 4231 1723 4302 dixi)
1755 4233 2035 4300 incorrup-

446 4322 655 4376 tibiletn
698 4322 887 4385 Deum,
918 4319 1105 4390 genito
1128 4334 1196 4373 ex
1236 4334 1296 4374 se
1338 4320 1823 4390 incorruptibiliter
1874 4321 2029 4385 Filio,

446 4412 722 4481 corrumpi
745 4425 849 4465 non
874 4411 1109 4480 potuisse
1127 4410 1448 4465 credamus?
1473 4411 1517 4466 Ο
1538 4426 1735 4466 novum
1762 4421 1924 4483 atque
1950 4414 2034 4468 in-

2135 3240 2369 3295 unquam
2392 3225 2445 3279 in
2466 3239 2526 3280 se
2556 3225 2670 3294 ipsa
2699 3226 2814 3293 fuit,
2846 3235 2905 3281 ut
2928 3227 3121 3282 merito
3144 3226 3299 3297 quasi
3328 3226 3719 3281 exuberatione

2133 3316 2384 3386 quadam,
2431 3316 2549 3372 sine
2579 3317 2776 3372 damno
2816 3320 2927 3385 sui,
2966 3319 3019 3372 in
3048 3317 3236 3373 eadem
3279 3317 3581 3372 substantia
3625 3334 3720 3386 ge-

2132 3409 2308 3464 nuerit
2346 3406 2561 3474 Filium,
2590 3424 2709 3464 cum
2736 3409 2852 3478 ejus
2879 3410 3132 3465 essentia:
3158 3425 3276 3480 qua:
3305 3411 3425 3466 aliis
3464 3409 3719 3465 omnibus

2134 3497 2339 3554 inﬁnita
2379 3509 2540 3569 atque
2576 3500 2835 3554 immensa
2864 3500 2956 3567 sit,
2986 3509 3042 3554 et
3066 3500 3396 3570 incorporea,
3427 3500 3555 3555 nihil
3596 3515 3719 3556 esse

2133 3592 2303 3660 possit
2322 3592 2645 3646 exuberans.
2672 3590 2948 3660 Siquidem
2978 3590 3456 3647 determinatorum
3479 3592 3548 3646 sit
3574 3608 3713 3645 exu-

2134 3682 2350 3751 berare,
2383 3681 2523 3752 quod
2555 3690 2641 3736 est
2679 3680 2832 3750 quasi
2860 3688 3008 3735 extra
3047 3696 3107 3735 se
3150 3680 3333 3736 lluere.
3368 3683 3507 3737 Deus
3536 3696 3720 3736 autem

2132 3774 2222 3842 qui
2256 3774 2501 3834 universa
2545 3771 2940 3841 complectitur,
2972 3772 3213 3842 nihilque
3242 3782 3397 3828 extra
3426 3788 3486 3829 se
3527 3773 3719 3837 habet.

2132 3872 2224 3917 aut
2252 3878 2359 3933 quo
2382 3864 2628 3921 difﬂuere
2658 3875 2857 3935 potest,
2889 3877 2981 3923 aut
3009 3867 3247 3924 infinitus
3267 3883 3372 3939 quo
3402 3871 3596 3939 poterit
3625 3885 3719 3926 re-

2134 3953 2407 4020 dundare;
2452 3955 2577 4010 dum
2600 3956 2849 4013 difﬂuere
2880 3972 3065 4013 eorum
3103 3969 3186 4014 est
3216 3960 3306 4029 qui
3334 3960 3603 4029 accipiunt
3631 3962 3722 4015 in-

2134 4048 2447 4101 crementa?
2478 4048 2579 4114 Qui
2630 4048 2674 4102 si
2705 4048 2909 4117 accepit
2947 4049 3253 4118 aliquando,
3284 4064 3503 4105 necesse
3531 4059 3613 4105 est
3659 4059 3724 4105 ιιι

2135 4151 2349 4207 semper
2386 4138 2636 4209 accipiat,
2685 4147 2741 4195 et
2786 4139 3133 4195 nihilominus
3173 4141 3284 4210 pari
3329 4140 3725 4197 exuberatione

2135 4237 2411 4297 semperet
2431 4240 2672 4299 generet.
2694 4230 2789 4286 Sin
2809 4241 2992 4287 autem
3014 4232 3341 4288 incrementa
3364 4247 3469 4287 non
3485 4232 3725 4300 accepit,

2136 4318 2277 4388 quod
2312 4319 2413 4387 ipsi
2459 4322 2621 4375 etiam
2669 4321 2920 4386 fatemur,
2965 4337 3067 4377 nec
3106 4322 3241 4388 fluit,
3282 4338 3383 4377 nec
3426 4324 3723 4379 redundat.

2137 4410 2288 4475 Quod
2322 4412 2424 4465 tale
2465 4427 2586 4466 cum
2618 4414 2776 4470 Patre
2821 4430 2942 4470 esse
2972 4414 3202 4481 dicatur,
3237 4432 3359 4469 cum
3395 4416 3582 4470 Filium
3621 4432 3724 4486 ge-

446 4502 671 4557 fandem
725 4513 1081 4557 monstruosa:
1108 4502 1378 4570 opinionis
1425 4502 1786 4559 damnabilem
1829 4516 2028 4560 metum
2065 4494 2256 4555 Dnnit
2300 4517 2363 4554 ex
2412 4517 2552 4569 sese,
2596 4505 2948 4560 substantiam
2991 4520 3142 4561 suam
3195 4508 3373 4576 utique
3430 4507 3612 4561 divisit
3662 4510 3729 4563 in

453 4593 609 4647 fateri
644 4592 914 4663 Virginem
954 4600 1105 4662 partu
1138 4607 1244 4646 non
1270 4606 1427 4661 posse
1450 4597 1744 4663 corrumpi,
1768 4605 1824 4650 et
1847 4594 2032 4651 formi-

449 4684 582 4738 dare
626 4683 815 4749 Deum,
850 4698 919 4737 ne
951 4682 1309 4752 corruptionis
1351 4681 1480 4736 vitio
1522 4684 1849 4752 subiaceret,
1878 4687 1921 4740 si
1964 4686 2032 4742 de

449 4788 549 4829 sua
597 4775 894 4829 substantia
928 4788 1187 4842 generare
1226 4773 1520 4841 potuisset!
1578 4772 1802 4829 Volente
1872 4776 2032 4846 igitur

453 4867 588 4930 Deo,
630 4864 1004 4935 corruptibilis
1044 4874 1248 4918 natura:
1298 4864 1461 4935 Virgo
1509 4864 1629 4920 sine
1669 4866 1778 4920 ullo
1805 4881 2030 4937 corrup-

444 4959 614 5013 tionis
652 4957 783 5011 vitio
827 4962 1140 5027 generavit:
1174 4966 1229 5011 et
1275 4958 1391 5028 ipse
1428 4959 1517 5028 qui
1571 4959 2028 5030 incorruptibilior

446 5050 659 5105 cunctis
681 5049 890 5104 naturis
928 5050 1403 5119 iucorruptibiliter
1453 5052 1697 5120 praestitit
1744 5068 2023 5123 generare,

447 5143 552 5198 hoc
571 5141 674 5196 sibi
699 5150 955 5209 prastare
977 5155 1082 5195 non
1106 5141 1301 5209 potuit,
1327 5153 1387 5195 ut
1405 5142 1473 5196 de
1498 5158 1591 5197 sua
1614 5144 1908 5199 substantia
1934 5145 2029 5198 Fi-

446 5234 577 5288 lium
608 5230 1079 5301 incorruptibilitcr
1115 5244 1376 5301 generare
1421 5233 1692 5300 potuerit?
1720 5232 1860 5301 Ergo
1900 5234 2023 5302 quia

450 5327 618 5380 Dm
651 5324 722 5380 de
741 5325 919 5394 seipse
946 5322 1136 5377 Filium
1156 5335 1446 5391 generasse
1476 5334 1532 5377 et
1550 5323 1849 5378 divinarum
1876 5324 2025 5380 Scri-

453 5430 726 5485 pturarnm
756 5427 1019 5474 testantur
1038 5415 1269 5485 eloquia,
1316 5416 1445 5469 etin
1473 5431 1567 5469 sua
1600 5417 1652 5469 id
1682 5418 1841 5471 Arius
1870 5434 2019 5486 supe-

447 5511 591 5563 riore
615 5512 987 5578 prosecutiene
1010 5510 1181 5563 fassus
1207 5515 1307 5571 est,
1329 5507 1505 5577 iudica
1534 5510 1796 5577 (virorum
1825 5510 2026 5578 optime

451 5598 643 5661 Probe)
669 5601 788 5666 quis
810 5601 978 5670 magis
1007 5615 1127 5655 cum
1164 5598 1359 5654 divinis
1387 5602 1671 5654 conveniat
1708 5600 2025 5671 Scripturis,

2146 4593 2300 4664 153
2332 4593 2560 4659 Filium;
2600 4606 2652 4651 et
2694 4608 2964 4664 paternam
3008 4599 3378 4653 tantummodo
3416 4611 3539 4655 ante
3584 4603 3724 4655 sub-

2138 4686 2407 4753 stantiam,
2424 4701 2523 4754 pro
2539 4698 2651 4741 rata
2675 4699 2820 4756 parte
2843 4700 3103 4743 secretam
3126 4707 3154 4744 a
3175 4705 3314 4755 sese,
3342 4706 3405 4745 ac
3427 4702 3727 4757 resectam,

2140 4777 2331 4833 Filium
2380 4780 2677 4832 nominavit
2719 4797 2731 4831 :
2783 4789 3096 4851 tantumque
3142 4782 3243 4837 sibi
3271 4782 3503 4839 detraxit
3534 4784 3731 4849 Pater,

2138 4876 2394 4936 quantum
2426 4866 2478 4921 in
2507 4867 2700 4922 Filium
2732 4871 2974 4925 contulit.
2997 4873 3114 4939 Quo
3142 4881 3316 4927 tamen
3357 4873 3530 4942 ipsum
3560 4872 3733 4940 quid-

2133 4956 2259 5026 quid
2288 4966 2373 5012 est
2418 4956 2602 5023 Filius,
2636 4968 2729 5013 aut
2756 4959 2917 5015 hodie
2954 4971 3105 5016 caret
3135 4962 3312 5028 Pater,
3354 4975 3410 5018 et
3438 4962 3733 5031 perfectus

2134 5069 2239 5108 non
2269 5062 2382 5109 est:
2412 5062 2503 5127 aut
2523 5068 2588 5108 eo
2616 5055 2661 5108 si
2686 5070 2791 5109 non
2822 5054 3048 5123 indiget,
3068 5056 3219 5125 quasi
3247 5056 3521 5126 superfluo
3542 5056 3739 5111 abun-

2133 5149 2301 5206 davit.
2329 5151 2480 5216 Quod
2515 5162 2796 5221 utrumque
2825 5154 2875 5206 in
2902 5152 3067 5207 Deum
3097 5170 3201 5209 non
3231 5156 3397 5220 cadit,
3427 5171 3548 5209 cum
3576 5163 3633 5210 et
3669 5158 3743 5213 in

2137 5239 2238 5293 hoc
2268 5241 2383 5309 ipso
2412 5240 2626 5310 quidem
2657 5242 2829 5296 Patris
2858 5252 2913 5298 et
2942 5243 3059 5298 Filii
3087 5260 3282 5301 nomen
3312 5261 3433 5302 esse
3459 5261 3565 5301 non
3589 5261 3739 5316 pos-

2133 5332 2224 5396 sit,
2250 5332 2338 5385 ubi
2373 5347 2478 5387 non
2530 5334 2705 5388 habita
2736 5336 3011 5403 generatio
3054 5346 3157 5401 est,
3206 5337 3300 5391 sed
3348 5340 3522 5406 potius
3571 5337 3741 5395 facta

2134 5422 2380 5475 discissio
2424 5441 2436 5475 :
2491 5432 2599 5476 tum
2630 5423 3019 5492 quod~necesse
3046 5436 3148 5491 est,
3179 5442 3343 5482 eritne
3370 5428 3512 5493 quod
3540 5428 3739 5486 dividi

2134 5523 2328 5582 potest,
2354 5529 2508 5583 posse
2527 5517 2819 5586 corrumpi.
2852 5518 2987 5585 Qnte
3010 5518 3075 5583 si,
3100 5529 3155 5573 ut
3186 5522 3581 5575 manifestatum
3602 5532 3741 5588 est,

2135 5608 2189 5662 in
2213 5608 2320 5663 Deo
2341 5623 2463 5664 esse
2492 5624 2596 5664 non
2625 5620 2868 5679 possunt,
2896 5627 2992 5667 cur
3017 5628 3122 5667 non
3154 5615 3328 5680 potius
3349 5614 3637 5669 voluntatis
3670 5628 3750 5673 et
