4026 6176
340 330 445 385 235

1130 334 1399 390 CONTRA
1441 336 1757 404 ARIANOS,
1797 340 2287 407 SABELLIANOS,
2333 340 2513 407 ETC.,
2558 340 2683 394 LIB.
2729 340 2789 395 ll.

3482 348 3588 405 206

339 440 575 497 caritatis
594 455 716 496 esse
744 436 939 497 Filium
961 444 1312 499 conﬁtemur?
1344 447 1474 512 Qua:
1495 446 1707 515 quidem
1732 449 1916 504 volun-
1945 459 1989 514 Α
2022 450 2158 516 acta,
2185 451 2434 505 ﬁnalibus
2457 460 2619 518 queat
2647 452 2821 507 modis
2849 456 3048 520 arceri;
3084 458 3334 525 quoniam
3361 459 3479 528 eius
3507 472 3590 516 est

342 539 446 594 tas,
479 545 547 583 ne
574 532 628 584 in
674 531 983 587 hominibus
1018 534 1235 602 quidem
1282 535 1448 590 libera
1475 548 1557 592 est
1589 539 1787 605 minus,
1818 556 1914 597 ne-

341 621 469 674 dum
498 623 552 675 in
595 621 705 676 Deo
735 623 915 691 aliqua
946 624 1059 694 lege
1085 633 1355 680 teneatur.
1384 626 1485 693 Qui
1517 629 1564 681 si
1595 644 1699 683 non
1730 639 1811 685 est
1836 632 1916 684 Fi-

341 711 446 765 lius
467 711 775 776 voluntatis,
803 725 1045 782 superest
1076 727 1131 768 ut
1157 726 1374 770 coactus
1396 718 1535 771 Deus
1564 722 1714 786 quasi
1743 720 1917 787 aliqua

341 804 460 872 lege
485 812 690 858 naturae
718 804 914 859 Filium
938 804 1167 862 edidisse
1189 808 1452 861 videatur.
1484 808 1541 862 ln
1572 824 1674 878 qua
1704 811 1916 877 quidem

340 895 709 962 generatione.
764 895 812 950 si
861 896 913 951 id
958 897 1196 964 genitum
1244 906 1348 962 est,
1398 900 1544 968 quod
1590 909 1709 955 erat
1744 902 1917 965 Pater,

342 984 590 1051 quadam
629 983 802 1039 Patris
832 999 957 1054 pars
992 984 1158 1041 Filius
1190 987 1527 1049 nominatur;
1555 989 1921 1057 incertumque

343 1080 428 1125 est
452 1071 585 1141 quid
605 1071 784 1136 Pater,
808 1072 935 1141 quid
969 1073 1135 1129 Filius
1164 1073 1359 1130 debeat
1390 1076 1680 1143 nominari,
1707 1091 1829 1132 cum
1866 1079 1919 1132 in

346 1159 480 1215 duas
502 1170 685 1230 partes
714 1162 938 1231 adzeque
961 1168 1030 1218 sit
1048 1163 1220 1219 divisa
1244 1164 1557 1219 substantia.

414 1250 514 1310 Xl.
543 1251 679 1307 Illud
707 1267 836 1307 vero
862 1255 1003 1323 quod
1029 1255 1183 1325 quasi
1229 1254 1297 1310 ad
1343 1259 1727 1326 proprietatem
1770 1270 1922 1315 natu-

349 1342 482 1396 ralis
508 1343 822 1399 substantia:
850 1345 1349 1417 demonstrandam,
1374 1351 1580 1416 paterni
1611 1352 1811 1405 oraculi
1843 1360 1920 1405 te-

347 1433 664 1491 stimonium
697 1436 941 1504 protulit,
988 1446 1046 1490 ιιι
1092 1438 1287 1492 merito
1324 1438 1531 1494 Patrem
1575 1455 1641 1494 ex
1686 1456 1751 1495 eo
1780 1442 1919 1510 quod

349 1524 463 1594 ipse
491 1534 597 1593 est,
630 1524 820 1580 Filium
849 1529 1099 1597 genuisse
1124 1529 1428 1595 credamus,
1467 1532 1592 1600 quia
1614 1531 1746 1586 dixit
1786 1550 1799 1585 :
1844 1533 1923 1587 Ex

352 1629 496 1672 utero
520 1628 639 1673 ante
660 1618 958 1687 Luciferum
982 1624 1133 1690 genui
1154 1632 1202 1675 te
1230 1621 1401 1682 (Prol.
1428 1638 1537 1688 cu,
1558 1623 1617 1692 5)
1641 1640 1655 1688 ;
1684 1640 1840 1693 quam
1870 1625 1920 1680 id

350 1709 643 1762 absurdum
665 1723 932 1778 quamque
963 1710 1198 1779 ineptum
1226 1711 1295 1765 sit
1340 1713 1677 1781 apertissime
1702 1715 1921 1769 demon-

2019 541 2415 594 exuberationis
2442 542 2591 609 copia
2629 542 2949 607 redundare.
2982 560 3099 613 qua:
3144 557 3316 612 certo,
3361 557 3417 602 ut
3453 548 3593 604 dixi-

2021 644 2156 693 ntus,
2206 630 2539 683 concluditur
2580 629 2742 699 ﬁne):
2778 646 2877 685 nec.
2929 648 3117 688 rursus
3142 636 3288 690 velut
3326 637 3587 707 integram

2021 729 2078 772 et
2125 722 2493 774 intemeratam
2543 723 2803 789 pot-tionis
2832 724 3185 781 defectionem
3211 729 3440 796 aliquam
3472 745 3591 799 pera

2021 809 2224 863 tulisse.
2257 810 2362 864 Sed
2394 812 2506 864 hzec
2533 813 2710 865 omnia
2740 815 3000 880 passionis
3028 832 3252 885 geueia,
3279 818 3475 874 divina:
3500 838 3593 873 na-

2020 908 2155 952 tura:
2181 915 2285 954 non
2314 902 2683 955 convenientia
2706 940 2721 966 ,
2749 903 2858 969 jatn
2914 907 3161 971 superius
3208 908 3592 963 calumniosius

2023 988 2192 1056 magis
2223 1002 2380 1056 quam
2412 989 2591 1043 verius
2638 992 2977 1058 cognoscitur
3025 995 3337 1050 intentasse.
3389 998 3593 1064 Quibus

2023 1092 2122 1131 nos
2174 1080 2436 1146 religiosa:
2489 1080 2608 1133 ﬁdei
2657 1080 2929 1138 intellectu
2968 1095 3339 1152 competenter
3382 1098 3596 1143 constat

2020 1166 2234 1222 dedisse
2264 1182 2598 1237 responsum.

2097 1256 2237 1313 Xlll.
2265 1257 2448 1327 Neque
2488 1259 2632 1312 enim
2681 1260 3116 1317 exuberationem
3163 1264 3471 1319 substantiae
3511 1281 3596 1321 rea

2026 1347 2316 1402 dundantis
2344 1351 2499 1421 155
2527 1351 2713 1405 Filium
2745 1353 2989 1417 dicimus,
3021 1369 3195 1422 neque
3226 1371 3412 1412 rursus
3440 1359 3594 1414 dese—

2023 1446 2126 1493 cta:
2146 1448 2350 1493 natura:
2380 1441 2771 1507 portiunculam
2798 1443 3165 1507 nominamus;
3183 1445 3276 1499 sed
3301 1446 3595 1513 perlectum

2023 1529 2259 1591 Patrem,
2290 1529 2582 1595 perfectum
2608 1530 2821 1596 Filium,
2849 1548 2952 1586 non
2983 1548 3046 1587 ex
3072 1534 3137 1588 iis
3163 1551 3282 1601 quae
3321 1536 3372 1590 in
3404 1552 3470 1590 eo
3501 1554 3596 1591 sua

2025 1619 2243 1687 perlinis
2287 1620 2761 1675 exuberatinnibus
2806 1622 3173 1678 redundabant
3214 1627 3400 1696 (quod
3444 1628 3592 1684 dictu

2026 1707 2176 1765 nefas
2205 1709 2337 1776 est),
2368 1709 2460 1763 sed
2498 1725 2559 1763 ex
2593 1713 2792 1779 seipse,
2825 1711 2876 1764 id
2905 1723 2986 1767 est
3013 1728 3080 1769 ex
3110 1729 3174 1769 eo
3197 1716 3338 1785 quod
3363 1717 3475 1786 ipse
3490 1729 3596 1783 est,

354 1800 561 1855 strabo.
595 1801 867 1869 Siquidem
900 1818 1006 1857 non
1036 1804 1211 1858 solum
1240 1805 1511 1873 aliquanta
1552 1807 1605 1859 in
1634 1805 1822 1861 ordine
1844 1822 1924 1861 ra.
1957 1814 2000 1873 Β
2030 1800 2451 1869 impassibiliter,
2500 1802 2889 1857 intlivisibiliter
2910 1846 2926 1871 ,
2981 1806 3387 1875 incorporaliter
3411 1852 3426 1875 ,
3478 1814 3596 1867 sine

358 1891 696 1945 tionabilium
726 1902 1090 1947 creaturarum
1119 1894 1495 1959 consistentia;
1526 1895 1620 1950 sed
1647 1905 1702 1950 et
1729 1895 1782 1949 in
1803 1910 1925 1951 sen-

356 1981 501 2035 sibili
532 1980 921 2035 elementorum
953 1985 1205 2050 qualitate
1236 1983 1602 2048 subsistentia,
1624 1986 1691 2039 de
1724 1985 1813 2040 Dei
1847 1986 1923 2039 Ie-

354 2072 531 2139 gimus
561 2080 715 2125 utero
744 2073 1089 2138 processisse.
1129 2074 1218 2126 Ait
1246 2073 1387 2127 enim
1434 2091 1445 2123 :
1482 2072 1606 2139 Quis
1634 2083 1707 2127 est
1745 2074 1929 2141 pluria:

351 2169 517 2229 pater,
536 2163 615 2214 rei
633 2162 698 2215 de
716 2162 864 2230 cujus
888 2173 1027 2215 utero
1049 2163 1269 2232 procedit
1292 2163 1382 2216 uix
1399 2160 1539 2231 (Job,
1558 2178 1783 2232 xxxvnt,
1799 2164 1929 2233 28)?

353 2250 491 2303 Num
530 2249 691 2319 igitur
731 2252 854 2320 quia
900 2252 1014 2304 haec
1066 2251 1286 2320 rigentis
1342 2261 1397 2307 et
1445 2251 1633 2319 torpidi
1680 2252 1928 2308 elementi

352 2342 581 2409 qualitas
603 2343 782 2395 divino
805 2342 997 2411 legitur
1025 2352 1174 2396 utero
1206 2342 1515 2410 procedere,
1549 2341 1751 2397 idcirco
1773 2344 1929 2398 unius

353 2431 709 2500 ejusdemque
735 2447 852 2486 cum
879 2431 990 2487 Deo
1017 2433 1255 2487 creditur
1294 2446 1418 2487 esse
1443 2434 1787 2490 substantiae?
1825 2436 1931 2487 Aut

351 2522 475 2590 quia
505 2537 694 2576 rursus
727 2522 968 2579 homines
992 2524 1157 2578 Deum
1192 2524 1414 2591 legimus
1444 2526 1693 2595 genuisse
1717 2525 1798 2593 (ut
1820 2524 1930 2593 ipse

353 2612 464 2665 ait:
496 2609 663 2664 Filios
692 2612 846 2682 genui
872 2622 917 2664 et
947 2614 1164 2665 exaltari
1187 2610 1340 2682 Ueni.
1390 2629 1425 2680 ι,
1465 2614 1547 2684 2],
1589 2622 1644 2670 et
1689 2616 1876 2669 iterutu
1913 2632 1923 2663 :

353 2700 522 2756 Filius
569 2719 712 2757 meus
753 2704 1118 2775 primoyenitus
1166 2704 1330 2758 lsrael
1364 2705 1555 2775 lExod.
1601 2722 1677 2770 tv,
1709 2705 1823 2775 22],
1867 2719 1929 2759 ac

354 2809 587 2849 rursus:
635 2794 813 2848 Omnis
871 2796 959 2863 qui
1013 2806 1160 2849 natus
1208 2804 1283 2850 est
1329 2812 1391 2849 ea:
1435 2795 1563 2860 Deo,
1616 2812 1716 2850 non
1759 2806 1928 2864 peccat

368 2884 418 2957 [1
441 2884 604 2939 Jaan.
637 2901 715 2950 ιιι,
744 2884 850 2954 9]),
882 2886 1079 2941 idcirco
1112 2889 1311 2941 rectius
1331 2888 1665 2956 Opinabituur
1683 2888 1930 2941 lumines

360 2994 482 3034 cum
515 2979 628 3033 Deo
657 2978 812 3032 unius
831 2993 951 3032 esse
978 2978 1331 3033 substantiae?
1360 2977 1517 3050 155
1536 2979 1778 3047 Autquia
1801 2980 1926 3032 item

362 3072 678 3140 Apostolus,
729 3073 890 3127 totius
936 3082 1197 3128 creatura:
1248 3073 1649 3128 universitatem
1689 3071 1923 3141 generali

2030 1892 2403 1959 diminutione,
2434 1893 2553 1948 sine
2595 1894 2932 1962 discissione,
2978 1898 3095 1952 sine
3123 1899 3389 1955 alﬁnentis
3429 1904 3597 1972 copiae

2034 1979 2443 2050 redundatinne,
2476 1983 2593 2036 sine
2644 1984 2753 2040 ullo
2801 1985 3021 2038 omnino
3069 1989 3327 2054 passionis
3375 2006 3593 2057 genere,

2034 2068 2372 2123 ineﬁ‘abiliter
2404 2070 2673 2128 credimus
2703 2084 2906 2127 natum.
2938 2075 3005 2129 Et
3034 2075 3234 2130 idcirco
3279 2079 3434 2132 unius
3465 2081 3596 2136 iate-
3662 2084 3667 2089 ’

2034 2176 2151 2212 ιιιιιι·
2187 2175 2308 2214 esse
2346 2162 2679 2228 substantiae,
2726 2164 2846 2231 quia
2880 2181 2984 2219 non
3015 2167 3253 2232 aliunde,
3278 2184 3383 2224 non
3413 2186 3478 2225 ex
3507 2172 3595 2224 ni:

2035 2250 2166 2315 hilo,
2199 2268 2301 2305 non
2327 2268 2392 2306 ex
2419 2252 2818 2323 subiacentibus
2845 2257 2925 2313 vel
2973 2260 3398 2326 praecedentibus
3430 2271 3595 2317 mated

2034 2341 2229 2394 riarum
2256 2340 2633 2410 qttalitatibtts;
2660 2345 2755 2399 sed
2795 2346 3006 2415 proprie
3036 2348 3201 2404 Deum
3223 2350 3290 2404 de
3336 2351 3467 2417 Deo,
3518 2354 3597 2406 Iu-

2034 2445 2153 2484 tnen
2179 2430 2245 2484 de
2272 2431 2493 2496 lumine,
2527 2433 2779 2489 virtutem
2810 2436 2878 2490 de
2917 2437 3131 2501 virtute,
3177 2439 3490 2508 sapientiam
3530 2442 3599 2499 de

2032 2520 2292 2588 sapientia
2326 2520 2550 2577 ﬁdeliter
2573 2524 2843 2581 exstitisse
2868 2524 3113 2582 fatemur.
3144 2528 3275 2584 Nam
3298 2531 3345 2585 si
3367 2531 3592 2587 alterius

2031 2624 2095 2664 ac
2117 2609 2344 2665 diversa:
2382 2612 2694 2669 substantia:
2747 2615 2827 2685 (ut
2874 2617 3031 2671 Arius
3074 2611 3387 2688 arbitratur)
3428 2620 3595 2678 Filius

2030 2714 2194 2767 esset,
2230 2718 2332 2755 non
2361 2701 2567 2759 diceret
2594 2724 2607 2760 :
2635 2704 2780 2760 Sicut
2814 2706 2962 2760 habet
2986 2707 3142 2763 Pater
3164 2712 3318 2763 vitam
3347 2712 3399 2766 in
3419 2698 3611 2766 semet-IV

2029 2792 2160 2854 ipso,
2209 2793 2282 2845 sic
2330 2793 2468 2845 dedit
2518 2804 2564 2845 et
2617 2790 2760 2847 Filio
2808 2797 2958 2849 citam
3002 2798 3184 2854 habere
3232 2801 3283 2853 in
3333 2802 3601 2870 semetipso

2030 2882 2212 2952 (Joan.
2246 2896 2299 2945 ν,
2322 2882 2445 2947 26);
2475 2892 2530 2936 et
2556 2884 2747 2938 iterum
2784 2901 2797 2936 :
2829 2885 2971 2939 Sicut
3027 2885 3179 2939 Pater
3220 2890 3357 2942 novit
3405 2906 3504 2953 me,
3551 2898 3600 2943 et

2030 2990 2123 3044 ego
2154 2974 2267 3026 nori
2299 2972 2505 3027 Patrem
2538 2974 2715 3043 (Joan.
2751 2991 2804 3041 χ,
2839 2977 2952 3045 15).
2976 2977 3110 3044 Quid
3140 2988 3222 3033 est
3264 2993 3412 3050 ergo,
3454 2982 3602 3035 Sicut

2031 3065 2174 3119 habet
2194 3064 2343 3120 Pater
2363 3066 2512 3120 vitam
2530 3067 2582 3119 in
2596 3068 2880 3135 semetipso,
2892 3070 2964 3122 sic
2984 3069 3123 3123 dedit
3138 3081 3185 3125 et
3198 3069 3337 3126 Filio
3353 3074 3505 3127 vitam
3517 3074 3604 3128 Ita-

356 3163 795 3230 pronuntiatione
823 3165 1308 3233 comprehenderis,
1330 3180 1395 3219 ex
1426 3165 1535 3220 Deo
1575 3166 1765 3219 asserit
1809 3177 1928 3219 esse
1954 3172 2001 3233 ο
2033 3159 2145 3212 bere
2164 3160 2217 3212 in
2232 3159 2841 3227 semetipso,nisi,Sicnti
2854 3168 2938 3215 est
2954 3159 3222 3226 Pater,ita
3236 3171 3318 3219 est
3334 3171 3387 3218 et
3400 3162 3603 3220 Filius?

356 3253 585 3308 dicens:
614 3253 865 3318 Quoniam
914 3269 979 3309 ea:
1021 3255 1154 3324 ipso,
1193 3266 1237 3308 et
1269 3272 1358 3322 per
1404 3257 1591 3324 ipsum,
1634 3267 1681 3309 et
1722 3256 1773 3308 in
1822 3256 1931 3323 ipso

357 3354 475 3398 sunt
500 3347 675 3398 omnia
702 3345 883 3414 (Rom.
912 3361 990 3410 ιι,
1021 3347 1145 3416 36};
1172 3346 1242 3401 ob
1279 3347 1377 3402 ltoc
1419 3347 1730 3415 prudentius
1767 3346 1933 3415 conji-

357 3439 587 3501 cietnus,
620 3437 1017 3493 universitatem
1040 3448 1297 3493 creatura:
1327 3440 1427 3492 ltoc
1449 3453 1568 3493 esse
1597 3435 1739 3506 quod
1758 3436 1927 3502 Deus,

359 3538 449 3580 aut
480 3528 641 3581 unius
670 3542 789 3584 cum
814 3543 879 3583 eo
907 3543 1027 3583 esse
1058 3529 1403 3593 substantiae;
1435 3531 1575 3597 quod
1598 3529 1849 3584 videlicet
1867 3544 1933 3582 ex

358 3618 476 3688 ipso
503 3619 701 3687 legitur
726 3617 1066 3674 substitisse?
1097 3617 1187 3676 Sic
1229 3634 1358 3689 ergo
1385 3628 1439 3675 et
1486 3618 1677 3674 Filium
1708 3633 1829 3674 cum
1867 3618 1935 3671 de

362 3707 456 3762 Dei
485 3707 663 3761 Patris
694 3716 845 3763 utero
878 3707 1205 3776 processisse
1242 3706 1491 3772 fatemur,
1534 3722 1641 3763 non
1681 3708 1748 3762 ad
1794 3707 1934 3760 indi-

362 3798 501 3851 cium
537 3798 695 3851 unius
728 3807 963 3861 naturae;
1010 3797 1105 3852 sed
1134 3798 1198 3850 ad
1230 3797 1674 3866 investigabilium
1700 3803 1936 3852 secreto-

363 3904 481 3944 rum
512 3903 711 3944 arcana
735 3887 937 3943 dictum
967 3898 1332 3956 competenter
1356 3888 1612 3943 debemus
1634 3888 1894 3956 accipere.

436 3981 888 4037 XII.AtItanasius
934 3981 1062 4035 dixit
1110 3996 1128 4032 :
1178 3979 1236 4033 In
1277 3980 1416 4035 ludis
1462 3979 1833 4042 theatralibus,
1884 3976 1937 4030 Ιιί

368 4072 459 4143 qui
485 4074 773 4139 ﬁgurarum
797 4069 1055 4125 varietate
1078 4077 1369 4133 mutantur,
1399 4069 1593 4123 diversi
1620 4068 1831 4138 quidem
1852 4077 1939 4121 at~

366 4178 473 4230 que
495 4160 589 4216 alii
618 4168 881 4229 apparent
910 4161 1080 4215 oculis
1108 4160 1448 4216 intuentium.
1476 4159 1608 4215 Nam
1641 4159 1780 4214 idem
1822 4158 1938 4229 ipse

364 4254 457 4322 qui
486 4261 682 4322 aptatae
713 4250 959 4321 imaginis
988 4252 1170 4321 specie
1203 4251 1404 4321 rigidus
1450 4249 1717 4319 quondam
1762 4249 1939 4305 inces-

374 4352 542 4407 serat,
594 4344 787 4396 iterum
834 4342 979 4395 vultu
1016 4342 1069 4395 in
1109 4341 1210 4394 hoc.
1256 4341 1430 4409 ipsum
1474 4347 1677 4410 aptato,
1721 4337 1939 4393 alternis

373 4427 739 4483 membrorum
760 4428 992 4481 motibus
1020 4427 1231 4492 ludens,
1257 4425 1311 4480 in
1345 4426 1619 4481 mollitiem
1657 4424 1943 4482 resolvitur

2034 3250 2100 3304 Et
2116 3253 2157 3304 si
2178 3251 2315 3306 idem
2331 3250 2678 3318 habentesse,
2694 3250 2847 3307 unius
2864 3261 2988 3308 sunt
3007 3254 3352 3320 proculdubio
3364 3255 3604 3313 substana

2037 3341 2140 3396 tiae.
2165 3343 2347 3411 Neque
2370 3344 2512 3397 enim
2545 3344 2684 3397 aliud
2710 3354 2792 3398 est
2820 3360 2939 3400 esse
2967 3346 3137 3402 Patris
3155 3357 3209 3403 et
3234 3349 3377 3404 aliud
3398 3351 3602 3416 vivere,

2035 3433 2129 3487 sed
2160 3433 2260 3486 hoc
2288 3443 2372 3487 est
2398 3434 2576 3488 vivere
2596 3434 2737 3502 quod
2763 3444 2846 3489 est
2872 3444 3099 3501 etesse;
3132 3439 3182 3492 id
3212 3447 3293 3493 est
3322 3455 3427 3494 non
3457 3442 3604 3497 aliud

2038 3534 2119 3579 est
2149 3525 2305 3579 Pater
2336 3525 2448 3592 ipse
2471 3534 2527 3580 et
2547 3524 2687 3579 aliud
2716 3525 2821 3578 vita
2848 3526 2989 3594 ejus,
3013 3527 3107 3581 sed
3145 3530 3247 3582 vita
3270 3531 3524 3597 essentia,
3548 3540 3606 3586 et

2038 3615 2268 3668 essentia
2287 3616 2413 3667 vita.
2434 3613 2681 3679 Alioquin
2703 3616 3029 3682 compositus
3041 3617 3407 3683 videbitur,ex
3430 3621 3607 3675 diver‘

2039 3702 2194 3758 sitate
2221 3702 2542 3769 subsistens,
2569 3704 2612 3757 si
2643 3704 2785 3759 aliud
2817 3705 2947 3772 ipse,
2972 3705 3112 3760 aliud
3145 3708 3253 3761 vita
3292 3711 3408 3775 ejus
3441 3712 3606 3780 signi-

2041 3791 2202 3847 ﬁcare
2253 3791 2484 3848 videtur.
2534 3792 2669 3859 Quia
2709 3809 2838 3864 ergo
2880 3804 3102 3863 appatet
3128 3798 3233 3850 vita
3292 3798 3464 3853 Patris
3504 3802 3607 3855 hoc

2040 3898 2159 3938 esse
2178 3884 2319 3954 quod
2348 3884 2462 3954 ipse
2490 3895 2607 3949 est;
2638 3885 2773 3940 sicut
2804 3886 2963 3941 habet
2990 3888 3148 3941 vitam
3176 3889 3229 3942 in
3255 3904 3332 3949 se,
3366 3890 3442 3943 sic
3461 3890 3609 3946 dedit

2040 3976 2180 4033 Filio
2210 3976 2409 4031 habere
2441 3977 2636 4035 vitam;
2678 3976 2729 4029 id
2756 3986 2859 4041 est,
2890 3979 2969 4031 sic
3011 3988 3093 4032 est
3137 3992 3257 4033 esse
3299 3972 3440 4045 Filii,
3472 3981 3609 4035 sicut

2042 4080 2162 4121 esse
2190 4066 2395 4130 Patris;
2425 4080 2527 4118 non
2551 4065 2768 4119 dubium
2798 4076 2879 4120 est
2909 4060 3121 4119 Patrem
3153 4075 3208 4120 et
3231 4066 3419 4121 Filium
3452 4071 3608 4124 unius

2042 4157 2312 4219 essentim,
2345 4164 2503 4223 atque
2530 4154 2684 4207 unius
2705 4168 2825 4208 esse
2853 4164 3073 4209 naturae.

2115 4243 2251 4297 XIV.
2276 4243 2405 4297 Nam
2435 4251 2490 4297 et
2515 4245 2653 4311 quod
2682 4245 2756 4297 ait
2790 4261 2800 4294 :
2837 4243 2982 4299 Sicut
3033 4246 3167 4298 norit
3215 4261 3293 4301 me
3341 4246 3521 4313 Pater,
3563 4257 3612 4303 et

2044 4349 2135 4404 ego
2165 4334 2278 4387 novi
2309 4332 2515 4386 Patrem
2547 4330 2723 4402 (Joan.
2755 4349 2813 4399 χ,
2848 4333 2959 4403 t5),
2983 4336 3237 4390 unitatem
3266 4336 3613 4405 proculdubio

2047 4425 2212 4479 voluit
2233 4424 2469 4479 indicare
2492 4424 2833 4490 substantiae;
2877 4425 3000 4493 quia
3038 4426 3330 4479 secundum
3371 4426 3612 4494 superim

372 4520 713 4575 leminarum.
749 4518 823 4574 lta
854 4533 995 4572 nunc
1022 4518 1231 4572 videtur
1255 4517 1383 4571 mihi
1408 4516 1564 4571 Arius
1591 4516 1943 4586 qua25tionum
1970 4507 2024 4570 D
2048 4516 2122 4571 ris
2151 4514 2532 4585 disputationis
2570 4512 2995 4584 intelligentiam,
3031 4530 3135 4569 non
3174 4515 3318 4572 aliud
3347 4526 3429 4571 est
3455 4530 3616 4574 nosse

377 4610 696 4680 imaginibus
727 4608 1044 4673 immutatis,
1075 4609 1223 4663 velut
1248 4607 1458 4662 diversa
1504 4606 1820 4675 conjiciens,
1870 4608 1942 4659 si-

379 4700 695 4756 militudinis
723 4701 977 4754 varietate
1006 4698 1247 4753 formari.
1278 4698 1411 4751 Nam
1444 4697 1546 4751 hoc
1573 4696 1713 4763 quod
1743 4695 1941 4752 dudum

375 4789 600 4860 comptis
620 4799 678 4845 et
722 4788 1061 4844 brevissimis
1102 4788 1520 4856 disputationum
1554 4785 1945 4854 objectionibus

377 4883 757 4946 intentarent,
810 4881 909 4935 sub
939 4879 1164 4934 alterius
1187 4885 1447 4948 praetextu
1475 4876 1723 4946 imaginis
1748 4877 1943 4931 iterum

375 4988 439 5029 ac
474 4973 675 5043 saepius
702 4980 973 5040 repetens,
1001 4986 1030 5023 a
1061 4970 1387 5040 proprietate
1427 4968 1742 5038 quaestionis
1789 4968 1947 5021 illata:

376 5062 701 5118 omnimodis
722 5076 826 5116 non
850 5061 1072 5116 recedit.
1104 5059 1286 5128 Neque
1312 5058 1456 5114 enim
1483 5059 1606 5126 quia
1632 5072 1771 5112 nunc
1791 5058 1947 5112 latius

373 5165 431 5210 et
455 5154 699 5210 diﬂusius
726 5154 980 5224 perplexa
1011 5154 1292 5208 verborum
1326 5152 1571 5219 ambage,
1604 5150 1795 5205 seriem
1822 5164 1948 5219 pro-

376 5246 661 5315 positionis
697 5245 956 5309 extendit,
997 5245 1118 5298 ideo
1164 5244 1305 5298 aliud
1333 5244 1512 5313 egisse
1551 5242 1808 5298 videndus
1838 5249 1943 5307 est,

376 5355 532 5407 quam
556 5336 697 5406 quod
720 5337 967 5405 superius
986 5336 1314 5390 convincitur
1330 5337 1601 5390 actitasse.
1622 5334 1761 5388 Dixit
1778 5331 1942 5398 enim,

375 5431 449 5485 ub
472 5430 575 5484 hoc
600 5429 813 5485 Patrem
836 5437 891 5483 et
920 5427 1114 5482 Filium
1140 5427 1297 5482 unius
1326 5442 1431 5480 non
1456 5440 1612 5494 posse
1655 5439 1776 5480 esse
1815 5424 1946 5477 sub-

376 5520 606 5583 stantiar,
637 5517 779 5587 quod
809 5518 997 5573 eadem
1029 5526 1244 5583 paterna
1267 5517 1584 5580 substantia,
1618 5528 1716 5568 nec
1744 5512 1948 5567 exube-

376 5611 579 5665 ratione
606 5608 955 5679 amplissima:
980 5605 1326 5661 derivationis
1354 5605 1405 5660 in
1435 5605 1709 5674 augmenti
1736 5603 1946 5672 copiam

375 5701 590 5756 sﬂluere
618 5700 784 5770 possit
806 5699 887 5768 (ut
917 5706 1038 5767 pote
1061 5712 1180 5766 qua:
1225 5698 1387 5752 nullis
1414 5706 1671 5752 metarum
1709 5693 1950 5751 terminis

2047 4604 2240 4671 Patris,
2269 4613 2323 4658 et
2346 4604 2492 4658 aliud
2514 4619 2653 4659 esse.
2673 4604 2785 4659 lloc
2812 4606 2983 4672 ipsum
3006 4606 3147 4658 enim
3173 4604 3317 4674 quod
3341 4616 3427 4662 est
3446 4609 3612 4673 novit,

2047 4706 2101 4750 et
2124 4696 2261 4765 quod
2287 4697 2436 4751 novit
2454 4706 2567 4759 est;
2594 4696 2720 4765 quia
2750 4710 2856 4750 non
2885 4696 3042 4751 aliter
3071 4696 3238 4761 novit,
3266 4705 3322 4750 et
3337 4697 3494 4754 aliter
3511 4710 3612 4755 est.

2049 4782 2115 4837 Et
2134 4785 2256 4852 quia
2285 4785 2362 4838 sic
2390 4783 2556 4839 Filius
2581 4783 2729 4839 novit
2756 4784 2990 4848 Patrem,
3026 4785 3165 4838 sicut
3185 4799 3307 4839 eum
3339 4786 3497 4843 Pater
3524 4802 3617 4840 no.

2048 4872 2142 4937 vit,
2168 4874 2442 4928 notionem
2467 4887 2596 4929 vero
2625 4873 2677 4928 in
2709 4873 2818 4926 Deo
2865 4875 3149 4927 essentiam
3200 4887 3322 4929 esse
3367 4876 3615 4941 diximus,

2055 4979 2161 5019 non
2197 4964 2352 5035 156
2377 4964 2594 5018 dubium
2620 4963 2761 5032 quod
2791 4963 2947 5017 sicuti
2975 4974 3059 5018 est
3096 4963 3279 5031 Pater,
3325 4967 3396 5021 ita
3436 4975 3519 5022 est
3566 4979 3619 5021 et

2054 5054 2256 5116 Filius;
2284 5070 2347 5110 ac
2372 5056 2449 5110 sic
2476 5054 2838 5109 diversitatem
2869 5055 3117 5111 essentia:
3132 5071 3238 5110 non
3263 5057 3493 5111 admittit
3509 5071 3617 5119 res,

2054 5162 2172 5217 qua:
2194 5160 2301 5199 uno
2322 5160 2383 5198 ac
2414 5144 2574 5200 simili
2609 5145 2769 5200 modo
2796 5146 3059 5202 subsistit.
3116 5145 3356 5216 Denique
3401 5156 3458 5201 ut
3484 5147 3617 5200 hanc

2055 5238 2229 5292 Patris
2267 5250 2322 5292 et
2363 5238 2478 5293 Filii
2527 5238 2746 5293 unitatis
2775 5239 3125 5293 substantiam
3176 5240 3383 5307 plenius
3426 5250 3608 5291 noscev

2056 5343 2258 5395 remus,
2288 5328 2527 5397 quazdam
2558 5328 2712 5383 nobis
2740 5328 2935 5382 divina:
2962 5328 3255 5395 Scriptura:
3285 5340 3462 5382 rerum
3492 5326 3606 5377 visis

2050 5420 2232 5474 bilium
2264 5420 2508 5488 exempla
2536 5430 2849 5487 posuerunt,
2879 5419 3073 5488 quibus
3120 5432 3218 5470 nos
3264 5417 3328 5469 ad
3374 5415 3616 5469 invisibis

2050 5508 2179 5562 lium
2237 5508 2634 5578 intelligentiam
2700 5507 2997 5576 religiosius
3058 5514 3424 5574 provocarent,
3483 5503 3614 5559 Nam

2054 5603 2258 5674 paterni
2284 5603 2500 5657 luminis
2526 5602 2887 5672 splendorem,
2911 5608 2964 5654 et
2991 5597 3243 5653 bonitatis
3272 5597 3390 5665 ejus
3426 5597 3616 5667 imagi-

2057 5709 2176 5750 nem
2207 5692 2397 5748 Filium
2428 5706 2683 5762 posuere;
2714 5706 2817 5749 non
2841 5687 2986 5759 quod
3018 5687 3085 5744 ad
3117 5702 3205 5744 res
3248 5688 3455 5743 divinas
3498 5703 3614 5744 tuo:
