4026 6176
449 349 551 404 907

1763 337 1984 394 Vir-1L"
2024 336 2400 392 TAPSENSIS

3592 329 3700 386 203

449 461 654 514 Iiendas
682 457 1040 521 corporalium
1063 456 1391 512 satisfaciant
1411 454 1653 522 exempla
1682 453 1979 522 specierum
2003 467 2016 513 ;
2053 454 2099 510 Α
2127 450 2390 518 proferam
2419 450 2815 502 documentum.
2839 445 3073 515 Angelus
3099 443 3162 495 ad
3193 442 3408 494 Mariam
3437 441 3506 494 ita
3531 441 3698 509 loqui-

427 552 683 619 smlqnia
712 550 999 604 incll'abilis
1048 549 1136 601 illa
1188 555 1374 599 natura
1421 543 1644 612 exprimi
1689 557 1793 595 non
1821 541 2018 609 potuit,

453 642 691 708 qumdam
718 655 780 693 ex
815 640 895 690 his
917 653 1034 706 quxe
1078 637 1329 690 videntur
1351 632 1716 688 similitudinis
1738 635 2025 698 proterun-

455 745 538 786 tur
568 732 781 784 indicia.
815 730 883 784 Ut
908 731 1043 782 sicut
1071 729 1347 796 Splendor,
1379 735 1435 780 et
1464 726 1600 794 ignis
1642 726 1876 776 diversa:
1917 735 2022 774 non

425 851 430 855 ε
457 823 925 882 suntsubstantize;
945 821 1025 872 vel
1049 820 1186 872 sicut
1203 819 1374 884 imago
1391 818 1456 871 ab
1476 832 1538 869 eo
1553 815 1704 880 cuius
1720 824 1804 868 est
1825 815 2018 881 imago,

455 913 506 966 in
535 914 709 980 aliquo
740 911 952 965 dilferre
983 925 1087 962 non
1114 911 1408 978 potestine
1437 910 1515 960 sic
1543 905 1744 974 aliquid
1775 906 1826 958 in
1853 919 1910 958 se
1939 890 2025 956 diu

457 1017 666 1056 versmn
693 1002 948 1068 retinens,
980 1000 1207 1065 perfecta
1236 1010 1288 1053 et
1328 1011 1450 1053 vera
1481 1012 1610 1052 esse
1651 1013 1753 1049 non
1801 994 2025 1064 possit),

451 1092 524 1142 ita
558 1092 713 1144 Pater
739 1100 786 1140 r:
826 1091 987 1143 Filius
1015 1105 1118 1143 non
1149 1091 1394 1153 diversaz,
1424 1088 1518 1144 sed
1548 1089 1705 1141 unius
1732 1087 2024 1141 credantur

457 1197 576 1236 esse
613 1181 938 1236 substantiae.
988 1181 1052 1234 Et
1097 1181 1217 1248 quia
1263 1180 1514 1233 nonnulla
1569 1178 1798 1246 exempli
1852 1178 2025 1245 gratia

451 1277 677 1343 protulit
707 1275 1024 1340 tesﬁmouia,
1054 1274 1242 1342 quibus
1271 1281 1555 1333 astrueret,
1588 1271 1663 1324 ita
1693 1285 1815 1324 esse
1836 1270 2023 1323 omnia

457 1386 521 1422 ex
552 1370 681 1429 Deo,
708 1378 762 1420 ut
791 1384 893 1420 non
926 1378 1101 1421 tamen
1132 1368 1199 1420 de
1231 1368 1348 1430 ejus
1377 1365 1661 1418 credantur
1692 1364 2022 1433 processisse

459 1460 780 1520 substantia;
817 1459 1085 1527 interrogo
1130 1469 1303 1510 utrum
1334 1458 1410 1509 sic
1443 1456 1638 1510 Filium
1663 1471 1728 1510 ex
1754 1456 1911 1511 Patre
1942 1471 2029 1508 as-

460 1553 589 1604 serit
617 1551 912 1614 exstitisse,
938 1551 1074 1602 sicut
1099 1549 1344 1602 universa
1371 1562 1438 1601 ex
1465 1547 1580 1614 ipso
1600 1547 1878 1601 exstitisse
1907 1561 2028 1600 nar-

451 1650 664 1695 rantur.
691 1641 823 1708 Quid
855 1655 982 1709 ergo
1009 1640 1176 1693 dicis?
1222 1639 1310 1694 Sic
1352 1639 1608 1692 debemus
1655 1637 1898 1706 accipere
1943 1637 2034 1692 Fi—

451 1734 586 1785 lium
614 1732 681 1786 de
707 1732 878 1786 Patris
901 1739 1053 1784 utero
1082 1728 1428 1797 processisse,
1487 1729 1569 1781 vel
1599 1741 1664 1781 ex
1695 1727 1852 1782 Patre
1885 1728 2034 1796 geni-

2127 549 2234 601 tnr,
2264 538 2449 591 dicens
2475 553 2490 590 :
2522 536 2745 606 Spiritus
2773 545 2976 588 snnrtns
3005 533 3313 602 superveniet
3341 532 3394 584 in
3426 541 3489 592 te,
3523 541 3570 583 et
3595 534 3698 583 cir-

2127 636 2208 680 tus
2231 627 2478 679 Altissimi
2502 625 2813 678 obumbra'it
2837 625 2942 676 tibi.
2978 622 3202 692 Ideoque
3229 631 3276 673 et
3303 621 3440 688 quod
3463 629 3698 672 nascetur

2127 735 2189 772 ea:
2215 729 2263 772 te
2290 730 2539 781 sanctum,
2583 717 2842 770 vocabitur
2873 715 3038 769 Filius
3069 715 3164 768 Dei
3191 714 3356 784 (Luc.
3393 730 3443 782 I,
3477 713 3590 783 55).
3637 715 3702 768 Et

2127 810 2318 862 iterum
2351 809 2637 872 Apostolus
2663 825 2675 858 :
2705 805 2832 860 Cum
2863 815 3030 860 autem
3055 808 3184 859 venit
3215 805 3477 874 plenitudo
3505 815 3701 871 tempo-

2126 900 2219 958 ris,
2242 898 2374 947 misit
2403 894 2538 947 Dens
2569 893 2764 947 Filium
2787 911 2933 946 suum
2956 904 3130 946 natum
3153 911 3214 946 ea:
3245 895 3474 960 muliere,
3510 897 3701 964 factum

2128 988 2216 1038 sub
2247 985 2354 1053 lege
2395 982 2537 1052 (Gal.
2589 999 2672 1045 tv,
2718 982 2795 1052 4).
2847 984 2980 1036 Num
3013 985 3170 1050 igitur
3198 983 3318 1050 quia
3349 983 3569 1050 angelus
3595 982 3704 1036 Ma-

2130 1083 2262 1133 riam
2290 1080 2366 1133 sic
2390 1079 2579 1131 all‘atus
2606 1088 2716 1137 est,
2750 1089 2805 1131 ttt
2840 1093 2943 1130 non
2969 1078 3036 1130 de
3073 1077 3216 1143 ipsa,
3243 1075 3337 1129 sed
3380 1091 3443 1127 ex
3478 1076 3588 1143 ipsa
3617 1075 3702 1143 gi-

2131 1173 2396 1237 gnendum
2428 1173 2632 1225 diceret
2661 1171 2882 1234 Filium;
2916 1171 3036 1240 quia
3069 1170 3354 1238 Apostolus
3383 1184 3448 1221 ex
3481 1168 3704 1223 muliere

2134 1271 2312 1314 natum
2346 1261 2575 1314 asseruit
2599 1261 2822 1324 Filium;
2851 1261 2918 1313 ob
2949 1261 3049 1312 hoc
3077 1262 3128 1311 in
3150 1257 3363 1311 Christo
3390 1259 3500 1312 veri
3531 1255 3706 1311 homi-

2133 1354 2214 1404 nis
2245 1353 2576 1405 nativitatem
2601 1365 2931 1420 nequaquam
2957 1349 3356 1418 prolitebimur;
3387 1357 3478 1400 aut
3503 1346 3704 1402 extrin-

2134 1457 2308 1505 secus,
2333 1451 2517 1494 etnon
2551 1443 2761 1509 pr0prie
2796 1443 3034 1509 virginali
3083 1441 3350 1495 credimus
3386 1451 3539 1493 utero
3580 1453 3704 1506 pro-

2135 1532 2405 1586 cessisse?
2430 1530 2617 1586 Cernis
2639 1532 2816 1601 igitur,
2847 1531 3114 1600 superﬂue
3139 1541 3192 1585 te
3224 1532 3274 1584 iit
3316 1530 3507 1584 divina:
3549 1529 3708 1599 158

2134 1622 2502 1690 generationis
2531 1624 2804 1676 nativitate
2829 1622 3113 1675 visibilium
3136 1630 3499 1675 creaturarum
3529 1634 3706 1675 exeru-

2136 1713 2222 1781 pla
2269 1712 2602 1782 protulisse?
2650 1727 2772 1766 cum
2820 1712 3237 1766 evidentioribus
3282 1711 3707 1764 testimoniorum

464 1831 572 1874 tum
602 1835 740 1883 esse,
772 1820 913 1874 sicut
945 1818 1191 1873 homines
1218 1833 1284 1872 ex
1327 1816 1440 1870 Deo
1461 1827 1636 1883 natos,
1665 1817 1746 1871 vel
1777 1816 1913 1871 sicut
1942 1817 2029 1870 nix
2064 1802 2112 1862 Β
2136 1805 2471 1860 documentis
2500 1814 2774 1873 appareat.
2808 1806 2858 1859 id
2886 1821 3007 1860 esse
3030 1821 3092 1858 ex
3115 1805 3251 1873 ipso.
3281 1805 3418 1874 (111³ιά
3446 1817 3527 1859 εει
3548 1807 3708 1859 CUM“

461 1927 528 1966 ex
557 1912 672 1980 ejus
703 1919 854 1964 utero
875 1910 1062 1977 legitur
1091 1908 1404 1976 procedere,
1427 1922 1493 1959 an
1520 1906 1674 1975 longe
1700 1905 1896 1960 aliter?
1929 1907 2036 1961 Sed

2141 1896 2208 1951 de
2235 1897 2351 1964 ipso
2378 1897 2645 1964 generari.
2700 1894 2850 1950 Unde
2879 1895 3060 1948 mirari
3095 1911 3180 1948 me
3207 1895 3395 1959 fateor,
3440 1900 3708 1965 quomodo

427 2037 430 2042 .
464 2018 644 2070 quas”
693 2011 749 2054 υι
801 2016 960 2055 unum
1009 2015 1039 2054 θ
1089 1999 1297 2053 duobus
1334 1999 1704 2067 respondeas;
1733 1997 1786 2051 id
1819 2008 1922 2064 ρει,
1951 2007 2044 2052 θυι
2137 2000 2260 2040 cum
2282 1995 2538 2042 creatura:
2557 1985 2978 2040 nomeninFilio
2995 1986 3255 2054 refugias;
3283 1997 3460 2038 etnon
3485 1986 3706 2047 facttnn,

461 2093 726 2154 similiter,
755 2101 846 2146 aut
866 2107 968 2144 non
992 2090 1236 2144 similiter
1263 2088 1433 2142 dicas.

534 2183 650 2236 XV.
681 2183 831 2235 Arius
857 2183 988 2234 dixit
1015 2197 1034 2234 :
1064 2179 1180 2233 Non
1225 2179 1474 2233 similiter
1523 2178 1772 2233 universa
1815 2192 1880 2232 ex
1929 2175 2040 2230 Deo

468 2273 808 2336 exstiterunt,
841 2270 922 2324 vel
953 2270 1132 2338 genita
1153 2279 1278 2323 sunt
1306 2270 1444 2322 sicut
1479 2266 1666 2322 Filius.
1699 2267 1868 2322 Aliter
1896 2267 2038 2321 enim

474 2363 658 2424 Filius,
688 2361 845 2414 aliter
872 2359 1081 2415 exstitit
1110 2367 1374 2412 creatura.

536 2451 845 2504 Athanasius
904 2450 1032 2502 dixit
1078 2463 1097 2502 :
1137 2448 1195 2504 Sl
1247 2448 1439 2502 Filium
1495 2449 1649 2516 longe
1694 2448 1847 2502 aliter
1884 2463 2038 2517 quam

433 2566 435 2568 ·
463 2551 764 2595 creaturam
811 2542 1080 2595 exstitisse
1124 2539 1305 2594 lateris
1327 2581 1342 2608 ,
1375 2555 1471 2594 cur
1505 2541 1556 2594 in
1588 2541 1701 2608 ejus
1750 2542 2041 2595 nativitatis

465 2633 832 2700 generatione,
863 2647 1042 2684 rerum
1067 2629 1326 2684 factarum
1355 2630 1603 2698 exempla
1632 2631 1936 2699 protulisti?
1975 2630 2038 2684 lli

465 2724 608 2776 cnim
638 2721 728 2789 qui
753 2722 1056 2788 disparibus
1077 2719 1250 2773 modis
1272 2724 1502 2788 propriae
1520 2721 1741 2790 Originis
1762 2735 2038 2789 sumpsere

469 2813 750 2880 principia,
768 2827 872 2865 non
901 2825 1055 2879 aequo
1079 2811 1444 2878 intelligentia:
1467 2827 1623 2865 sensu
1645 2814 1943 2881 comparari
1962 2815 2037 2867 vi-

468 2904 676 2955 dentur.
709 2903 825 2969 Quo
851 2903 970 2969 quia
1004 2904 1389 2969 prosecutionis
1421 2913 1523 2955 tute
1571 2904 1798 2958 intentio
1828 2904 2032 2974 vergit,

467 3005 685 3063 apparet
709 3005 759 3048 te
790 2995 1000 3048 Photini
1040 2995 1325 3063 dogmatis,
1367 2996 1505 3064 quod
1549 2995 1752 3050 dudum
1787 2997 2037 3064 repudia-

471 3087 583 3143 has.
615 3101 851 3140 errorem
877 3085 1193 3154 sacrilegum
1222 3086 1520 3140 defensare.
1548 3086 1676 3140 Nam
1703 3097 1755 3140 et
1781 3089 1893 3156 ipse
1913 3102 2033 3142 cum

471 3177 661 3229 Filium
688 3177 778 3231 Dei
815 3177 963 3247 157
992 3177 1058 3229 de
1082 3153 1245 3229 Patre
1273 3178 1508 3244 genitum
1534 3153 1845 3246 abnegaret,
1877 3153 2116 3248 atqtte”(1

471 3268 663 3320 talibus
695 3266 1119 3320 testimoniorum
1151 3265 1482 3318 documentis
1509 3275 1893 3332 coarctaretur,
1919 3269 2038 3336 qui-

471 3359 566 3409 bus
589 3361 702 3410 luce
722 3356 916 3409 clarius
939 3356 1355 3420 demonstratur,
1373 3349 1565 3408 Filium
1595 3355 1686 3409 Dei
1717 3355 1882 3410 Deum
1910 3371 2039 3411 vere

468 3455 522 3498 et
545 3448 757 3514 proprie
782 3446 848 3498 de
881 3445 1050 3498 Patris
1076 3445 1372 3498 substantia
1399 3445 1664 3511 genitum;
1698 3445 1822 3499 illuc
1851 3445 2042 3514 impie-

473 3540 596 3590 talis
619 3553 728 3590 sum
755 3536 1027 3590 molimina
1061 3537 1237 3601 vertit,
1289 3545 1345 3588 ut
1386 3536 1586 3588 eisdem
1618 3537 1788 3590 modis
1818 3536 2042 3591 eodem-

469 3645 569 3695 que
593 3628 811 3680 rationis
835 3627 1043 3690 ordine,
1073 3626 1263 3679 Filium
1284 3625 1351 3680 de
1372 3626 1529 3680 Patre
1547 3637 1812 3682 assereret
1835 3637 2013 3680 natum
2031 3667 2046 3690 ,

470 3720 606 3770 sicut
635 3718 873 3769 homines
907 3732 999 3784 per
1028 3716 1328 3783 adoptionis
1355 3716 1599 3783 gratiam,
1643 3716 1695 3769 in
1721 3717 1914 3770 divinae
1943 3732 2039 3786 ge-

473 3807 766 3858 nerationis
825 3807 1025 3874 prolem
1077 3806 1302 3874 legimus
1353 3815 1718 3859 consecratos.
1771 3807 1925 3874 Quod
1982 3818 2038 3860 tu

468 3912 704 3966 quoque,
736 3898 858 3949 licet
888 3897 1006 3949 aliis
1034 3895 1238 3949 viarum
1263 3895 1470 3948 indiciis
1495 3896 1766 3964 gradiens,
1794 3896 1858 3949 :nl
1891 3911 2039 3950 cum-

468 3991 592 4042 dem
625 3999 799 4042 tamen
835 3989 1157 4042 inﬁdelitatis
1186 3988 1477 4057 compitum
1524 3989 1815 4055 pervenisti
1850 4007 1862 4041 :
1895 4005 2042 4044 asse-

470 4097 594 4134 rens
623 4097 724 4133 non
747 4081 817 4133 ob
843 4083 942 4135 hoc
971 4081 1039 4134 tle
1076 4081 1161 4135 illa
1197 4079 1450 4134 ineﬂ'abili
1500 4078 1672 4134 Patris
1719 4081 2040 4146 substantia,

471 4171 632 4222 lilium
664 4180 844 4223 natum
874 4171 1070 4224 debere
1103 4170 1347 4238 intelligi,
1395 4171 1533 4238 quod
1573 4186 1640 4225 ex
1675 4171 1783 4224 Deo
1811 4173 2041 4241 genitus,

448 4263 546 4312 "vel
574 4275 636 4314 es
668 4261 836 4312 Patris
867 4271 1021 4313 utero
1057 4262 1247 4328 legitur
1275 4261 1608 4327 prooessisse
1641 4276 1656 4313 :
1684 4277 1806 4314 cum
1838 4263 2043 4316 ratione

466 4350 730 4401 consimili
774 4364 879 4400 non
925 4350 1094 4399 solum
1143 4351 1386 4401 homines
1423 4365 1482 4401 ex
1518 4350 1628 4403 Deo
1650 4361 1822 4415 natos,
1856 4367 2042 4406 verum

463 4441 627 4490 etiam
663 4437 1048 4488 insensibilium
1092 4437 1475 4490 elementorum
1517 4440 1801 4507 qualitates
1838 4442 2040 4508 paterni

2140 2077 2235 2131 sed
2259 2091 2386 2132 vere
2417 2075 2614 2148 (sicuti
2639 2085 2723 2128 est
2751 2076 3135 2146 proﬁtendum)
3176 2090 3239 2129 ex
3285 2075 3438 2130 Patre
3473 2082 3709 2144 genitum

2141 2167 2331 2222 credas
2362 2167 2574 2222 Photini
2602 2166 3014 2236 quodaminodo,
3047 2166 3145 2220 etsi
3199 2181 3303 2219 non
3347 2167 3584 2234 integris,
3617 2181 3711 2216 ve-

2143 2268 2441 2313 rumtamen
2469 2258 2734 2313 similibus
2777 2261 3204 2325 prosecutionum
3252 2259 3552 2323 sententiis,
3593 2259 3710 2326 ejus

2143 2348 2308 2404 fueris
2338 2350 2626 2418 impietatis
2651 2348 2843 2417 dogma
2873 2351 3130 2403 imitatus.

2220 2442 2372 2494 Arius
2389 2441 2516 2494 dixit
2538 2455 2556 2494 :
2573 2439 2702 2506 Quis
2719 2440 2896 2507 potius
2915 2439 3122 2493 Pltotini
3149 2449 3384 2494 sectatur
3409 2439 3710 2508 perﬁdiam,

2145 2539 2393 2585 utrumne
2416 2545 2537 2601 ego,
2580 2530 2672 2599 qui
2700 2543 2762 2584 ea
2792 2544 2913 2599 quae
2940 2529 3106 2583 Filius
3133 2529 3197 2584 ad
3243 2531 3712 2584 demonstrandam

2142 2623 2431 2679 divinitatis
2460 2637 2570 2676 stne
2601 2623 2758 2691 longe
2782 2621 3112 2684 inferiorem,
3155 2629 3208 2675 et
3248 2636 3353 2674 non
3383 2624 3432 2673 in
3463 2619 3712 2674 omnibus

2131 2715 2368 2769 similem
2385 2723 2628 2766 naturam
2647 2712 2851 2766 locutus
2865 2720 2968 2777 est,
2983 2711 3273 2765 secundum
3295 2710 3546 2766 deitatem
3561 2725 3714 2763 suam

2141 2811 2340 2866 dictum
2367 2809 2601 2879 accipio;
2630 2822 2697 2862 an
2725 2811 2839 2877 ipse
2867 2816 2924 2862 tu
2945 2808 3033 2876 qui
3073 2821 3209 2874 pene
3246 2817 3434 2861 cuncta
3466 2805 3715 2859 humani-

2142 2903 2266 2957 tatis
2292 2903 2557 2970 exempla,
2585 2916 2688 2954 non
2717 2900 2904 2956 fucatis
2926 2900 3120 2961 verbis,
3146 2915 3245 2954 nec
3266 2900 3507 2952 simulata
3533 2901 3714 2966 operis

2141 2991 2423 3048 efﬁcientia
2455 3002 2663 3060 peracta
2711 2993 2908 3044 lmmini
2949 3000 3162 3059 reputas
3199 2989 3504 3058 assmnpto?
3551 2990 3712 3044 Nam-

2142 3100 2247 3152 que
2274 3098 2331 3136 ut
2361 3099 2463 3135 non
2495 3082 2665 3134 solum
2697 3081 2924 3134 alterum
2944 3122 2958 3142 ,
2993 3095 3180 3134 verum
3213 3081 3372 3132 etiam
3399 3080 3712 3134 inferiorem

2145 3189 2175 3227 a
2206 3174 2362 3228 Patre
2395 3172 2727 3235 ostenderet,
2756 3173 2829 3224 εἰ
2861 3188 2872 3223 :
2911 3170 3069 3224 Pater
3096 3174 3263 3241 major
3290 3187 3369 3223 me
3402 3183 3474 3222 est
3516 3170 3710 3239 (Joan.

2144 3281 2251 3330 xw,
2283 3265 2399 3332 28).
2459 3263 2571 3330 Qua
2605 3261 2935 3330 proleSsione
2962 3262 3258 3316 evidentius
3290 3260 3588 3315 declaratur
3615 3261 3715 3316 Pa-

2144 3357 2241 3411 tris
2267 3367 2319 3409 et
2347 3344 2464 3410 Filii
2493 3355 2730 3410 ditersas
2758 3370 2878 3406 esse
2908 3355 3248 3409 substantias.

2213 3447 2254 3501 Χ
2270 3445 2375 3501 VII.
2394 3447 2703 3499 Athanasius
2720 3447 2847 3499 dixit
2871 3461 2890 3498 :
2905 3446 3173 3500 Proliteris
3196 3445 3384 3500 Filium
3412 3447 3499 3501 Dei
3523 3447 3713 3512 Deum,

2144 3539 2394 3592 servilem
2426 3538 2592 3592 nostri
2622 3539 2836 3605 generis
2867 3539 3088 3590 l‘ormatn
3111 3538 3360 3601 subiisse,
3392 3554 3458 3592 an
3487 3541 3625 3592 non?

2217 3630 2371 3681 Arius
2400 3630 2530 3681 dixit
2560 3645 2578 3682 :
2609 3628 2741 3695 Quis
2771 3629 2871 3682 hoc
2897 3629 3091 3696 impius
3122 3629 3415 3696 negaverit,
3439 3629 3718 3683 Christum

2145 3721 2347 3774 scilicet
2378 3719 2564 3786 Deum,
2622 3722 2692 3774 ita
2744 3736 2954 3791 quoque
3002 3737 3186 3775 verum
3231 3722 3498 3777 hominem
3543 3727 3717 3778 conﬁ-

2146 3810 2367 3864 tendum
2393 3812 2416 3862 ?

2218 3901 2522 3953 Athanasius
2552 3901 2680 3954 dixit
2703 3916 2722 3954 .'
2750 3901 3010 3957 Debemus
3039 3902 3194 3972 igitur
3217 3917 3403 3957 eorum
3426 3919 3544 3972 quin
3563 3903 3719 3958 Citri-

2147 4000 2264 4044 stus
2294 3991 2500 4044 locutus
2523 4001 2624 4053 est,
2669 3993 2941 4060 aliquanta
2985 3993 3272 4056 divinitati,
3314 3995 3580 4061 aliquanta
3612 3994 3718 4046 hu-

2151 4079 2389 4133 manitati
2420 4079 2720 4144 ascribere;
2776 4097 2842 4134 an
2882 4081 3000 4134 sine
3046 4082 3154 4133 ullo
3194 4081 3490 4148 partitionis
3525 4083 3718 4136 discri-

2148 4172 2312 4236 mine,
2339 4173 2583 4225 universa
2612 4183 2703 4226 aut
2735 4172 2864 4235 Deo,
2891 4183 2983 4226 ant
3005 4174 3204 4227 homini
3235 4175 3542 4242 assignare?

2221 4262 2374 4315 Arius
2400 4262 2531 4314 dixit
2553 4278 2572 4314 :
2605 4262 2712 4317 Iloc
2756 4279 2860 4316 non
2895 4266 3064 4318 solum
3097 4265 3475 4334 irreligiosum,
3523 4266 3616 4320 sed
3661 4276 3723 4322 et

2150 4365 2373 4404 summa:
2399 4351 2672 4419 putabitur
2690 4365 2810 4406 esse
2835 4352 3141 4419 dementia»,
3194 4365 3251 4406 ut
3276 4356 3452 4408 omnia
3475 4371 3596 4409 eum
3626 4366 3724 4411 aut

2151 4443 2444 4500 secundum
2470 4445 2823 4508 divinitatem,
2873 4453 2966 4498 aut
3011 4446 3300 4499 secundum
3334 4445 3722 4502 humanitatem

441 4531 598 4577 Διυιιειιὴ
641 4526 984 4592 generatione
1015 4527 1340 4595 processisse
1374 4527 1636 4594 legantur.
1671 4531 1735 4582 Et
1775 4530 1898 4584 licet
1933 4533 2038 4598 iam
2067 4511 2120 4573 ἶ)
2146 4537 2379 4591 locutum
2415 4536 2574 4591 fuisse
2602 4546 2868 4605 putemus.

449 4617 627 4667 totius
661 4615 1046 4680 proscetttionis
1077 4625 1178 4666 tute
1210 4619 1568 4669 narrationem
1594 4619 1748 4671 unius
1776 4622 2042 4674 sermonis

465 4706 898 4770 pronuntiatione
927 4703 1260 4766 dissolveris,
1293 4719 1402 4772 (ιλιο
1443 4706 1623 4759 dixisti
1678 4709 1833 4776 longe
1886 4710 2044 4762 aliter

458 4798 653 4851 Filium
681 4813 840 4865 quam
891 4808 1188 4851 creaturam
1238 4796 1489 4849 divinitus
1518 4799 1794 4854 exstitisse
1821 4817 1834 4852 :
1867 4810 2043 4854 tamen

465 4890 585 4957 quia
617 4888 876 4941 brevitate
906 4889 1168 4942 sermonis
1197 4888 1477 4942 obscurius
1507 4899 1559 4942 et
1582 4889 1897 4957 perplexius
1926 4907 2020 4959 pro

455 4981 578 5040 'lati,
613 4981 959 5032 intentionem
1004 4979 1289 5047 legentium
1329 4982 1483 5034 tetris
1512 4980 1836 5050 quibusdam
1876 4985 2037 5038 uehu-

465 5071 529 5124 lis
556 5071 822 5124 obnuhisti
857 5088 870 5122 :
905 5069 1101 5124 idcirco
1129 5085 1268 5123 nunc
1297 5084 1398 5141 ego
1430 5071 1655 5125 lucidius
1699 5082 1752 5124 et
1800 5073 2032 5140 planius,

465 5179 582 5233 quae
610 5168 832 5218 Oiscura
857 5173 981 5218 sunt
1005 5171 1060 5218 et
1091 5164 1371 5218 veritatem
1401 5165 1745 5229 obumbrant,
1781 5165 1834 5218 in
1873 5167 2038 5217 inani.

464 5261 801 5313 testationem
828 5259 1134 5312 clarissima:
1167 5259 1428 5326 proferam
1461 5259 1719 5311 notionis.

534 5351 672 5406 XVI.
713 5351 998 5406 Ostendam
1037 5351 1212 5418 igitur,
1251 5356 1505 5417 quantum
1543 5348 1607 5400 ad
1653 5347 2030 5415 proprietatem

465 5442 651 5495 divina:
678 5441 1031 5512 generationis
1062 5440 1308 5507 pertinet,
1343 5436 1439 5487 hoc
1466 5451 1585 5489 esse
1614 5453 1681 5488 ex
1713 5437 1819 5488 Deo
1859 5438 2035 5504 nasci,

466 5534 600 5594 quod
631 5543 710 5584 cst
737 5535 800 5586 de
838 5535 954 5601 ipso
980 5528 1239 5599 generari.
1295 5526 1360 5578 Et
1389 5537 1443 5578 ut
1474 5525 1923 5577 manifestioribus
1955 5526 2034 5577 di-

465 5627 701 5678 vittarum
731 5625 1126 5694 Scripturarutn
1147 5616 1472 5675 testimoniis
1503 5623 1636 5682 utar,
1665 5615 2032 5686 evangelicum

2218 4627 2528 4681 Athanasius
2559 4627 2686 4680 dixit
2718 4641 2737 4680 :
2767 4626 2821 4680 Si
2863 4639 2992 4694 ergo
3039 4627 3330 4681 secundum
3371 4628 3728 4696 professionis

2146 4727 2254 4772 tum
2281 4717 2624 4780 sententiam,
2665 4717 2933 4784 aliquanta
2971 4716 3266 4779 divinitati,
3307 4718 3562 4771 nonnulla
3589 4734 3728 4772 vero

2150 4806 2464 4861 humanitati
2489 4805 2801 4859 ascribenda
2834 4816 2978 4868 sunt,
3015 4820 3110 4859 cur
3151 4821 3257 4858 non
3291 4807 3398 4860 ‘hoc
3438 4807 3578 4872 quod
3623 4809 3728 4874 ait,

2153 4899 2307 4951 Pater
2343 4898 2511 4965 major
2541 4911 2618 4949 me
2648 4906 2720 4948 est
2751 4894 2966 4964 (lbid.),
2994 4895 3343 4959 humanitati;
3374 4905 3429 4950 et
3458 4897 3598 4963 quod
3621 4899 3728 4960 ait,

2153 4985 2265 5057 Ego
2291 4995 2336 5038 et
2368 4984 2522 5038 Pater
2558 5001 2714 5037 unum
2761 5001 2934 5036 sumus
2976 4983 3164 5055 (Joan.
3221 5001 3257 5050 I,
3302 4985 3416 5053 50),
3457 4987 3733 5041 divinitati

2156 5075 2502 5147 reputemus?
2539 5074 2778 5142 Namque
2807 5084 2862 5128 ut
2886 5078 3118 5139 noveris,
3148 5078 3438 5130 secundum
3480 5077 3528 5131 id
3581 5083 3731 5146 quod

2153 5169 2314 5222 homo
2342 5176 2477 5235 erat,
2508 5181 2630 5222 eum
2653 5165 2886 5229 dixisse,
2923 5171 3090 5236 major
3118 5183 3198 5219 me
3230 5178 3330 5230 est.
3361 5169 3472 5221 ait:
3506 5170 3568 5223 Si
3597 5170 3734 5222 diti-

2150 5259 2328 5328 gcretis
2357 5274 2433 5310 mc
2454 5257 2743 5326 gaudentis
2771 5257 3098 5324 utique.quia
3120 5256 3247 5308 vado
3271 5258 3338 5310 ad
3363 5256 3739 5326 Patrem,quia

2153 5345 2311 5400 Pater
2358 5350 2530 5416 major
2577 5362 2655 5400 me
2699 5355 2774 5400 est
2813 5345 3003 5412 (Joan.
3044 5362 3152 5410 xiv,
3192 5347 3312 5418 28).
3355 5348 3504 5418 Rogo
3545 5349 3739 5418 itaque

2148 5454 2267 5494 cum
2291 5437 2457 5493 Filius
2487 5436 2782 5493 secundum
2805 5436 3102 5491 divinitatis
3117 5453 3228 5492 sua:
3251 5441 3540 5509 potentiam
3570 5439 3741 5510 159

2149 5531 2395 5587 universa
2423 5529 2659 5600 impleat,
2688 5542 2787 5583 nec
2815 5527 2884 5583 sit
2907 5529 3098 5596 aliquis
3139 5531 3286 5585 locus
3314 5531 3502 5586 eadem
3531 5532 3736 5587 divini-

2151 5630 2256 5678 tate
2285 5635 2480 5679 vacuus
2503 5623 2728 5692 (utpote
2757 5621 2845 5693 qui
2871 5622 3084 5688 caelum,
3109 5632 3161 5680 et
3193 5632 3394 5680 terram
3415 5666 3429 5691 ,
3461 5634 3621 5697 atque
3649 5627 3739 5682 in-
