4026 6176
446 255 543 313 ςη

1741 250 1961 307 \‘lGlLil
2002 249 2371 308 TAPSENSIS

3586 259 3689 314 212

446 368 623 426 Pater,
656 372 859 419 natura:
898 365 1307 419 necessitatibus
1362 381 1464 421 non
1518 372 1759 418 teneatur
1811 362 2011 416 obstri-
2041 366 2095 425 Α
2121 362 2260 417 Deus
2286 374 2367 418 est
2397 366 2766 428 immutabilis,
2799 382 2897 420 nec
2921 366 3091 420 bonus
3120 381 3217 422 nec
3256 368 3429 422 malus
3455 371 3573 425 sine
3591 372 3688 425 du-

444 463 591 517 etus;
623 453 710 507 ubi
742 470 847 507 nott
875 454 1140 519 voluntas,
1176 455 1268 508 sed
1308 454 1387 508 vis
1432 463 1633 508 natura:
1668 452 1877 519 copiam
1912 452 2010 505 tri—

443 546 560 602 buit
586 545 894 614 generandi.
916 545 1143 599 Necesse
1165 556 1245 599 est
1268 545 1408 598 enim
1429 559 1511 608 ea,
1540 558 1660 613 qua”:
1684 542 2012 596 naturalibus

442 646 670 704 aguntur
712 634 963 698 motibus,
1016 630 1181 688 libera
1226 650 1344 687 esse
1390 649 1493 687 non
1541 647 1717 702 posse,
1758 642 2012 700 tantoque

442 725 653 783 Patrem
704 724 753 778 itt
802 738 913 778 sua:
964 725 1248 779 voluntatis
1295 724 1487 779 allectu
1538 724 1714 777 minus
1760 722 2009 788 liberum,

441 824 638 882 quanto
661 824 711 867 et
737 824 939 867 natura:
967 814 1119 885 162
1144 829 1253 867 sua:
1280 816 1401 882 jura
1431 814 1795 869 dominantur.

490 904 799 956 Athanasius
811 904 941 957 dixit
955 919 974 958 :
988 904 1104 959 lstis
1120 920 1237 973 quae
1250 905 1407 959 Arius
1432 904 1736 974 garrulatur
1761 912 2007 971 tanquam

438 996 834 1065 inexpugnabili
865 998 1180 1065 quaestione,
1215 996 1344 1050 nihil
1380 997 1636 1064 ineptius,
1659 994 1789 1049 nihil
1824 995 2008 1047 absur-

434 1087 557 1141 dius
572 1101 802 1154 unquam
819 1090 1015 1156 poterit
1034 1088 1230 1141 invenit
1247 1088 1259 1140 i
1278 1103 1292 1151 ;
1312 1096 1364 1139 et
1376 1087 1443 1140 ob
1459 1087 1558 1141 hoc
1572 1103 1634 1140 ea
1660 1088 2008 1153 reSponsione

436 1192 649 1246 quoque
671 1178 1168 1246 pulsareindignum
1196 1177 1554 1242 credideram,
1578 1177 2007 1246 quandoquidem

436 1271 579 1323 solet
617 1269 885 1323 interdum
933 1268 1174 1324 stultitiae
1221 1280 1399 1324 notam
1448 1272 1739 1331 incurrere,
1771 1271 2009 1337 quisquis

434 1361 632 1416 tnavult
662 1359 971 1413 stultissime
993 1359 1131 1413 dicta
1161 1359 1423 1413 refellere.
1445 1358 1573 1425 Quia
1596 1374 1723 1428 ergo
1744 1359 1797 1412 in
1820 1359 2004 1412 eadem

431 1451 729 1516 quaestione
759 1450 1049 1517 plurimum
1093 1450 1195 1504 sibi
1227 1450 1592 1518 opitulationis
1635 1453 1814 1507 inesse
1842 1454 2006 1509 confi-

431 1541 527 1604 dit,
559 1554 716 1609 quam
760 1542 905 1595 velut
942 1541 1247 1596 inevitabile
1278 1541 1621 1612 syllogisticze
1663 1544 1793 1597 artis
1824 1543 1994 1598 tendi-

428 1631 634 1697 culum,
664 1632 952 1700 petulantis
977 1631 1106 1685 satis
1134 1631 1407 1700 iactantia:
1434 1633 1722 1701 supercilio
1753 1633 2001 1704 inﬂigen-

2119 452 2207 506 bio
2237 462 2318 508 cst
2340 456 2705 524 proﬁtendus;
2736 460 2855 527 quia
2903 473 3063 513 omne
3103 460 3243 527 quod
3286 461 3578 515 secundum
3609 472 3686 528 te,

2118 545 2441 598 naturalibus
2466 547 2631 599 fertur
2662 547 2913 611 motibus,
2948 547 3205 602 libertatis
3234 559 3384 603 caret
3434 550 3683 619 arbitrio,

2113 648 2267 701 quem
2296 634 2465 688 ﬁnalis
2497 647 2698 689 natura:
2729 638 2985 691 terminus
3004 638 3139 691 intra
3164 648 3335 693 metas
3360 640 3686 699 conditionis

2115 731 2259 776 tenet
2286 723 2583 780 inclusum:
2608 725 2814 796 eritque
2862 727 3002 782 sicut
3042 744 3205 782 unum
3245 730 3520 797 quodlibet
3562 732 3675 787 ele-

2113 825 2430 883 mentorum,
2460 814 2594 869 sicut
2622 832 2754 884 aqua
2785 818 2866 871 vel
2900 826 3067 886 terra,
3099 834 3216 887 qua:
3239 819 3370 873 nihil
3391 820 3533 876 aliud
3557 837 3681 878 esse

2112 914 2283 971 potest
2308 919 2464 972 quam
2496 906 2545 958 id
2568 906 2706 975 quod
2725 918 2833 970 est;
2864 907 2988 961 dum
3023 923 3194 976 neque
3237 909 3555 964 melioribus
3582 927 3680 966 au-

2109 995 2220 1065 geri
2254 995 2599 1063 profectibus,
2634 1013 2807 1067 neque
2836 999 2885 1053 in
2910 999 3146 1054 deterius
3171 1000 3335 1055 relabi
3375 1001 3681 1057 arcentibus

2112 1094 2312 1139 natura:
2337 1086 2544 1153 legibus
2565 1096 2762 1155 potest.

2180 1174 2365 1231 XXliI.
2394 1177 2528 1241 Quia
2557 1192 2682 1231 vero
2717 1178 2880 1231 Deum
2912 1178 3184 1233 voluntate
3207 1178 3382 1247 potius
3402 1194 3559 1248 quam
3586 1196 3676 1232 na-

2110 1274 2225 1318 tura
2255 1269 2447 1320 asserit
2479 1266 2851 1335 profitendum,
2890 1268 3015 1323 dum
3054 1269 3242 1323 Filium
3287 1270 3558 1325 voluntate
3588 1286 3676 1339 pa.

2110 1354 2244 1407 terni
2263 1355 2479 1410 aii‘eetus
2502 1365 2663 1426 atque
2679 1357 3088 1422 necessitudine,
3112 1372 3217 1411 non
3236 1359 3465 1413 naturali
3486 1361 3676 1414 virtute

2104 1444 2340 1513 genitum
2366 1447 2555 1513 credit,
2586 1447 2766 1501 audiat
2792 1463 2950 1516 quam
2982 1447 3195 1502 absurdi
3228 1463 3420 1505 sensus
3448 1450 3669 1505 ratioE-i-

2106 1534 2253 1588 natio
2283 1534 2435 1589 istius
2463 1534 2813 1605 professionis
2854 1537 3258 1605 intelligentiam
3294 1549 3673 1609 consequatur.

2104 1620 2336 1679 Necesse
2371 1640 2498 1695 ergo
2524 1628 2622 1679 erit
2658 1624 2822 1681 Deum
2861 1627 3022 1695 protei
3042 1638 3097 1683 tu
3129 1630 3370 1685 melioris
3398 1631 3675 1686 electionis

429 1716 551 1778 dam
586 1724 808 1789 putavit,
829 1723 1149 1793 respondeat
1181 1733 1358 1777 utrum
1389 1724 1699 1781 mutabilem
1717 1726 1905 1791 Deum,
1927 1744 1979 1781 at

2102 1716 2306 1784 augeri,
2345 1717 2471 1771 dum
2504 1718 2642 1772 bona
2674 1733 2850 1773 rerum
2887 1720 3174 1785 electione,
3216 1722 3675 1790 perfectarumqne

428 1811 811 1872 immutabilem
840 1816 1145 1884 proﬁtetur.

496 1903 651 1956 Arius
681 1903 811 1956 dixit
836 1918 854 1957 :
884 1903 1272 1957 ltttmutabilcm
1310 1904 1582 1970 profiteor.

498 1990 809 2044 Athanasius
838 1992 1007 2045 dixit:
1039 1992 1239 2046 Bonum
1280 1992 1439 2061 igitur
1487 2010 1629 2056 entn,
1678 1995 1995 2064 sapientem,

426 2082 647 2155 justum,
680 2083 1102 2152 omnipotentem
1132 2083 1427 2146 cenliteris,
1459 2092 1616 2151 atque
1645 2083 1958 2153 perfectum.

497 2173 649 2225 Arius
672 2174 748 2225 dia
762 2175 799 2224 it
826 2189 842 2225 :
873 2174 1067 2226 Etiam.

493 2262 801 2316 Athanasius
831 2263 1003 2321 dixit:
1036 2264 1321 2320 Voluntate
1370 2264 1749 2330 immutabilis,
1797 2281 1863 2319 an
1904 2282 1995 2320 na-

424 2364 540 2410 tura
572 2364 845 2421 permanet
877 2355 1231 2408 invertibilis?

493 2446 643 2498 Arius
665 2446 834 2499 dixit:
858 2448 992 2513 Quid
1015 2448 1163 2501 dicas
1193 2464 1298 2502 non
1321 2449 1451 2502 satis
1480 2448 1742 2518 intelligo.

489 2534 651 2589 XXII.
691 2535 883 2589 Probus
900 2538 1065 2606 judea:
1084 2538 1212 2592 dixit
1238 2554 1256 2589 :
1283 2540 1535 2607 Apertum
1564 2540 1719 2593 valde
1749 2548 1832 2593 est
1851 2539 1992 2608 quod

417 2626 663 2696 inquirit,
688 2638 740 2680 et
771 2627 920 2681 nullo
949 2627 1295 2681 obscuritatis
1327 2630 1557 2697 tegmine
1588 2630 1887 2684 obvelatur.
1916 2631 1993 2683 ln-

417 2726 651 2786 tcrrogat
675 2716 814 2771 enim
849 2726 1022 2770 tttrunt
1057 2718 1327 2773 voluntate
1360 2718 1547 2782 Deum,
1576 2735 1641 2772 an
1676 2720 1992 2775 naturaliter

416 2807 797 2861 immutabilem
827 2809 991 2862 dicas.
1029 2806 1080 2861 ld
1113 2818 1219 2874 est,
1271 2810 1372 2863 hoc
1422 2811 1593 2877 ipsum
1650 2811 1789 2878 quod
1820 2812 1988 2866 bonus

414 2904 468 2951 et
498 2896 711 2962 sapiens
733 2897 966 2952 creditur
1002 2897 1163 2963 Deus,
1197 2898 1471 2953 voluntate
1505 2899 1626 2953 talis
1658 2911 1761 2965 est,
1795 2916 1861 2955 an
1890 2903 1988 2971 pri-

418 2985 611 3055 vilegio
642 2986 957 3054 majestatis,
981 2997 1036 3041 et
1065 2990 1293 3056 quodam
1322 2989 1442 3057 jure
1479 3000 1681 3045 natura:
1705 2993 1784 3047 his
1816 2994 1980 3047 virtu-

414 3084 523 3127 tum
555 3074 833 3128 affectibus
864 3074 1060 3136 pollet?

483 3166 636 3218 Arius
663 3166 791 3218 dixit
817 3182 833 3217 :
867 3166 1002 3219 Nihil
1058 3166 1243 3219 borum
1292 3176 1492 3222 tumere
1533 3169 1703 3224 audeo
1738 3186 1977 3240 pronun-

411 3254 562 3313 tiare.

480 3346 682 3400 Probus
710 3347 877 3418 judex
905 3348 1031 3400 dixit
1059 3363 1077 3403 :
1102 3348 1343 3403 Delibcta
1389 3349 1548 3418 igitur
1598 3352 1734 3419 quod
1782 3352 1978 3411 debeas

410 3433 539 3490 dare
587 3451 920 3504 responsum.
976 3437 1031 3491 Si
1079 3447 1363 3507 uttumque
1411 3438 1676 3506 dilfiteris,
1729 3453 1975 3500 neutrum

408 3538 561 3579 tenes
591 3543 604 3579 :
634 3522 699 3581 ac
731 3527 807 3579 sic
829 3526 935 3580 eris
979 3544 1007 3581 a
1046 3528 1239 3583 divina)
1272 3530 1619 3597 professionis
1661 3534 1855 3600 pietate
1884 3551 1977 3589 ex-

406 3621 588 3685 torris,
640 3620 683 3672 si
729 3619 924 3673 nullam
968 3621 1034 3675 de
1082 3621 1188 3675 Deo
1230 3622 1489 3691 religiosa:
1519 3623 1639 3678 ﬁdei
1671 3626 1973 3693 Opinionem

405 3717 661 3761 retentas.
693 3710 789 3762 Aut
814 3709 858 3761 si
883 3725 1044 3762 unum
1077 3710 1230 3780 eligis
1256 3727 1284 3766 e
1306 3711 1536 3772 duobus.
1558 3729 1624 3767 ne
1655 3714 1830 3767 divina
1856 3732 1976 3784 pro.

404 3799 634 3854 fe-sione
662 3815 855 3854 vacuus
882 3800 1148 3866 habeatis,
1177 3802 1263 3857 die
1295 3814 1470 3857 utrutn
1494 3805 1765 3862 voluntate
1793 3823 1857 3861 an
1883 3825 1973 3863 na-

404 3899 520 3949 tura
553 3890 693 3945 Deus
718 3894 789 3945 sit
817 3891 1162 3947 immutabilis
1197 3894 1546 3961 proﬂtendtts.

471 3982 781 4035 Athanasius
829 3984 999 4037 dixit:
1048 3985 1250 4051 Quibus
1301 3987 1663 4054 responsionis
1717 3991 1970 4058 testibus,

401 4072 563 4131 tantis
585 4081 889 4127 coarctatus
925 4075 1184 4142 angustiis
1224 4076 1475 4145 agitetur,
1518 4078 1852 4134 manifestius
1878 4096 1973 4135 an.

397 4165 631 4221 ditorutn
660 4165 905 4221 sensibus
935 4176 1103 4236 patet.
1135 4166 1426 4223 Pervidcns
1456 4170 1600 4225 enim
1633 4186 1692 4226 se
1716 4172 1971 4227 inenoda-

396 4259 591 4316 bilibus
632 4260 1006 4314 sciscitationis
1053 4276 1184 4314 nteze
1228 4261 1432 4330 laqueis
1478 4262 1762 4329 irretitum,
1796 4279 1967 4334 neque

395 4352 670 4405 voluntate
710 4349 900 4416 Deum,
946 4365 1119 4419 neque
1167 4361 1354 4406 natura
1383 4352 1767 4408 immutabilem
1799 4355 1964 4409 voluit

2104 1808 2306 1863 ratione
2356 1810 2647 1874 virtutum,
2699 1812 3038 1880 prosperiore
3082 1826 3332 1867 successu
3389 1815 3561 1868 tendit
3607 1815 3673 1868 ad

2104 1913 2339 1957 summa:
2357 1915 2581 1968 esseque
2603 1900 2830 1969 aliquem
2851 1916 2917 1956 eo
2935 1902 3285 1969 superiorem,
3304 1902 3390 1955 cui
3408 1917 3502 1972 per
3522 1902 3673 1957 bona:

2101 1992 2389 2047 voluntatis
2428 1992 2679 2048 ell‘ectutn
2726 1994 2936 2061 placere
2986 1993 3295 2052 contendat.
3336 1998 3374 2048 Α
3421 2009 3526 2059 quo
3562 2009 3674 2049 me-

2101 2082 2353 2137 tuendum
2387 2094 2487 2149 est,
2533 2097 2599 2137 ne
2636 2083 2814 2152 aliquo
2854 2084 3141 2149 desciscat,
3186 2085 3233 2139 si
3283 2086 3506 2140 forsitan
3548 2102 3670 2143 eum

2100 2170 2251 2225 bona:
2273 2173 2562 2227 voluntatis
2594 2172 2821 2228 intentio
2852 2173 3100 2239 deserat;
3123 2175 3550 2245 quandoquidem
3579 2193 3670 2231 ne-

2098 2274 2252 2316 cesse
2280 2271 2384 2328 est,
2422 2272 2479 2316 ut
2507 2278 2627 2317 eum
2659 2264 2747 2332 qtti
2791 2263 2934 2317 nullo
2964 2264 3188 2319 subsidii
3216 2266 3477 2320 naturalis
3501 2266 3670 2321 admi-

2105 2353 2283 2409 niculo
2320 2354 2533 2421 fruitur,
2579 2354 2807 2408 sinistra:
2841 2354 3105 2408 interdum
3142 2356 3429 2410 voluntatis
3457 2357 3669 2412 affectio

2096 2445 2421 2512 interpellet.
2447 2442 2569 2499 Hzec
2600 2454 2851 2514 quantunt
2886 2446 3231 2514 irreligiosius
3252 2447 3319 2502 de
3348 2446 3455 2502 Deo
3483 2449 3668 2510 dicun—

2098 2543 2202 2599 tur,
2235 2544 2381 2589 tanto
2416 2535 2639 2604 tit-quius
2660 2536 2978 2604 cogitantur.
3008 2536 3256 2591 Pervides
3285 2553 3412 2605 ergo
3435 2537 3659 2607 (optime

2091 2624 2353 2696 judicum)
2380 2641 2600 2681 summa:
2628 2626 2853 2696 quodam
2877 2626 3161 2696 impietatis
3178 2628 3450 2696 instinctu,
3471 2629 3667 2683 divinat

2088 2716 2206 2782 jura
2240 2727 2462 2781 naturae,
2496 2716 2809 2784 virtutisque
2840 2716 3047 2771 infecta:
3075 2716 3445 2783 substantiam,
3485 2733 3663 2773 rerum

2090 2804 2347 2859 factarum
2374 2804 2576 2859 naturis
2597 2806 2831 2859 voluisse
2856 2805 3042 2860 Arium
3073 2820 3412 2875 comparare;
3444 2814 3501 2860 nt
3521 2808 3663 2861 scili-

2089 2905 2173 2950 cet
2202 2897 2270 2951 ob
2302 2898 2402 2951 ltoc
2442 2914 2545 2950 non
2580 2908 2767 2950 natura
2800 2896 2975 2963 Pater,
3020 2896 3115 2951 sed
3163 2899 3432 2953 voluntate
3472 2897 3659 2952 Filinnt

2087 2988 2545 3055 generaverit,'ne
2571 3001 2932 3041 creaturarum
2962 2990 3075 3042 sive
3105 2988 3515 3054 rationabilium,
3544 2988 3661 3043 sive

2013 3065 2058 3130 C
2092 3080 2297 3135 ratione
2331 3079 2624 3133 carentium
2656 3080 2837 3142 modo,
2869 3079 3196 3133 naturalibus
3228 3079 3466 3133 videatur
3506 3079 3661 3149 164

2087 3170 2492 3225 necessitatibus
2520 3170 2819 3238 subjacere.
2852 3170 2957 3225 Sed
2994 3169 3209 3235 habeat,
3252 3170 3491 3239 q‘uisqnis
3534 3170 3656 3222 talia

2082 3263 2262 3329 sentit,
2294 3261 2614 3329 opinationis
2636 3276 2745 3314 sine
2766 3260 3070 3325 arbitrium,
3101 3276 3131 3318 a
3154 3260 3431 3328 majestate
3452 3260 3655 3314 laturus

2087 3353 2588 3422 tmoalejndicimn,
2605 3363 2708 3406 tam
2728 3354 2926 3421 inepta,
2946 3362 3049 3405 tam
3075 3352 3329 3421 sacrilega
3343 3352 3655 3420 jttdicando.

2081 3441 2187 3496 Nos
2220 3459 2347 3496 vero
2386 3443 2684 3498 divinarum
2730 3444 2922 3497 eruditi
2974 3443 3280 3511 magisterio
3331 3443 3653 3509 litterarum,

2082 3538 2215 3589 hanc
2245 3535 2310 3586 de
2335 3533 2464 3600 Deo,
2494 3532 2751 3601 religiose
2790 3532 3059 3600 opinionis
3096 3534 3412 3587 sententiam
3454 3534 3654 3591 retine-

2080 3641 2219 3689 mus,
2255 3632 2311 3677 ttt
2344 3638 2449 3676 non
2490 3622 2633 3677 aliud
2668 3623 2784 3690 ejus
2810 3622 3159 3690 voluntatem,
3194 3622 3337 3676 aliud
3370 3623 3652 3680 credamus

2076 3730 2197 3769 €558
2219 3727 2483 3767 naturam.
3320 3760 3323 3763 ν

2149 3804 2336 3859 XXIV.
2368 3804 2604 3873 Namque
2631 3802 2769 3872 quod
2797 3818 2917 3856 eum
2948 3804 3267 3869 sap‘entem,
3290 3805 3511 3865 bonum,
3535 3818 3652 3856 om-

2076 3895 2426 3963 nipotentem,
2463 3894 2864 3962 perfectumque
2890 3890 3138 3955 fatemur,
3173 3907 3275 3943 non
3307 3900 3553 3959 tanquam
3583 3906 3646 3944 ex

2073 3985 2382 4040 diversitate
2429 3984 2684 4037 virtutum
2732 3981 3135 4044 subsistentem,
3168 3990 3223 4035 et
3274 3981 3546 4035 distincta!
3570 3982 3649 4036 rei

2072 4074 2300 4142 alicujus
2323 4073 2577 4143 qualitate
2604 4071 2958 4138 compositum
2979 4072 3275 4125 asserimns
3301 4071 3497 4135 Deum;
3525 4073 3647 4141 quia

2080 4181 2186 4220 ttnn
2228 4165 2380 4219 aliter
2409 4163 2641 4231 sapiens,
2677 4163 2777 4216 nisi
2810 4164 2933 4232 quia
2982 4163 3344 4229 omnipotens,
3389 4164 3489 4217 nisi
3520 4165 3647 4231 quia

2072 4254 2341 4326 perlectus
2372 4255 2629 4315 habetur;
2664 4252 2714 4306 id
2742 4262 2844 4317 est,
2878 4268 2981 4306 non
3014 4252 3155 4306 aliud
3189 4254 3239 4306 in
3272 4268 3336 4306 eo
3375 4263 3456 4307 est
3489 4254 3643 4307 boui-

2074 4357 2178 4417 tas,
2208 4347 2351 4403 aliud
2391 4345 2683 4415 sapientia,
2715 4359 2816 4398 neu
2856 4344 2995 4397 alittd
3044 4345 3454 4411 omnipotentia,
3484 4361 3645 4413 quam

393 4439 665 4508 profiteri;
691 4440 785 4495 sed
815 4439 883 4494 de
915 4448 1142 4510 utroque
1170 4440 1498 4496 industrioso
1524 4452 1644 4497 astu
1676 4443 1845 4511 siluit,
1874 4447 1964 4515 qui
1998 4426 2047 4487 Ῑ)
2072 4439 2212 4509 quod
2244 4438 2541 4509 perfectio:
2571 4436 2664 4491 sed
2696 4435 2873 4490 omnia
2914 4435 3029 4488 lt-Tc
3061 4436 3113 4489 in
3160 4435 3267 4489 Deo
3290 4451 3398 4489 uno
3428 4438 3646 4492 eodem—

390 4544 448 4584 se
476 4530 527 4583 in
551 4538 778 4599 utroque
807 4531 1127 4596 capiendum
1145 4531 1382 4601 agnovit.
1409 4532 1515 4588 Sed
1540 4536 1813 4591 videamus
1833 4552 1965 4606 qno~

391 4619 552 4675 modo
599 4619 645 4674 is
687 4620 774 4689 qui
813 4621 913 4675 sibi
954 4622 1291 4691 arrogantius
1315 4621 1585 4692 loquendo
1612 4627 1961 4697 praescripsit,

386 4712 683 4765 consultius
733 4711 1008 4768 reticendo
1059 4710 1416 4780 prospexerit.
1456 4714 1608 4783 163
1652 4715 1793 4769 Dixit
1818 4717 1958 4771 enim

389 4802 598 4855 Patrem
654 4816 987 4870 nequaquam
1036 4813 1244 4865 natura,
1296 4802 1389 4856 sed
1442 4805 1714 4858 voluntate
1768 4805 1957 4860 Filium

384 4905 696 4957 generasse,
732 4906 795 4944 ne
824 4891 1031 4946 scilicet
1052 4893 1317 4961 aliquibus
1353 4894 1602 4949 videatur
1634 4905 1835 4950 natttrtr
1870 4913 1961 4949 tte-.-

382 4982 719 5038 tzessitatibus
760 4982 1067 5050 subjacere.
1104 4985 1149 5038 A
1173 5000 1280 5051 quo
1309 4984 1433 5039 duttt
1470 5002 1774 5055 quicreretu
1807 4989 1961 5040 obni-

382 5076 497 5129 xius
522 5086 696 5129 utrum
723 5074 996 5129 voluntate
1030 5075 1192 5131 Deum
1222 5092 1288 5131 an
1322 5088 1511 5132 natura
1530 5080 1739 5140 diceret
1765 5082 1956 5133 immu-

379 5165 615 5232 tabilem,
660 5166 729 5220 ob
774 5166 824 5219 id
867 5166 934 5221 de
984 5178 1212 5236 utroque
1252 5170 1485 5223 reticuit.
1517 5169 1651 5234 Quia
1677 5171 1721 5224 si
1751 5170 1953 5223 diceret

379 5266 561 5309 natura
595 5256 1016 5321 immutabilem;
1048 5272 1261 5311 omnem
1307 5273 1480 5323 suam,
1520 5274 1678 5327 quam
1723 5260 1953 5312 intenta-

384 5359 455 5399 tet
469 5354 543 5411 at,
571 5345 806 5401 funditus
822 5349 1162 5402 subverteret
1193 5350 1578 5415 qnznstionem;
1609 5358 1699 5401 aut
1724 5357 1869 5402 certe
1901 5354 1949 5403 in

377 5451 490 5488 eam
520 5438 661 5490 velut
689 5439 740 5491 in
787 5438 1056 5507 quoddam
1092 5435 1300 5489 altior.s
1328 5434 1606 5503 principitil
1636 5438 1951 5490 barathrum

374 5525 684 5591 decidisset;
729 5542 948 5583 necesse
997 5536 1113 5584 erat
1159 5541 1253 5580 sua
1311 5542 1407 5580 nos
1463 5525 1516 5579 in
1565 5540 1688 5580 eum
1744 5526 1950 5595 spicula

375 5617 683 5689 qumstionis
714 5628 1022 5694 retorquere
1042 5660 1056 5685 ,
1089 5621 1339 5696 illicoque
1370 5620 1577 5679 referre
1617 5639 1629 5675 :
1661 5621 1717 5677 Si
1762 5634 1947 5679 natura

2072 4545 2177 4599 que
2204 4528 2670 4592 modoltabentur;
2697 4526 2788 4582 sed
2823 4526 3072 4595 singulari
3106 4525 3265 4579 modo
3290 4527 3510 4581 diffiuiti
3536 4545 3643 4583 non

2072 4631 2314 4693 possont.
2337 4620 2568 4674 Observa
2599 4629 2799 4683 tamen,
2835 4634 2920 4679 ne,
2952 4617 3073 4685 quia
3106 4618 3155 4671 in
3190 4618 3300 4672 Deo
3322 4618 3532 4672 modum
3562 4621 3645 4673 di-‘

2071 4715 2246 4770 ximus
2292 4711 2604 4782 quibusdam
2662 4710 2903 4764 terminis
2946 4709 3303 4763 modificatum
3355 4711 3638 4779 intelligas,

2067 4809 2156 4881 qtti
2182 4821 2293 4860 sua:
2320 4803 2527 4857 virtutis
2552 4800 2908 4855 immensitate
2938 4802 3187 4855 universa
3218 4801 3453 4855 excedit.
3488 4802 3643 4855 Sicut

2063 4898 2205 4951 enim
2251 4910 2371 4948 cum
2424 4893 2746 4945 immensum
2775 4892 3023 4954 dicimus,
3068 4906 3173 4944 non
3224 4891 3638 4945 immoderatum

2064 4990 2309 5038 volumus
2356 4982 2604 5050 intelligi,
2648 4983 2727 5036 vel
2772 4996 2893 5035 cum
2926 4981 3217 5048 perfectum
3260 4983 3639 5051 praedicamus,

2062 5095 2166 5133 non
2198 5076 2561 5146 proficientem
2594 5072 2929 5137 inducimus;
2963 5072 3011 5125 id
3035 5081 3137 5135 est,
3172 5090 3274 5127 non
3304 5089 3397 5141 per
3427 5074 3637 5143 aliquas

2063 5169 2316 5220 virtutum
2339 5163 2652 5218 efficientias
2671 5164 2841 5230 paulat
2853 5165 2920 5215 int
2940 5178 3006 5216 ex
3018 5164 3270 5231 periendo
3282 5165 3636 5234 gradientem,

2061 5257 2125 5311 ad
2149 5270 2355 5311 summa
2387 5252 2730 5321 perfectionis
2750 5252 2954 5321 fastigia
2972 5255 3266 5307 asserimns
3293 5254 3633 5323 pervenisse:

2063 5354 2131 5403 ita
2162 5350 2320 5403 etiam
2349 5347 2448 5399 hoc
2478 5345 2675 5399 dictum
2710 5343 2875 5397 debes
2905 5343 3175 5412 accipere.
3201 5345 3305 5400 Sed
3334 5344 3399 5399 ad
3433 5360 3635 5412 propo-

2061 5441 2220 5493 situm
2258 5436 2562 5492 redeamus.
2596 5434 2736 5503 Ergo
2768 5433 2956 5496 Deum,
2988 5433 3077 5502 qui
3119 5436 3471 5503 proculdubio
3502 5437 3634 5489 sitn-

2061 5530 2180 5598 plex
2222 5539 2329 5593 est,
2351 5546 2364 5570 κ
2381 5525 2465 5580 ide
2487 5525 2698 5595 quantis
2721 5523 3099 5579 vocabulorum
3124 5527 3430 5579 nominibus
3452 5528 3637 5593 appel—

2062 5621 2263 5678 lamus:
2294 5618 2612 5687 sapicntem,
2649 5615 2869 5683 bonum,
2889 5614 3332 5687 omnipotentem,
3354 5617 3639 5685 previdunt
