3958 6176
299 283 403 336 ς215

1044 276 1313 332 CONTRA
1355 277 1663 344 Ali'ANOS,
1706 277 2187 342 SABELLIANOS,
2233 278 2410 344 ETC.,
2453 278 2577 333 LIB.
2624 281 2682 333 ll.

3444 282 3546 334 214

299 409 456 465 atque
480 396 795 463 perfectum.
826 392 892 447 Et
922 391 1035 447 btec
1062 391 1277 461 quidem
1295 390 1359 444 ad
1385 391 1645 459 seipsum.
1672 387 1752 442 Ad
1775 402 1872 442 nos
1898 396 1950 456 Α
1978 390 2155 446 inesse
2196 390 2548 457 demonstrat,
2600 401 2655 445 ut
2681 400 2733 446 et
2770 408 2983 462 semper
3006 396 3058 449 in
3100 395 3254 450 Patre
3285 396 3460 458 fuerit.
3492 406 3548 451 et

297 501 445 549 vero,
477 483 904 547 misericordem,
939 483 1104 552 pium,
1123 481 1325 552 justum
1352 488 1512 549 atque
1538 480 1827 549 benignum
1854 495 1868 532 :

299 592 397 632 nec
428 586 607 631 tamen
636 576 889 629 virtutum
917 572 1195 643 multiplici
1226 571 1486 642 qualitate
1512 570 1869 639 compositum

298 670 580 739 quisquam
598 667 814 721 audebit
840 680 1082 721 asserere
1105 679 1252 730 eum,
1276 663 1367 733 qui
1387 661 1643 732 singulari
1659 660 1872 715 virtutis

298 760 683 827 omnipotentia
708 756 1030 822 subsistens,
1062 770 1207 824 pura:
1246 768 1310 808 ac
1346 752 1606 821 simplicis
1633 750 1873 805 creditur

296 867 419 906 esse
468 861 694 903 natura}.
744 847 851 904 Sed
904 847 1041 901 hanc
1085 861 1243 900 unam
1284 845 1640 913 eamdemque
1668 850 1872 896 natura:

296 948 572 1007 virtutem,
602 942 851 996 humanae
880 938 1203 995 conditionis
1234 936 1618 1006 intelligentia,
1653 942 1872 986 natura-

294 1038 435 1091 libus
479 1033 758 1103 imperitite
789 1031 1077 1085 obstaculis
1106 1029 1420 1098 prtepedita,
1462 1041 1569 1081 uno
1598 1025 1867 1092 explicare

292 1143 546 1181 sermone
598 1141 701 1180 non
747 1124 938 1193 potuit.
970 1123 1036 1177 Et
1065 1124 1184 1177 ideo
1208 1122 1369 1176 variis
1402 1128 1457 1174 et
1483 1116 1867 1186 multiplicibus

292 1220 570 1271 nominum
597 1214 1039 1286 appellationibus
1062 1214 1255 1279 utitur;
1279 1222 1337 1266 ut
1359 1211 1481 1265 hinc
1502 1209 1675 1279 qualis
1698 1221 1869 1276 quan-

291 1321 407 1365 tare
456 1312 529 1364 sit
574 1310 766 1364 divina:
807 1308 1020 1362 virtutis
1062 1317 1247 1359 natura
1280 1303 1487 1358 facilius
1524 1298 1864 1368 conjiciatur.

288 1406 418 1467 Qua:
467 1417 592 1455 cum
630 1415 731 1455 una
782 1400 872 1465 sit,
918 1398 1211 1465 eademque
1252 1394 1498 1464 simplex,
1542 1407 1650 1446 uno
1688 1399 1863 1444 tamen

289 1493 455 1547 verbo
485 1509 593 1546 non
626 1491 839 1561 penitus
869 1490 1196 1560 explicatur.
1228 1487 1359 1542 Nam
1388 1488 1455 1550 si,
1490 1484 1639 1538 verbi
1665 1482 1853 1552 gratia,

288 1598 382 1649 per
409 1582 653 1636 diversas
683 1580 875 1634 divinae
904 1578 1056 1650 165
1077 1577 1402 1646 Operationis
1423 1575 1633 1645 species
1651 1588 1866 1642 percur-

288 1690 491 1736 rantns,
533 1683 587 1728 et
623 1675 952 1746 inquiramus
989 1688 1091 1740 qua
1136 1671 1330 1724 virtute
1373 1682 1666 1724 convexum
1708 1674 1854 1719 tanta

1976 481 2152 535 editus
2183 497 2449 550 nunquam
2480 497 2511 537 a
2540 483 2697 537 Patre
2727 487 3010 539 recesserit
3036 502 3053 539 :
3083 488 3220 540 sicut
3251 485 3545 554 sapientem

1974 572 2234 639 sapientia
2283 588 2387 627 non
2417 574 2640 643 deserit,
2680 574 2820 630 sicut
2864 576 3055 630 fortem
3086 591 3181 630 sua
3223 577 3390 633 virtus
3442 593 3547 631 non

1978 662 2248 731 relinquit,
2273 664 2413 718 sicut
2457 664 2711 735 splendor
2740 680 2859 720 sese
2886 680 2915 722 a
2944 667 3143 721 lumine
3184 668 3398 735 proprio
3441 684 3545 721 non

1974 763 2227 806 secernit.

1966 828 2016 905 δ
2045 842 2234 897 XXVI.
2269 844 2424 898 Arius
2453 845 2583 898 dixit
2607 861 2625 897 :
2654 845 2931 899 lnteutatte
2956 860 2985 900 a
3016 861 3098 901 me
3120 846 3431 915 quaestionis
3449 862 3544 901 no-

1971 932 2096 987 dum
2143 951 2433 1006 nunquam,
2485 948 2541 991 ut
2588 937 2715 991 mihi
2771 939 3000 1001 videtur,
3042 941 3190 994 vales
3231 941 3532 993 exsolvere.

1971 1022 2100 1078 Nam
2132 1028 2399 1094 superius,
2448 1037 2501 1081 ut
2542 1029 2641 1081 ltoc
2682 1029 2751 1082 ita
2790 1040 3049 1096 repetam,
3081 1029 3282 1083 dixisse
3315 1043 3399 1083 me
3426 1044 3540 1084 me-

1972 1115 2123 1180 mini,
2145 1115 2307 1171 Deum
2330 1118 2418 1186 qui
2442 1118 2688 1171 universa
2712 1119 3107 1187 citmplcctitur,
3131 1118 3370 1186 nilti’que
3389 1128 3539 1173 extra

1970 1218 2030 1259 se
2062 1206 2239 1270 habet,
2270 1221 2531 1277 nusquam
2566 1223 2658 1276 per
2684 1209 3043 1278 generationis
3073 1218 3412 1277 augmentum
3440 1211 3534 1264 de-

1969 1294 2133 1350 ﬂuere
2177 1311 2354 1364 pusse,
2398 1308 2453 1352 et
2501 1299 2763 1353 infinitum
2815 1300 3031 1354 minime
3077 1301 3395 1362 redundare,
3450 1308 3538 1354 aut

1968 1395 2115 1440 certe
2145 1388 2495 1443 substantiam
2528 1405 2677 1443 suam
2702 1391 2949 1445 divisisse
2995 1392 3046 1445 in
3096 1390 3317 1456 Filium;
3356 1403 3407 1444 et
3440 1408 3534 1461 pa-

1970 1487 2173 1534 ternam
2198 1482 2565 1535 tantummodo
2591 1490 2714 1537 ante
2743 1483 3094 1537 substantiam
3121 1499 3217 1552 pro
3248 1496 3357 1537 rata
3387 1493 3536 1553 parte

1973 1580 2237 1625 secretam
2253 1588 2279 1625 a
2300 1586 2358 1627 se
2374 1587 2435 1627 ac
2452 1582 2709 1627 resectam
2721 1573 2931 1637 ,Filium
2952 1573 3283 1642 nominasse;
3301 1585 3533 1628 tantum-

1965 1677 2067 1731 que.
2092 1662 2194 1716 sibi
2222 1662 2547 1727 detraxisse,
2586 1674 2840 1733 quantum
2893 1668 2945 1719 in
2994 1665 3181 1719 Filium
3233 1667 3529 1719 contulisse

285 1767 617 1818 sublimitate
654 1765 851 1818 cretum
893 1763 1213 1817 estcnderit.
1261 1771 1563 1826 terramque
1602 1754 1858 1810 immobili
1892 1753 1936 1812 Β
1971 1753 2197 1807 videtur.
2247 1754 2326 1808 Ad
2373 1755 2491 1810 bace
2545 1755 2744 1809 nullum
2807 1766 2858 1810 t‘e
2910 1766 3121 1810 constat
3163 1756 3373 1811 dedisse
3415 1773 3529 1811 res-

284 1858 577 1911 stabibtate
622 1854 948 1917 fundaveiit,
999 1865 1158 1921 atque
1206 1864 1419 1921 aequora
1462 1865 1561 1919 per
1600 1847 1853 1903 solubiles

284 1960 597 2013 camporum
629 1944 814 1998 latices
848 1942 1060 2005 fuderit,
1090 1956 1193 2010 qua
1220 1941 1437 2010 sapiens
1466 1954 1533 1992 an
1563 1952 1663 2005 qua
1690 1935 1861 1991 omni-

285 2041 514 2101 potens;
563 2035 790 2087 retertur
832 2033 1070 2100 proiecto
1099 2041 1202 2100 qua
1241 2031 1453 2099 sapiens
1479 2036 1535 2082 et
1562 2044 1661 2097 qua
1690 2026 1862 2080 omni-

284 2137 489 2195 potens.
527 2125 592 2178 Et
620 2124 858 2191 nunquid
897 2124 1207 2176 divers'tate
1240 2122 1493 2174 virtutum
1523 2108 1850 2185 compositus

281 2218 419 2271 erit?
447 2217 816 2285 Nequaquam,
848 2218 939 2270 sed
964 2217 1119 2269 unius
1140 2216 1354 2271 virtutis
1376 2212 1556 2267 multa:
1586 2211 1857 2281 signiﬁca-

285 2310 483 2363 tionum
512 2308 744 2376 species,
777 2307 901 2376 quia
943 2322 1047 2360 non
1084 2304 1225 2360 aliud
1258 2305 1308 2359 in
1350 2318 1414 2359 eo
1442 2304 1551 2374 agit
1575 2301 1859 2373 sapientia,

282 2400 424 2453 aliud
457 2399 868 2466 omnipotentia,
899 2398 1041 2452 aliud
1075 2397 1431 2466 providentia.

349 2490 518 2544 XXV.
558 2491 795 2560 Denique
844 2492 1097 2555 scriptum
1129 2500 1212 2544 est
1248 2508 1258 2542 :
1294 2488 1434 2542 Deus
1475 2487 1726 2558 sapientia
1766 2502 1861 2541 sua

282 2588 514 2654 {undat-it
544 2584 1004 2649 teriam,stabilivit
1027 2595 1191 2636 autem
1214 2583 1363 2636 calas
1401 2581 1691 2650 prudentia,
1712 2594 1861 2632 sensu

278 2683 384 2750 ejus
415 2678 588 2746 abyssi
623 2674 767 2728 dissjl
788 2686 949 2728 terunt
982 2673 1165 2745 (Prov.
1209 2690 1266 2738 ιι,
1304 2673 1413 2744 19).
1446 2671 1580 2725 Num
1612 2671 1771 2738 igitur
1792 2686 1857 2722 eo

280 2785 448 2835 usque
476 2770 808 2837 de~ipietnus
856 2776 910 2821 ut
951 2766 1189 2819 dicamus
1230 2765 1371 2833 quod
1417 2763 1613 2817 ccelum
1644 2761 1855 2831 quidem

279 2876 377 2911 uua
410 2858 631 2927 virtute,
663 2856 713 2911 id
744 2866 826 2913 est
853 2857 1156 2926 prudentia,
1207 2865 1349 2910 terra
1380 2869 1511 2909 vero
1539 2854 1664 2919 alia,
1697 2852 1748 2907 id
1778 2861 1861 2907 cst

276 2950 562 3019 sapientia,
590 2948 919 3013 substiterit;
946 2948 1046 3001 alia
1077 2960 1287 3017 quoque
1312 2945 1404 3000 Dei
1443 2946 1661 3012 virtute,
1694 2944 1744 2997 id
1775 2950 1859 2997 est

276 3055 439 3094 sensu
467 3041 606 3108 ejus,
633 3040 809 3108 abyssi
837 3037 1198 3092 dissiluerintl
1230 3035 1334 3092 Sed
1366 3035 1485 3091 vide
1513 3034 1859 3105 quemadmo-

1964 1860 1999 1915 p
2022 1862 2209 1899 uisum.

2030 1939 2340 1994 Athanasius
2361 1940 2525 1995 dixit:
2550 1938 2678 1997 Vide
2700 1941 2751 1996 in
2772 1951 3026 2011 quantum
3046 1941 3240 1996 laberis
3262 1941 3532 2005 amentitr,

1963 2039 2019 2083 ut
2042 2031 2239 2084 dvinte
2272 2032 2563 2087 nativitatis
2591 2047 2873 2098 arcanum,
2918 2047 3015 2087 nec
3046 2032 3293 2101 supernis
3316 2032 3529 2097 quidem

1965 2123 2249 2177 virtutibus
2264 2126 2558 2193 cognitum,
2575 2123 2960 2192 plllltl50.tlll0ls
2981 2126 3275 2178 rationibus
3288 2124 3532 2191 vestigari

1932 2234 1937 2237 *
1963 2215 2126 2281 magis
2156 2228 2314 2281 quam
2344 2213 2465 2267 ﬁdei
2496 2216 2837 2269 veneratione
2859 2229 3014 2283 posse
3045 2213 3280 2281 cousuici
3311 2214 3531 2267 arbitra-

1964 2305 2124 2361 reris;
2157 2314 2209 2355 et
2239 2304 2338 2356 soli
2376 2303 2509 2357 Filio
2535 2304 2781 2373 Patrique
2811 2314 2863 2357 et
2893 2304 3109 2371 Spiritui
3138 2313 3320 2357 sancto
3338 2317 3431 2373 pro
3452 2305 3533 2361 sui

1973 2396 2212 2449 miraculi
2244 2396 2502 2464 dignitate
2542 2395 2876 2450 solummodo
2911 2396 3202 2464 cognitum,
3251 2396 3385 2448 intra
3435 2395 3533 2446 bu-

1964 2485 2104 2537 mani
2136 2498 2325 2539 sensus
2356 2485 2616 2538 rationem
2649 2486 2947 2551 concludis,
2991 2495 3044 2539 et
3084 2501 3147 2538 ac
3189 2486 3231 2538 si
3270 2483 3532 2552 vulgatam

1965 2582 2020 2628 ct
2049 2574 2242 2628 nullius
2269 2576 2461 2630 secreti
2486 2591 2598 2630 rein
2624 2576 2809 2630 audaci
2832 2575 3205 2642 disputationis
3227 2590 3383 2629 manu
3406 2590 3533 2629 con-

1966 2674 2183 2719 trectas.
2222 2666 2281 2721 Et
2315 2682 2434 2721 cum
2469 2683 2537 2722 ne
2574 2668 2640 2723 de
2681 2669 2942 2723 creaturis
2990 2670 3224 2738 quidem,
3273 2683 3389 2735 qua:
3434 2669 3533 2721 sub

1974 2755 2187 2811 humani
2218 2770 2537 2828 conspectus
2556 2762 2744 2813 intuitu
2766 2760 2881 2814 sita:
2904 2772 3050 2824 sunt,
3076 2762 3210 2814 ratio
3240 2759 3385 2812 reddi
3412 2772 3533 2825 pus-

1962 2847 2031 2900 sit
2060 2846 2329 2917 (quoniam
2359 2850 2720 2919 investigabili
2749 2854 3122 2906 miraculorum
3163 2866 3321 2920 oper...
3352 2850 3531 2903 subd-

1963 2938 2163 3007 stunt);
2191 2948 2244 2994 tu
2274 2949 2570 2994 creatorem
2600 2958 2783 2996 eorum
2815 2944 2900 3010 qui
2935 2942 3015 2996 bis
3043 2941 3209 2995 multo
3239 2940 3532 2994 mirabilius

1962 3040 2203 3100 praestat,
2222 3035 2517 3104 qnmstioue
2533 3035 2775 3101 discutis,
2789 3034 3181 3090 circumscribis
3193 3046 3532 3098 argumento,

275 3132 403 3185 dum
455 3105 637 3184 divina
682 3105 977 3199 Scriptura.
1020 3138 1077 3182 ut
1124 3128 1277 3182 istius
1319 3126 1565 3181 absurda:
1592 3126 1856 3193 Opinionis
1883 3105 1929 3168 (ἶ
1964 3123 2195 3193 indignis
2224 3132 2277 3179 et
2308 3124 2546 3192 profanis
2569 3126 2863 3179 rationibus
2895 3128 3096 3194 vu'gas.
3134 3125 3238 3180 Sed
3267 3124 3389 3179 dum
3421 3140 3526 3178 non

276 3223 557 3275 abdicaret
604 3234 874 3283 errorem,
922 3218 1158 3286 id'quod
1208 3232 1301 3286 per
1338 3217 1544 3287 species
1578 3214 1853 3269 nominum

277 3315 469 3383 partita
504 3313 699 3375 fuerat,
733 3313 784 3363 in
818 3324 975 3362 unam
1024 3310 1214 3362 iterum
1270 3307 1554 3375 recolligit,
1585 3315 1640 3361 et
1668 3311 1847 3358 connit

277 3402 653 3473 appellatinni~
686 3402 960 3460 virtutem.
1002 3399 1187 3453 dicens
1223 3413 1237 3450 :
1274 3396 1459 3450 Omnia
1507 3396 1560 3448 in
1604 3395 1858 3463 sapientia

278 3495 442 3563 {eriin
471 3491 646 3562 (Psal.
680 3505 795 3555 cm,
827 3488 940 3560 24).
975 3490 1036 3542 Et
1066 3489 1255 3542 iterum
1281 3504 1296 3542 :
1326 3486 1511 3541 Omnia
1538 3483 1645 3539 [nec
1676 3499 1857 3537 manus

278 3603 389 3639 mea
421 3586 537 3653 fecit
570 3585 710 3653 (Act.
739 3597 833 3646 vn,
863 3582 975 3651 50).
1013 3580 1171 3635 Vides
1192 3595 1322 3649 ergo
1352 3580 1404 3634 in
1439 3581 1544 3635 Deo
1578 3578 1733 3647 cujus
1762 3594 1860 3631 na-

278 3688 394 3730 tura
418 3678 641 3745 simplex
674 3684 774 3737 est.
804 3676 918 3730 sive
944 3689 1177 3737 manum,
1211 3673 1323 3728 sive
1363 3672 1702 3742 sapientiam,
1732 3671 1844 3725 sive

278 3767 648 3835 prudentiam,
679 3766 793 3820 sive
818 3780 1054 3827 sensum,
1096 3779 1200 3819 non
1244 3778 1418 3816 rerum
1466 3761 1855 3824 diversitatem,

276 3860 371 3913 sed
408 3872 570 3911 unam
604 3855 845 3909 indicare
864 3856 1132 3908 virtutem.
1156 3852 1305 3919 Quod
1326 3867 1444 3905 cum
1478 3853 1548 3905 ita
1577 3851 1664 3917 sit,
1685 3851 1857 3906 nul'us

276 3950 381 4019 iam
417 3951 692 4001 intentata:
714 3944 1024 4015 quaestionis
1052 3943 1368 4012 relinquitur
1398 3944 1545 3998 locus
1581 3959 1682 4011 qua
1707 3956 1857 4010 qna:-

277 4043 417 4095 ritur
446 4052 627 4093 utrum
668 4038 941 4092 voluntate
974 4038 1113 4092 Deus
1144 4037 1322 4104 Pater,
1352 4052 1419 4091 an
1449 4047 1633 4090 natura
1665 4035 1853 4089 Filium

277 4130 647 4200 generaverit;
680 4145 802 4184 cum
828 4129 878 4181 in
908 4127 1017 4183 Deo
1050 4128 1128 4195 (ut
1154 4126 1550 4196 perdocuimus)
1576 4141 1680 4179 non
1712 4125 1854 4178 aliud

276 4226 345 4275 sit
371 4223 619 4277 voluntas
648 4235 803 4289 quam
819 4218 1102 4288 sapientia,
1124 4233 1221 4273 nec
1243 4219 1380 4272 aliud
1412 4219 1671 4284 sapientia
1696 4231 1853 4286 quam

278 4326 488 4376 natura,
534 4326 654 4381 qua:
691 4311 863 4364 virtus
904 4310 1063 4364 etiam
1102 4308 1420 4378 appellatur.
1469 4309 1533 4363 Et
1579 4323 1699 4363 cum
1741 4311 1855 4363 lucc

279 4406 456 4459 omnia
484 4402 736 4457 Christus
761 4402 853 4467 sit,
894 4400 1032 4455 sicut
1080 4401 1155 4453 ait
1192 4400 1513 4469 Apostolus:
1544 4398 1658 4452 Nos
1685 4409 1853 4453 autem

281 4496 615 4564 pradicamus
647 4492 904 4546 Christum
941 4491 1033 4544 Dei
1063 4491 1318 4554 virtutem,
1346 4501 1392 4544 et
1431 4489 1522 4544 Dei
1551 4491 1851 4561 sapientium

282 4585 335 4649 (Ι
354 4584 472 4639 Cor.
494 4584 587 4647 23,
619 4581 737 4651 Ξῖ),
763 4593 980 4649 apparet
1008 4597 1128 4636 cum
1162 4581 1326 4636 libera
1355 4583 1609 4636 naturalis
1637 4584 1851 4638 virtutis

286 4676 678 4747 omnipotentis
700 4690 767 4729 ex
792 4675 947 4729 Patre
962 4674 1198 4743 genitum
1221 4688 1370 4739 esse;
1402 4673 1651 4742 quoniam
1671 4685 1857 4731 natura

284 4770 334 4818 in
364 4767 493 4829 Deo,
534 4782 643 4819 non
686 4775 744 4817 ut
775 4766 932 4817 Arius
963 4763 1188 4817 ridicule
1214 4764 1489 4831 opinatur,
1522 4766 1858 4819 necessitatis

282 4858 589 4910 conditione
622 4864 837 4924 putatur
857 4856 948 4924 (ne
984 4867 1035 4909 et
1064 4854 1178 4922 ipse
1212 4853 1389 4922 Pater,
1424 4856 1513 4923 qui
1544 4856 1859 4910 naturaliter

281 4950 539 5010 Subsistit,
565 4963 629 5001 ex
656 4950 973 5000 necessitate
998 4946 1292 5000 subsistere
1322 4946 1617 5015 videatur);
1640 4948 1732 5002 sed
1766 4954 1847 5002 cst

281 5036 462 5090 liberte
491 5037 798 5107 pnteStatis,
832 5045 885 5089 et
914 5036 1076 5090 IIUIIIS
1106 5036 1281 5088 vincta
1316 5039 1723 5092 necessitatibus
1752 5040 1855 5091 vir-

280 5137 397 5192 tus;
426 5145 543 5198 qua:
574 5127 701 5197 quia
733 5143 837 5180 non
867 5126 1079 5180 aliunde
1108 5127 1319 5195 accepit
1356 5137 1412 5180 ut
1453 5136 1618 5192 esset,
1657 5128 1856 5183 idcirco

278 5230 459 5272 natura
488 5219 683 5273 dicitur
716 5227 966 5285 tanquam
1003 5217 1119 5271 fons
1155 5228 1208 5273 et
1250 5217 1403 5288 origo
1433 5229 1767 5273 cunctorum.
1801 5219 1855 5273 In

279 5310 378 5363 bac
405 5327 531 5380 ergo
559 5317 748 5364 natura
784 5307 949 5363 Filius
971 5317 1075 5368 est.
1129 5320 1181 5364 ct
1226 5311 1277 5363 in
1331 5310 1430 5364 boc
1459 5311 1679 5379 originis
1710 5311 1858 5365 fonte

278 5403 573 5458 subsistens
604 5402 866 5472 processit
896 5411 1144 5470 tanquam
1190 5417 1255 5456 ex
1283 5404 1521 5470 sapiente
1572 5403 1726 5473 166
1769 5418 1858 5457 sa-

278 5496 492 5563 pientia,
535 5512 601 5548 ett
639 5494 763 5549 forti
795 5494 984 5557 virtus,
1028 5508 1092 5549 ex
1146 5493 1345 5548 lumine
1406 5497 1679 5563 splendor.
1728 5496 1858 5561 Quae

278 5592 534 5663 prclcsio
567 5592 647 5646 vel
680 5588 927 5644 nativitas
958 5587 1032 5657 (id
1064 5598 1146 5642 est
1181 5587 1368 5659 Filius)
1399 5590 1446 5645 id
1475 5591 1524 5644 in
1552 5604 1609 5646 sc
1640 5587 1846 5645 virtutis

1963 3217 2043 3271 vis
2074 3216 2193 3271 ﬁdei
2220 3217 2511 3282 deservire,
2543 3218 2667 3271 dum
2700 3217 3005 3287 dedignaris
3036 3218 3185 3272 miris
3213 3225 3266 3272 et
3295 3217 3533 3271 incﬂabi-

1962 3308 2102 3364 libus
2126 3309 2315 3378 subjici
2340 3310 2518 3374 rebus,
2543 3310 2665 3364 dum
2690 3310 3035 3377 impatientia:
3056 3309 3276 3364 a'stibus
3298 3309 3532 3377 agitaris,

1961 3409 2017 3454 et
2046 3400 2305 3456 immensa
2334 3410 2493 3471 atque
2520 3402 2720 3457 inﬁnita
2754 3403 2981 3468 metiris,
3003 3416 3068 3457 eo
3094 3400 3400 3457 intentionis
3432 3410 3534 3454 tua:

1961 3493 2212 3558 perducis
2242 3493 2549 3558 articulum,
2583 3504 2638 3547 ut
2668 3495 2804 3549 Dens
2841 3503 2932 3548 aut
2960 3495 3182 3547 omnino
3210 3509 3314 3547 non
3339 3508 3534 3561 genue-

1962 3585 2052 3650 rit,
2085 3591 2178 3637 aut
2204 3583 2248 3637 si
2270 3586 2475 3653 genuit,
2504 3585 2753 3639 omnibus
2778 3599 2807 3637 a
2836 3594 2887 3639 te
2922 3584 3147 3654 objectis
3170 3584 3533 3638 conditionum

1962 3675 2371 3729 necessitatibus
2401 3675 2745 3743 snbjacuerit.

2031 3765 2244 3822 XXVII.
2267 3764 2372 3821 Sed
2401 3766 2486 3834 qui
2517 3765 2648 3820 tales
2671 3780 2834 3835 nugas
2862 3779 2958 3820 ore
2982 3765 3243 3837 sacrilego
3264 3764 3452 3833 garris,
3485 3774 3535 3817 et

1963 3859 2104 3912 mole
2134 3871 2395 3926 corporea
2425 3858 2804 3912 subsistentem
2837 3859 2916 3909 vis
2954 3854 3294 3910 introducere
3324 3854 3485 3907 Deum
3514 3870 3525 3903 :

1960 3949 2082 4018 quia
2114 3964 2230 4016 qute
2253 3964 2280 4001 a
2314 3958 2364 4002 te
2399 3948 2550 4018 167
2581 3948 2925 4015 objiciuntur,
2956 3961 3062 4001 non
3105 3945 3206 3998 nisi
3238 3944 3534 3996 visibilibus

1962 4050 2019 4095 et
2065 4040 2312 4109 palpabili
2352 4038 2570 4093 materia
2615 4039 2952 4091 exstantibus
2989 4036 3313 4091 conveniunt
3353 4035 3531 4088 rebus.

1964 4130 2094 4183 Dum
2141 4130 2282 4183 enim
2314 4127 2531 4183 conaris
2561 4128 2847 4180 ostendere
2888 4126 3075 4180 Filium
3113 4126 3445 4178 extrinsecus
3479 4135 3529 4177 et

1962 4236 2067 4275 non
2097 4220 2165 4275 de
2193 4220 2361 4273 Patris
2384 4218 2681 4274 substantia
2711 4217 3056 4287 genitnm,ad
3090 4217 3264 4270 inanis
3297 4216 3530 4283 pltiloso-

1963 4314 2132 4382 phica:
2153 4315 2281 4365 artis
2296 4311 2619 4381 quaestiones
2648 4311 2828 4365 relicta
2854 4309 2970 4362 ﬁdei
2999 4307 3338 4374 simplicitate
3359 4319 3530 4361 trans-

1960 4404 2081 4470 isti;
2113 4414 2169 4459 ut
2197 4405 2315 4472 quia
2347 4402 2525 4457 divina
2555 4414 2738 4455 natura
2768 4418 2834 4455 ex
2868 4402 2948 4454 sui
2981 4401 3244 4455 inﬁnitate
3278 4398 3526 4454 decidere

1884 4473 1935 4534 Ῑ)
1961 4510 2066 4548 non
2108 4503 2301 4564 potest,
2348 4506 2446 4546 nec
2490 4506 2584 4561 per
2623 4491 2847 4546 ﬂuentes
2877 4488 3320 4544 exnberationum
3348 4488 3531 4553 couias

1961 4588 2187 4655 amplius
2215 4585 2536 4652 redundare,
2563 4583 2770 4638 stolida:
2796 4594 2956 4649 atque
2982 4580 3262 4635 crassioris
3291 4580 3531 4635 materirc

1960 4678 2229 4733 simillima
2258 4676 2546 4745 judicetur,
2590 4690 2711 4744 qua:
2757 4674 2875 4727 sine
2922 4671 3002 4727 sui
3049 4672 3247 4726 damno
3294 4686 3358 4726 ex
3410 4684 3532 4725 sese

1960 4771 2245 4841 quidquam
2271 4772 2505 4825 tribuere
2533 4784 2637 4823 non
2668 4775 2859 4836 potest.
2881 4766 3017 4836 Ergo
3044 4767 3163 4835 quia
3189 4777 3532 4836 augmentum

1962 4875 2050 4914 res
2079 4876 2331 4929 corporea
2362 4860 2542 4921 sumit,
2581 4859 2958 4913 detrimentum
2992 4874 3079 4913 res
3105 4859 3261 4913 murti
3294 4859 3527 4913 obnoxia

1956 4953 2139 5015 sentit,
2158 4952 2432 5004 videamus
2452 4957 2626 5003 utrum
2655 4948 2817 5012 Deus,
2841 4950 2928 5018 qui
2951 4950 3001 5003 in
3037 4950 3181 5003 nullo
3204 4958 3288 5003 est
3315 4940 3527 5009 liorum,

1959 5057 2022 5094 ex
2057 5040 2236 5108 seipso
2266 5039 2455 5093 Filium
2500 5044 2832 5107 generando,
2873 5055 2969 5094 nec
2998 5039 3347 5094 substantiam
3380 5054 3527 5091 suam

1959 5146 2053 5200 pro
2083 5140 2196 5184 rata
2230 5141 2377 5197 parte
2404 5129 2667 5193 diviserit,
2711 5138 2765 5182 ut
2806 5131 2961 5184 Atius
3005 5130 3151 5184 inani
3193 5138 3335 5183 luctu
3362 5138 3412 5181 et
3443 5142 3529 5178 su-

1960 5222 2159 5289 perﬂua
2194 5221 2399 5274 timoris
2442 5219 2722 5275 formidine
2750 5221 3027 5289 upinatur;
3074 5236 3171 5276 nec
3201 5219 3300 5273 sibi
3331 5217 3526 5284 aliquid

1960 5311 2274 5375 detruserit,
2305 5311 2444 5379 quod
2469 5311 2739 5365 conferret
2769 5312 2820 5365 in
2846 5310 3061 5377 Filium,
3093 5320 3147 5363 ut
3178 5309 3277 5363 hoc
3302 5309 3418 5376 ipso
3438 5317 3528 5359 aut

1960 5404 2117 5458 hodie
2147 5413 2348 5470 careat,
2383 5413 2437 5458 et
2468 5403 2735 5474 perlectus
2766 5419 2869 5457 non
2897 5403 2985 5464 sit,
3026 5409 3115 5454 aut
3137 5414 3201 5454 eo
3236 5400 3279 5453 si
3312 5413 3414 5452 non
3448 5400 3525 5453 in-

1960 5498 2157 5563 digeat,
2193 5496 2437 5551 videatur
2462 5498 2728 5564 superﬂue
2757 5494 3047 5549 abundare.
3080 5492 3258 5547 Primo
3285 5505 3413 5561 ergo
3443 5506 3526 5546 re-

1959 5586 2209 5643 cedentes
2251 5587 2318 5643 ab
2363 5589 2506 5644 omni
2546 5587 2902 5656 corporalium
2938 5586 3246 5651 passionum
3296 5586 3523 5655 perscri-
