4026 6176
413 247 517 301 215

1736 241 1957 298 ιἰοιιιι
1994 243 2032 296 ἰ’
2065 241 2362 297 .PSENSIS

3561 236 3666 293 ‘AG

417 362 620 428 ptionr,
646 369 698 415 et
721 360 1231 415 runctlsvisibilium
1251 369 1556 414 naturarum
1582 359 1974 415 conditionibus
2014 367 2057 421 Λ
2091 372 2229 416 tatur
2267 364 2316 416 in
2347 359 2684 430 profundum.
2738 358 2866 411 Dum
2900 358 3041 412 enim
3085 358 3196 410 vult
3237 355 3536 409 facundam
3582 355 3662 410 sui

415 452 706 517 derelictis,
737 452 802 506 de
824 452 1084 521 spirituali
1116 453 1388 507 nativitate
1430 453 1778 522 spiritualiter
1806 453 1984 521 dispu-

421 553 613 604 temus,
651 557 747 597 nec
778 542 1065 612 quidquam
1097 542 1163 596 de
1194 559 1252 596 ea
1282 557 1469 596 sensu;
1508 545 1670 596 nostri
1704 545 1986 612 opinemur

425 632 734 699 praesumpti
777 649 861 686 ne.
901 631 1174 696 Scriptura
1207 634 1382 700 itaque
1422 633 1625 698 divina,
1659 641 1712 684 ut
1743 631 1988 700 impassi-

423 725 682 777 uilitatem
715 735 948 792 patorum
973 723 1332 791 generationis
1371 725 1699 786 ostenderet,
1745 738 1985 786 sensum,

420 815 756 883 sapientiam,
792 815 1070 878 virtutem,
1117 816 1358 882 verbum,
1389 816 1591 878 lumen.
1635 815 1826 870 Filium
1871 829 1991 870 esse

423 907 677 964 narravit.
731 906 958 961 Sen-um
1005 907 1233 971 scilicet,
1278 923 1384 976 quo
1426 917 1615 961 cuncta
1653 909 1990 976 cugitantur;

422 995 761 1060 sapientiam,
794 1011 894 1064 qua
921 997 1149 1065 cogitata
1179 997 1567 1064 disponuntur;
1598 997 1870 1053 virtutem.
1890 1010 1991 1064 qua

421 1087 678 1155 disposita
712 1087 1088 1153 perﬁciuntur;
1122 1086 1341 1141 verbum
1368 1103 1472 1156 quo
1496 1088 1725 1156 perfecta
1751 1091 1994 1140 nuntian-

422 1186 541 1240 tur;
576 1177 776 1240 lumen,
817 1192 921 1246 quo
963 1177 1200 1230 nuntiata
1228 1178 1552 1231 clarescunt.
1584 1177 1646 1229 Et
1691 1177 1772 1229 lue
1806 1190 1996 1230 omnes

424 1268 698 1324 numinum
743 1268 970 1334 species,
1007 1283 1112 1320 non
1142 1268 1392 1330 diversze,
1426 1271 1519 1321 sed
1551 1281 1652 1318 uua
1691 1276 1775 1319 est
1805 1266 1992 1318 virtus.

495 1357 732 1412 XXVIII.
809 1359 941 1422 Quia
973 1361 1114 1410 enim
1153 1357 1308 1410 unius
1337 1357 1600 1411 sermonis
1639 1355 1999 1411 enuntiatione

425 1447 729 1515 magnitudo
761 1448 875 1514 ejus
910 1448 1055 1500 nosci
1101 1461 1203 1498 non
1247 1446 1448 1512 punit,
1491 1446 1687 1499 idcirco
1722 1443 1998 1512 multiplici

425 1537 805 1590 vocabulorum
839 1536 1193 1604 appellatione
1233 1535 1594 1604 distinguitur,
1629 1543 1684 1587 ut
1722 1549 1787 1588 ex
1827 1534 2000 1587 diver-

418 1629 580 1684 sitate
629 1628 712 1681 vel
761 1627 1016 1695 qualitate
1065 1625 1335 1687 nominis,
1393 1627 1741 1693 quantitatem
1790 1622 2000 1677 virtutis

2088 454 2351 506 sermonis
2400 451 2713 513 ost‘ndcrc,
2768 450 2976 502 nescius
3032 451 3083 502 in
3134 450 3356 503 crimine
3402 457 3661 513 versatur,

2090 545 2379 613 Scriptura:
2417 543 2607 597 divina:
2648 541 2874 597 dicendo
2913 557 3063 606 esse,
3105 541 3244 611 quod
3287 541 3338 594 in
3370 542 3662 595 substantia

2095 637 2182 690 Dei
2217 645 2461 703 comquet
2489 634 2677 686 Filium
2717 633 2978 701 genitori;
3021 647 3140 684 eum
3181 631 3294 697 ipste
3323 630 3485 684 Filius
3511 631 3576 684 de
3608 645 3666 685 se

2093 732 2339 787 testetnr,
2367 733 2421 776 et
2444 723 2612 775 dicat:
2653 719 2800 774 Pater
2823 723 2987 790 major
3011 736 3086 771 me
3112 727 3182 772 est
3201 718 3378 786 (Joan.
3407 734 3513 779 χεν,
3535 719 3627 784 ‘28)
3650 736 3664 782 ;

2092 831 2144 874 et
2175 819 2328 891 169
2351 819 2449 882 Qui
2472 833 2548 870 me
2573 816 2728 881 misit,
2754 831 2868 866 man
2887 814 3050 866 latum
3072 813 3208 870 dedit
3233 811 3410 883 (Joan.
3437 827 3528 871 xu.
3549 813 3662 877 49};

2095 922 2146 965 et
2178 908 2298 962 Non
2327 925 2418 979 ego
2441 906 2571 972 ueni,
2603 904 2689 958 sed
2713 905 2796 957 ille
2836 919 2913 958 me
2941 904 3075 955 misit
3108 902 3284 973 (Joan.
3320 917 3429 963 vui,
3455 900 3584 970 42);
3617 910 3672 952 et

2098 1001 2220 1056 Non
2245 1001 2354 1054 veni
2381 1001 2545 1070 facere
2574 998 2880 1051 voluntatem
2901 1011 3085 1060 meam,
3114 995 3201 1047 sed
3231 993 3532 1045 voluntatem
3561 995 3673 1062 ejus

2096 1094 2182 1162 qui
2213 1107 2292 1145 me
2317 1090 2450 1144 misit
2473 1089 2654 1160 (Jonu.
2685 1103 2760 1150 vr,
2783 1087 2905 1155 58);
2937 1095 2990 1140 et
3023 1087 3165 1137 Sicut
3191 1085 3318 1137 dixit
3352 1083 3472 1135 mihi
3497 1082 3670 1135 Pater.

2097 1185 2170 1236 sic
2200 1183 2380 1248 loquor
2401 1179 2578 1253 (Joau.
2607 1194 2699 1240 xu,
2722 1178 2844 1246 50);
2873 1187 2924 1231 et
2957 1176 3106 1242 Quod
3136 1175 3274 1227 dedit
3307 1174 3451 1237 mihi,
3480 1188 3664 1226 servat,

2101 1271 2279 1342 (Ioau.
2309 1287 2435 1337 xvtt,
2464 1271 2584 1337 19.);
2608 1281 2660 1324 et
2686 1267 2870 1322 Omnia
2891 1283 3004 1337 qua!
3023 1268 3160 1319 dedit
3186 1265 3305 1318 mihi
3332 1264 3507 1328 Pater,
3532 1281 3674 1316 nemo

2100 1365 2266 1434 aufert
2293 1380 2323 1415 a
2355 1380 2430 1417 me
2462 1363 2638 1433 (Joan.
2660 1377 2732 1425 vr,
2753 1361 2873 1427 '59);
2905 1370 2956 1413 et
2987 1358 3190 1426 Rogabo
3218 1374 3330 1410 eum
3356 1367 3402 1410 et
3428 1356 3675 1410 exhibebit

2102 1455 2225 1508 mihi
2255 1455 2370 1520 plus
2399 1469 2546 1520 quam
2585 1452 2852 1504 duodecim
2882 1451 3100 1520 legiones
3130 1449 3426 1518 angelorum
3457 1449 3667 1516 (Matth.

2103 1563 2249 1610 xxvi,
2272 1546 2392 1613 55);
2422 1555 2476 1598 et
2505 1544 2602 1596 llic
2627 1543 2762 1596 calix
2783 1544 2827 1595 si
2854 1558 2953 1594 non
2977 1549 3134 1611 potest
3165 1541 3379 1592 transire
3405 1541 3501 1592 nisi
3532 1539 3678 1592 illum

2105 1640 2291 1701 bibant,
2323 1637 2413 1704 ﬁat
2443 1634 2674 1688 voluntas
2701 1642 2788 1686 tua
2831 1633 3018 1698 (Ihid.,
3045 1631 3162 1700 4'2);
3192 1640 3246 1684 et
3278 1630 3520 1682 Transi-at
3548 1648 3576 1681 a
3601 1647 3677 1682 me

426 1734 800 1814 agitescarrprs.
825 1719 960 1784 Quia
991 1733 1118 1786 ergo
1145 1718 1424 1775 consilium
1453 1719 1520 1771 ab
1541 1731 1624 1783 eo,
1648 1717 1798 1785 cujus
1826 1716 1998 1770 consi-

2113 1731 2240 1786 ralia:
2269 1731 2377 1782 iste.
2412 1727 2528 1781 Non
2560 1728 2689 1779 sicut
2715 1741 2804 1794 ego
2832 1725 2964 1789 volo,
2994 1723 3233 1777 sed'sicut
3265 1733 3316 1774 tn
3347 1721 3532 1792 (Ibid.,
3556 1722 3675 1790 '59);

427 1809 554 1862 Iiutn
583 1821 688 1871 est,
712 1807 815 1861 non
845 1817 1146 1876 separatur,
1175 1809 1294 1876 quia
1322 1809 1486 1861 virtus
1515 1823 1542 1860 a
1577 1807 1695 1862 lorli
1725 1824 1828 1861 non
1859 1808 1996 1861 scin-

427 1900 588 1960 ditur,
617 1903 738 1967 quia
767 1899 1025 1967 sapientia
1056 1913 1083 1950 a
1108 1899 1346 1966 sapiente
1374 1914 1476 1952 non
1502 1899 1842 1966 discernitur,
1872 1898 1995 1968 quia

426 2007 616 2045 sensus
653 2007 681 2043 ιι
712 2002 926 2044 scusato
959 2006 1063 2044 non
1102 1991 1399 2055 divellilur,
1433 1992 1554 2059 quia
1589 1991 1814 2045 Verbum
1845 2005 1874 2043 a
1906 2005 1992 2056 j-a-

429 2089 579 2133 teruo
609 2097 701 2134 ore
734 2097 834 2133 non
868 2081 1124 2143 aufertur.
1157 2082 1278 2149 quia
1309 2081 1561 2148 spl-ndor
1597 2097 1624 2132 a
1666 2095 1765 2134 suo
1803 2080 2000 2136 lumine

429 2171 570 2224 nulla
598 2174 897 2226 secretioue
927 2173 1352 2237 discriminatur;
1388 2174 1723 2226 mimilestum
1755 2181 1866 2238 est,
1899 2173 2000 2226 Pa-

430 2271 563 2318 trem
609 2280 704 2318 nec
755 2275 1093 2332 augmentum
1142 2265 1464 2333 suscepisse,
1509 2265 1663 2336 163
1704 2278 1802 2318 nec
1839 2264 2002 2319 detri-

430 2373 495 2409 m.
519 2357 874 2411 utumFilituu
899 2357 1204 2426 generando
1231 2359 1493 2423 sensisse;
1525 2358 1642 2426 quia
1674 2359 1786 2410 ILIC
1818 2357 1868 2410 in
1897 2356 2002 2410 Deo

431 2457 482 2504 et
511 2449 824 2500 naturaliter
851 2447 1050 2512 insunt,
1073 2456 1126 2500 et
1157 2448 1269 2515 ipse
1299 2447 1351 2500 in
1382 2447 1460 2502 eis
1493 2446 1805 2500 naturaliter
1836 2446 2000 2501 inest:

431 2537 566 2590 sicut
606 2537 720 2605 ipse
749 2536 914 2590 Filius
953 2539 1188 2604 apertius
1237 2537 1495 2597 declarat,
1550 2536 1772 2606 dicens;
1816 2534 1924 2606 Ego
1954 2537 2007 2588 in

435 2627 624 2694 Patre,
670 2641 713 2682 et
745 2630 899 2690 Pater
940 2632 991 2685 in
1037 2647 1116 2684 me
1147 2629 1322 2700 (Joan.
1357 2647 1406 2694 ι,
1443 2630 1531 2695 '58,
1557 2641 1605 2684 rt
1635 2645 1740 2695 MV,
1776 2631 1860 2696 10,
1896 2632 2004 2699 11).

435 2717 567 2771 Esse
597 2720 738 2773 enim
768 2728 822 2772 et
851 2723 1044 2784 inesse,
1076 2737 1174 2774 nec
1203 2721 1355 2788 copia
1388 2730 1469 2774 est
1499 2723 1816 2786 exuberans,
1847 2721 1898 2774 id
1929 2729 2009 2775 est

435 2823 577 2867 extra
613 2811 918 2865 redundans
949 2812 1094 2881 (quia
1126 2811 1296 2880 ipsum
1329 2812 1531 2876 ines~e,
1570 2812 1619 2866 id
1652 2823 1735 2867 est
1767 2813 1818 2864 in
1854 2811 2010 2867 Patre

436 2917 467 2956 e
497 2914 574 2965 se,
610 2916 713 2955 neu
745 2904 929 2970 recipit
962 2904 1140 2969 Arius,
1175 2905 1453 2958 cavillator
1477 2914 1628 2960 extra
1662 2904 1882 2975 liuere);
1915 2918 2014 2960 nec

435 2995 742 3050 detrimenti
779 2996 986 3064 jactura
1029 3006 1134 3060 est,
1178 2997 1300 3050 dum
1342 3011 1433 3052 cor
1471 2997 1783 3066 sapientiam
1822 2996 2008 3067 gignit,

2099 1833 2152 1877 et
2176 1822 2300 1886 Qua:
2323 1828 2438 1873 sunt
2460 1822 2503 1871 ei
2527 1817 2716 1884 placita
2736 1832 2827 1885 ego
2849 1815 2981 1885 facio
3004 1829 3197 1880 semper
3219 1813 3396 1883 (Joan.
3421 1827 3530 1877 vlu,
3553 1811 3641 1881 ‘29}
3665 1828 3678 1876 ;

2099 1926 2153 1971 ct
2181 1915 2372 1969 Sede-re
2400 1916 2465 1966 ad
2496 1912 2756 1964 dexteram
2783 1923 2942 1960 meam
2972 1908 3047 1960 vel
3077 1907 3143 1958 ad
3172 1906 3452 1968 sinistram,
3478 1921 3580 1957 non
3608 1922 3680 1956 ρει

2101 2022 2267 2060 meum
2293 2005 2414 2057 dare
2447 2001 2586 2054 vobis
2611 1998 2821 2069 (Matth.
2855 2013 2946 2057 xx,
2972 1995 3097 2065 23);
3129 2004 3182 2049 et
3216 1995 3362 2048 Dedit
3393 1995 3468 2047 illi
3498 2009 3680 2046 nomen

2101 2096 2238 2168 quod
2260 2104 2332 2148 est
2356 2108 2504 2162 super
2527 2106 2673 2144 autne
2694 2105 2872 2142 nomen
2899 2087 3122 2158 (Philip.
3154 2102 3213 2149 ll,
3239 2086 3328 2151 9);
3353 2094 3406 2139 et
3429 2083 3683 2138 Exaltavit

2104 2201 2316 2257 puerum
2363 2197 2545 2246 suum;
2601 2189 2656 2234 et
2706 2177 2973 2232 Benedixit
3020 2185 3065 2229 te
3105 2175 3353 2229 Dominus
3404 2175 3535 2227 Deus
3568 2182 3686 2225 tuus

2107 2275 2275 2346 (Ptol.
2293 2290 2432 2339 xuv,
2458 2270 2544 2341 8);
2567 2281 2619 2326 et
2640 2269 2888 2339 Excitaq‘t
2915 2285 3028 2322 eum
3054 2283 3084 2321 a
3104 2268 3334 2322 mortuis.
3365 2265 3550 2320 Sedere
3571 2266 3686 2335 fecit

2105 2365 2172 2418 ad
2195 2365 2452 2418 dexteram
2477 2377 2623 2415 suam
2648 2359 2860 2430 (Ephes.
2888 2375 2926 2422 ι,
2949 2357 3063 2427 20),
3095 2367 3148 2411 et
3176 2357 3337 2411 multa
3361 2355 3444 2410 his
3470 2356 3686 2421 similia,

2109 2473 2224 2525 quin
2254 2455 2428 2507 studio
2448 2451 2726 2507 brevitatis
2749 2449 2956 2505 omitto.
2987 2447 3043 2502 Si
3075 2462 3204 2516 ergo
3227 2447 3481 2513 majorem
3507 2444 3685 2508 habet,

2109 2547 2153 2600 si
2177 2547 2243 2598 ab
2264 2560 2327 2598 eo
2351 2544 2545 2598 missus
2573 2551 2677 2609 ρει,
2700 2541 2744 2594 si
2772 2548 3065 2608 spontauea
3089 2538 3362 2591 voluntate
3389 2551 3492 2589 non
3518 2537 3686 2602 venit,

2111 2639 2155 2691 si
2189 2636 2531 2690 voluntatem.
2550 2647 2698 2686 suam
2733 2645 2838 2684 non
2871 2629 3018 2694 fecit,
3055 2630 3097 2682 si
3130 2629 3268 2698 quod
3302 2628 3351 2681 ei
3388 2627 3582 2680 dicitur
3613 2627 3690 2679 lo-

2112 2729 2318 2796 quitur,
2365 2727 2406 2778 si
2442 2723 2542 2778 sibi
2576 2722 2698 2775 data
2736 2721 2997 2786 custodit,
3038 2719 3083 2774 si
3123 2731 3292 2787 rogat,
3323 2719 3368 2770 si
3406 2733 3498 2786 pro
3524 2717 3692 2772 calice

2113 2818 2451 2885 deprecatur,
2475 2815 2518 2866 si
2549 2827 2740 2866 nomen
2774 2813 2840 2865 ab
2868 2811 2977 2863 alio
3009 2809 3232 2879 accepit,
3256 2809 3298 2862 si
3326 2809 3392 2861 ab
3418 2808 3522 2862 alio
3543 2810 3691 2861 exal-

2117 2918 2279 2973 tatur,
2311 2907 2355 2961 si
2377 2905 2533 2959 sedes
2563 2903 2841 2973 discipulis
2866 2901 3166 2972 petentibus
3189 2899 3398 2968 propria
3431 2908 3692 2968 potestate

2116 3017 2224 3056 non
2253 2999 2453 3061 tribuit,
2479 2999 2525 3051 si
2549 3012 2664 3065 qum
2694 3004 2818 3049 sunt
2842 2995 2978 3048 Patri
3011 2993 3198 3063 p’acita
3231 2991 3375 3057 iacit,
3408 2991 3548 3046 etab
3575 2992 3692 3058 ipso

436 3089 562 3142 dum
588 3087 888 3142 intellectus
913 3085 1191 3143 consilium
1213 3099 1453 3156 generat,
1479 3088 1602 3141 dum
1625 3102 1686 3143 os
1710 3103 2013 3143 sermonem
2039 3084 2086 3148 C
2117 3107 2148 3146 a
2172 3091 2394 3144 mortuis
2418 3089 2729 3151 suscitatur,
2762 3101 3045 3155 wqunmne
3067 3084 3276 3138 videtur
3309 3094 3366 3138 ut
3389 3084 3477 3148 qui
3505 3082 3573 3136 de
3600 3096 3694 3134 sua

435 3182 660 3248 profert,
697 3179 821 3232 dum
852 3179 1027 3232 lumen
1057 3180 1395 3246 splendorem
1427 3179 1642 3232 etuittit.
1692 3179 1835 3233 Inest
1871 3179 2014 3234 enim

438 3271 688 3338 splendor
716 3272 766 3323 in
791 3271 989 3324 lumine
1012 3281 1062 3323 et
1088 3271 1264 3324 lumen
1289 3273 1340 3324 in
1365 3271 1670 3338 splendore,
1695 3284 1749 3327 et
1781 3271 1851 3325 ita
1874 3272 1926 3325 in
1956 3287 2016 3326 se

438 3369 719 3428 utrumque
742 3372 924 3414 natura
947 3361 1208 3427 subsistit,
1230 3372 1282 3414 ut
1303 3374 1548 3415 neutrum
1571 3363 1685 3416 sine
1703 3363 1872 3417 altero
1897 3376 2016 3417 esse

443 3451 638 3520 possit;
658 3453 779 3520 quia
798 3451 1095 3519 ubicunque
1117 3454 1291 3506 lumen
1312 3463 1416 3514 εει,
1438 3453 1543 3506 i'lic
1559 3462 1612 3505 et
1630 3453 1885 3522 splendor
1903 3454 2015 3522 pari

445 3542 701 3598 radiantis
733 3541 947 3595 luminis
976 3541 1218 3596 claritate
1266 3541 1511 3611 refulget.
1560 3541 1699 3611 Ergo
1722 3542 1877 3598 Pater
1911 3557 2014 3597 non

445 3641 544 3698 est,
573 3633 728 3700 copia
757 3631 1038 3699 superﬂua:
1067 3632 1488 3698 rcdundationis,
1513 3643 1758 3701 tauquaru
1783 3643 1930 3688 extra
1958 3649 2018 3692 se

445 3724 702 3788 effluens;
728 3724 823 3780 sed
848 3740 910 3781 ex
934 3740 992 3780 se
1016 3737 1174 3796 atque
1197 3726 1249 3779 in
1280 3741 1358 3792 se,
1384 3737 1438 3778 ut
1465 3725 1675 3794 sapiens
1699 3724 2016 3794 sapientiam

447 3817 626 3884 genuit
657 3814 875 3880 Filium,
896 3829 946 3870 et
981 3816 1180 3871 idcirco
1215 3833 1276 3871 ex
1308 3831 1417 3870 sua:
1450 3817 1728 3871 infinitatis
1757 3819 2020 3886 magnitu-

447 3907 570 3963 dine
593 3923 849 3977 nusquam
873 3908 1090 3962 omnino
1114 3909 1354 3962 recessit.
1387 3910 1490 3963 Sed
1517 3922 1688 3977 neque
1710 3909 2019 3963 snbstantiai

447 4013 557 4054 sua:
585 3999 998 4068 portiunculam,
1030 4014 1122 4068 pro
1154 4010 1264 4053 rata
1298 4011 1443 4068 parte
1473 4001 1701 4054 secrevit
1731 4016 1760 4054 a
1789 4015 1867 4062 se,
1897 4003 2019 4070 quia

447 4089 624 4150 lumen
660 4091 1000 4158 Splendor-em
1045 4092 1335 4160 gignendo,
1365 4091 1688 4160 separationi
1727 4091 2020 4145 obnoxium

449 4191 683 4239 nonest.
736 4183 910 4250 Atque
957 4193 1024 4236 ita
1073 4183 1278 4251 singula
1335 4184 1729 4251 prosequendo,
1786 4182 2021 4248 reperies

451 4269 657 4323 Patrem
710 4271 763 4328 in
814 4287 908 4331 sua
951 4274 1298 4341 generatione
1344 4287 1441 4327 nec
1481 4290 1630 4342 cop-a
1674 4275 2023 4328 redundantis

450 4361 641 4417 cumuli
687 4374 897 4416 auctum
917 4403 932 4427 ,
969 4379 1064 4415 nec
1097 4364 1277 4420 divisae
1307 4364 1563 4431 portiouis
1594 4365 1914 4422 detrimento
1944 4365 2020 4416 di-

2116 3179 2448 3248 Subjectiouc
2481 3186 2621 3230 tanta
2647 3187 2700 3231 et
2733 3177 2852 3230 talia
2884 3176 3034 3242 dicit,
3065 3175 3204 3229 Patri
3235 3173 3496 3228 efﬁciatur
3519 3188 3694 3241 atqua-

2119 3271 2184 3325 lis
2206 3273 2228 3324 ll

2192 3361 2355 3418 XXX.
2400 3359 2600 3413 Probus
2609 3360 2775 3428 juder
2802 3360 2928 3412 dixit
2951 3376 2969 3412 :
2994 3358 3048 3414 Si
3072 3359 3326 3412 adversus
3361 3357 3460 3410 ista
3481 3356 3698 3424 c0pi0sa

2119 3452 2311 3506 divinae
2353 3450 2686 3506 auctoritatis
2720 3451 3048 3510 testimonia,
3081 3466 3198 3517 qua:
3229 3449 3295 3502 ab
3325 3448 3450 3500 Ario
3480 3449 3547 3503 de
3575 3446 3694 3500 Filii

2117 3542 2448 3610 sulijectione
2467 3541 2668 3607 prolata
2690 3549 2835 3604 sunt,
2858 3541 3053 3607 aliquid
3077 3538 3370 3592 Athanasio
3389 3547 3699 3606 competere

2119 3634 2350 3700 videtur,
2389 3633 2601 3688 edicere
2642 3648 2746 3692 nou
2790 3644 3046 3696 moretur,
3081 3641 3139 3686 ut
3177 3643 3355 3684 amota
3393 3641 3700 3700 supersum

2121 3729 2299 3783 ctione
2328 3729 2614 3789 sermonis,
2641 3741 2704 3780 cx
2728 3726 2920 3782 divinis
2947 3726 3122 3794 potius
3152 3725 3458 3786 luminibus,
3485 3733 3572 3775 aut
3592 3723 3703 3776 dis-

2121 3819 2333 3884 similis,
2366 3820 2445 3873 vel
2479 3819 2766 3887 coarqualis
2797 3817 2936 3870 Patri
2974 3816 3140 3870 Filius
3170 3817 3598 3879 demonstretur;
3643 3823 3704 3869 ut

2122 3909 2297 3979 agnita
2321 3909 2564 3971 veritate,
2587 3924 2706 3978 qua:
2730 3921 2874 3963 sana:
2897 3907 3018 3961 Iidei
3045 3921 3106 3962 ac
3135 3905 3326 3962 rationi
3352 3906 3705 3969 conveniunt,

2122 4001 2220 4058 τοι»
2241 4015 2462 4057 ueruur.

2195 4093 2506 4150 Athanasius
2533 4092 2662 4146 dixit
2695 4109 2714 4146 :
2745 4092 3008 4157 Quantum
3040 4091 3166 4144 velit
3204 4099 3477 4160 percurrat
3510 4089 3562 4142 in
3591 4091 3703 4143 ela-

2127 4183 2275 4238 tione
2305 4183 2569 4237 sermonis
2599 4183 2709 4236 Arii
2741 4182 3001 4237 calliditas
3028 4221 3042 4245 ,
3071 4193 3125 4236 et
3161 4183 3261 4234 sibi
3293 4183 3359 4234 de
3386 4181 3706 4235 auctoritate

2125 4273 2319 4328 divina:
2348 4273 2478 4342 legis
2515 4272 2734 4342 prolatis
2772 4275 2986 4340 plaudat
3017 4273 3368 4333 testimoniis;
3403 4275 3590 4341 quibus
3622 4273 3704 4321 vi-

2125 4365 2322 4420 delit-et
2361 4366 2545 4419 nititur
2593 4365 2662 4418 ab
2702 4366 3002 4434 :eqttali;ate
3040 4365 3210 4417 Patris
3262 4365 3456 4419 Filium
3506 4377 3703 4432 seque-

451 4449 745 4514 minutum,
777 4467 873 4506 nec
911 4464 1170 4520 separata:
1205 4446 1516 4509 substantite
1551 4456 1814 4514 divisione
1843 4460 2021 4524 sejun-
2056 4451 2102 4512 D
2127 4467 2298 4512 strare
2322 4475 2337 4514 :
2370 4468 2560 4511 cuncta
2582 4472 2699 4529 qua:
2721 4458 2790 4511 ab
2810 4473 2874 4511 co
2894 4457 3148 4525 prolixius
3172 4457 3367 4511 inserta
3391 4465 3704 4516 00\CUIIl-Ir,

451 4552 590 4596 ctum
621 4544 778 4610 :quia
805 4559 976 4598 rerum
1009 4555 1214 4606 natura,
1249 4547 1330 4597 cui
1360 4561 1507 4602 sacra
1538 4548 1625 4600 illa
1653 4556 1707 4601 et
1738 4548 2023 4602 inellaliilis

451 4635 724 4700 generatio
769 4644 1128 4700 comparatur,
1162 4634 1289 4690 nihil
1324 4637 1372 4686 in
1406 4651 1462 4688 se
1495 4637 1598 4688 tale
1630 4637 1851 4704 recipit,
1882 4638 2020 4705 quod

453 4732 542 4783 aut
567 4722 953 4790 cxubcrationi,
985 4734 1077 4778 aut
1108 4725 1464 4790 tlimiuutioni,
1497 4735 1582 4778 aut
1605 4727 1828 4794 jactura:
1857 4728 2024 4782 obuo-

456 4812 598 4865 xium
629 4828 751 4865 esse
774 4815 960 4881 pessit.

526 4901 716 4957 XXiX.
799 4904 997 4966 Probus
1043 4905 1199 4967 iudex
1225 4906 1352 4965 dixit
1389 4922 1405 4958 :
1446 4905 1500 4962 Cn
1525 4916 1662 4959 rtum
1692 4917 1770 4960 est
1811 4909 2022 4976 quidem

455 5003 695 5052 naturam
733 4995 967 5057 luminis,
1002 4995 1082 5047 vel
1121 4999 1261 5049 verbi
1285 5014 1362 5060 ac
1396 4999 1670 5066 sapientia:
1700 5001 2030 5070 aliarumque

455 5087 710 5146 virtutum
757 5087 850 5145 abs
897 5100 947 5144 te
996 5099 1540 5144 commemoratarum
1588 5090 1907 5148 eflicieutias
1948 5091 2030 5145 his

455 5177 847 5232 conditionibus
890 5179 1056 5230 teneri
1089 5194 1192 5230 non
1241 5195 1414 5244 posse.
1467 5181 1570 5233 Sed
1609 5195 1808 5244 utrum,
1840 5194 1892 5235 ut
1929 5184 2026 5245 ais,

460 5281 690 5334 paterna:
733 5268 1091 5338 generationis
1145 5268 1388 5322 nativitas
1438 5270 1635 5323 talibus
1689 5285 2030 5340 comparetur

456 5359 735 5427 exemplis,
767 5359 954 5413 divinis
981 5371 1031 5415 te
1062 5359 1311 5412 convenit
1344 5361 1660 5414 le~litnmiiis
1689 5361 1934 5416 cdocerc.

531 5452 679 5504 Arius
706 5452 835 5506 dixit
868 5469 884 5506 .'
921 5452 1204 5519 Superiore
1231 5452 1600 5517 prosecutioue
1629 5468 1743 5505 mea
1774 5452 1842 5504 ita
1872 5468 2034 5504 exor-

576 5559 710 5607 sum,
743 5545 879 5610 quod
909 5543 1223 5596 Athanasius
1256 5545 1382 5610 petii
1407 5543 1474 5594 lia
1505 5543 1754 5599 «incitatis
1791 5561 1914 5612 prmi
1937 5545 2034 5614 ipi—

2129 4550 2320 4604 iisdem
2347 4550 2504 4603 etiam
2536 4549 2852 4602 testimoniis
2876 4564 2906 4602 a
2929 4547 3081 4602 uobis
3111 4547 3229 4616 ejus
3253 4549 3476 4600 intentio
3503 4546 3710 4610 aDSque

2129 4641 2233 4694 ulla
2253 4639 2565 4695 difﬁcu‘tate
2589 4639 2944 4694 frustrabitur.
2963 4638 3208 4692 Christus
3234 4637 3389 4705 igitur
3409 4635 3569 4689 Filius
3589 4634 3705 4698 Dei,

2128 4733 2180 4786 in
2213 4730 2379 4785 forma
2411 4731 2571 4793 servi,
2601 4745 2756 4797 quam
2788 4730 3012 4797 sumpsit
3041 4744 3109 4783 ex
3142 4728 3372 4796 Virgine,
3404 4725 3544 4779 Patri
3576 4724 3709 4778 dici-

2131 4831 2216 4877 tur
2249 4835 2367 4875 csse
2396 4821 2700 4888 subjectus,
2729 4822 2971 4885 apusloio
2994 4819 3156 4874 P:uilo
3185 4817 3528 4872 nihilominus
3555 4817 3706 4868 affiro

2131 4921 2310 4965 mante
2345 4929 2356 4962 :
2387 4909 2484 4966 Ubi
2516 4911 2676 4973 venit,
2707 4910 2907 4976 inquit,
2935 4910 3198 4978 plenitudo
3226 4909 3379 4980 170
3404 4917 3708 4976 temporum,

2130 5001 2264 5056 misit
2294 5000 2430 5054 Deus
2453 4998 2646 5053 Filium
2672 5017 2818 5060 suum
2841 5001 3032 5070 factum
3056 5017 3118 5054 ex
3145 5001 3373 5063 muliere,
3401 4999 3589 5065 factum
3615 4999 3711 5050 sub

2128 5092 2239 5164 lege
2263 5091 2404 5162 (Gal.
2433 5108 2502 5156 Iv,
2525 5070 2610 5158 4):
2638 5092 2728 5147 Ille
2760 5093 2937 5162 itaque
2963 5093 3155 5146 dicitur
3182 5107 3300 5147 esse
3322 5091 3590 5158 subjectus
3617 5094 3714 5159 qui

2129 5184 2230 5239 sub
2253 5185 2366 5252 lege
2387 5199 2450 5238 ex
2477 5184 2699 5238 muliere
2728 5186 3283 5252 nosciturgeueratus.
3305 5188 3360 5236 et
3381 5183 3432 5234 iu
3450 5200 3510 5238 ca
3539 5181 3714 5237 forma

2137 5275 2392 5342 majorem
2422 5291 2481 5330 se
2506 5275 2702 5330 iudieiit
2725 5277 2952 5339 Patrem,
2979 5294 3135 5346 quam
3161 5277 3456 5332 voluntarie
3484 5278 3714 5345 sumpsit

2138 5382 2201 5421 cx
2248 5365 2481 5434 Virgine.
2533 5368 2663 5422 Nam
2709 5369 2758 5421 in
2801 5369 2971 5420 forma
3006 5369 3094 5421 Dei
3135 5369 3325 5435 Patris,
3357 5369 3625 5438 angelicus
3657 5372 3707 5420 ei

2139 5456 2334 5510 chorus
2363 5459 2612 5524 probatur
2644 5477 2732 5526 pra
2755 5458 2931 5513 bui;se
2965 5459 3088 5513 mini
3125 5461 3338 5513 terium.
3386 5461 3453 5513 Ita
3485 5459 3621 5511 enim
3657 5465 3714 5511 iu

2143 5549 2426 5617 Evangelii)
2457 5551 2708 5621 scripturn
2737 5561 2818 5606 est
2851 5567 2862 5605 :
2905 5551 2966 5605 Et
3007 5555 3235 5608 d’SCC.‘5“
3263 5554 3325 5607 ab
3362 5571 3418 5608 co
3451 5551 3712 5619 diiiiofus,
