  <div class='ocr_page' id='page_1' title='image "/cluster/home/n/w/nwhite01/storage/ocr_20150623/62/hvd.32044054758693/114.png"; bbox 0 0 4026 6176; ppageno 0'>
   <div class='ocr_carea' id='block_1_1' title="bbox 316 257 418 314">
    <p class='ocr_par' dir='ltr' id='par_1_1' title="bbox 316 257 418 314">
     <span class='ocr_line' id='line_1_1' title="bbox 316 257 418 314; baseline -0.039 -1"><span class='ocrx_word' id='word_1_1' title='bbox 316 257 418 314; x_wconf 68' lang='grc'><strong>217</strong></span> 
     </span>
    </p>
   </div>
   <div class='ocr_carea' id='block_1_2' title="bbox 1126 255 2756 324">
    <p class='ocr_par' dir='ltr' id='par_1_2' title="bbox 1126 255 2756 324">
     <span class='ocr_line' id='line_1_2' title="bbox 1126 255 2756 324; baseline 0 -14"><span class='ocrx_word' id='word_1_2' title='bbox 1126 255 1397 311; x_wconf 68' lang='lat' dir='ltr'><strong><em>CONTRA</em></strong></span> <span class='ocrx_word' id='word_1_3' title='bbox 1435 256 1744 323; x_wconf 63' lang='lat' dir='ltr'><strong><em>ARIANOS,</em></strong></span> <span class='ocrx_word' id='word_1_4' title='bbox 1788 255 2275 324; x_wconf 63' lang='lat' dir='ltr'><strong><em>SABELLIANUS,</em></strong></span> <span class='ocrx_word' id='word_1_5' title='bbox 2312 255 2484 322; x_wconf 61' lang='grc' dir='ltr'><strong><em>ιετοη</em></strong></span> <span class='ocrx_word' id='word_1_6' title='bbox 2530 256 2650 310; x_wconf 73' lang='lat' dir='ltr'><strong><em>Llil.</em></strong></span> <span class='ocrx_word' id='word_1_7' title='bbox 2696 256 2756 310; x_wconf 91' lang='lat' dir='ltr'><strong><em>ll.</em></strong></span> 
     </span>
    </p>
   </div>
   <div class='ocr_carea' id='block_1_3' title="bbox 3458 260 3561 316">
    <p class='ocr_par' dir='ltr' id='par_1_3' title="bbox 3458 260 3561 316">
     <span class='ocr_line' id='line_1_3' title="bbox 3458 260 3561 316; baseline 0.019 -2"><span class='ocrx_word' id='word_1_8' title='bbox 3458 260 3561 316; x_wconf 69' lang='grc'><strong><em>218</em></strong></span> 
     </span>
    </p>
   </div>
   <div class='ocr_carea' id='block_1_4' title="bbox 318 365 3576 436">
    <p class='ocr_par' dir='ltr' id='par_1_4' title="bbox 318 365 3576 436">
     <span class='ocr_line' id='line_1_4' title="bbox 318 365 3576 436; baseline 0.002 -18"><span class='ocrx_word' id='word_1_9' title='bbox 318 375 625 418; x_wconf 80' lang='lat' dir='ltr'><strong><em>steenerunt</em></strong></span> <span class='ocrx_word' id='word_1_10' title='bbox 666 366 858 434; x_wconf 80' lang='lat' dir='ltr'><strong><em>angeli,</em></strong></span> <span class='ocrx_word' id='word_1_11' title='bbox 890 373 938 420; x_wconf 93' lang='lat' dir='ltr'><strong><em>et</em></strong></span> <span class='ocrx_word' id='word_1_12' title='bbox 965 365 1312 420; x_wconf 72' lang='lat' dir='ltr'><strong><em>ministrabant</em></strong></span> <span class='ocrx_word' id='word_1_13' title='bbox 1344 367 1389 421; x_wconf 82' lang='lat' dir='ltr'><strong><em>ei</em></strong></span> <span class='ocrx_word' id='word_1_14' title='bbox 1427 365 1638 436; x_wconf 74' lang='lat' dir='ltr'><strong><em>(Matth.</em></strong></span> <span class='ocrx_word' id='word_1_15' title='bbox 1673 383 1742 429; x_wconf 85' lang='lat' dir='ltr'><strong><em>tv,</em></strong></span> <span class='ocrx_word' id='word_1_16' title='bbox 1780 367 1888 434; x_wconf 83' lang='lat' dir='ltr'><strong><em>ll).</em></strong></span> <span class='ocrx_word' id='word_1_17' title='bbox 1924 371 1970 429; x_wconf 84' lang='grc' dir='ltr'><strong>Α</strong></span> <span class='ocrx_word' id='word_1_18' title='bbox 2000 366 2144 418; x_wconf 88' lang='lat' dir='ltr'><strong><em>dium</em></strong></span> <span class='ocrx_word' id='word_1_19' title='bbox 2180 366 2454 433; x_wconf 84' lang='lat' dir='ltr'><strong><em>judicandi</em></strong></span> <span class='ocrx_word' id='word_1_20' title='bbox 2502 369 2684 420; x_wconf 82' lang='lat' dir='ltr'><strong><em>tribuit</em></strong></span> <span class='ocrx_word' id='word_1_21' title='bbox 2727 377 3063 434; x_wconf 75' lang='lat' dir='ltr'><strong><em>potestatem.</em></strong></span> <span class='ocrx_word' id='word_1_22' title='bbox 3107 367 3235 431; x_wconf 71' lang='lat' dir='ltr'><strong><em>Qua:</em></strong></span> <span class='ocrx_word' id='word_1_23' title='bbox 3277 379 3400 422; x_wconf 81' lang='lat' dir='ltr'><strong><em>sunt</em></strong></span> <span class='ocrx_word' id='word_1_24' title='bbox 3437 371 3576 424; x_wconf 68' lang='lat' dir='ltr'><strong><em>Pull‘i</em></strong></span> 
     </span>
    </p>
   </div>
   <div class='ocr_carea' id='block_1_5' title="bbox 319 453 1893 522">
    <p class='ocr_par' dir='ltr' id='par_1_5' title="bbox 319 453 1893 522">
     <span class='ocr_line' id='line_1_5' title="bbox 319 453 1893 522; baseline 0.001 -19"><span class='ocrx_word' id='word_1_25' title='bbox 319 453 510 519; x_wconf 80' lang='lat' dir='ltr'><strong><em>Objicit</em></strong></span> <span class='ocrx_word' id='word_1_26' title='bbox 538 454 678 520; x_wconf 88' lang='lat' dir='ltr'><strong><em>quod</em></strong></span> <span class='ocrx_word' id='word_1_27' title='bbox 710 454 1034 508; x_wconf 81' lang='lat' dir='ltr'><strong><em>voluntatem</em></strong></span> <span class='ocrx_word' id='word_1_28' title='bbox 1064 455 1236 508; x_wconf 84' lang='lat' dir='ltr'><strong><em>Patris</em></strong></span> <span class='ocrx_word' id='word_1_29' title='bbox 1263 455 1469 522; x_wconf 79' lang='lat' dir='ltr'><strong><em>fecerit,</em></strong></span> <span class='ocrx_word' id='word_1_30' title='bbox 1502 467 1556 510; x_wconf 88' lang='lat' dir='ltr'><strong><em>et</em></strong></span> <span class='ocrx_word' id='word_1_31' title='bbox 1587 474 1691 508; x_wconf 90' lang='lat' dir='ltr'><strong><em>non</em></strong></span> <span class='ocrx_word' id='word_1_32' title='bbox 1721 473 1893 510; x_wconf 86' lang='lat' dir='ltr'><strong><em>suam.</em></strong></span> 
     </span>
    </p>
   </div>
   <div class='ocr_carea' id='block_1_6' title="bbox 320 545 1900 615">
    <p class='ocr_par' dir='ltr' id='par_1_6' title="bbox 320 545 1900 615">
     <span class='ocr_line' id='line_1_6' title="bbox 320 545 1900 615; baseline 0.001 -17"><span class='ocrx_word' id='word_1_33' title='bbox 320 545 370 598; x_wconf 88' lang='lat' dir='ltr'><strong><em>In</em></strong></span> <span class='ocrx_word' id='word_1_34' title='bbox 396 546 497 598; x_wconf 89' lang='lat' dir='ltr'><strong><em>hoc</em></strong></span> <span class='ocrx_word' id='word_1_35' title='bbox 523 546 691 612; x_wconf 78' lang='lat' dir='ltr'><strong><em>magis</em></strong></span> <span class='ocrx_word' id='word_1_36' title='bbox 717 546 999 600; x_wconf 82' lang='lat' dir='ltr'><strong><em>laudabilis</em></strong></span> <span class='ocrx_word' id='word_1_37' title='bbox 1028 546 1184 614; x_wconf 84' lang='lat' dir='ltr'><strong>hujus</strong></span> <span class='ocrx_word' id='word_1_38' title='bbox 1212 549 1358 600; x_wconf 92' lang='lat' dir='ltr'><strong><em>verbi</em></strong></span> <span class='ocrx_word' id='word_1_39' title='bbox 1382 549 1524 602; x_wconf 85' lang='lat' dir='ltr'><strong><em>dicto</em></strong></span> <span class='ocrx_word' id='word_1_40' title='bbox 1553 548 1711 602; x_wconf 90' lang='lat' dir='ltr'><strong><em>debet</em></strong></span> <span class='ocrx_word' id='word_1_41' title='bbox 1739 564 1900 615; x_wconf 75' lang='lat' dir='ltr'><strong><em>agno-</em></strong></span> 
     </span>
    </p>
   </div>
   <div class='ocr_carea' id='block_1_7' title="bbox 320 636 1894 706">
    <p class='ocr_par' dir='ltr' id='par_1_7' title="bbox 320 636 1894 706">
     <span class='ocr_line' id='line_1_7' title="bbox 320 636 1894 706; baseline 0.001 -16"><span class='ocrx_word' id='word_1_42' title='bbox 320 637 415 698; x_wconf 85' lang='lat' dir='ltr'><strong><em>sci,</em></strong></span> <span class='ocrx_word' id='word_1_43' title='bbox 455 639 582 705; x_wconf 90' lang='lat' dir='ltr'><strong><em>quia</em></strong></span> <span class='ocrx_word' id='word_1_44' title='bbox 623 636 711 705; x_wconf 90' lang='lat' dir='ltr'><strong><em>qui</em></strong></span> <span class='ocrx_word' id='word_1_45' title='bbox 753 637 926 690; x_wconf 84' lang='lat' dir='ltr'><strong><em>Patris</em></strong></span> <span class='ocrx_word' id='word_1_46' title='bbox 967 638 1291 691; x_wconf 80' lang='lat' dir='ltr'><strong><em>voluntatem</em></strong></span> <span class='ocrx_word' id='word_1_47' title='bbox 1337 641 1707 706; x_wconf 63' lang='lat' dir='ltr'><strong><em>arquanimitcr</em></strong></span> <span class='ocrx_word' id='word_1_48' title='bbox 1751 639 1894 704; x_wconf 76' lang='lat' dir='ltr'><strong><em>fecit,</em></strong></span> 
     </span>
    </p>
   </div>
   <div class='ocr_carea' id='block_1_8' title="bbox 317 727 1896 794">
    <p class='ocr_par' dir='ltr' id='par_1_8' title="bbox 317 727 1896 794">
     <span class='ocr_line' id='line_1_8' title="bbox 317 727 1896 794; baseline 0.002 -17"><span class='ocrx_word' id='word_1_49' title='bbox 317 727 676 794; x_wconf 63' lang='lat' dir='ltr'><strong><em>atqualitatem</em></strong></span> <span class='ocrx_word' id='word_1_50' title='bbox 722 727 986 791; x_wconf 88' lang='lat' dir='ltr'><strong><em>ostendit;</em></strong></span> <span class='ocrx_word' id='word_1_51' title='bbox 1019 730 1272 793; x_wconf 85' lang='lat' dir='ltr'><strong><em>Apostolo</em></strong></span> <span class='ocrx_word' id='word_1_52' title='bbox 1315 730 1664 783; x_wconf 86' lang='lat' dir='ltr'><strong><em>conﬁrmante</em></strong></span> <span class='ocrx_word' id='word_1_53' title='bbox 1711 746 1723 780; x_wconf 89' lang='lat'><strong>:</strong></span> <span class='ocrx_word' id='word_1_54' title='bbox 1768 728 1896 781; x_wconf 69' lang='grc' dir='ltr'><strong><em>Παῖς</em></strong></span> 
     </span>
    </p>
   </div>
   <div class='ocr_carea' id='block_1_9' title="bbox 315 820 1890 891">
    <p class='ocr_par' dir='ltr' id='par_1_9' title="bbox 315 820 1890 891">
     <span class='ocr_line' id='line_1_9' title="bbox 315 820 1890 891; baseline -0.001 -18"><span class='ocrx_word' id='word_1_55' title='bbox 315 829 407 885; x_wconf 72' lang='lat' dir='ltr'><strong><em>est,</em></strong></span> <span class='ocrx_word' id='word_1_56' title='bbox 429 822 617 887; x_wconf 86' lang='lat' dir='ltr'><strong><em>inquit,</em></strong></span> <span class='ocrx_word' id='word_1_57' title='bbox 637 820 876 875; x_wconf 81' lang='lat' dir='ltr'><strong><em>voluntas</em></strong></span> <span class='ocrx_word' id='word_1_58' title='bbox 895 821 987 876; x_wconf 89' lang='lat' dir='ltr'><strong><em>Dei</em></strong></span> <span class='ocrx_word' id='word_1_59' title='bbox 1012 823 1064 874; x_wconf 88' lang='lat' dir='ltr'><strong><em>in</em></strong></span> <span class='ocrx_word' id='word_1_60' title='bbox 1081 821 1284 875; x_wconf 76' lang='lat' dir='ltr'><strong><em>Christo</em></strong></span> <span class='ocrx_word' id='word_1_61' title='bbox 1304 820 1426 875; x_wconf 83' lang='lat' dir='ltr'><strong><em>Jesu</em></strong></span> <span class='ocrx_word' id='word_1_62' title='bbox 1452 821 1500 891; x_wconf 89' lang='lat' dir='ltr'><strong><em>(l</em></strong></span> <span class='ocrx_word' id='word_1_63' title='bbox 1525 821 1677 873; x_wconf 83' lang='lat' dir='ltr'><strong><em>Thes.</em></strong></span> <span class='ocrx_word' id='word_1_64' title='bbox 1703 836 1754 884; x_wconf 90' lang='lat' dir='ltr'><strong><em>v,</em></strong></span> <span class='ocrx_word' id='word_1_65' title='bbox 1780 822 1890 886; x_wconf 79' lang='grc'><strong>18).</strong></span> 
     </span>
    </p>
   </div>
   <div class='ocr_carea' id='block_1_10' title="bbox 317 909 1894 979">
    <p class='ocr_par' dir='ltr' id='par_1_10' title="bbox 317 909 1894 979">
     <span class='ocr_line' id='line_1_10' title="bbox 317 909 1894 979; baseline 0.001 -18"><span class='ocrx_word' id='word_1_66' title='bbox 317 910 446 962; x_wconf 82' lang='lat' dir='ltr'><strong><em>Nam</em></strong></span> <span class='ocrx_word' id='word_1_67' title='bbox 475 909 600 979; x_wconf 85' lang='lat' dir='ltr'><strong><em>quia</em></strong></span> <span class='ocrx_word' id='word_1_68' title='bbox 630 911 862 977; x_wconf 81' lang='lat' dir='ltr'><strong><em>addidit,</em></strong></span> <span class='ocrx_word' id='word_1_69' title='bbox 913 912 1059 966; x_wconf 84' lang='lat' dir='ltr'><strong><em>Sicut</em></strong></span> <span class='ocrx_word' id='word_1_70' title='bbox 1096 913 1225 965; x_wconf 72' lang='lat' dir='ltr'><strong><em>dixit</em></strong></span> <span class='ocrx_word' id='word_1_71' title='bbox 1254 913 1376 966; x_wconf 87' lang='lat' dir='ltr'><strong><em>mihi</em></strong></span> <span class='ocrx_word' id='word_1_72' title='bbox 1403 911 1582 976; x_wconf 89' lang='lat' dir='ltr'><strong><em>Pater,</em></strong></span> <span class='ocrx_word' id='word_1_73' title='bbox 1615 911 1686 964; x_wconf 87' lang='lat' dir='ltr'><strong><em>sic</em></strong></span> <span class='ocrx_word' id='word_1_74' title='bbox 1715 911 1894 978; x_wconf 80' lang='lat' dir='ltr'><strong><em>loquor</em></strong></span> 
     </span>
    </p>
   </div>
   <div class='ocr_carea' id='block_1_11' title="bbox 316 1001 1884 1072">
    <p class='ocr_par' dir='ltr' id='par_1_11' title="bbox 316 1001 1884 1072">
     <span class='ocr_line' id='line_1_11' title="bbox 316 1001 1884 1072; baseline 0.001 -20"><span class='ocrx_word' id='word_1_75' title='bbox 316 1001 491 1071; x_wconf 82' lang='lat' dir='ltr'><strong><em>(Joan.</em></strong></span> <span class='ocrx_word' id='word_1_76' title='bbox 511 1019 606 1066; x_wconf 76' lang='lat' dir='ltr'><strong><em>xu,</em></strong></span> <span class='ocrx_word' id='word_1_77' title='bbox 627 1003 742 1070; x_wconf 84' lang='lat'><strong><em>50).</em></strong></span> <span class='ocrx_word' id='word_1_78' title='bbox 780 1004 956 1070; x_wconf 84' lang='lat' dir='ltr'><strong><em>Quare</em></strong></span> <span class='ocrx_word' id='word_1_79' title='bbox 990 1006 1260 1057; x_wconf 85' lang='lat' dir='ltr'><strong><em>hominum</em></strong></span> <span class='ocrx_word' id='word_1_80' title='bbox 1300 1018 1487 1072; x_wconf 85' lang='lat' dir='ltr'><strong><em>genus,</em></strong></span> <span class='ocrx_word' id='word_1_81' title='bbox 1520 1003 1658 1072; x_wconf 89' lang='lat' dir='ltr'><strong><em>quod</em></strong></span> <span class='ocrx_word' id='word_1_82' title='bbox 1681 1013 1884 1057; x_wconf 86' lang='lat' dir='ltr'><strong><em>rectum</em></strong></span> 
     </span>
    </p>
   </div>
   <div class='ocr_carea' id='block_1_12' title="bbox 312 1093 1886 1162">
    <p class='ocr_par' dir='ltr' id='par_1_12' title="bbox 312 1093 1886 1162">
     <span class='ocr_line' id='line_1_12' title="bbox 312 1093 1886 1162; baseline -0.001 -16"><span class='ocrx_word' id='word_1_83' title='bbox 312 1104 387 1146; x_wconf 91' lang='lat' dir='ltr'><strong><em>est</em></strong></span> <span class='ocrx_word' id='word_1_84' title='bbox 427 1094 766 1162; x_wconf 76' lang='lat' dir='ltr'><strong><em>intelligens,</em></strong></span> <span class='ocrx_word' id='word_1_85' title='bbox 805 1095 987 1147; x_wconf 88' lang='lat' dir='ltr'><strong><em>audito</em></strong></span> <span class='ocrx_word' id='word_1_86' title='bbox 1019 1094 1118 1147; x_wconf 91' lang='lat' dir='ltr'><strong><em>hoc</em></strong></span> <span class='ocrx_word' id='word_1_87' title='bbox 1152 1094 1315 1148; x_wconf 89' lang='lat' dir='ltr'><strong><em>verbo</em></strong></span> <span class='ocrx_word' id='word_1_88' title='bbox 1347 1095 1624 1148; x_wconf 80' lang='lat' dir='ltr'><strong><em>turbetur?</em></strong></span> <span class='ocrx_word' id='word_1_89' title='bbox 1661 1093 1714 1146; x_wconf 90' lang='lat' dir='ltr'><strong><em>Si</em></strong></span> <span class='ocrx_word' id='word_1_90' title='bbox 1745 1095 1886 1145; x_wconf 90' lang='lat' dir='ltr'><strong><em>enim</em></strong></span> 
     </span>
    </p>
   </div>
   <div class='ocr_carea' id='block_1_13' title="bbox 310 1183 1887 1254">
    <p class='ocr_par' dir='ltr' id='par_1_13' title="bbox 310 1183 1887 1254">
     <span class='ocr_line' id='line_1_13' title="bbox 310 1183 1887 1254; baseline -0.001 -19"><span class='ocrx_word' id='word_1_91' title='bbox 310 1185 462 1238; x_wconf 78' lang='lat' dir='ltr'><strong><em>aliter</em></strong></span> <span class='ocrx_word' id='word_1_92' title='bbox 481 1183 729 1238; x_wconf 84' lang='lat' dir='ltr'><strong><em>Christus</em></strong></span> <span class='ocrx_word' id='word_1_93' title='bbox 755 1200 910 1254; x_wconf 90' lang='lat' dir='ltr'><strong><em>quam</em></strong></span> <span class='ocrx_word' id='word_1_94' title='bbox 941 1185 1075 1238; x_wconf 69' lang='lat' dir='ltr'><strong><em>Deus</em></strong></span> <span class='ocrx_word' id='word_1_95' title='bbox 1099 1186 1256 1240; x_wconf 87' lang='lat' dir='ltr'><strong><em>Pater</em></strong></span> <span class='ocrx_word' id='word_1_96' title='bbox 1286 1186 1613 1253; x_wconf 82' lang='lat' dir='ltr'><strong><em>loqueretur,</em></strong></span> <span class='ocrx_word' id='word_1_97' title='bbox 1637 1196 1745 1237; x_wconf 90' lang='lat' dir='ltr'><strong><em>tum</em></strong></span> <span class='ocrx_word' id='word_1_98' title='bbox 1776 1200 1887 1236; x_wconf 87' lang='lat' dir='ltr'><strong><em>ma-</em></strong></span> 
     </span>
    </p>
   </div>
   <div class='ocr_carea' id='block_1_14' title="bbox 307 1276 1883 1345">
    <p class='ocr_par' dir='ltr' id='par_1_14' title="bbox 307 1276 1883 1345">
     <span class='ocr_line' id='line_1_14' title="bbox 307 1276 1883 1345; baseline -0.004 -11"><span class='ocrx_word' id='word_1_99' title='bbox 307 1279 385 1345; x_wconf 67' lang='lat' dir='ltr'><strong><em>gis</em></strong></span> <span class='ocrx_word' id='word_1_100' title='bbox 417 1277 560 1332; x_wconf 85' lang='lat' dir='ltr'><strong><em>Patri</em></strong></span> <span class='ocrx_word' id='word_1_101' title='bbox 611 1279 888 1345; x_wconf 65' lang='lat' dir='ltr'><strong><em>iurequalis</em></strong></span> <span class='ocrx_word' id='word_1_102' title='bbox 927 1279 1008 1332; x_wconf 91' lang='lat' dir='ltr'><strong><em>vel</em></strong></span> <span class='ocrx_word' id='word_1_103' title='bbox 1041 1277 1319 1332; x_wconf 86' lang='lat' dir='ltr'><strong><em>dissimilis</em></strong></span> <span class='ocrx_word' id='word_1_104' title='bbox 1369 1286 1776 1330; x_wconf 82' lang='lat' dir='ltr'><strong><em>monstraretur.</em></strong></span> <span class='ocrx_word' id='word_1_105' title='bbox 1802 1276 1883 1330; x_wconf 79' lang='lat' dir='ltr'><strong><em>Si</em></strong></span> 
     </span>
    </p>
   </div>
   <div class='ocr_carea' id='block_1_15' title="bbox 309 1367 1882 1436">
    <p class='ocr_par' dir='ltr' id='par_1_15' title="bbox 309 1367 1882 1436">
     <span class='ocr_line' id='line_1_15' title="bbox 309 1367 1882 1436; baseline -0.001 -16"><span class='ocrx_word' id='word_1_106' title='bbox 309 1381 438 1420; x_wconf 77' lang='lat' dir='ltr'><strong><em>vero</em></strong></span> <span class='ocrx_word' id='word_1_107' title='bbox 463 1384 586 1436; x_wconf 72' lang='lat' dir='ltr'><strong><em>quae</em></strong></span> <span class='ocrx_word' id='word_1_108' title='bbox 610 1367 844 1436; x_wconf 87' lang='lat' dir='ltr'><strong><em>loquitur</em></strong></span> <span class='ocrx_word' id='word_1_109' title='bbox 868 1369 1047 1430; x_wconf 87' lang='lat' dir='ltr'><strong><em>Pater,</em></strong></span> <span class='ocrx_word' id='word_1_110' title='bbox 1073 1385 1133 1420; x_wconf 82' lang='lat' dir='ltr'><strong><em>ea</em></strong></span> <span class='ocrx_word' id='word_1_111' title='bbox 1158 1367 1390 1436; x_wconf 91' lang='lat' dir='ltr'><strong><em>loquitur</em></strong></span> <span class='ocrx_word' id='word_1_112' title='bbox 1414 1367 1596 1428; x_wconf 77' lang='lat' dir='ltr'><strong><em>Filius,</em></strong></span> <span class='ocrx_word' id='word_1_113' title='bbox 1620 1383 1882 1434; x_wconf 84' lang='lat' dir='ltr'><strong><em>nunquam</em></strong></span> 
     </span>
    </p>
   </div>
   <div class='ocr_carea' id='block_1_16' title="bbox 308 1457 1882 1523">
    <p class='ocr_par' dir='ltr' id='par_1_16' title="bbox 308 1457 1882 1523">
     <span class='ocr_line' id='line_1_16' title="bbox 308 1457 1882 1523; baseline 0.003 -17"><span class='ocrx_word' id='word_1_114' title='bbox 308 1457 586 1523; x_wconf 60' lang='lat' dir='ltr'><strong><em>inaequalis</em></strong></span> <span class='ocrx_word' id='word_1_115' title='bbox 613 1457 753 1510; x_wconf 69' lang='lat' dir='ltr'><strong><em>Patri</em></strong></span> <span class='ocrx_word' id='word_1_116' title='bbox 793 1466 882 1509; x_wconf 91' lang='lat' dir='ltr'><strong><em>ant</em></strong></span> <span class='ocrx_word' id='word_1_117' title='bbox 919 1457 1191 1510; x_wconf 76' lang='lat' dir='ltr'><strong><em>dissimilis</em></strong></span> <span class='ocrx_word' id='word_1_118' title='bbox 1231 1458 1518 1510; x_wconf 80' lang='lat' dir='ltr'><strong><em>invenitur.</em></strong></span> <span class='ocrx_word' id='word_1_119' title='bbox 1566 1458 1716 1520; x_wconf 89' lang='lat' dir='ltr'><strong><em>Quod</em></strong></span> <span class='ocrx_word' id='word_1_120' title='bbox 1743 1458 1882 1510; x_wconf 83' lang='lat' dir='ltr'><strong><em>dedit</em></strong></span> 
     </span>
    </p>
   </div>
   <div class='ocr_carea' id='block_1_17' title="bbox 308 1545 1884 1615">
    <p class='ocr_par' dir='ltr' id='par_1_17' title="bbox 308 1545 1884 1615">
     <span class='ocr_line' id='line_1_17' title="bbox 308 1545 1884 1615; baseline 0.002 -20"><span class='ocrx_word' id='word_1_121' title='bbox 308 1545 448 1610; x_wconf 81' lang='lat' dir='ltr'><strong><em>mihi,</em></strong></span> <span class='ocrx_word' id='word_1_122' title='bbox 482 1547 682 1614; x_wconf 87' lang='lat' dir='ltr'><strong><em>inquit,</em></strong></span> <span class='ocrx_word' id='word_1_123' title='bbox 719 1547 906 1599; x_wconf 77' lang='lat' dir='ltr'><strong><em>servavi</em></strong></span> <span class='ocrx_word' id='word_1_124' title='bbox 938 1545 1115 1615; x_wconf 86' lang='lat' dir='ltr'><strong><em>(Joan.</em></strong></span> <span class='ocrx_word' id='word_1_125' title='bbox 1150 1563 1276 1607; x_wconf 63' lang='grc' dir='ltr'>χιιι.</span> <span class='ocrx_word' id='word_1_126' title='bbox 1324 1547 1431 1613; x_wconf 60' lang='lat' dir='ltr'><strong><em>li);</em></strong></span> <span class='ocrx_word' id='word_1_127' title='bbox 1479 1555 1529 1598; x_wconf 88' lang='lat' dir='ltr'><strong><em>et</em></strong></span> <span class='ocrx_word' id='word_1_128' title='bbox 1561 1546 1746 1599; x_wconf 65' lang='lat' dir='ltr'><strong><em>Omnia</em></strong></span> <span class='ocrx_word' id='word_1_129' title='bbox 1771 1561 1884 1611; x_wconf 81' lang='lat' dir='ltr'><strong><em>qua:</em></strong></span> 
     </span>
    </p>
   </div>
   <div class='ocr_carea' id='block_1_18' title="bbox 306 1639 1878 1710">
    <p class='ocr_par' dir='ltr' id='par_1_18' title="bbox 306 1639 1878 1710">
     <span class='ocr_line' id='line_1_18' title="bbox 306 1639 1878 1710; baseline -0.001 -20"><span class='ocrx_word' id='word_1_130' title='bbox 306 1639 429 1690; x_wconf 80' lang='lat' dir='ltr'><strong><em>mihi</em></strong></span> <span class='ocrx_word' id='word_1_131' title='bbox 467 1641 639 1704; x_wconf 84' lang='lat' dir='ltr'><strong><em>dedit,</em></strong></span> <span class='ocrx_word' id='word_1_132' title='bbox 682 1656 824 1693; x_wconf 86' lang='lat' dir='ltr'><strong><em>nemo</em></strong></span> <span class='ocrx_word' id='word_1_133' title='bbox 863 1642 1031 1710; x_wconf 67' lang='lat' dir='ltr'><strong><em>aufert</em></strong></span> <span class='ocrx_word' id='word_1_134' title='bbox 1079 1657 1110 1692; x_wconf 89' lang='lat' dir='ltr'><strong><em>a</em></strong></span> <span class='ocrx_word' id='word_1_135' title='bbox 1140 1657 1216 1694; x_wconf 90' lang='lat' dir='ltr'><strong><em>me</em></strong></span> <span class='ocrx_word' id='word_1_136' title='bbox 1255 1641 1431 1710; x_wconf 81' lang='lat' dir='ltr'><strong><em>(Joan.</em></strong></span> <span class='ocrx_word' id='word_1_137' title='bbox 1472 1655 1547 1701; x_wconf 85' lang='lat' dir='ltr'><strong><em>vt,</em></strong></span> <span class='ocrx_word' id='word_1_138' title='bbox 1574 1639 1688 1704; x_wconf 76' lang='lat'><strong><em>&#39;59).</em></strong></span> <span class='ocrx_word' id='word_1_139' title='bbox 1733 1639 1878 1692; x_wconf 89' lang='lat' dir='ltr'><strong><em>Dona</em></strong></span> 
     </span>
    </p>
   </div>
   <div class='ocr_carea' id='block_1_19' title="bbox 2005 457 3574 526">
    <p class='ocr_par' dir='ltr' id='par_1_19' title="bbox 2005 457 3574 526">
     <span class='ocr_line' id='line_1_19' title="bbox 2005 457 3574 526; baseline 0.001 -17"><span class='ocrx_word' id='word_1_140' title='bbox 2005 459 2195 526; x_wconf 87' lang='lat' dir='ltr'><strong><em>placita</em></strong></span> <span class='ocrx_word' id='word_1_141' title='bbox 2230 461 2376 526; x_wconf 83' lang='lat' dir='ltr'><strong><em>fecit,</em></strong></span> <span class='ocrx_word' id='word_1_142' title='bbox 2406 459 2528 526; x_wconf 83' lang='lat' dir='ltr'><strong><em>quia</em></strong></span> <span class='ocrx_word' id='word_1_143' title='bbox 2559 458 2824 512; x_wconf 85' lang='lat' dir='ltr'><strong><em>contraria</em></strong></span> <span class='ocrx_word' id='word_1_144' title='bbox 2856 458 3030 511; x_wconf 72' lang='lat' dir='ltr'><strong><em>facere</em></strong></span> <span class='ocrx_word' id='word_1_145' title='bbox 3061 457 3245 510; x_wconf 78' lang='lat' dir='ltr'><strong><em>uesrit.</em></strong></span> <span class='ocrx_word' id='word_1_146' title='bbox 3296 458 3423 509; x_wconf 66' lang='lat' dir='ltr'><strong><em>Nam</em></strong></span> <span class='ocrx_word' id='word_1_147' title='bbox 3455 461 3574 525; x_wconf 80' lang='lat' dir='ltr'><strong><em>quia</em></strong></span> 
     </span>
    </p>
   </div>
   <div class='ocr_carea' id='block_1_20' title="bbox 2002 549 3575 614">
    <p class='ocr_par' dir='ltr' id='par_1_20' title="bbox 2002 549 3575 614">
     <span class='ocr_line' id='line_1_20' title="bbox 2002 549 3575 614; baseline 0.001 -12"><span class='ocrx_word' id='word_1_148' title='bbox 2002 551 2148 603; x_wconf 86' lang='lat' dir='ltr'><strong><em>venit</em></strong></span> <span class='ocrx_word' id='word_1_149' title='bbox 2173 567 2274 603; x_wconf 74' lang='lat' dir='ltr'><strong><em>non</em></strong></span> <span class='ocrx_word' id='word_1_150' title='bbox 2298 560 2353 602; x_wconf 90' lang='lat' dir='ltr'><strong><em>ut</em></strong></span> <span class='ocrx_word' id='word_1_151' title='bbox 2377 550 2573 604; x_wconf 80' lang='lat' dir='ltr'><strong><em>faceret</em></strong></span> <span class='ocrx_word' id='word_1_152' title='bbox 2596 551 2919 604; x_wconf 80' lang='lat' dir='ltr'><strong><em>voluntatem</em></strong></span> <span class='ocrx_word' id='word_1_153' title='bbox 2943 563 3115 614; x_wconf 82' lang='lat' dir='ltr'><strong><em>suam,</em></strong></span> <span class='ocrx_word' id='word_1_154' title='bbox 3141 549 3232 602; x_wconf 87' lang='lat' dir='ltr'><strong><em>sed</em></strong></span> <span class='ocrx_word' id='word_1_155' title='bbox 3254 552 3575 604; x_wconf 79' lang='lat' dir='ltr'><strong><em>voluntatem</em></strong></span> 
     </span>
    </p>
   </div>
   <div class='ocr_carea' id='block_1_21' title="bbox 2003 641 3572 711">
    <p class='ocr_par' dir='ltr' id='par_1_21' title="bbox 2003 641 3572 711">
     <span class='ocr_line' id='line_1_21' title="bbox 2003 641 3572 711; baseline 0 -19"><span class='ocrx_word' id='word_1_156' title='bbox 2003 642 2114 710; x_wconf 83' lang='lat' dir='ltr'><strong><em>i-jus</em></strong></span> <span class='ocrx_word' id='word_1_157' title='bbox 2136 645 2222 711; x_wconf 89' lang='lat' dir='ltr'><strong><em>qui</em></strong></span> <span class='ocrx_word' id='word_1_158' title='bbox 2247 644 2390 695; x_wconf 88' lang='lat' dir='ltr'><strong><em>misit</em></strong></span> <span class='ocrx_word' id='word_1_159' title='bbox 2416 645 2582 706; x_wconf 89' lang='lat' dir='ltr'><strong><em>illum,</em></strong></span> <span class='ocrx_word' id='word_1_160' title='bbox 2603 645 2730 696; x_wconf 78' lang='lat' dir='ltr'><strong><em>dixit</em></strong></span> <span class='ocrx_word' id='word_1_161' title='bbox 2753 663 2763 695; x_wconf 90' lang='lat'>:</span> <span class='ocrx_word' id='word_1_162' title='bbox 2787 641 2853 695; x_wconf 84' lang='lat' dir='ltr'><strong><em>Ut</em></strong></span> <span class='ocrx_word' id='word_1_163' title='bbox 2873 642 3060 704; x_wconf 78' lang='lat' dir='ltr'><strong><em>faciam</em></strong></span> <span class='ocrx_word' id='word_1_164' title='bbox 3083 641 3389 693; x_wconf 77' lang='lat' dir='ltr'><strong><em>voluntatem</em></strong></span> <span class='ocrx_word' id='word_1_165' title='bbox 3410 651 3572 706; x_wconf 88' lang='lat' dir='ltr'><strong><em>tuam,</em></strong></span> 
     </span>
    </p>
   </div>
   <div class='ocr_carea' id='block_1_22' title="bbox 1999 729 3571 802">
    <p class='ocr_par' dir='ltr' id='par_1_22' title="bbox 1999 729 3571 802">
     <span class='ocr_line' id='line_1_22' title="bbox 1999 729 3571 802; baseline 0 -19"><span class='ocrx_word' id='word_1_166' title='bbox 1999 731 2138 786; x_wconf 78' lang='lat' dir='ltr'><strong><em>Deus</em></strong></span> <span class='ocrx_word' id='word_1_167' title='bbox 2168 749 2324 796; x_wconf 86' lang='lat' dir='ltr'><strong><em>meus,</em></strong></span> <span class='ocrx_word' id='word_1_168' title='bbox 2357 735 2493 785; x_wconf 75' lang='lat' dir='ltr'><strong><em>volui</em></strong></span> <span class='ocrx_word' id='word_1_169' title='bbox 2531 733 2701 802; x_wconf 73' lang='lat' dir='ltr'><strong><em>(l’sal.</em></strong></span> <span class='ocrx_word' id='word_1_170' title='bbox 2737 747 2927 795; x_wconf 75' lang='lat' dir='ltr'><strong><em>xuix,</em></strong></span> <span class='ocrx_word' id='word_1_171' title='bbox 2955 731 3037 801; x_wconf 82' lang='lat'><strong><em>9);</em></strong></span> <span class='ocrx_word' id='word_1_172' title='bbox 3070 741 3124 785; x_wconf 84' lang='lat' dir='ltr'><strong><em>et</em></strong></span> <span class='ocrx_word' id='word_1_173' title='bbox 3159 729 3452 783; x_wconf 73' lang='lat' dir='ltr'><strong><em>Voluntaria</em></strong></span> <span class='ocrx_word' id='word_1_174' title='bbox 3487 749 3571 783; x_wconf 86' lang='lat' dir='ltr'><strong><em>sa-</em></strong></span> 
     </span>
    </p>
   </div>
   <div class='ocr_carea' id='block_1_23' title="bbox 1993 821 3602 893">
    <p class='ocr_par' dir='ltr' id='par_1_23' title="bbox 1993 821 3602 893">
     <span class='ocr_line' id='line_1_23' title="bbox 1993 821 3602 893; baseline -0.002 -17"><span class='ocrx_word' id='word_1_175' title='bbox 1993 823 2233 889; x_wconf 73' lang='lat' dir='ltr'><strong><em>crificabo</em></strong></span> <span class='ocrx_word' id='word_1_176' title='bbox 2262 825 2350 877; x_wconf 82' lang='lat' dir='ltr'><strong><em>tibi</em></strong></span> <span class='ocrx_word' id='word_1_177' title='bbox 2391 823 2557 893; x_wconf 79' lang='lat' dir='ltr'><strong><em>(Psal.</em></strong></span> <span class='ocrx_word' id='word_1_178' title='bbox 2583 841 2696 888; x_wconf 80' lang='lat' dir='ltr'><strong><em>LIII,</em></strong></span> <span class='ocrx_word' id='word_1_179' title='bbox 2721 826 2801 889; x_wconf 86' lang='lat'><strong><em>8).</em></strong></span> <span class='ocrx_word' id='word_1_180' title='bbox 2841 824 2940 890; x_wconf 88' lang='lat' dir='ltr'><strong><em>Qui</em></strong></span> <span class='ocrx_word' id='word_1_181' title='bbox 2974 824 3048 876; x_wconf 89' lang='lat' dir='ltr'><strong><em>ait</em></strong></span> <span class='ocrx_word' id='word_1_182' title='bbox 3083 839 3096 875; x_wconf 86' lang='lat'><strong>:</strong></span> <span class='ocrx_word' id='word_1_183' title='bbox 3125 821 3283 876; x_wconf 80' lang='lat' dir='ltr'><strong><em>Pater</em></strong></span> <span class='ocrx_word' id='word_1_184' title='bbox 3307 825 3474 888; x_wconf 75' lang='lat' dir='ltr'><strong><em>major</em></strong></span> <span class='ocrx_word' id='word_1_185' title='bbox 3494 839 3572 873; x_wconf 83' lang='lat' dir='ltr'><strong><em>me</em></strong></span> <span class='ocrx_word' id='word_1_186' title='bbox 3599 888 3602 892; x_wconf 21' lang='lat'><strong><em>.</em></strong></span> 
     </span>
    </p>
   </div>
   <div class='ocr_carea' id='block_1_24' title="bbox 1993 911 3572 984">
    <p class='ocr_par' dir='ltr' id='par_1_24' title="bbox 1993 911 3572 984">
     <span class='ocr_line' id='line_1_24' title="bbox 1993 911 3572 984; baseline -0.002 -17"><span class='ocrx_word' id='word_1_187' title='bbox 1993 928 2064 967; x_wconf 84' lang='lat' dir='ltr'><strong><em>est</em></strong></span> <span class='ocrx_word' id='word_1_188' title='bbox 2094 913 2272 984; x_wconf 82' lang='lat' dir='ltr'><strong><em>(Joan.</em></strong></span> <span class='ocrx_word' id='word_1_189' title='bbox 2305 930 2412 979; x_wconf 76' lang='lat' dir='ltr'><strong><em>xiv,</em></strong></span> <span class='ocrx_word' id='word_1_190' title='bbox 2444 915 2557 983; x_wconf 75' lang='lat'><strong><em>‘28),</em></strong></span> <span class='ocrx_word' id='word_1_191' title='bbox 2604 916 2757 980; x_wconf 82' lang='lat' dir='ltr'><strong><em>dixit,</em></strong></span> <span class='ocrx_word' id='word_1_192' title='bbox 2788 912 2899 984; x_wconf 84' lang='lat' dir='ltr'><strong><em>Ego</em></strong></span> <span class='ocrx_word' id='word_1_193' title='bbox 2937 923 2984 966; x_wconf 85' lang='lat' dir='ltr'><strong><em>et</em></strong></span> <span class='ocrx_word' id='word_1_194' title='bbox 3015 911 3170 965; x_wconf 86' lang='lat' dir='ltr'><strong><em>Pater</em></strong></span> <span class='ocrx_word' id='word_1_195' title='bbox 3199 928 3356 964; x_wconf 86' lang='lat' dir='ltr'><strong><em>unum</em></strong></span> <span class='ocrx_word' id='word_1_196' title='bbox 3396 928 3572 964; x_wconf 83' lang='lat' dir='ltr'><strong><em>sumus</em></strong></span> 
     </span>
    </p>
   </div>
   <div class='ocr_carea' id='block_1_25' title="bbox 1993 1003 3570 1079">
    <p class='ocr_par' dir='ltr' id='par_1_25' title="bbox 1993 1003 3570 1079">
     <span class='ocr_line' id='line_1_25' title="bbox 1993 1003 3570 1079; baseline 0.003 -23"><span class='ocrx_word' id='word_1_197' title='bbox 1993 1003 2169 1072; x_wconf 81' lang='lat' dir='ltr'><strong><em>(Iona.</em></strong></span> <span class='ocrx_word' id='word_1_198' title='bbox 2211 1022 2264 1067; x_wconf 73' lang='grc' dir='ltr'>ι,</span> <span class='ocrx_word' id='word_1_199' title='bbox 2295 1005 2410 1074; x_wconf 78' lang='lat'><strong><em>50);</em></strong></span> <span class='ocrx_word' id='word_1_200' title='bbox 2445 1016 2497 1059; x_wconf 87' lang='lat' dir='ltr'><strong><em>et</em></strong></span> <span class='ocrx_word' id='word_1_201' title='bbox 2540 1005 2654 1060; x_wconf 68' lang='lat' dir='ltr'><strong><em>Sint</em></strong></span> <span class='ocrx_word' id='word_1_202' title='bbox 2695 1009 2749 1059; x_wconf 88' lang='lat' dir='ltr'><strong><em>in</em></strong></span> <span class='ocrx_word' id='word_1_203' title='bbox 2788 1009 2930 1060; x_wconf 87' lang='lat' dir='ltr'><strong><em>nobis</em></strong></span> <span class='ocrx_word' id='word_1_204' title='bbox 2971 1025 3126 1061; x_wconf 86' lang='lat' dir='ltr'><strong><em>unum</em></strong></span> <span class='ocrx_word' id='word_1_205' title='bbox 3156 1009 3283 1062; x_wconf 90' lang='lat' dir='ltr'><strong><em>sicut</em></strong></span> <span class='ocrx_word' id='word_1_206' title='bbox 3326 1025 3416 1079; x_wconf 84' lang='lat' dir='ltr'><strong><em>ego</em></strong></span> <span class='ocrx_word' id='word_1_207' title='bbox 3441 1017 3487 1061; x_wconf 85' lang='lat' dir='ltr'><strong><em>et</em></strong></span> <span class='ocrx_word' id='word_1_208' title='bbox 3515 1020 3570 1060; x_wconf 87' lang='lat' dir='ltr'><strong><em>tu</em></strong></span> 
     </span>
    </p>
   </div>
   <div class='ocr_carea' id='block_1_26' title="bbox 1991 1093 3571 1166">
    <p class='ocr_par' dir='ltr' id='par_1_26' title="bbox 1991 1093 3571 1166">
     <span class='ocr_line' id='line_1_26' title="bbox 1991 1093 3571 1166; baseline 0.003 -18"><span class='ocrx_word' id='word_1_209' title='bbox 1991 1112 2146 1148; x_wconf 80' lang='lat' dir='ltr'><strong><em>unum</em></strong></span> <span class='ocrx_word' id='word_1_210' title='bbox 2186 1113 2357 1149; x_wconf 86' lang='lat' dir='ltr'><strong><em>sumus</em></strong></span> <span class='ocrx_word' id='word_1_211' title='bbox 2397 1093 2573 1165; x_wconf 78' lang='lat' dir='ltr'><strong><em>(Jotm.</em></strong></span> <span class='ocrx_word' id='word_1_212' title='bbox 2602 1114 2729 1160; x_wconf 77' lang='lat' dir='ltr'><strong><em>xvrt,</em></strong></span> <span class='ocrx_word' id='word_1_213' title='bbox 2762 1100 2850 1166; x_wconf 70' lang='lat' dir='ltr'><strong><em>2t,</em></strong></span> <span class='ocrx_word' id='word_1_214' title='bbox 2879 1099 2973 1166; x_wconf 53' lang='grc' dir='ltr'><strong><em>ἐῢ.)</em></strong></span> <span class='ocrx_word' id='word_1_215' title='bbox 2998 1116 3013 1161; x_wconf 90' lang='grc'>;</span> <span class='ocrx_word' id='word_1_216' title='bbox 3043 1111 3096 1153; x_wconf 90' lang='lat' dir='ltr'><strong><em>et</em></strong></span> <span class='ocrx_word' id='word_1_217' title='bbox 3131 1100 3312 1152; x_wconf 80' lang='lat' dir='ltr'><strong><em>Omnia</em></strong></span> <span class='ocrx_word' id='word_1_218' title='bbox 3343 1117 3453 1153; x_wconf 87' lang='lat' dir='ltr'><strong><em>mea</em></strong></span> <span class='ocrx_word' id='word_1_219' title='bbox 3483 1111 3571 1152; x_wconf 91' lang='lat' dir='ltr'><strong><em>tua</em></strong></span> 
     </span>
    </p>
   </div>
   <div class='ocr_carea' id='block_1_27' title="bbox 1986 1187 3571 1259">
    <p class='ocr_par' dir='ltr' id='par_1_27' title="bbox 1986 1187 3571 1259">
     <span class='ocr_line' id='line_1_27' title="bbox 1986 1187 3571 1259; baseline 0.001 -16"><span class='ocrx_word' id='word_1_220' title='bbox 1986 1199 2126 1254; x_wconf 80' lang='lat' dir='ltr'><strong><em>sunt,</em></strong></span> <span class='ocrx_word' id='word_1_221' title='bbox 2146 1199 2190 1241; x_wconf 90' lang='lat' dir='ltr'><strong><em>ct</em></strong></span> <span class='ocrx_word' id='word_1_222' title='bbox 2208 1200 2295 1241; x_wconf 89' lang='lat' dir='ltr'><strong><em>tua</em></strong></span> <span class='ocrx_word' id='word_1_223' title='bbox 2314 1207 2422 1242; x_wconf 86' lang='lat' dir='ltr'><strong><em>mea</em></strong></span> <span class='ocrx_word' id='word_1_224' title='bbox 2440 1198 2557 1242; x_wconf 82' lang='lat' dir='ltr'><strong><em>sunt</em></strong></span> <span class='ocrx_word' id='word_1_225' title='bbox 2579 1187 2752 1259; x_wconf 81' lang='lat' dir='ltr'><strong><em>(Joan.</em></strong></span> <span class='ocrx_word' id='word_1_226' title='bbox 2775 1207 2896 1253; x_wconf 79' lang='lat' dir='ltr'><strong><em>xvit,</em></strong></span> <span class='ocrx_word' id='word_1_227' title='bbox 2915 1192 3000 1259; x_wconf 74' lang='lat' dir='ltr'><strong><em>l0)</em></strong></span> <span class='ocrx_word' id='word_1_228' title='bbox 3020 1201 3100 1256; x_wconf 82' lang='lat' dir='ltr'><strong><em>;et</em></strong></span> <span class='ocrx_word' id='word_1_229' title='bbox 3120 1190 3329 1242; x_wconf 82' lang='lat' dir='ltr'><strong><em>Creditis</em></strong></span> <span class='ocrx_word' id='word_1_230' title='bbox 3345 1192 3462 1259; x_wconf 83' lang='lat' dir='ltr'><strong><em>quia</em></strong></span> <span class='ocrx_word' id='word_1_231' title='bbox 3477 1208 3571 1257; x_wconf 83' lang='lat' dir='ltr'><strong><em>ego</em></strong></span> 
     </span>
    </p>
   </div>
   <div class='ocr_carea' id='block_1_28' title="bbox 1987 1279 3571 1352">
    <p class='ocr_par' dir='ltr' id='par_1_28' title="bbox 1987 1279 3571 1352">
     <span class='ocr_line' id='line_1_28' title="bbox 1987 1279 3571 1352; baseline -0.001 -19"><span class='ocrx_word' id='word_1_232' title='bbox 1987 1283 2037 1333; x_wconf 87' lang='lat' dir='ltr'><strong><em>in</em></strong></span> <span class='ocrx_word' id='word_1_233' title='bbox 2059 1279 2232 1344; x_wconf 80' lang='lat' dir='ltr'><strong><em>Patre,</em></strong></span> <span class='ocrx_word' id='word_1_234' title='bbox 2253 1291 2298 1333; x_wconf 92' lang='lat' dir='ltr'><strong><em>et</em></strong></span> <span class='ocrx_word' id='word_1_235' title='bbox 2318 1279 2472 1333; x_wconf 85' lang='lat' dir='ltr'><strong><em>Pater</em></strong></span> <span class='ocrx_word' id='word_1_236' title='bbox 2493 1282 2545 1333; x_wconf 88' lang='lat' dir='ltr'><strong><em>in</em></strong></span> <span class='ocrx_word' id='word_1_237' title='bbox 2569 1296 2646 1334; x_wconf 84' lang='lat' dir='ltr'><strong><em>me</em></strong></span> <span class='ocrx_word' id='word_1_238' title='bbox 2667 1293 2738 1334; x_wconf 82' lang='lat' dir='ltr'><strong><em>est</em></strong></span> <span class='ocrx_word' id='word_1_239' title='bbox 2760 1282 2938 1352; x_wconf 81' lang='lat' dir='ltr'><strong><em>(Joan.</em></strong></span> <span class='ocrx_word' id='word_1_240' title='bbox 2967 1297 3070 1344; x_wconf 80' lang='lat' dir='ltr'><strong><em>tttv,</em></strong></span> <span class='ocrx_word' id='word_1_241' title='bbox 3098 1284 3184 1339; x_wconf 83' lang='lat' dir='ltr'><strong><em>lt).</em></strong></span> <span class='ocrx_word' id='word_1_242' title='bbox 3206 1283 3225 1333; x_wconf 87' lang='lat' dir='ltr'><strong><em>I</em></strong></span> <span class='ocrx_word' id='word_1_243' title='bbox 3244 1284 3258 1333; x_wconf 87' lang='lat' dir='ltr'><strong><em>l</em></strong></span> <span class='ocrx_word' id='word_1_244' title='bbox 3275 1284 3319 1347; x_wconf 78' lang='lat'><strong><em>)2</em></strong></span> <span class='ocrx_word' id='word_1_245' title='bbox 3343 1293 3396 1334; x_wconf 88' lang='lat' dir='ltr'><strong><em>et</em></strong></span> <span class='ocrx_word' id='word_1_246' title='bbox 3413 1280 3571 1333; x_wconf 73' lang='lat' dir='ltr'><strong><em>Pater</em></strong></span> 
     </span>
    </p>
   </div>
   <div class='ocr_carea' id='block_1_29' title="bbox 1986 1370 3570 1440">
    <p class='ocr_par' dir='ltr' id='par_1_29' title="bbox 1986 1370 3570 1440">
     <span class='ocr_line' id='line_1_29' title="bbox 1986 1370 3570 1440; baseline 0.002 -19"><span class='ocrx_word' id='word_1_247' title='bbox 1986 1387 2121 1423; x_wconf 83' lang='lat' dir='ltr'><strong><em>meus</em></strong></span> <span class='ocrx_word' id='word_1_248' title='bbox 2143 1380 2398 1436; x_wconf 86' lang='lat' dir='ltr'><strong><em>aperatur,</em></strong></span> <span class='ocrx_word' id='word_1_249' title='bbox 2423 1381 2468 1424; x_wconf 85' lang='lat' dir='ltr'><strong><em>et</em></strong></span> <span class='ocrx_word' id='word_1_250' title='bbox 2492 1387 2582 1440; x_wconf 81' lang='lat' dir='ltr'><strong><em>ego</em></strong></span> <span class='ocrx_word' id='word_1_251' title='bbox 2603 1388 2782 1439; x_wconf 82' lang='lat' dir='ltr'><strong><em>operor</em></strong></span> <span class='ocrx_word' id='word_1_252' title='bbox 2803 1370 2981 1440; x_wconf 85' lang='lat' dir='ltr'><strong><em>(Joan.</em></strong></span> <span class='ocrx_word' id='word_1_253' title='bbox 3009 1389 3060 1437; x_wconf 85' lang='lat' dir='ltr'><strong><em>v,</em></strong></span> <span class='ocrx_word' id='word_1_254' title='bbox 3083 1373 3202 1439; x_wconf 83' lang='lat' dir='ltr'><strong><em>l7);</em></strong></span> <span class='ocrx_word' id='word_1_255' title='bbox 3225 1383 3276 1426; x_wconf 92' lang='lat' dir='ltr'><strong><em>et</em></strong></span> <span class='ocrx_word' id='word_1_256' title='bbox 3297 1373 3442 1427; x_wconf 84' lang='lat' dir='ltr'><strong><em>Sicut</em></strong></span> <span class='ocrx_word' id='word_1_257' title='bbox 3465 1372 3570 1424; x_wconf 80' lang='grc' dir='ltr'><strong><em>Ρα-</em></strong></span> 
     </span>
    </p>
   </div>
   <div class='ocr_carea' id='block_1_30' title="bbox 1984 1463 3564 1531">
    <p class='ocr_par' dir='ltr' id='par_1_30' title="bbox 1984 1463 3564 1531">
     <span class='ocr_line' id='line_1_30' title="bbox 1984 1463 3564 1531; baseline 0.001 -15"><span class='ocrx_word' id='word_1_258' title='bbox 1984 1473 2059 1530; x_wconf 85' lang='lat' dir='ltr'><strong><em>ter</em></strong></span> <span class='ocrx_word' id='word_1_259' title='bbox 2087 1463 2294 1517; x_wconf 74' lang='lat' dir='ltr'><strong><em>suscitat</em></strong></span> <span class='ocrx_word' id='word_1_260' title='bbox 2330 1474 2559 1516; x_wconf 84' lang='lat' dir='ltr'><strong><em>mortuos</em></strong></span> <span class='ocrx_word' id='word_1_261' title='bbox 2585 1473 2633 1516; x_wconf 87' lang='lat' dir='ltr'><strong><em>et</em></strong></span> <span class='ocrx_word' id='word_1_262' title='bbox 2661 1464 2876 1530; x_wconf 80' lang='lat' dir='ltr'><strong><em>viviﬁcat</em></strong></span> <span class='ocrx_word' id='word_1_263' title='bbox 2895 1505 2910 1527; x_wconf 92' lang='lat'><strong><em>,</em></strong></span> <span class='ocrx_word' id='word_1_264' title='bbox 2943 1465 3014 1517; x_wconf 87' lang='lat' dir='ltr'><strong><em>ita</em></strong></span> <span class='ocrx_word' id='word_1_265' title='bbox 3043 1474 3090 1517; x_wconf 87' lang='lat' dir='ltr'><strong><em>et</em></strong></span> <span class='ocrx_word' id='word_1_266' title='bbox 3120 1465 3280 1517; x_wconf 77' lang='lat' dir='ltr'><strong><em>Filius</em></strong></span> <span class='ocrx_word' id='word_1_267' title='bbox 3308 1482 3431 1531; x_wconf 83' lang='lat' dir='ltr'><strong><em>quos</em></strong></span> <span class='ocrx_word' id='word_1_268' title='bbox 3457 1466 3564 1518; x_wconf 84' lang='lat' dir='ltr'><strong><em>vult</em></strong></span> 
     </span>
    </p>
   </div>
   <div class='ocr_carea' id='block_1_31' title="bbox 1981 1552 3571 1621">
    <p class='ocr_par' dir='ltr' id='par_1_31' title="bbox 1981 1552 3571 1621">
     <span class='ocr_line' id='line_1_31' title="bbox 1981 1552 3571 1621; baseline 0.001 -15"><span class='ocrx_word' id='word_1_269' title='bbox 1981 1554 2194 1620; x_wconf 79' lang='lat' dir='ltr'><strong><em>viviﬁcat</em></strong></span> <span class='ocrx_word' id='word_1_270' title='bbox 2223 1552 2395 1618; x_wconf 84' lang='lat' dir='ltr'><strong><em>(.Ioan.</em></strong></span> <span class='ocrx_word' id='word_1_271' title='bbox 2429 1569 2480 1616; x_wconf 91' lang='lat' dir='ltr'><strong><em>v,</em></strong></span> <span class='ocrx_word' id='word_1_272' title='bbox 2502 1553 2629 1621; x_wconf 70' lang='lat'><strong><em>2!);</em></strong></span> <span class='ocrx_word' id='word_1_273' title='bbox 2657 1562 2709 1607; x_wconf 87' lang='lat' dir='ltr'><strong><em>et</em></strong></span> <span class='ocrx_word' id='word_1_274' title='bbox 2743 1554 2840 1620; x_wconf 82' lang='lat' dir='ltr'><strong><em>Qui</em></strong></span> <span class='ocrx_word' id='word_1_275' title='bbox 2868 1571 2945 1608; x_wconf 85' lang='lat' dir='ltr'><strong><em>me</em></strong></span> <span class='ocrx_word' id='word_1_276' title='bbox 2965 1556 3114 1620; x_wconf 87' lang='lat' dir='ltr'><strong><em>videt,</em></strong></span> <span class='ocrx_word' id='word_1_277' title='bbox 3141 1557 3271 1608; x_wconf 81' lang='lat' dir='ltr'><strong><em>ridet</em></strong></span> <span class='ocrx_word' id='word_1_278' title='bbox 3299 1567 3342 1607; x_wconf 83' lang='lat' dir='ltr'><strong><em>et</em></strong></span> <span class='ocrx_word' id='word_1_279' title='bbox 3365 1555 3571 1608; x_wconf 79' lang='lat' dir='ltr'><strong><em>Patrem</em></strong></span> 
     </span>
    </p>
   </div>
   <div class='ocr_carea' id='block_1_32' title="bbox 1983 1644 3564 1717">
    <p class='ocr_par' dir='ltr' id='par_1_32' title="bbox 1983 1644 3564 1717">
     <span class='ocr_line' id='line_1_32' title="bbox 1983 1644 3564 1717; baseline 0.002 -21"><span class='ocrx_word' id='word_1_280' title='bbox 1983 1644 2161 1711; x_wconf 87' lang='lat' dir='ltr'><strong><em>(Joan.</em></strong></span> <span class='ocrx_word' id='word_1_281' title='bbox 2192 1661 2300 1709; x_wconf 75' lang='lat' dir='ltr'><strong><em>xiv,</em></strong></span> <span class='ocrx_word' id='word_1_282' title='bbox 2329 1644 2418 1714; x_wconf 86' lang='lat'><strong><em>9);</em></strong></span> <span class='ocrx_word' id='word_1_283' title='bbox 2448 1655 2501 1699; x_wconf 92' lang='lat' dir='ltr'><strong><em>et</em></strong></span> <span class='ocrx_word' id='word_1_284' title='bbox 2526 1644 2626 1711; x_wconf 88' lang='lat' dir='ltr'><strong><em>Qui</em></strong></span> <span class='ocrx_word' id='word_1_285' title='bbox 2651 1661 2729 1698; x_wconf 91' lang='lat' dir='ltr'><strong><em>me</em></strong></span> <span class='ocrx_word' id='word_1_286' title='bbox 2751 1646 2878 1710; x_wconf 89' lang='lat' dir='ltr'><strong><em>odit,</em></strong></span> <span class='ocrx_word' id='word_1_287' title='bbox 2900 1656 2947 1698; x_wconf 88' lang='lat' dir='ltr'><strong><em>et</em></strong></span> <span class='ocrx_word' id='word_1_288' title='bbox 2970 1646 3176 1699; x_wconf 84' lang='lat' dir='ltr'><strong><em>Patrem</em></strong></span> <span class='ocrx_word' id='word_1_289' title='bbox 3200 1664 3365 1711; x_wconf 79' lang='lat' dir='ltr'><strong><em>meum</em></strong></span> <span class='ocrx_word' id='word_1_290' title='bbox 3387 1647 3564 1717; x_wconf 83' lang='lat' dir='ltr'><strong><em>(Joan.</em></strong></span> 
     </span>
    </p>
   </div>
   <div class='ocr_carea' id='block_1_33' title="bbox 306 1727 3568 1803">
    <p class='ocr_par' dir='ltr' id='par_1_33' title="bbox 306 1727 3568 1803">
     <span class='ocr_line' id='line_1_33' title="bbox 306 1727 3568 1803; baseline 0.001 -18"><span class='ocrx_word' id='word_1_291' title='bbox 306 1730 449 1785; x_wconf 83' lang='lat' dir='ltr'><strong><em>cnim</em></strong></span> <span class='ocrx_word' id='word_1_292' title='bbox 475 1731 686 1793; x_wconf 78' lang='lat' dir='ltr'><strong><em>divina,</em></strong></span> <span class='ocrx_word' id='word_1_293' title='bbox 721 1732 821 1785; x_wconf 87' lang='lat' dir='ltr'><strong><em>hoc</em></strong></span> <span class='ocrx_word' id='word_1_294' title='bbox 849 1733 1009 1786; x_wconf 89' lang='lat' dir='ltr'><strong><em>modo</em></strong></span> <span class='ocrx_word' id='word_1_295' title='bbox 1039 1732 1376 1800; x_wconf 73' lang='lat' dir='ltr'><strong><em>intelligenda</em></strong></span> <span class='ocrx_word' id='word_1_296' title='bbox 1407 1742 1532 1784; x_wconf 90' lang='lat' dir='ltr'><strong><em>sunt</em></strong></span> <span class='ocrx_word' id='word_1_297' title='bbox 1563 1731 1695 1785; x_wconf 80' lang='lat' dir='ltr'><strong><em>Filio</em></strong></span> <span class='ocrx_word' id='word_1_298' title='bbox 1723 1733 1876 1787; x_wconf 89' lang='lat' dir='ltr'><strong><em>attri-</em></strong></span> <span class='ocrx_word' id='word_1_299' title='bbox 1910 1727 1957 1788; x_wconf 80' lang='grc' dir='ltr'><strong>Β</strong></span> <span class='ocrx_word' id='word_1_300' title='bbox 1985 1751 2070 1802; x_wconf 82' lang='lat' dir='ltr'><strong><em>xv,</em></strong></span> <span class='ocrx_word' id='word_1_301' title='bbox 2103 1737 2229 1800; x_wconf 66' lang='lat'><strong><em>23);</em></strong></span> <span class='ocrx_word' id='word_1_302' title='bbox 2264 1746 2315 1791; x_wconf 85' lang='lat' dir='ltr'><strong><em>et</em></strong></span> <span class='ocrx_word' id='word_1_303' title='bbox 2341 1736 2583 1803; x_wconf 76' lang='lat' dir='ltr'><strong><em>Clariﬁca</em></strong></span> <span class='ocrx_word' id='word_1_304' title='bbox 2609 1735 2802 1788; x_wconf 79' lang='lat' dir='ltr'><strong><em>Filium</em></strong></span> <span class='ocrx_word' id='word_1_305' title='bbox 2827 1749 2988 1797; x_wconf 81' lang='lat' dir='ltr'><strong><em>tuum,</em></strong></span> <span class='ocrx_word' id='word_1_306' title='bbox 3014 1749 3067 1790; x_wconf 88' lang='lat' dir='ltr'><strong><em>ut</em></strong></span> <span class='ocrx_word' id='word_1_307' title='bbox 3093 1737 3254 1791; x_wconf 77' lang='lat' dir='ltr'><strong><em>Filius</em></strong></span> <span class='ocrx_word' id='word_1_308' title='bbox 3277 1749 3390 1790; x_wconf 88' lang='lat' dir='ltr'><strong><em>tuus</em></strong></span> <span class='ocrx_word' id='word_1_309' title='bbox 3413 1739 3568 1790; x_wconf 86' lang='lat' dir='ltr'><strong><em>clari-</em></strong></span> 
     </span>
    </p>
   </div>
   <div class='ocr_carea' id='block_1_34' title="bbox 306 1823 453 1879">
    <p class='ocr_par' dir='ltr' id='par_1_34' title="bbox 306 1823 453 1879">
     <span class='ocr_line' id='line_1_34' title="bbox 306 1823 453 1879; baseline 0.014 -7"><span class='ocrx_word' id='word_1_310' title='bbox 306 1823 428 1879; x_wconf 80' lang='lat' dir='ltr'><strong><em>buta</em></strong></span> <span class='ocrx_word' id='word_1_311' title='bbox 439 1861 453 1875; x_wconf 92' lang='lat'><strong><em>.</em></strong></span> 
     </span>
    </p>
   </div>
   <div class='ocr_carea' id='block_1_35' title="bbox 374 1912 1886 1980">
    <p class='ocr_par' dir='ltr' id='par_1_35' title="bbox 374 1912 1886 1980">
     <span class='ocr_line' id='line_1_35' title="bbox 374 1912 1886 1980; baseline 0 -13"><span class='ocrx_word' id='word_1_312' title='bbox 374 1913 568 1968; x_wconf 74' lang='lat' dir='ltr'><strong><em>XXXI.</em></strong></span> <span class='ocrx_word' id='word_1_313' title='bbox 646 1913 800 1968; x_wconf 82' lang='lat' dir='ltr'><strong><em>Dedit</em></strong></span> <span class='ocrx_word' id='word_1_314' title='bbox 829 1912 970 1966; x_wconf 86' lang='lat' dir='ltr'><strong><em>enim</em></strong></span> <span class='ocrx_word' id='word_1_315' title='bbox 998 1912 1150 1966; x_wconf 87' lang='lat' dir='ltr'><strong><em>Pater</em></strong></span> <span class='ocrx_word' id='word_1_316' title='bbox 1181 1912 1314 1966; x_wconf 87' lang='lat' dir='ltr'><strong><em>Filio</em></strong></span> <span class='ocrx_word' id='word_1_317' title='bbox 1346 1913 1686 1980; x_wconf 82' lang='lat' dir='ltr'><strong><em>omnipotens</em></strong></span> <span class='ocrx_word' id='word_1_318' title='bbox 1711 1916 1886 1967; x_wconf 88' lang='lat' dir='ltr'><strong><em>omni-</em></strong></span> 
     </span>
    </p>
   </div>
   <div class='ocr_carea' id='block_1_36' title="bbox 305 2005 1882 2073">
    <p class='ocr_par' dir='ltr' id='par_1_36' title="bbox 305 2005 1882 2073">
     <span class='ocr_line' id='line_1_36' title="bbox 305 2005 1882 2073; baseline 0.005 -19"><span class='ocrx_word' id='word_1_319' title='bbox 305 2007 618 2073; x_wconf 85' lang='lat' dir='ltr'><strong><em>potentiam.</em></strong></span> <span class='ocrx_word' id='word_1_320' title='bbox 641 2007 973 2072; x_wconf 86' lang='lat' dir='ltr'><strong><em>majestatem</em></strong></span> <span class='ocrx_word' id='word_1_321' title='bbox 1001 2005 1185 2058; x_wconf 89' lang='lat' dir='ltr'><strong><em>tribuit</em></strong></span> <span class='ocrx_word' id='word_1_322' title='bbox 1207 2007 1493 2071; x_wconf 88' lang='lat' dir='ltr'><strong><em>majestati,</em></strong></span> <span class='ocrx_word' id='word_1_323' title='bbox 1519 2008 1768 2060; x_wconf 86' lang='lat' dir='ltr'><strong><em>virtutem</em></strong></span> <span class='ocrx_word' id='word_1_324' title='bbox 1791 2008 1882 2062; x_wconf 81' lang='lat' dir='ltr'><strong><em>de-</em></strong></span> 
     </span>
    </p>
   </div>
   <div class='ocr_carea' id='block_1_37' title="bbox 304 2095 1882 2163">
    <p class='ocr_par' dir='ltr' id='par_1_37' title="bbox 304 2095 1882 2163">
     <span class='ocr_line' id='line_1_37' title="bbox 304 2095 1882 2163; baseline 0.003 -15"><span class='ocrx_word' id='word_1_325' title='bbox 304 2096 594 2159; x_wconf 83' lang='lat' dir='ltr'><strong><em>ditvirtuti,</em></strong></span> <span class='ocrx_word' id='word_1_326' title='bbox 622 2097 953 2162; x_wconf 89' lang='lat' dir='ltr'><strong><em>prudentiam</em></strong></span> <span class='ocrx_word' id='word_1_327' title='bbox 979 2095 1124 2148; x_wconf 83' lang='lat' dir='ltr'><strong><em>dedit</em></strong></span> <span class='ocrx_word' id='word_1_328' title='bbox 1146 2096 1464 2163; x_wconf 71' lang='lat' dir='ltr'><strong><em>prudentiae,</em></strong></span> <span class='ocrx_word' id='word_1_329' title='bbox 1491 2097 1882 2163; x_wconf 75' lang='lat' dir='ltr'><strong><em>praeseientiam</em></strong></span> 
     </span>
    </p>
   </div>
   <div class='ocr_carea' id='block_1_38' title="bbox 302 2185 1878 2253">
    <p class='ocr_par' dir='ltr' id='par_1_38' title="bbox 302 2185 1878 2253">
     <span class='ocr_line' id='line_1_38' title="bbox 302 2185 1878 2253; baseline 0.004 -19"><span class='ocrx_word' id='word_1_330' title='bbox 302 2186 444 2240; x_wconf 88' lang='lat' dir='ltr'><strong><em>dedit</em></strong></span> <span class='ocrx_word' id='word_1_331' title='bbox 467 2187 843 2253; x_wconf 68' lang='lat' dir='ltr'><strong><em>prazscientiae,</em></strong></span> <span class='ocrx_word' id='word_1_332' title='bbox 870 2185 1196 2238; x_wconf 83' lang='lat' dir='ltr'><strong><em>divinitatem</em></strong></span> <span class='ocrx_word' id='word_1_333' title='bbox 1222 2186 1505 2249; x_wconf 78' lang='lat' dir='ltr'><strong><em>divinitati,</em></strong></span> <span class='ocrx_word' id='word_1_334' title='bbox 1525 2187 1878 2242; x_wconf 80' lang='lat' dir='ltr'><strong><em>:cternitatem</em></strong></span> 
     </span>
    </p>
   </div>
   <div class='ocr_carea' id='block_1_39' title="bbox 302 2278 1884 2344">
    <p class='ocr_par' dir='ltr' id='par_1_39' title="bbox 302 2278 1884 2344">
     <span class='ocr_line' id='line_1_39' title="bbox 302 2278 1884 2344; baseline 0.002 -14"><span class='ocrx_word' id='word_1_335' title='bbox 302 2279 610 2342; x_wconf 69' lang='lat' dir='ltr'><strong><em>teternitati,</em></strong></span> <span class='ocrx_word' id='word_1_336' title='bbox 646 2278 1070 2344; x_wconf 68' lang='lat' dir='ltr'><strong><em>comaqualitatem</em></strong></span> <span class='ocrx_word' id='word_1_337' title='bbox 1102 2279 1480 2344; x_wconf 74' lang='lat' dir='ltr'><strong><em>eozequalitati.</em></strong></span> <span class='ocrx_word' id='word_1_338' title='bbox 1516 2279 1884 2333; x_wconf 85' lang='lat' dir='ltr'><strong><em>immortalita-</em></strong></span> 
     </span>
    </p>
   </div>
   <div class='ocr_carea' id='block_1_40' title="bbox 302 2367 1882 2438">
    <p class='ocr_par' dir='ltr' id='par_1_40' title="bbox 302 2367 1882 2438">
     <span class='ocr_line' id='line_1_40' title="bbox 302 2367 1882 2438; baseline 0.004 -19"><span class='ocrx_word' id='word_1_339' title='bbox 302 2376 400 2420; x_wconf 88' lang='lat' dir='ltr'><strong><em>tem</em></strong></span> <span class='ocrx_word' id='word_1_340' title='bbox 444 2367 858 2431; x_wconf 81' lang='lat' dir='ltr'><strong><em>immortalitati,</em></strong></span> <span class='ocrx_word' id='word_1_341' title='bbox 893 2369 1308 2422; x_wconf 82' lang='lat' dir='ltr'><strong><em>invisibilitatem</em></strong></span> <span class='ocrx_word' id='word_1_342' title='bbox 1359 2369 1737 2433; x_wconf 89' lang='lat' dir='ltr'><strong><em>invisibilitati,</em></strong></span> <span class='ocrx_word' id='word_1_343' title='bbox 1773 2371 1882 2438; x_wconf 80' lang='lat' dir='ltr'><strong><em>regi</em></strong></span> 
     </span>
    </p>
   </div>
   <div class='ocr_carea' id='block_1_41' title="bbox 303 2457 1893 2527">
    <p class='ocr_par' dir='ltr' id='par_1_41' title="bbox 303 2457 1893 2527">
     <span class='ocr_line' id='line_1_41' title="bbox 303 2457 1893 2527; baseline 0.004 -19"><span class='ocrx_word' id='word_1_344' title='bbox 303 2471 546 2525; x_wconf 79' lang='lat' dir='ltr'><strong><em>regnum,</em></strong></span> <span class='ocrx_word' id='word_1_345' title='bbox 575 2458 737 2510; x_wconf 85' lang='lat' dir='ltr'><strong><em>vitam</em></strong></span> <span class='ocrx_word' id='word_1_346' title='bbox 774 2457 920 2520; x_wconf 68' lang='lat' dir='ltr'><strong><em>vitae,</em></strong></span> <span class='ocrx_word' id='word_1_347' title='bbox 949 2467 998 2510; x_wconf 90' lang='lat' dir='ltr'><strong><em>et</em></strong></span> <span class='ocrx_word' id='word_1_348' title='bbox 1031 2474 1136 2511; x_wconf 88' lang='lat' dir='ltr'><strong><em>non</em></strong></span> <span class='ocrx_word' id='word_1_349' title='bbox 1162 2457 1322 2512; x_wconf 86' lang='lat' dir='ltr'><strong><em>aliam</em></strong></span> <span class='ocrx_word' id='word_1_350' title='bbox 1355 2458 1421 2512; x_wconf 84' lang='lat' dir='ltr'><strong><em>ab</em></strong></span> <span class='ocrx_word' id='word_1_351' title='bbox 1451 2474 1513 2512; x_wconf 85' lang='lat' dir='ltr'><strong><em>ea</em></strong></span> <span class='ocrx_word' id='word_1_352' title='bbox 1539 2476 1694 2526; x_wconf 89' lang='lat' dir='ltr'><strong><em>quam</em></strong></span> <span class='ocrx_word' id='word_1_353' title='bbox 1725 2461 1893 2527; x_wconf 83' lang='lat' dir='ltr'><strong><em>habet</em></strong></span> 
     </span>
    </p>
   </div>
   <div class='ocr_carea' id='block_1_42' title="bbox 300 2545 1881 2619">
    <p class='ocr_par' dir='ltr' id='par_1_42' title="bbox 300 2545 1881 2619">
     <span class='ocr_line' id='line_1_42' title="bbox 300 2545 1881 2619; baseline 0.003 -22"><span class='ocrx_word' id='word_1_354' title='bbox 300 2545 460 2605; x_wconf 83' lang='lat' dir='ltr'><strong><em>dedit.</em></strong></span> <span class='ocrx_word' id='word_1_355' title='bbox 485 2557 536 2599; x_wconf 88' lang='lat' dir='ltr'><strong><em>et</em></strong></span> <span class='ocrx_word' id='word_1_356' title='bbox 564 2556 821 2612; x_wconf 89' lang='lat' dir='ltr'><strong><em>quantum</em></strong></span> <span class='ocrx_word' id='word_1_357' title='bbox 849 2547 1006 2600; x_wconf 82' lang='lat' dir='ltr'><strong><em>habet</em></strong></span> <span class='ocrx_word' id='word_1_358' title='bbox 1029 2557 1231 2602; x_wconf 83' lang='lat' dir='ltr'><strong><em>tantum</em></strong></span> <span class='ocrx_word' id='word_1_359' title='bbox 1254 2549 1421 2612; x_wconf 91' lang='lat' dir='ltr'><strong><em>dedit,</em></strong></span> <span class='ocrx_word' id='word_1_360' title='bbox 1448 2555 1522 2604; x_wconf 88' lang='lat' dir='ltr'><strong><em>ve&#39;</em></strong></span> <span class='ocrx_word' id='word_1_361' title='bbox 1551 2552 1592 2603; x_wconf 85' lang='lat' dir='ltr'><strong><em>si</em></strong></span> <span class='ocrx_word' id='word_1_362' title='bbox 1617 2566 1734 2619; x_wconf 75' lang='lat' dir='ltr'><strong><em>qua:</em></strong></span> <span class='ocrx_word' id='word_1_363' title='bbox 1757 2551 1881 2616; x_wconf 86' lang='lat' dir='ltr'><strong><em>alia,</em></strong></span> 
     </span>
    </p>
   </div>
   <div class='ocr_carea' id='block_1_43' title="bbox 299 2633 1878 2706">
    <p class='ocr_par' dir='ltr' id='par_1_43' title="bbox 299 2633 1878 2706">
     <span class='ocr_line' id='line_1_43' title="bbox 299 2633 1878 2706; baseline 0.005 -22"><span class='ocrx_word' id='word_1_364' title='bbox 299 2649 410 2700; x_wconf 62' lang='lat' dir='ltr'><strong><em>quae</em></strong></span> <span class='ocrx_word' id='word_1_365' title='bbox 438 2635 599 2687; x_wconf 82' lang='lat' dir='ltr'><strong><em>Pater</em></strong></span> <span class='ocrx_word' id='word_1_366' title='bbox 623 2633 760 2686; x_wconf 82' lang='lat' dir='ltr'><strong><em>Filio</em></strong></span> <span class='ocrx_word' id='word_1_367' title='bbox 793 2635 1184 2689; x_wconf 78' lang='lat' dir='ltr'><strong><em>iudivi~ibiliter</em></strong></span> <span class='ocrx_word' id='word_1_368' title='bbox 1213 2647 1264 2690; x_wconf 89' lang='lat' dir='ltr'><strong><em>et</em></strong></span> <span class='ocrx_word' id='word_1_369' title='bbox 1295 2638 1722 2706; x_wconf 42' lang='lat' dir='ltr'><strong><em>inseparabiliter</em></strong></span> <span class='ocrx_word' id='word_1_370' title='bbox 1750 2655 1878 2694; x_wconf 89' lang='lat' dir='ltr'><strong><em>con-</em></strong></span> 
     </span>
    </p>
   </div>
   <div class='ocr_carea' id='block_1_44' title="bbox 300 2723 1879 2796">
    <p class='ocr_par' dir='ltr' id='par_1_44' title="bbox 300 2723 1879 2796">
     <span class='ocr_line' id='line_1_44' title="bbox 300 2723 1879 2796; baseline 0.006 -21"><span class='ocrx_word' id='word_1_371' title='bbox 300 2723 477 2777; x_wconf 45' lang='lat' dir='ltr'><strong><em>tulisse</em></strong></span> <span class='ocrx_word' id='word_1_372' title='bbox 519 2733 866 2778; x_wconf 64' lang='lat' dir='ltr'><strong><em>tnunstratur.</em></strong></span> <span class='ocrx_word' id='word_1_373' title='bbox 911 2725 1016 2780; x_wconf 89' lang='lat' dir='ltr'><strong><em>Sed</em></strong></span> <span class='ocrx_word' id='word_1_374' title='bbox 1061 2728 1173 2780; x_wconf 69' lang='lat' dir='ltr'><strong><em>haec</em></strong></span> <span class='ocrx_word' id='word_1_375' title='bbox 1215 2728 1393 2780; x_wconf 90' lang='lat' dir='ltr'><strong><em>omnia</em></strong></span> <span class='ocrx_word' id='word_1_376' title='bbox 1441 2729 1652 2782; x_wconf 87' lang='lat' dir='ltr'><strong><em>habenti</em></strong></span> <span class='ocrx_word' id='word_1_377' title='bbox 1703 2730 1879 2796; x_wconf 84' lang='lat' dir='ltr'><strong><em>potius</em></strong></span> 
     </span>
    </p>
   </div>
   <div class='ocr_carea' id='block_1_45' title="bbox 297 2814 1874 2885">
    <p class='ocr_par' dir='ltr' id='par_1_45' title="bbox 297 2814 1874 2885">
     <span class='ocr_line' id='line_1_45' title="bbox 297 2814 1874 2885; baseline 0.006 -22"><span class='ocrx_word' id='word_1_378' title='bbox 297 2829 449 2880; x_wconf 88' lang='lat' dir='ltr'><strong><em>quam</em></strong></span> <span class='ocrx_word' id='word_1_379' title='bbox 485 2814 746 2883; x_wconf 83' lang='lat' dir='ltr'><strong><em>indigenti</em></strong></span> <span class='ocrx_word' id='word_1_380' title='bbox 773 2815 981 2870; x_wconf 69' lang='lat' dir='ltr'><strong><em>dedisse</em></strong></span> <span class='ocrx_word' id='word_1_381' title='bbox 1009 2817 1284 2885; x_wconf 84' lang='lat' dir='ltr'><strong><em>probatur,</em></strong></span> <span class='ocrx_word' id='word_1_382' title='bbox 1315 2819 1400 2871; x_wconf 90' lang='lat' dir='ltr'><strong><em>cui</em></strong></span> <span class='ocrx_word' id='word_1_383' title='bbox 1435 2833 1461 2870; x_wconf 88' lang='lat' dir='ltr'><strong><em>a</em></strong></span> <span class='ocrx_word' id='word_1_384' title='bbox 1491 2819 1628 2872; x_wconf 85' lang='lat' dir='ltr'><strong><em>Filio</em></strong></span> <span class='ocrx_word' id='word_1_385' title='bbox 1655 2819 1874 2872; x_wconf 89' lang='lat' dir='ltr'><strong><em>dicitur:</em></strong></span> 
     </span>
    </p>
   </div>
   <div class='ocr_carea' id='block_1_46' title="bbox 298 2905 1875 2978">
    <p class='ocr_par' dir='ltr' id='par_1_46' title="bbox 298 2905 1875 2978">
     <span class='ocr_line' id='line_1_46' title="bbox 298 2905 1875 2978; baseline 0.003 -21"><span class='ocrx_word' id='word_1_386' title='bbox 298 2905 479 2957; x_wconf 87' lang='lat' dir='ltr'><strong><em>Omnia</em></strong></span> <span class='ocrx_word' id='word_1_387' title='bbox 509 2923 623 2958; x_wconf 88' lang='lat' dir='ltr'><strong><em>mea</em></strong></span> <span class='ocrx_word' id='word_1_388' title='bbox 655 2918 741 2959; x_wconf 77' lang='lat' dir='ltr'><strong><em>tuzt</em></strong></span> <span class='ocrx_word' id='word_1_389' title='bbox 771 2915 919 2970; x_wconf 88' lang='lat' dir='ltr'><strong><em>sunt,</em></strong></span> <span class='ocrx_word' id='word_1_390' title='bbox 962 2917 1009 2960; x_wconf 86' lang='lat' dir='ltr'><strong><em>et</em></strong></span> <span class='ocrx_word' id='word_1_391' title='bbox 1047 2917 1134 2959; x_wconf 88' lang='lat' dir='ltr'><strong><em>tua</em></strong></span> <span class='ocrx_word' id='word_1_392' title='bbox 1173 2909 1341 2960; x_wconf 85' lang='lat' dir='ltr'><strong><em>omnia</em></strong></span> <span class='ocrx_word' id='word_1_393' title='bbox 1385 2925 1497 2960; x_wconf 87' lang='lat' dir='ltr'><strong><em>mea</em></strong></span> <span class='ocrx_word' id='word_1_394' title='bbox 1537 2919 1654 2961; x_wconf 85' lang='lat' dir='ltr'><strong><em>sunt</em></strong></span> <span class='ocrx_word' id='word_1_395' title='bbox 1700 2908 1875 2978; x_wconf 83' lang='lat' dir='ltr'><strong><em>(.Iotm.</em></strong></span> 
     </span>
    </p>
   </div>
   <div class='ocr_carea' id='block_1_47' title="bbox 296 2997 1877 3066">
    <p class='ocr_par' dir='ltr' id='par_1_47' title="bbox 296 2997 1877 3066">
     <span class='ocr_line' id='line_1_47' title="bbox 296 2997 1877 3066; baseline 0.001 -16"><span class='ocrx_word' id='word_1_396' title='bbox 296 3012 425 3062; x_wconf 78' lang='lat' dir='ltr'><strong><em>xvu,</em></strong></span> <span class='ocrx_word' id='word_1_397' title='bbox 453 2998 567 3064; x_wconf 75' lang='lat'><strong><em>10).</em></strong></span> <span class='ocrx_word' id='word_1_398' title='bbox 608 2997 662 3050; x_wconf 89' lang='lat' dir='ltr'><strong><em>Si</em></strong></span> <span class='ocrx_word' id='word_1_399' title='bbox 708 2997 805 3050; x_wconf 86' lang='lat' dir='ltr'><strong><em>ista</em></strong></span> <span class='ocrx_word' id='word_1_400' title='bbox 850 2998 1025 3050; x_wconf 88' lang='lat' dir='ltr'><strong><em>omnia</em></strong></span> <span class='ocrx_word' id='word_1_401' title='bbox 1067 3012 1186 3066; x_wconf 76' lang='lat' dir='ltr'><strong><em>qua:</em></strong></span> <span class='ocrx_word' id='word_1_402' title='bbox 1223 2999 1531 3066; x_wconf 84' lang='lat' dir='ltr'><strong><em>perhibetur</em></strong></span> <span class='ocrx_word' id='word_1_403' title='bbox 1557 3000 1708 3052; x_wconf 89' lang='lat' dir='ltr'><strong><em>Pater</em></strong></span> <span class='ocrx_word' id='word_1_404' title='bbox 1745 2998 1877 3052; x_wconf 84' lang='lat' dir='ltr'><strong><em>Filio</em></strong></span> 
     </span>
    </p>
   </div>
   <div class='ocr_carea' id='block_1_48' title="bbox 1983 1817 3564 1897">
    <p class='ocr_par' dir='ltr' id='par_1_48' title="bbox 1983 1817 3564 1897">
     <span class='ocr_line' id='line_1_48' title="bbox 1983 1817 3564 1897; baseline -0.001 -19"><span class='ocrx_word' id='word_1_405' title='bbox 1983 1826 2096 1894; x_wconf 80' lang='lat' dir='ltr'><strong><em>[icet</em></strong></span> <span class='ocrx_word' id='word_1_406' title='bbox 2117 1838 2163 1880; x_wconf 88' lang='lat' dir='ltr'><strong><em>te</em></strong></span> <span class='ocrx_word' id='word_1_407' title='bbox 2182 1826 2358 1897; x_wconf 82' lang='lat' dir='ltr'><strong><em>(Joan.</em></strong></span> <span class='ocrx_word' id='word_1_408' title='bbox 2380 1817 2506 1890; x_wconf 82' lang='lat' dir='ltr'><strong><em>xvtl,</em></strong></span> <span class='ocrx_word' id='word_1_409' title='bbox 2535 1824 2585 1894; x_wconf 79' lang='lat' dir='ltr'><strong><em>l)</em></strong></span> <span class='ocrx_word' id='word_1_410' title='bbox 2605 1842 2618 1889; x_wconf 90' lang='lat'><strong>;</strong></span> <span class='ocrx_word' id='word_1_411' title='bbox 2637 1835 2690 1880; x_wconf 87' lang='lat' dir='ltr'><strong><em>et</em></strong></span> <span class='ocrx_word' id='word_1_412' title='bbox 2711 1825 2818 1897; x_wconf 76' lang='lat' dir='ltr'><strong><em>Ego</em></strong></span> <span class='ocrx_word' id='word_1_413' title='bbox 2841 1828 3114 1894; x_wconf 76' lang='lat' dir='ltr'><strong><em>clariﬁravi</em></strong></span> <span class='ocrx_word' id='word_1_414' title='bbox 3143 1837 3188 1879; x_wconf 90' lang='lat' dir='ltr'><strong><em>tc</em></strong></span> <span class='ocrx_word' id='word_1_415' title='bbox 3207 1843 3356 1894; x_wconf 83' lang='lat' dir='ltr'><strong><em>super</em></strong></span> <span class='ocrx_word' id='word_1_416' title='bbox 3377 1839 3564 1879; x_wconf 85' lang='lat' dir='ltr'><strong><em>terram</em></strong></span> 
     </span>
    </p>
   </div>
   <div class='ocr_carea' id='block_1_49' title="bbox 1984 1913 3566 1983">
    <p class='ocr_par' dir='ltr' id='par_1_49' title="bbox 1984 1913 3566 1983">
     <span class='ocr_line' id='line_1_49' title="bbox 1984 1913 3566 1983; baseline 0.001 -17"><span class='ocrx_word' id='word_1_417' title='bbox 1984 1913 2172 1982; x_wconf 69' lang='lat' dir='ltr'><strong><em>(Ibid,</em></strong></span> <span class='ocrx_word' id='word_1_418' title='bbox 2192 1915 2274 1981; x_wconf 69' lang='lat'><strong><em>4);</em></strong></span> <span class='ocrx_word' id='word_1_419' title='bbox 2299 1923 2350 1968; x_wconf 85' lang='lat' dir='ltr'><strong><em>et</em></strong></span> <span class='ocrx_word' id='word_1_420' title='bbox 2371 1913 2694 1982; x_wconf 78' lang='lat' dir='ltr'><strong><em>Manifestari</em></strong></span> <span class='ocrx_word' id='word_1_421' title='bbox 2713 1931 2894 1966; x_wconf 84' lang='lat' dir='ltr'><strong><em>nomen</em></strong></span> <span class='ocrx_word' id='word_1_422' title='bbox 2917 1927 3052 1968; x_wconf 88' lang='lat' dir='ltr'><strong><em>tuum</em></strong></span> <span class='ocrx_word' id='word_1_423' title='bbox 3074 1916 3357 1968; x_wconf 84' lang='lat' dir='ltr'><strong><em>hominibus</em></strong></span> <span class='ocrx_word' id='word_1_424' title='bbox 3374 1914 3566 1983; x_wconf 86' lang='lat' dir='ltr'><strong><em>(Ibid.,</em></strong></span> 
     </span>
    </p>
   </div>
   <div class='ocr_carea' id='block_1_50' title="bbox 1989 2001 3565 2074">
    <p class='ocr_par' dir='ltr' id='par_1_50' title="bbox 1989 2001 3565 2074">
     <span class='ocr_line' id='line_1_50' title="bbox 1989 2001 3565 2074; baseline 0 -16"><span class='ocrx_word' id='word_1_425' title='bbox 1989 2005 2069 2074; x_wconf 76' lang='lat' dir='ltr'><strong><em>li).</em></strong></span> <span class='ocrx_word' id='word_1_426' title='bbox 2101 2005 2158 2057; x_wconf 84' lang='lat' dir='ltr'><strong><em>Et</em></strong></span> <span class='ocrx_word' id='word_1_427' title='bbox 2190 2014 2246 2057; x_wconf 89' lang='lat' dir='ltr'><strong><em>nt</em></strong></span> <span class='ocrx_word' id='word_1_428' title='bbox 2273 2001 2447 2056; x_wconf 86' lang='lat' dir='ltr'><strong><em>omnis</em></strong></span> <span class='ocrx_word' id='word_1_429' title='bbox 2473 2003 2717 2058; x_wconf 71' lang='lat' dir='ltr'><strong><em>humana:</em></strong></span> <span class='ocrx_word' id='word_1_430' title='bbox 2743 2005 3096 2058; x_wconf 65' lang='lat' dir='ltr'><strong><em>cavillationis</em></strong></span> <span class='ocrx_word' id='word_1_431' title='bbox 3118 2006 3357 2072; x_wconf 84' lang='lat' dir='ltr'><strong><em>quiescat</em></strong></span> <span class='ocrx_word' id='word_1_432' title='bbox 3389 2005 3565 2058; x_wconf 86' lang='lat' dir='ltr'><strong><em>inten-</em></strong></span> 
     </span>
    </p>
   </div>
   <div class='ocr_carea' id='block_1_51' title="bbox 1987 2084 3562 2163">
    <p class='ocr_par' dir='ltr' id='par_1_51' title="bbox 1987 2084 3562 2163">
     <span class='ocr_line' id='line_1_51' title="bbox 1987 2084 3562 2163; baseline 0 -15"><span class='ocrx_word' id='word_1_433' title='bbox 1987 2095 2084 2155; x_wconf 89' lang='lat' dir='ltr'><strong><em>tio,</em></strong></span> <span class='ocrx_word' id='word_1_434' title='bbox 2117 2093 2378 2148; x_wconf 87' lang='lat' dir='ltr'><strong><em>Joannetn</em></strong></span> <span class='ocrx_word' id='word_1_435' title='bbox 2409 2084 2808 2162; x_wconf 64' lang='lat' dir='ltr'><strong><em>evangelistam,</em></strong></span> <span class='ocrx_word' id='word_1_436' title='bbox 2836 2093 2987 2163; x_wconf 82' lang='lat' dir='ltr'><strong><em>Cujus</em></strong></span> <span class='ocrx_word' id='word_1_437' title='bbox 3015 2095 3259 2162; x_wconf 81' lang='lat' dir='ltr'><strong><em>superius</em></strong></span> <span class='ocrx_word' id='word_1_438' title='bbox 3289 2110 3414 2146; x_wconf 88' lang='lat' dir='ltr'><strong><em>usus</em></strong></span> <span class='ocrx_word' id='word_1_439' title='bbox 3443 2111 3562 2148; x_wconf 90' lang='lat' dir='ltr'><strong><em>sum</em></strong></span> 
     </span>
    </p>
   </div>
   <div class='ocr_carea' id='block_1_52' title="bbox 1987 2183 3563 2254">
    <p class='ocr_par' dir='ltr' id='par_1_52' title="bbox 1987 2183 3563 2254">
     <span class='ocr_line' id='line_1_52' title="bbox 1987 2183 3563 2254; baseline 0.001 -18"><span class='ocrx_word' id='word_1_440' title='bbox 1987 2183 2312 2247; x_wconf 81' lang='lat' dir='ltr'><strong><em>tcsﬁmonio,</em></strong></span> <span class='ocrx_word' id='word_1_441' title='bbox 2333 2183 2598 2250; x_wconf 79' lang='lat' dir='ltr'><strong><em>proferam</em></strong></span> <span class='ocrx_word' id='word_1_442' title='bbox 2625 2192 2834 2245; x_wconf 84' lang='lat' dir='ltr'><strong><em>testem,</em></strong></span> <span class='ocrx_word' id='word_1_443' title='bbox 2860 2186 2946 2251; x_wconf 91' lang='lat' dir='ltr'><strong><em>qui</em></strong></span> <span class='ocrx_word' id='word_1_444' title='bbox 2972 2187 3044 2237; x_wconf 84' lang='lat' dir='ltr'><strong><em>a‘it</em></strong></span> <span class='ocrx_word' id='word_1_445' title='bbox 3065 2203 3076 2236; x_wconf 93' lang='lat'>:</span> <span class='ocrx_word' id='word_1_446' title='bbox 3100 2183 3162 2235; x_wconf 84' lang='lat' dir='ltr'><strong><em>In</em></strong></span> <span class='ocrx_word' id='word_1_447' title='bbox 3184 2185 3434 2254; x_wconf 80' lang='lat' dir='ltr'><strong><em>principio</em></strong></span> <span class='ocrx_word' id='word_1_448' title='bbox 3456 2193 3563 2237; x_wconf 85' lang='lat' dir='ltr'><strong><em>erat</em></strong></span> 
     </span>
    </p>
   </div>
   <div class='ocr_carea' id='block_1_53' title="bbox 1993 2272 3558 2344">
    <p class='ocr_par' dir='ltr' id='par_1_53' title="bbox 1993 2272 3558 2344">
     <span class='ocr_line' id='line_1_53' title="bbox 1993 2272 3558 2344; baseline -0.001 -17"><span class='ocrx_word' id='word_1_449' title='bbox 1993 2274 2231 2337; x_wconf 81' lang='lat' dir='ltr'><strong><em>Verbum,</em></strong></span> <span class='ocrx_word' id='word_1_450' title='bbox 2257 2283 2302 2325; x_wconf 88' lang='lat' dir='ltr'><strong><em>et</em></strong></span> <span class='ocrx_word' id='word_1_451' title='bbox 2330 2272 2544 2327; x_wconf 81' lang='lat' dir='ltr'><strong><em>Verbum</em></strong></span> <span class='ocrx_word' id='word_1_452' title='bbox 2567 2284 2674 2328; x_wconf 80' lang='lat' dir='ltr'><strong><em>erat</em></strong></span> <span class='ocrx_word' id='word_1_453' title='bbox 2704 2276 2840 2344; x_wconf 84' lang='lat' dir='ltr'><strong><em>apud</em></strong></span> <span class='ocrx_word' id='word_1_454' title='bbox 2868 2275 3050 2338; x_wconf 89' lang='lat' dir='ltr'><strong><em>Deum,</em></strong></span> <span class='ocrx_word' id='word_1_455' title='bbox 3077 2286 3119 2327; x_wconf 93' lang='lat' dir='ltr'><strong><em>et</em></strong></span> <span class='ocrx_word' id='word_1_456' title='bbox 3146 2274 3277 2327; x_wconf 82' lang='lat' dir='ltr'><strong><em>Deus</em></strong></span> <span class='ocrx_word' id='word_1_457' title='bbox 3303 2285 3410 2326; x_wconf 83' lang='lat' dir='ltr'><strong><em>erat</em></strong></span> <span class='ocrx_word' id='word_1_458' title='bbox 3445 2273 3558 2326; x_wconf 83' lang='lat' dir='ltr'><strong><em>Ver-</em></strong></span> 
     </span>
    </p>
   </div>
   <div class='ocr_carea' id='block_1_54' title="bbox 1984 2364 3563 2434">
    <p class='ocr_par' dir='ltr' id='par_1_54' title="bbox 1984 2364 3563 2434">
     <span class='ocr_line' id='line_1_54' title="bbox 1984 2364 3563 2434; baseline 0 -18"><span class='ocrx_word' id='word_1_459' title='bbox 1984 2365 2122 2417; x_wconf 70' lang='lat' dir='ltr'><strong><em>bum.</em></strong></span> <span class='ocrx_word' id='word_1_460' title='bbox 2154 2365 2208 2417; x_wconf 81' lang='lat' dir='ltr'><strong><em>Si</em></strong></span> <span class='ocrx_word' id='word_1_461' title='bbox 2236 2364 2348 2418; x_wconf 64' lang='lat' dir='ltr'><strong><em>haec</em></strong></span> <span class='ocrx_word' id='word_1_462' title='bbox 2375 2373 2516 2415; x_wconf 88' lang='lat' dir='ltr'><strong><em>tanta</em></strong></span> <span class='ocrx_word' id='word_1_463' title='bbox 2549 2365 2702 2434; x_wconf 74' lang='lat'><strong><em>172</em></strong></span> <span class='ocrx_word' id='word_1_464' title='bbox 2729 2364 2992 2417; x_wconf 82' lang='lat' dir='ltr'><strong><em>divinitati</em></strong></span> <span class='ocrx_word' id='word_1_465' title='bbox 3023 2364 3416 2422; x_wconf 77' lang='lat' dir='ltr'><strong><em>convenientia,</em></strong></span> <span class='ocrx_word' id='word_1_466' title='bbox 3446 2366 3563 2430; x_wconf 87' lang='lat' dir='ltr'><strong><em>qni-</em></strong></span> 
     </span>
    </p>
   </div>
   <div class='ocr_carea' id='block_1_55' title="bbox 1990 2452 3561 2516">
    <p class='ocr_par' dir='ltr' id='par_1_55' title="bbox 1990 2452 3561 2516">
     <span class='ocr_line' id='line_1_55' title="bbox 1990 2452 3561 2516; baseline -0.002 -10"><span class='ocrx_word' id='word_1_467' title='bbox 1990 2453 2086 2506; x_wconf 84' lang='lat' dir='ltr'><strong><em>bus</em></strong></span> <span class='ocrx_word' id='word_1_468' title='bbox 2120 2453 2328 2506; x_wconf 80' lang='lat' dir='ltr'><strong><em>Patrem</em></strong></span> <span class='ocrx_word' id='word_1_469' title='bbox 2360 2463 2408 2506; x_wconf 89' lang='lat' dir='ltr'><strong><em>et</em></strong></span> <span class='ocrx_word' id='word_1_470' title='bbox 2445 2453 2634 2506; x_wconf 81' lang='lat' dir='ltr'><strong><em>Filium</em></strong></span> <span class='ocrx_word' id='word_1_471' title='bbox 2667 2469 2826 2504; x_wconf 90' lang='lat' dir='ltr'><strong><em>unum</em></strong></span> <span class='ocrx_word' id='word_1_472' title='bbox 2857 2468 2975 2506; x_wconf 88' lang='lat' dir='ltr'><strong><em>esse</em></strong></span> <span class='ocrx_word' id='word_1_473' title='bbox 3003 2452 3314 2516; x_wconf 85' lang='lat' dir='ltr'><strong><em>docuimus,</em></strong></span> <span class='ocrx_word' id='word_1_474' title='bbox 3348 2453 3561 2515; x_wconf 66' lang='lat' dir='ltr'><strong><em>perﬁdis</em></strong></span> 
     </span>
    </p>
   </div>
   <div class='ocr_carea' id='block_1_56' title="bbox 1986 2540 3416 2608">
    <p class='ocr_par' dir='ltr' id='par_1_56' title="bbox 1986 2540 3416 2608">
     <span class='ocr_line' id='line_1_56' title="bbox 1986 2540 3416 2608; baseline 0 -12"><span class='ocrx_word' id='word_1_475' title='bbox 1986 2560 2090 2597; x_wconf 88' lang='lat' dir='ltr'><strong><em>non</em></strong></span> <span class='ocrx_word' id='word_1_476' title='bbox 2122 2543 2415 2608; x_wconf 78' lang='lat' dir='ltr'><strong><em>sufﬁciunt,</em></strong></span> <span class='ocrx_word' id='word_1_477' title='bbox 2449 2542 2551 2595; x_wconf 87' lang='lat' dir='ltr'><strong><em>alia</em></strong></span> <span class='ocrx_word' id='word_1_478' title='bbox 2583 2543 2626 2595; x_wconf 88' lang='lat' dir='ltr'><strong><em>si</em></strong></span> <span class='ocrx_word' id='word_1_479' title='bbox 2659 2543 2890 2606; x_wconf 85' lang='lat' dir='ltr'><strong><em>videtur,</em></strong></span> <span class='ocrx_word' id='word_1_480' title='bbox 2923 2540 3416 2608; x_wconf 84' lang='lat' dir='ltr'><strong><em>superadjieiamns.</em></strong></span> 
     </span>
    </p>
   </div>
   <div class='ocr_carea' id='block_1_57' title="bbox 2056 2633 3554 2703">
    <p class='ocr_par' dir='ltr' id='par_1_57' title="bbox 2056 2633 3554 2703">
     <span class='ocr_line' id='line_1_57' title="bbox 2056 2633 3554 2703; baseline -0.001 -17"><span class='ocrx_word' id='word_1_481' title='bbox 2056 2633 2266 2686; x_wconf 75' lang='lat' dir='ltr'><strong><em>XXXII.</em></strong></span> <span class='ocrx_word' id='word_1_482' title='bbox 2305 2633 2500 2686; x_wconf 83' lang='lat' dir='ltr'><strong><em>Probus</em></strong></span> <span class='ocrx_word' id='word_1_483' title='bbox 2530 2634 2691 2703; x_wconf 70' lang='lat' dir='ltr'><strong><em>juder</em></strong></span> <span class='ocrx_word' id='word_1_484' title='bbox 2721 2635 2879 2686; x_wconf 71' lang='lat' dir='ltr'><strong><em>dixit:</em></strong></span> <span class='ocrx_word' id='word_1_485' title='bbox 2913 2634 2964 2688; x_wconf 90' lang='lat' dir='ltr'><strong><em>Si</em></strong></span> <span class='ocrx_word' id='word_1_486' title='bbox 3000 2633 3120 2685; x_wconf 84' lang='lat' dir='ltr'><strong><em>huic</em></strong></span> <span class='ocrx_word' id='word_1_487' title='bbox 3151 2643 3254 2684; x_wconf 87' lang='lat' dir='ltr'><strong><em>tam</em></strong></span> <span class='ocrx_word' id='word_1_488' title='bbox 3287 2635 3472 2688; x_wconf 71' lang='lat' dir='ltr'><strong><em>validm</em></strong></span> <span class='ocrx_word' id='word_1_489' title='bbox 3497 2639 3554 2684; x_wconf 77' lang='lat' dir='ltr'><strong><em>et</em></strong></span> 
     </span>
    </p>
   </div>
   <div class='ocr_carea' id='block_1_58' title="bbox 1982 2723 3554 2792">
    <p class='ocr_par' dir='ltr' id='par_1_58' title="bbox 1982 2723 3554 2792">
     <span class='ocr_line' id='line_1_58' title="bbox 1982 2723 3554 2792; baseline -0.001 -16"><span class='ocrx_word' id='word_1_490' title='bbox 1982 2735 2144 2778; x_wconf 70' lang='lat' dir='ltr'><strong><em>certa:</em></strong></span> <span class='ocrx_word' id='word_1_491' title='bbox 2193 2726 2550 2792; x_wconf 87' lang='lat' dir='ltr'><strong><em>prosccutioni</em></strong></span> <span class='ocrx_word' id='word_1_492' title='bbox 2592 2725 2746 2776; x_wconf 81' lang='lat' dir='ltr'><strong><em>Arius</em></strong></span> <span class='ocrx_word' id='word_1_493' title='bbox 2792 2726 2937 2776; x_wconf 91' lang='lat' dir='ltr'><strong><em>nisus</em></strong></span> <span class='ocrx_word' id='word_1_494' title='bbox 2977 2723 3143 2777; x_wconf 75' lang='lat' dir='ltr'><strong><em>fuerit</em></strong></span> <span class='ocrx_word' id='word_1_495' title='bbox 3169 2726 3404 2786; x_wconf 54' lang='lat' dir='ltr'><strong><em>obviare,</em></strong></span> <span class='ocrx_word' id='word_1_496' title='bbox 3438 2739 3554 2777; x_wconf 83' lang='lat' dir='ltr'><strong><em>cer-</em></strong></span> 
     </span>
    </p>
   </div>
   <div class='ocr_carea' id='block_1_59' title="bbox 1983 2812 3555 2882">
    <p class='ocr_par' dir='ltr' id='par_1_59' title="bbox 1983 2812 3555 2882">
     <span class='ocr_line' id='line_1_59' title="bbox 1983 2812 3555 2882; baseline 0.001 -16"><span class='ocrx_word' id='word_1_497' title='bbox 1983 2824 2092 2866; x_wconf 89' lang='lat' dir='ltr'><strong><em>tum</em></strong></span> <span class='ocrx_word' id='word_1_498' title='bbox 2125 2825 2200 2866; x_wconf 88' lang='lat' dir='ltr'><strong><em>est</em></strong></span> <span class='ocrx_word' id='word_1_499' title='bbox 2233 2829 2352 2865; x_wconf 87' lang='lat' dir='ltr'><strong><em>eum</em></strong></span> <span class='ocrx_word' id='word_1_500' title='bbox 2388 2830 2488 2866; x_wconf 87' lang='lat' dir='ltr'><strong><em>non</em></strong></span> <span class='ocrx_word' id='word_1_501' title='bbox 2522 2814 2779 2866; x_wconf 84' lang='lat' dir='ltr'><strong><em>rationem</em></strong></span> <span class='ocrx_word' id='word_1_502' title='bbox 2811 2812 2990 2882; x_wconf 76' lang='lat' dir='ltr'><strong><em>sequi,</em></strong></span> <span class='ocrx_word' id='word_1_503' title='bbox 3024 2812 3117 2866; x_wconf 88' lang='lat' dir='ltr'><strong><em>sed</em></strong></span> <span class='ocrx_word' id='word_1_504' title='bbox 3153 2828 3245 2881; x_wconf 90' lang='lat' dir='ltr'><strong><em>per</em></strong></span> <span class='ocrx_word' id='word_1_505' title='bbox 3275 2813 3555 2867; x_wconf 78' lang='lat' dir='ltr'><strong><em>verborum</em></strong></span> 
     </span>
    </p>
   </div>
   <div class='ocr_carea' id='block_1_60' title="bbox 1983 2903 3554 2971">
    <p class='ocr_par' dir='ltr' id='par_1_60' title="bbox 1983 2903 3554 2971">
     <span class='ocr_line' id='line_1_60' title="bbox 1983 2903 3554 2971; baseline -0.003 -14"><span class='ocrx_word' id='word_1_506' title='bbox 1983 2904 2422 2957; x_wconf 81' lang='lat' dir='ltr'><strong><em>irrationabiltum</em></strong></span> <span class='ocrx_word' id='word_1_507' title='bbox 2460 2920 2675 2971; x_wconf 77' lang='lat' dir='ltr'><strong><em>campos</em></strong></span> <span class='ocrx_word' id='word_1_508' title='bbox 2719 2904 3027 2957; x_wconf 69' lang='lat' dir='ltr'><strong><em>effrenatius</em></strong></span> <span class='ocrx_word' id='word_1_509' title='bbox 3068 2904 3300 2971; x_wconf 77' lang='lat' dir='ltr'><strong><em>evagari.</em></strong></span> <span class='ocrx_word' id='word_1_510' title='bbox 3331 2903 3429 2967; x_wconf 82' lang='lat' dir='ltr'><strong><em>Qui</em></strong></span> <span class='ocrx_word' id='word_1_511' title='bbox 3468 2921 3554 2954; x_wconf 72' lang='lat' dir='ltr'><strong><em>us-</em></strong></span> 
     </span>
    </p>
   </div>
   <div class='ocr_carea' id='block_1_61' title="bbox 1981 2993 3560 3063">
    <p class='ocr_par' dir='ltr' id='par_1_61' title="bbox 1981 2993 3560 3063">
     <span class='ocr_line' id='line_1_61' title="bbox 1981 2993 3560 3063; baseline -0.001 -16"><span class='ocrx_word' id='word_1_512' title='bbox 1981 3011 2084 3063; x_wconf 90' lang='lat' dir='ltr'><strong><em>que</em></strong></span> <span class='ocrx_word' id='word_1_513' title='bbox 2110 3010 2250 3049; x_wconf 91' lang='lat' dir='ltr'><strong><em>nune</em></strong></span> <span class='ocrx_word' id='word_1_514' title='bbox 2279 2997 2432 3048; x_wconf 90' lang='lat' dir='ltr'><strong><em>trium</em></strong></span> <span class='ocrx_word' id='word_1_515' title='bbox 2461 2995 2875 3049; x_wconf 83' lang='lat' dir='ltr'><strong><em>substatttiarttm</em></strong></span> <span class='ocrx_word' id='word_1_516' title='bbox 2908 2995 3198 3058; x_wconf 89' lang='lat' dir='ltr'><strong><em>rationem,</em></strong></span> <span class='ocrx_word' id='word_1_517' title='bbox 3225 3003 3282 3047; x_wconf 93' lang='lat' dir='ltr'><strong><em>ut</em></strong></span> <span class='ocrx_word' id='word_1_518' title='bbox 3309 2993 3560 3060; x_wconf 68' lang='lat' dir='ltr'><strong><em>superius</em></strong></span> 
     </span>
    </p>
   </div>
   <div class='ocr_carea' id='block_1_62' title="bbox 295 3077 3553 3158">
    <p class='ocr_par' dir='ltr' id='par_1_62' title="bbox 295 3077 3553 3158">
     <span class='ocr_line' id='line_1_62' title="bbox 295 3077 3553 3158; baseline -0.002 -17"><span class='ocrx_word' id='word_1_519' title='bbox 295 3088 610 3152; x_wconf 74' lang='lat' dir='ltr'><strong><em>contulisse,</em></strong></span> <span class='ocrx_word' id='word_1_520' title='bbox 634 3087 737 3141; x_wconf 85' lang='lat' dir='ltr'><strong><em>alia</em></strong></span> <span class='ocrx_word' id='word_1_521' title='bbox 768 3089 820 3141; x_wconf 91' lang='lat' dir='ltr'><strong><em>in</em></strong></span> <span class='ocrx_word' id='word_1_522' title='bbox 851 3102 946 3150; x_wconf 91' lang='lat' dir='ltr'><strong><em>eo,</em></strong></span> <span class='ocrx_word' id='word_1_523' title='bbox 979 3098 1034 3143; x_wconf 90' lang='lat' dir='ltr'><strong><em>et</em></strong></span> <span class='ocrx_word' id='word_1_524' title='bbox 1067 3089 1170 3142; x_wconf 88' lang='lat' dir='ltr'><strong><em>alia</em></strong></span> <span class='ocrx_word' id='word_1_525' title='bbox 1197 3091 1446 3144; x_wconf 87' lang='lat' dir='ltr'><strong><em>videntur</em></strong></span> <span class='ocrx_word' id='word_1_526' title='bbox 1481 3105 1600 3145; x_wconf 88' lang='lat' dir='ltr'><strong><em>esse</em></strong></span> <span class='ocrx_word' id='word_1_527' title='bbox 1631 3092 1680 3142; x_wconf 91' lang='lat' dir='ltr'><strong><em>in</em></strong></span> <span class='ocrx_word' id='word_1_528' title='bbox 1715 3091 1872 3158; x_wconf 82' lang='lat' dir='ltr'><strong><em>Filio,</em></strong></span> <span class='ocrx_word' id='word_1_529' title='bbox 1903 3077 1950 3139; x_wconf 87' lang='lat' dir='ltr'><strong><em>C</em></strong></span> <span class='ocrx_word' id='word_1_530' title='bbox 1981 3085 2152 3141; x_wconf 80' lang='lat' dir='ltr'><strong><em>fassus</em></strong></span> <span class='ocrx_word' id='word_1_531' title='bbox 2178 3096 2260 3140; x_wconf 89' lang='lat' dir='ltr'><strong><em>est</em></strong></span> <span class='ocrx_word' id='word_1_532' title='bbox 2288 3085 2446 3156; x_wconf 88' lang='lat' dir='ltr'><strong><em>(sicut</em></strong></span> <span class='ocrx_word' id='word_1_533' title='bbox 2483 3085 2802 3140; x_wconf 83' lang='lat' dir='ltr'><strong><em>Athanasius</em></strong></span> <span class='ocrx_word' id='word_1_534' title='bbox 2834 3087 3020 3149; x_wconf 89' lang='lat' dir='ltr'><strong><em>unius,</em></strong></span> <span class='ocrx_word' id='word_1_535' title='bbox 3054 3087 3330 3154; x_wconf 86' lang='lat' dir='ltr'><strong><em>permultis</em></strong></span> <span class='ocrx_word' id='word_1_536' title='bbox 3368 3096 3553 3138; x_wconf 67' lang='lat' dir='ltr'><strong><em>estest-</em></strong></span> 
     </span>
    </p>
   </div>
   <div class='ocr_carea' id='block_1_63' title="bbox 295 3179 1874 3250">
    <p class='ocr_par' dir='ltr' id='par_1_63' title="bbox 295 3179 1874 3250">
     <span class='ocr_line' id='line_1_63' title="bbox 295 3179 1874 3250; baseline 0.004 -18"><span class='ocrx_word' id='word_1_537' title='bbox 295 3180 608 3234; x_wconf 84' lang='lat' dir='ltr'><strong><em>mcndacem</em></strong></span> <span class='ocrx_word' id='word_1_538' title='bbox 639 3183 761 3234; x_wconf 81' lang='lat' dir='ltr'><strong><em>sine</em></strong></span> <span class='ocrx_word' id='word_1_539' title='bbox 795 3179 957 3234; x_wconf 86' lang='lat' dir='ltr'><strong><em>dubio</em></strong></span> <span class='ocrx_word' id='word_1_540' title='bbox 997 3181 1218 3235; x_wconf 75' lang='lat' dir='ltr'><strong><em>facimus</em></strong></span> <span class='ocrx_word' id='word_1_541' title='bbox 1252 3181 1471 3246; x_wconf 84' lang='lat' dir='ltr'><strong><em>Filium,</em></strong></span> <span class='ocrx_word' id='word_1_542' title='bbox 1504 3183 1593 3250; x_wconf 90' lang='lat' dir='ltr'><strong><em>qui</em></strong></span> <span class='ocrx_word' id='word_1_543' title='bbox 1625 3183 1753 3237; x_wconf 84' lang='lat' dir='ltr'><strong><em>dicit</em></strong></span> <span class='ocrx_word' id='word_1_544' title='bbox 1781 3200 1874 3239; x_wconf 88' lang='lat' dir='ltr'><strong><em>sua</em></strong></span> 
     </span>
    </p>
   </div>
   <div class='ocr_carea' id='block_1_64' title="bbox 295 3271 1876 3340">
    <p class='ocr_par' dir='ltr' id='par_1_64' title="bbox 295 3271 1876 3340">
     <span class='ocr_line' id='line_1_64' title="bbox 295 3271 1876 3340; baseline 0.006 -17"><span class='ocrx_word' id='word_1_545' title='bbox 295 3285 408 3324; x_wconf 87' lang='lat' dir='ltr'><strong><em>esse</em></strong></span> <span class='ocrx_word' id='word_1_546' title='bbox 429 3286 552 3338; x_wconf 71' lang='lat' dir='ltr'><strong><em>qua:</em></strong></span> <span class='ocrx_word' id='word_1_547' title='bbox 576 3271 752 3325; x_wconf 83' lang='lat' dir='ltr'><strong><em>Patris</em></strong></span> <span class='ocrx_word' id='word_1_548' title='bbox 777 3279 923 3326; x_wconf 86' lang='lat' dir='ltr'><strong><em>sunt.</em></strong></span> <span class='ocrx_word' id='word_1_549' title='bbox 948 3271 1051 3326; x_wconf 88' lang='lat' dir='ltr'><strong><em>Sed</em></strong></span> <span class='ocrx_word' id='word_1_550' title='bbox 1079 3273 1122 3324; x_wconf 89' lang='lat' dir='ltr'><strong><em>si</em></strong></span> <span class='ocrx_word' id='word_1_551' title='bbox 1151 3275 1201 3326; x_wconf 91' lang='lat' dir='ltr'><strong><em>in</em></strong></span> <span class='ocrx_word' id='word_1_552' title='bbox 1225 3274 1305 3328; x_wconf 91' lang='lat' dir='ltr'><strong><em>bis</em></strong></span> <span class='ocrx_word' id='word_1_553' title='bbox 1332 3290 1452 3340; x_wconf 70' lang='lat' dir='ltr'><strong><em>qua:</em></strong></span> <span class='ocrx_word' id='word_1_554' title='bbox 1475 3275 1624 3340; x_wconf 84' lang='lat' dir='ltr'><strong><em>dixit,</em></strong></span> <span class='ocrx_word' id='word_1_555' title='bbox 1651 3277 1876 3334; x_wconf 79' lang='lat' dir='ltr'><strong><em>mendax</em></strong></span> 
     </span>
    </p>
   </div>
   <div class='ocr_carea' id='block_1_65' title="bbox 295 3358 1877 3437">
    <p class='ocr_par' dir='ltr' id='par_1_65' title="bbox 295 3358 1877 3437">
     <span class='ocr_line' id='line_1_65' title="bbox 295 3358 1877 3437; baseline 0.007 -26"><span class='ocrx_word' id='word_1_556' title='bbox 295 3358 457 3413; x_wconf 68' lang='lat' dir='ltr'><strong><em>It’ilius</em></strong></span> <span class='ocrx_word' id='word_1_557' title='bbox 485 3361 782 3425; x_wconf 79' lang='lat' dir='ltr'><strong><em>invenitur,</em></strong></span> <span class='ocrx_word' id='word_1_558' title='bbox 808 3370 864 3416; x_wconf 89' lang='lat' dir='ltr'><strong><em>et</em></strong></span> <span class='ocrx_word' id='word_1_559' title='bbox 891 3364 1243 3432; x_wconf 78' lang='lat' dir='ltr'><strong><em>evangelista,</em></strong></span> <span class='ocrx_word' id='word_1_560' title='bbox 1269 3367 1356 3432; x_wconf 90' lang='lat' dir='ltr'><strong><em>qui</em></strong></span> <span class='ocrx_word' id='word_1_561' title='bbox 1386 3367 1459 3422; x_wconf 79' lang='lat' dir='ltr'><strong><em>ait</em></strong></span> <span class='ocrx_word' id='word_1_562' title='bbox 1483 3385 1495 3420; x_wconf 89' lang='lat'>:</span> <span class='ocrx_word' id='word_1_563' title='bbox 1530 3367 1795 3437; x_wconf 62' lang='lat' dir='ltr'><strong><em>Equalem</em></strong></span> <span class='ocrx_word' id='word_1_564' title='bbox 1827 3386 1877 3422; x_wconf 83' lang='lat' dir='ltr'><strong><em>se</em></strong></span> 
     </span>
    </p>
   </div>
   <div class='ocr_carea' id='block_1_66' title="bbox 296 3448 1877 3520">
    <p class='ocr_par' dir='ltr' id='par_1_66' title="bbox 296 3448 1877 3520">
     <span class='ocr_line' id='line_1_66' title="bbox 296 3448 1877 3520; baseline 0.009 -24"><span class='ocrx_word' id='word_1_565' title='bbox 296 3448 481 3515; x_wconf 66' lang='lat' dir='ltr'><strong><em>faciens</em></strong></span> <span class='ocrx_word' id='word_1_566' title='bbox 511 3449 620 3503; x_wconf 76' lang='grc' dir='ltr'><strong><em>Ι)εο</em></strong></span> <span class='ocrx_word' id='word_1_567' title='bbox 639 3450 819 3514; x_wconf 78' lang='lat' dir='ltr'><strong><em>(JOan.</em></strong></span> <span class='ocrx_word' id='word_1_568' title='bbox 845 3465 900 3508; x_wconf 90' lang='lat' dir='ltr'><strong><em>v.</em></strong></span> <span class='ocrx_word' id='word_1_569' title='bbox 926 3451 1040 3520; x_wconf 73' lang='lat'><strong><em>18),</em></strong></span> <span class='ocrx_word' id='word_1_570' title='bbox 1062 3454 1206 3507; x_wconf 88' lang='lat' dir='ltr'><strong><em>omni</em></strong></span> <span class='ocrx_word' id='word_1_571' title='bbox 1235 3454 1429 3507; x_wconf 86' lang='lat' dir='ltr'><strong><em>virtute</em></strong></span> <span class='ocrx_word' id='word_1_572' title='bbox 1456 3455 1684 3520; x_wconf 80' lang='lat' dir='ltr'><strong><em>fallitur;</em></strong></span> <span class='ocrx_word' id='word_1_573' title='bbox 1714 3472 1774 3510; x_wconf 88' lang='lat' dir='ltr'><strong><em>ae</em></strong></span> <span class='ocrx_word' id='word_1_574' title='bbox 1799 3457 1877 3512; x_wconf 85' lang='lat' dir='ltr'><strong><em>sic</em></strong></span> 
     </span>
    </p>
   </div>
   <div class='ocr_carea' id='block_1_67' title="bbox 296 3540 1872 3615">
    <p class='ocr_par' dir='ltr' id='par_1_67' title="bbox 296 3540 1872 3615">
     <span class='ocr_line' id='line_1_67' title="bbox 296 3540 1872 3615; baseline 0.009 -27"><span class='ocrx_word' id='word_1_575' title='bbox 296 3554 386 3592; x_wconf 88' lang='lat' dir='ltr'><strong><em>nec</em></strong></span> <span class='ocrx_word' id='word_1_576' title='bbox 411 3540 574 3594; x_wconf 85' lang='lat' dir='ltr'><strong><em>Pater</em></strong></span> <span class='ocrx_word' id='word_1_577' title='bbox 600 3540 733 3596; x_wconf 85' lang='lat' dir='ltr'><strong><em>Filio</em></strong></span> <span class='ocrx_word' id='word_1_578' title='bbox 757 3544 960 3609; x_wconf 81' lang='lat' dir='ltr'><strong><em>integre</em></strong></span> <span class='ocrx_word' id='word_1_579' title='bbox 980 3559 1045 3597; x_wconf 88' lang='lat' dir='ltr'><strong><em>ac</em></strong></span> <span class='ocrx_word' id='word_1_580' title='bbox 1068 3545 1328 3598; x_wconf 78' lang='lat' dir='ltr'><strong><em>verat-iter</em></strong></span> <span class='ocrx_word' id='word_1_581' title='bbox 1351 3545 1550 3615; x_wconf 87' lang='lat' dir='ltr'><strong><em>aliquid</em></strong></span> <span class='ocrx_word' id='word_1_582' title='bbox 1579 3549 1872 3602; x_wconf 84' lang='lat' dir='ltr'><strong><em>contulisse</em></strong></span> 
     </span>
    </p>
   </div>
   <div class='ocr_carea' id='block_1_68' title="bbox 302 3631 1874 3706">
    <p class='ocr_par' dir='ltr' id='par_1_68' title="bbox 302 3631 1874 3706">
     <span class='ocr_line' id='line_1_68' title="bbox 302 3631 1874 3706; baseline 0.008 -26"><span class='ocrx_word' id='word_1_583' title='bbox 302 3631 448 3700; x_wconf 75' lang='lat'><strong><em>171</em></strong></span> <span class='ocrx_word' id='word_1_584' title='bbox 481 3641 831 3686; x_wconf 87' lang='lat' dir='ltr'><strong><em>monstratur.</em></strong></span> <span class='ocrx_word' id='word_1_585' title='bbox 867 3633 971 3688; x_wconf 83' lang='lat' dir='ltr'><strong><em>Sed</em></strong></span> <span class='ocrx_word' id='word_1_586' title='bbox 1006 3635 1052 3686; x_wconf 93' lang='lat' dir='ltr'><strong><em>si</em></strong></span> <span class='ocrx_word' id='word_1_587' title='bbox 1087 3650 1209 3688; x_wconf 82' lang='lat' dir='ltr'><strong><em>vera</em></strong></span> <span class='ocrx_word' id='word_1_588' title='bbox 1241 3647 1383 3701; x_wconf 88' lang='lat' dir='ltr'><strong><em>sunt,</em></strong></span> <span class='ocrx_word' id='word_1_589' title='bbox 1417 3637 1554 3692; x_wconf 78' lang='lat' dir='ltr'><strong><em>sicut</em></strong></span> <span class='ocrx_word' id='word_1_590' title='bbox 1582 3649 1724 3703; x_wconf 90' lang='lat' dir='ltr'><strong><em>sunt,</em></strong></span> <span class='ocrx_word' id='word_1_591' title='bbox 1757 3656 1874 3706; x_wconf 69' lang='lat' dir='ltr'><strong><em>qua:</em></strong></span> 
     </span>
    </p>
   </div>
   <div class='ocr_carea' id='block_1_69' title="bbox 299 3721 1875 3795">
    <p class='ocr_par' dir='ltr' id='par_1_69' title="bbox 299 3721 1875 3795">
     <span class='ocr_line' id='line_1_69' title="bbox 299 3721 1875 3795; baseline 0.008 -23"><span class='ocrx_word' id='word_1_592' title='bbox 299 3721 450 3775; x_wconf 88' lang='lat' dir='ltr'><strong><em>Pater</em></strong></span> <span class='ocrx_word' id='word_1_593' title='bbox 475 3721 613 3776; x_wconf 82' lang='lat' dir='ltr'><strong><em>Filio</em></strong></span> <span class='ocrx_word' id='word_1_594' title='bbox 637 3723 1066 3792; x_wconf 82' lang='lat' dir='ltr'><strong><em>inseparabiliter</em></strong></span> <span class='ocrx_word' id='word_1_595' title='bbox 1091 3737 1144 3780; x_wconf 89' lang='lat' dir='ltr'><strong><em>et</em></strong></span> <span class='ocrx_word' id='word_1_596' title='bbox 1170 3727 1454 3782; x_wconf 72' lang='lat' dir='ltr'><strong><em>indiscrete</em></strong></span> <span class='ocrx_word' id='word_1_597' title='bbox 1479 3732 1723 3795; x_wconf 84' lang='lat' dir='ltr'><strong><em>cuntulit,</em></strong></span> <span class='ocrx_word' id='word_1_598' title='bbox 1749 3746 1875 3784; x_wconf 90' lang='lat' dir='ltr'><strong><em>con-</em></strong></span> 
     </span>
    </p>
   </div>
   <div class='ocr_carea' id='block_1_70' title="bbox 296 3811 1875 3886">
    <p class='ocr_par' dir='ltr' id='par_1_70' title="bbox 296 3811 1875 3886">
     <span class='ocr_line' id='line_1_70' title="bbox 296 3811 1875 3886; baseline 0.008 -25"><span class='ocrx_word' id='word_1_599' title='bbox 296 3811 552 3866; x_wconf 64' lang='lat' dir='ltr'><strong><em>ticescunt</em></strong></span> <span class='ocrx_word' id='word_1_600' title='bbox 577 3813 910 3867; x_wconf 81' lang='lat' dir='ltr'><strong><em>dementiam</em></strong></span> <span class='ocrx_word' id='word_1_601' title='bbox 941 3815 1216 3870; x_wconf 87' lang='lat' dir='ltr'><strong><em>hominum</em></strong></span> <span class='ocrx_word' id='word_1_602' title='bbox 1246 3819 1458 3885; x_wconf 48' lang='lat' dir='ltr'><strong><em>lingua;</em></strong></span> <span class='ocrx_word' id='word_1_603' title='bbox 1490 3836 1609 3886; x_wconf 78' lang='lat' dir='ltr'><strong><em>qua:</em></strong></span> <span class='ocrx_word' id='word_1_604' title='bbox 1638 3821 1875 3873; x_wconf 81' lang='lat' dir='ltr'><strong><em>nituntur</em></strong></span> 
     </span>
    </p>
   </div>
   <div class='ocr_carea' id='block_1_71' title="bbox 294 3902 1878 3981">
    <p class='ocr_par' dir='ltr' id='par_1_71' title="bbox 294 3902 1878 3981">
     <span class='ocr_line' id='line_1_71' title="bbox 294 3902 1878 3981; baseline 0.008 -26"><span class='ocrx_word' id='word_1_605' title='bbox 294 3902 480 3957; x_wconf 79' lang='lat' dir='ltr'><strong><em>Filium</em></strong></span> <span class='ocrx_word' id='word_1_606' title='bbox 529 3920 558 3956; x_wconf 88' lang='lat' dir='ltr'><strong><em>a</em></strong></span> <span class='ocrx_word' id='word_1_607' title='bbox 609 3905 780 3960; x_wconf 84' lang='lat' dir='ltr'><strong><em>Patris</em></strong></span> <span class='ocrx_word' id='word_1_608' title='bbox 825 3907 1119 3962; x_wconf 85' lang='lat' dir='ltr'><strong><em>substantia</em></strong></span> <span class='ocrx_word' id='word_1_609' title='bbox 1167 3925 1442 3977; x_wconf 76' lang='lat' dir='ltr'><strong><em>separare.</em></strong></span> <span class='ocrx_word' id='word_1_610' title='bbox 1497 3911 1664 3981; x_wconf 81' lang='lat' dir='ltr'><strong><em>Rogat</em></strong></span> <span class='ocrx_word' id='word_1_611' title='bbox 1713 3914 1878 3967; x_wconf 86' lang='lat' dir='ltr'><strong><em>Filius</em></strong></span> 
     </span>
    </p>
   </div>
   <div class='ocr_carea' id='block_1_72' title="bbox 297 3993 1870 4068">
    <p class='ocr_par' dir='ltr' id='par_1_72' title="bbox 297 3993 1870 4068">
     <span class='ocr_line' id='line_1_72' title="bbox 297 3993 1870 4068; baseline 0.009 -24"><span class='ocrx_word' id='word_1_612' title='bbox 297 3993 531 4055; x_wconf 82' lang='lat' dir='ltr'><strong><em>l&#39;atrem,</em></strong></span> <span class='ocrx_word' id='word_1_613' title='bbox 579 4005 637 4047; x_wconf 89' lang='lat' dir='ltr'><strong><em>ut</em></strong></span> <span class='ocrx_word' id='word_1_614' title='bbox 684 3995 954 4050; x_wconf 82' lang='lat' dir='ltr'><strong><em>hominem</em></strong></span> <span class='ocrx_word' id='word_1_615' title='bbox 996 4013 1177 4052; x_wconf 83' lang='lat' dir='ltr'><strong><em>verum</em></strong></span> <span class='ocrx_word' id='word_1_616' title='bbox 1220 4015 1278 4054; x_wconf 88' lang='lat' dir='ltr'><strong><em>se</em></strong></span> <span class='ocrx_word' id='word_1_617' title='bbox 1314 4012 1526 4068; x_wconf 79' lang='lat' dir='ltr'><strong><em>geSIare</em></strong></span> <span class='ocrx_word' id='word_1_618' title='bbox 1566 4005 1870 4058; x_wconf 84' lang='lat' dir='ltr'><strong><em>contendat.</em></strong></span> 
     </span>
    </p>
   </div>
   <div class='ocr_carea' id='block_1_73' title="bbox 297 4081 1876 4157">
    <p class='ocr_par' dir='ltr' id='par_1_73' title="bbox 297 4081 1876 4157">
     <span class='ocr_line' id='line_1_73' title="bbox 297 4081 1876 4157; baseline 0.009 -24"><span class='ocrx_word' id='word_1_619' title='bbox 297 4081 420 4135; x_wconf 71' lang='lat' dir='ltr'><strong><em>Nam</em></strong></span> <span class='ocrx_word' id='word_1_620' title='bbox 460 4093 520 4138; x_wconf 88' lang='lat' dir='ltr'><strong><em>ut</em></strong></span> <span class='ocrx_word' id='word_1_621' title='bbox 552 4083 767 4138; x_wconf 82' lang='lat' dir='ltr'><strong><em>dcilatis</em></strong></span> <span class='ocrx_word' id='word_1_622' title='bbox 803 4101 916 4139; x_wconf 75' lang='lat' dir='ltr'><strong><em>sua:</em></strong></span> <span class='ocrx_word' id='word_1_623' title='bbox 953 4086 1220 4141; x_wconf 89' lang='lat' dir='ltr'><strong><em>intimaret</em></strong></span> <span class='ocrx_word' id='word_1_624' title='bbox 1251 4091 1573 4157; x_wconf 87' lang='lat' dir='ltr'><strong><em>potentiam,</em></strong></span> <span class='ocrx_word' id='word_1_625' title='bbox 1605 4092 1738 4146; x_wconf 86' lang='lat' dir='ltr'><strong><em>mari</em></strong></span> <span class='ocrx_word' id='word_1_626' title='bbox 1778 4093 1876 4146; x_wconf 89' lang='lat' dir='ltr'><strong><em>im-</em></strong></span> 
     </span>
    </p>
   </div>
   <div class='ocr_carea' id='block_1_74' title="bbox 296 4173 1874 4246">
    <p class='ocr_par' dir='ltr' id='par_1_74' title="bbox 296 4173 1874 4246">
     <span class='ocr_line' id='line_1_74' title="bbox 296 4173 1874 4246; baseline 0.008 -22"><span class='ocrx_word' id='word_1_627' title='bbox 296 4173 494 4239; x_wconf 80' lang='lat' dir='ltr'><strong><em>peravit</em></strong></span> <span class='ocrx_word' id='word_1_628' title='bbox 545 4183 602 4226; x_wconf 85' lang='lat' dir='ltr'><strong><em>et</em></strong></span> <span class='ocrx_word' id='word_1_629' title='bbox 647 4176 858 4238; x_wconf 86' lang='lat' dir='ltr'><strong><em>ventis,</em></strong></span> <span class='ocrx_word' id='word_1_630' title='bbox 908 4185 960 4230; x_wconf 88' lang='lat' dir='ltr'><strong><em>et</em></strong></span> <span class='ocrx_word' id='word_1_631' title='bbox 998 4179 1230 4246; x_wconf 88' lang='lat' dir='ltr'><strong><em>quinque</em></strong></span> <span class='ocrx_word' id='word_1_632' title='bbox 1278 4179 1442 4238; x_wconf 85' lang='lat' dir='ltr'><strong><em>millia</em></strong></span> <span class='ocrx_word' id='word_1_633' title='bbox 1491 4181 1762 4234; x_wconf 88' lang='lat' dir='ltr'><strong><em>hominum</em></strong></span> <span class='ocrx_word' id='word_1_634' title='bbox 1809 4184 1874 4238; x_wconf 91' lang='lat' dir='ltr'><strong><em>de</em></strong></span> 
     </span>
    </p>
   </div>
   <div class='ocr_carea' id='block_1_75' title="bbox 293 4264 1874 4335">
    <p class='ocr_par' dir='ltr' id='par_1_75' title="bbox 293 4264 1874 4335">
     <span class='ocr_line' id='line_1_75' title="bbox 293 4264 1874 4335; baseline 0.006 -22"><span class='ocrx_word' id='word_1_635' title='bbox 293 4264 524 4332; x_wconf 85' lang='lat' dir='ltr'><strong><em>quinque</em></strong></span> <span class='ocrx_word' id='word_1_636' title='bbox 551 4265 778 4331; x_wconf 90' lang='lat' dir='ltr'><strong><em>panibus</em></strong></span> <span class='ocrx_word' id='word_1_637' title='bbox 796 4270 1070 4320; x_wconf 81' lang='lat' dir='ltr'><strong><em>saturavit.</em></strong></span> <span class='ocrx_word' id='word_1_638' title='bbox 1094 4268 1326 4322; x_wconf 84' lang='lat' dir='ltr'><strong><em>Calicem</em></strong></span> <span class='ocrx_word' id='word_1_639' title='bbox 1351 4269 1614 4335; x_wconf 53' lang='lat' dir='ltr'><strong><em>passionis</em></strong></span> <span class='ocrx_word' id='word_1_640' title='bbox 1636 4282 1691 4324; x_wconf 91' lang='lat' dir='ltr'><strong><em>nt</em></strong></span> <span class='ocrx_word' id='word_1_641' title='bbox 1714 4273 1874 4325; x_wconf 90' lang='lat' dir='ltr'><strong><em>homo</em></strong></span> 
     </span>
    </p>
   </div>
   <div class='ocr_carea' id='block_1_76' title="bbox 297 4353 1872 4428">
    <p class='ocr_par' dir='ltr' id='par_1_76' title="bbox 297 4353 1872 4428">
     <span class='ocr_line' id='line_1_76' title="bbox 297 4353 1872 4428; baseline 0.006 -23"><span class='ocrx_word' id='word_1_642' title='bbox 297 4353 458 4409; x_wconf 86' lang='lat' dir='ltr'><strong><em>tristis</em></strong></span> <span class='ocrx_word' id='word_1_643' title='bbox 503 4356 747 4422; x_wconf 82' lang='lat' dir='ltr'><strong><em>accepit,</em></strong></span> <span class='ocrx_word' id='word_1_644' title='bbox 791 4365 850 4410; x_wconf 89' lang='lat' dir='ltr'><strong><em>ut</em></strong></span> <span class='ocrx_word' id='word_1_645' title='bbox 885 4355 1026 4410; x_wconf 87' lang='lat' dir='ltr'><strong><em>Deus</em></strong></span> <span class='ocrx_word' id='word_1_646' title='bbox 1073 4369 1248 4412; x_wconf 84' lang='lat' dir='ltr'><strong><em>autem</em></strong></span> <span class='ocrx_word' id='word_1_647' title='bbox 1299 4357 1496 4415; x_wconf 78' lang='lat' dir='ltr'><strong><em>fontem</em></strong></span> <span class='ocrx_word' id='word_1_648' title='bbox 1541 4376 1693 4428; x_wconf 78' lang='lat' dir='ltr'><strong><em>aqure</em></strong></span> <span class='ocrx_word' id='word_1_649' title='bbox 1742 4363 1872 4415; x_wconf 77' lang='lat' dir='ltr'><strong><em>viva:</em></strong></span> 
     </span>
    </p>
   </div>
   <div class='ocr_carea' id='block_1_77' title="bbox 1979 3175 3552 3246">
    <p class='ocr_par' dir='ltr' id='par_1_77' title="bbox 1979 3175 3552 3246">
     <span class='ocr_line' id='line_1_77' title="bbox 1979 3175 3552 3246; baseline -0.001 -17"><span class='ocrx_word' id='word_1_650' title='bbox 1979 3177 2055 3230; x_wconf 90' lang='lat' dir='ltr'><strong><em>dit</em></strong></span> <span class='ocrx_word' id='word_1_651' title='bbox 2081 3175 2436 3246; x_wconf 88' lang='lat' dir='ltr'><strong><em>documentis)</em></strong></span> <span class='ocrx_word' id='word_1_652' title='bbox 2469 3191 2561 3244; x_wconf 88' lang='lat' dir='ltr'><strong><em>per</em></strong></span> <span class='ocrx_word' id='word_1_653' title='bbox 2593 3179 2774 3230; x_wconf 88' lang='lat' dir='ltr'><strong><em>nescio</em></strong></span> <span class='ocrx_word' id='word_1_654' title='bbox 2813 3178 2972 3246; x_wconf 83' lang='lat' dir='ltr'><strong><em>quam</em></strong></span> <span class='ocrx_word' id='word_1_655' title='bbox 3015 3177 3329 3230; x_wconf 65' lang='lat' dir='ltr'><strong><em>nebulosam</em></strong></span> <span class='ocrx_word' id='word_1_656' title='bbox 3369 3176 3552 3244; x_wconf 74' lang='lat' dir='ltr'><strong><em>caligi-</em></strong></span> 
     </span>
    </p>
   </div>
   <div class='ocr_carea' id='block_1_78' title="bbox 1979 3266 3552 3334">
    <p class='ocr_par' dir='ltr' id='par_1_78' title="bbox 1979 3266 3552 3334">
     <span class='ocr_line' id='line_1_78' title="bbox 1979 3266 3552 3334; baseline -0.001 -16"><span class='ocrx_word' id='word_1_657' title='bbox 1979 3280 2101 3320; x_wconf 86' lang='lat' dir='ltr'><strong><em>nem</em></strong></span> <span class='ocrx_word' id='word_1_658' title='bbox 2131 3266 2415 3331; x_wconf 89' lang='lat' dir='ltr'><strong><em>circuiens,</em></strong></span> <span class='ocrx_word' id='word_1_659' title='bbox 2445 3266 2792 3319; x_wconf 85' lang='lat' dir='ltr'><strong><em>assertionem</em></strong></span> <span class='ocrx_word' id='word_1_660' title='bbox 2817 3282 2964 3320; x_wconf 89' lang='lat' dir='ltr'><strong><em>suam</em></strong></span> <span class='ocrx_word' id='word_1_661' title='bbox 2997 3267 3291 3334; x_wconf 84' lang='lat' dir='ltr'><strong><em>nequiverit</em></strong></span> <span class='ocrx_word' id='word_1_662' title='bbox 3323 3266 3552 3319; x_wconf 87' lang='lat' dir='ltr'><strong><em>demon-</em></strong></span> 
     </span>
    </p>
   </div>
   <div class='ocr_carea' id='block_1_79' title="bbox 1977 3365 2174 3411">
    <p class='ocr_par' dir='ltr' id='par_1_79' title="bbox 1977 3365 2174 3411">
     <span class='ocr_line' id='line_1_79' title="bbox 1977 3365 2174 3411; baseline 0.01 -2"><span class='ocrx_word' id='word_1_663' title='bbox 1977 3365 2083 3410; x_wconf 88' lang='lat' dir='ltr'><strong><em>stra</em></strong></span> <span class='ocrx_word' id='word_1_664' title='bbox 2093 3372 2174 3411; x_wconf 87' lang='lat' dir='ltr'><strong><em>re.</em></strong></span> 
     </span>
    </p>
   </div>
   <div class='ocr_carea' id='block_1_80' title="bbox 2064 3444 3552 3514">
    <p class='ocr_par' dir='ltr' id='par_1_80' title="bbox 2064 3444 3552 3514">
     <span class='ocr_line' id='line_1_80' title="bbox 2064 3444 3552 3514; baseline 0 -17"><span class='ocrx_word' id='word_1_665' title='bbox 2064 3447 2216 3500; x_wconf 80' lang='lat' dir='ltr'><strong><em>Arius</em></strong></span> <span class='ocrx_word' id='word_1_666' title='bbox 2264 3446 2392 3500; x_wconf 70' lang='lat' dir='ltr'><strong><em>dixit</em></strong></span> <span class='ocrx_word' id='word_1_667' title='bbox 2422 3463 2440 3499; x_wconf 90' lang='lat'><strong><em>:</em></strong></span> <span class='ocrx_word' id='word_1_668' title='bbox 2491 3444 2734 3513; x_wconf 79' lang='lat' dir='ltr'><strong><em>Nunquid</em></strong></span> <span class='ocrx_word' id='word_1_669' title='bbox 2791 3446 2914 3514; x_wconf 83' lang='lat' dir='ltr'><strong><em>quia</em></strong></span> <span class='ocrx_word' id='word_1_670' title='bbox 2968 3459 3033 3499; x_wconf 82' lang='lat' dir='ltr'><strong><em>ex</em></strong></span> <span class='ocrx_word' id='word_1_671' title='bbox 3083 3444 3278 3498; x_wconf 85' lang='lat' dir='ltr'><strong><em>divinis</em></strong></span> <span class='ocrx_word' id='word_1_672' title='bbox 3325 3445 3552 3498; x_wconf 83' lang='lat' dir='ltr'><strong><em>oraculis</em></strong></span> 
     </span>
    </p>
   </div>
   <div class='ocr_carea' id='block_1_81' title="bbox 1978 3535 3554 3604">
    <p class='ocr_par' dir='ltr' id='par_1_81' title="bbox 1978 3535 3554 3604">
     <span class='ocr_line' id='line_1_81' title="bbox 1978 3535 3554 3604; baseline 0.001 -16"><span class='ocrx_word' id='word_1_673' title='bbox 1978 3535 2330 3601; x_wconf 86' lang='lat' dir='ltr'><strong><em>Athanasius,</em></strong></span> <span class='ocrx_word' id='word_1_674' title='bbox 2370 3539 2550 3590; x_wconf 88' lang='lat' dir='ltr'><strong><em>nescio</em></strong></span> <span class='ocrx_word' id='word_1_675' title='bbox 2596 3539 2786 3604; x_wconf 84' lang='lat' dir='ltr'><strong><em>quibus</em></strong></span> <span class='ocrx_word' id='word_1_676' title='bbox 2838 3536 3108 3597; x_wconf 64' lang='lat' dir='ltr'><strong><em>articulis,</em></strong></span> <span class='ocrx_word' id='word_1_677' title='bbox 3155 3535 3343 3588; x_wconf 73' lang='lat' dir='ltr'><strong><em>Filium</em></strong></span> <span class='ocrx_word' id='word_1_678' title='bbox 3396 3537 3554 3589; x_wconf 84' lang='lat' dir='ltr'><strong><em>unius</em></strong></span> 
     </span>
    </p>
   </div>
   <div class='ocr_carea' id='block_1_82' title="bbox 1976 3627 3552 3695">
    <p class='ocr_par' dir='ltr' id='par_1_82' title="bbox 1976 3627 3552 3695">
     <span class='ocr_line' id='line_1_82' title="bbox 1976 3627 3552 3695; baseline -0.002 -16"><span class='ocrx_word' id='word_1_679' title='bbox 1976 3641 2094 3681; x_wconf 86' lang='lat' dir='ltr'><strong><em>esse</em></strong></span> <span class='ocrx_word' id='word_1_680' title='bbox 2127 3628 2460 3691; x_wconf 78' lang='lat' dir='ltr'><strong><em>substantiae,</em></strong></span> <span class='ocrx_word' id='word_1_681' title='bbox 2488 3639 2540 3681; x_wconf 91' lang='lat' dir='ltr'><strong><em>et</em></strong></span> <span class='ocrx_word' id='word_1_682' title='bbox 2583 3627 2723 3679; x_wconf 85' lang='lat' dir='ltr'><strong><em>Patri</em></strong></span> <span class='ocrx_word' id='word_1_683' title='bbox 2757 3632 3111 3695; x_wconf 62' lang='lat' dir='ltr'><strong><em>coinqualem,</em></strong></span> <span class='ocrx_word' id='word_1_684' title='bbox 3145 3641 3276 3678; x_wconf 77' lang='lat' dir='ltr'><strong><em>ausu</em></strong></span> <span class='ocrx_word' id='word_1_685' title='bbox 3325 3636 3552 3678; x_wconf 84' lang='lat' dir='ltr'><strong><em>temera-</em></strong></span> 
     </span>
    </p>
   </div>
   <div class='ocr_carea' id='block_1_83' title="bbox 1978 3717 3555 3786">
    <p class='ocr_par' dir='ltr' id='par_1_83' title="bbox 1978 3717 3555 3786">
     <span class='ocr_line' id='line_1_83' title="bbox 1978 3717 3555 3786; baseline -0.002 -13"><span class='ocrx_word' id='word_1_686' title='bbox 1978 3721 2058 3773; x_wconf 85' lang='lat' dir='ltr'><strong><em>rio</em></strong></span> <span class='ocrx_word' id='word_1_687' title='bbox 2087 3722 2229 3772; x_wconf 84' lang='lat' dir='ltr'><strong><em>visus</em></strong></span> <span class='ocrx_word' id='word_1_688' title='bbox 2269 3729 2351 3774; x_wconf 86' lang='lat' dir='ltr'><strong><em>est</em></strong></span> <span class='ocrx_word' id='word_1_689' title='bbox 2393 3719 2696 3782; x_wconf 79' lang='lat' dir='ltr'><strong><em>afﬁrmare;</em></strong></span> <span class='ocrx_word' id='word_1_690' title='bbox 2740 3730 2792 3771; x_wconf 89' lang='lat' dir='ltr'><strong><em>et</em></strong></span> <span class='ocrx_word' id='word_1_691' title='bbox 2835 3718 3122 3786; x_wconf 78' lang='lat' dir='ltr'><strong><em>Spiritum,</em></strong></span> <span class='ocrx_word' id='word_1_692' title='bbox 3156 3719 3242 3786; x_wconf 89' lang='lat' dir='ltr'><strong><em>qui</em></strong></span> <span class='ocrx_word' id='word_1_693' title='bbox 3290 3717 3462 3770; x_wconf 84' lang='lat' dir='ltr'><strong><em>Patris</em></strong></span> <span class='ocrx_word' id='word_1_694' title='bbox 3501 3726 3555 3771; x_wconf 87' lang='lat' dir='ltr'><strong><em>et</em></strong></span> 
     </span>
    </p>
   </div>
   <div class='ocr_carea' id='block_1_84' title="bbox 1979 3811 3555 3880">
    <p class='ocr_par' dir='ltr' id='par_1_84' title="bbox 1979 3811 3555 3880">
     <span class='ocr_line' id='line_1_84' title="bbox 1979 3811 3555 3880; baseline -0.003 -12"><span class='ocrx_word' id='word_1_695' title='bbox 1979 3811 2095 3868; x_wconf 75' lang='lat' dir='ltr'><strong><em>Filii</em></strong></span> <span class='ocrx_word' id='word_1_696' title='bbox 2143 3817 2384 3870; x_wconf 82' lang='lat' dir='ltr'><strong><em>minister</em></strong></span> <span class='ocrx_word' id='word_1_697' title='bbox 2428 3826 2513 3868; x_wconf 88' lang='lat' dir='ltr'><strong><em>cst</em></strong></span> <span class='ocrx_word' id='word_1_698' title='bbox 2542 3814 2730 3868; x_wconf 87' lang='lat' dir='ltr'><strong><em>iisdem</em></strong></span> <span class='ocrx_word' id='word_1_699' title='bbox 2777 3814 2926 3866; x_wconf 85' lang='lat' dir='ltr'><strong><em>debet</em></strong></span> <span class='ocrx_word' id='word_1_700' title='bbox 2977 3813 3166 3880; x_wconf 70' lang='lat' dir='ltr'><strong><em>mquali</em></strong></span> <span class='ocrx_word' id='word_1_701' title='bbox 3216 3811 3555 3865; x_wconf 76' lang='lat' dir='ltr'><strong><em>confessione</em></strong></span> 
     </span>
    </p>
   </div>
   <div class='ocr_carea' id='block_1_85' title="bbox 1977 3902 3552 3974">
    <p class='ocr_par' dir='ltr' id='par_1_85' title="bbox 1977 3902 3552 3974">
     <span class='ocr_line' id='line_1_85' title="bbox 1977 3902 3552 3974; baseline -0.005 -15"><span class='ocrx_word' id='word_1_702' title='bbox 1977 3907 2258 3963; x_wconf 57' lang='lat' dir='ltr'><strong><em>eztttlerre?</em></strong></span> <span class='ocrx_word' id='word_1_703' title='bbox 2289 3922 2410 3960; x_wconf 88' lang='lat' dir='ltr'><strong><em>cum</em></strong></span> <span class='ocrx_word' id='word_1_704' title='bbox 2442 3907 2552 3974; x_wconf 89' lang='lat' dir='ltr'><strong><em>ipse</em></strong></span> <span class='ocrx_word' id='word_1_705' title='bbox 2588 3906 2752 3959; x_wconf 66' lang='lat' dir='ltr'><strong><em>Filius</em></strong></span> <span class='ocrx_word' id='word_1_706' title='bbox 2777 3905 2956 3959; x_wconf 84' lang='lat' dir='ltr'><strong><em>dicat:</em></strong></span> <span class='ocrx_word' id='word_1_707' title='bbox 2992 3903 3091 3956; x_wconf 80' lang='lat' dir='ltr'><strong><em>llic</em></strong></span> <span class='ocrx_word' id='word_1_708' title='bbox 3120 3920 3199 3956; x_wconf 86' lang='lat' dir='ltr'><strong><em>me</em></strong></span> <span class='ocrx_word' id='word_1_709' title='bbox 3227 3902 3552 3969; x_wconf 83' lang='lat' dir='ltr'><strong><em>glori/icabit,</em></strong></span> 
     </span>
    </p>
   </div>
   <div class='ocr_carea' id='block_1_86' title="bbox 1976 3992 3551 4067">
    <p class='ocr_par' dir='ltr' id='par_1_86' title="bbox 1976 3992 3551 4067">
     <span class='ocr_line' id='line_1_86' title="bbox 1976 3992 3551 4067; baseline -0.004 -16"><span class='ocrx_word' id='word_1_710' title='bbox 1976 3999 2096 4067; x_wconf 84' lang='lat' dir='ltr'><strong><em>quia</em></strong></span> <span class='ocrx_word' id='word_1_711' title='bbox 2122 3999 2184 4052; x_wconf 83' lang='lat' dir='ltr'><strong><em>tie</em></strong></span> <span class='ocrx_word' id='word_1_712' title='bbox 2214 4016 2325 4053; x_wconf 88' lang='lat' dir='ltr'><strong><em>meo</em></strong></span> <span class='ocrx_word' id='word_1_713' title='bbox 2354 4000 2565 4064; x_wconf 70' lang='lat' dir='ltr'><strong><em>accipiet</em></strong></span> <span class='ocrx_word' id='word_1_714' title='bbox 2599 3996 2780 4057; x_wconf 69' lang='lat' dir='ltr'><strong><em>(John.</em></strong></span> <span class='ocrx_word' id='word_1_715' title='bbox 2808 4011 2924 4057; x_wconf 76' lang='lat' dir='ltr'><strong><em>xvt,</em></strong></span> <span class='ocrx_word' id='word_1_716' title='bbox 2952 3994 3068 4062; x_wconf 59' lang='lat' dir='ltr'><strong><em>lli);</em></strong></span> <span class='ocrx_word' id='word_1_717' title='bbox 3101 4003 3155 4048; x_wconf 90' lang='lat' dir='ltr'><strong><em>et</em></strong></span> <span class='ocrx_word' id='word_1_718' title='bbox 3190 3995 3390 4046; x_wconf 71' lang='lat' dir='ltr'><strong><em>Mittam</em></strong></span> <span class='ocrx_word' id='word_1_719' title='bbox 3418 3992 3551 4046; x_wconf 76' lang='lat' dir='ltr'><strong><em>vobis</em></strong></span> 
     </span>
    </p>
   </div>
   <div class='ocr_carea' id='block_1_87' title="bbox 1979 4083 3554 4157">
    <p class='ocr_par' dir='ltr' id='par_1_87' title="bbox 1979 4083 3554 4157">
     <span class='ocr_line' id='line_1_87' title="bbox 1979 4083 3554 4157; baseline -0.005 -14"><span class='ocrx_word' id='word_1_720' title='bbox 1979 4089 2231 4157; x_wconf 85' lang='lat' dir='ltr'><strong><em>Spiritum</em></strong></span> <span class='ocrx_word' id='word_1_721' title='bbox 2275 4090 2498 4143; x_wconf 74' lang='lat' dir='ltr'><strong><em>veritatis</em></strong></span> <span class='ocrx_word' id='word_1_722' title='bbox 2539 4086 2728 4155; x_wconf 84' lang='lat' dir='ltr'><strong><em>(Joan.</em></strong></span> <span class='ocrx_word' id='word_1_723' title='bbox 2759 4103 2846 4150; x_wconf 79' lang='lat' dir='ltr'><strong><em>xv,</em></strong></span> <span class='ocrx_word' id='word_1_724' title='bbox 2877 4086 3009 4155; x_wconf 68' lang='lat'><strong><em>26);</em></strong></span> <span class='ocrx_word' id='word_1_725' title='bbox 3044 4095 3096 4140; x_wconf 87' lang='lat' dir='ltr'><strong><em>et</em></strong></span> <span class='ocrx_word' id='word_1_726' title='bbox 3145 4083 3373 4151; x_wconf 86' lang='lat' dir='ltr'><strong><em>Spiritus</em></strong></span> <span class='ocrx_word' id='word_1_727' title='bbox 3401 4100 3432 4136; x_wconf 90' lang='lat' dir='ltr'><strong><em>a</em></strong></span> <span class='ocrx_word' id='word_1_728' title='bbox 3476 4099 3554 4138; x_wconf 77' lang='lat' dir='ltr'><strong><em>me</em></strong></span> 
     </span>
    </p>
   </div>
   <div class='ocr_carea' id='block_1_88' title="bbox 1977 4173 3550 4248">
    <p class='ocr_par' dir='ltr' id='par_1_88' title="bbox 1977 4173 3550 4248">
     <span class='ocr_line' id='line_1_88' title="bbox 1977 4173 3550 4248; baseline -0.003 -17"><span class='ocrx_word' id='word_1_729' title='bbox 1977 4180 2227 4248; x_wconf 82' lang='lat' dir='ltr'><strong><em>procedet.</em></strong></span> <span class='ocrx_word' id='word_1_730' title='bbox 2256 4179 2416 4243; x_wconf 89' lang='lat' dir='ltr'><strong><em>Quem</em></strong></span> <span class='ocrx_word' id='word_1_731' title='bbox 2441 4178 2595 4232; x_wconf 85' lang='lat' dir='ltr'><strong><em>Pater</em></strong></span> <span class='ocrx_word' id='word_1_732' title='bbox 2620 4180 2779 4230; x_wconf 80' lang='lat' dir='ltr'><strong><em>mittet</em></strong></span> <span class='ocrx_word' id='word_1_733' title='bbox 2806 4180 2858 4230; x_wconf 88' lang='lat' dir='ltr'><strong><em>in</em></strong></span> <span class='ocrx_word' id='word_1_734' title='bbox 2887 4179 3086 4228; x_wconf 85' lang='lat' dir='ltr'><strong><em>nomine</em></strong></span> <span class='ocrx_word' id='word_1_735' title='bbox 3109 4191 3218 4227; x_wconf 86' lang='lat' dir='ltr'><strong><em>meo</em></strong></span> <span class='ocrx_word' id='word_1_736' title='bbox 3241 4173 3417 4244; x_wconf 87' lang='lat' dir='ltr'><strong><em>(Joan.</em></strong></span> <span class='ocrx_word' id='word_1_737' title='bbox 3445 4190 3550 4238; x_wconf 79' lang='lat' dir='ltr'><strong><em>xw,</em></strong></span> 
     </span>
    </p>
   </div>
   <div class='ocr_carea' id='block_1_89' title="bbox 1978 4263 3553 4335">
    <p class='ocr_par' dir='ltr' id='par_1_89' title="bbox 1978 4263 3553 4335">
     <span class='ocr_line' id='line_1_89' title="bbox 1978 4263 3553 4335; baseline -0.003 -14"><span class='ocrx_word' id='word_1_738' title='bbox 1978 4269 2096 4335; x_wconf 71' lang='lat'><strong><em>26),</em></strong></span> <span class='ocrx_word' id='word_1_739' title='bbox 2124 4281 2179 4323; x_wconf 88' lang='lat' dir='ltr'><strong><em>et</em></strong></span> <span class='ocrx_word' id='word_1_740' title='bbox 2208 4269 2364 4322; x_wconf 84' lang='lat' dir='ltr'><strong><em>Pater</em></strong></span> <span class='ocrx_word' id='word_1_741' title='bbox 2394 4269 2458 4321; x_wconf 85' lang='lat' dir='ltr'><strong><em>ad</em></strong></span> <span class='ocrx_word' id='word_1_742' title='bbox 2491 4277 2820 4322; x_wconf 89' lang='lat' dir='ltr'><strong><em>mortuorum</em></strong></span> <span class='ocrx_word' id='word_1_743' title='bbox 2861 4282 2978 4320; x_wconf 86' lang='lat' dir='ltr'><strong><em>ossa</em></strong></span> <span class='ocrx_word' id='word_1_744' title='bbox 3013 4266 3139 4319; x_wconf 83' lang='lat' dir='ltr'><strong><em>dicit</em></strong></span> <span class='ocrx_word' id='word_1_745' title='bbox 3166 4283 3177 4316; x_wconf 91' lang='lat'><strong><em>:</em></strong></span> <span class='ocrx_word' id='word_1_746' title='bbox 3212 4264 3354 4316; x_wconf 84' lang='lat' dir='ltr'><strong><em>Dabo</em></strong></span> <span class='ocrx_word' id='word_1_747' title='bbox 3386 4263 3553 4334; x_wconf 62' lang='lat' dir='ltr'><strong><em>Spir?-</em></strong></span> 
     </span>
    </p>
   </div>
   <div class='ocr_carea' id='block_1_90' title="bbox 1978 4354 3554 4427">
    <p class='ocr_par' dir='ltr' id='par_1_90' title="bbox 1978 4354 3554 4427">
     <span class='ocr_line' id='line_1_90' title="bbox 1978 4354 3554 4427; baseline -0.005 -17"><span class='ocrx_word' id='word_1_748' title='bbox 1978 4367 2087 4410; x_wconf 81' lang='lat' dir='ltr'><strong><em>tum</em></strong></span> <span class='ocrx_word' id='word_1_749' title='bbox 2119 4373 2282 4411; x_wconf 84' lang='lat' dir='ltr'><strong><em>meum</em></strong></span> <span class='ocrx_word' id='word_1_750' title='bbox 2312 4359 2363 4410; x_wconf 89' lang='lat' dir='ltr'><strong><em>in</em></strong></span> <span class='ocrx_word' id='word_1_751' title='bbox 2392 4374 2500 4422; x_wconf 81' lang='lat' dir='ltr'><strong><em>vos,</em></strong></span> <span class='ocrx_word' id='word_1_752' title='bbox 2531 4368 2577 4410; x_wconf 85' lang='lat' dir='ltr'><strong><em>et</em></strong></span> <span class='ocrx_word' id='word_1_753' title='bbox 2606 4358 2774 4410; x_wconf 79' lang='lat' dir='ltr'><strong><em>vivetis</em></strong></span> <span class='ocrx_word' id='word_1_754' title='bbox 2807 4355 3018 4427; x_wconf 81' lang='lat' dir='ltr'><strong><em>(Ezech.</em></strong></span> <span class='ocrx_word' id='word_1_755' title='bbox 3051 4371 3266 4419; x_wconf 78' lang='lat' dir='ltr'><strong><em>xxxvii,</em></strong></span> <span class='ocrx_word' id='word_1_756' title='bbox 3293 4355 3368 4423; x_wconf 79' lang='lat'><strong><em>5).</em></strong></span> <span class='ocrx_word' id='word_1_757' title='bbox 3405 4354 3554 4408; x_wconf 55' lang='lat' dir='ltr'><strong><em>Nun.</em></strong></span> 
     </span>
    </p>
   </div>
   <div class='ocr_carea' id='block_1_91' title="bbox 295 4436 3553 4518">
    <p class='ocr_par' dir='ltr' id='par_1_91' title="bbox 295 4436 3553 4518">
     <span class='ocr_line' id='line_1_91' title="bbox 295 4436 3553 4518; baseline 0 -22"><span class='ocrx_word' id='word_1_758' title='bbox 295 4444 531 4498; x_wconf 73' lang='lat' dir='ltr'><strong><em>salientis</em></strong></span> <span class='ocrx_word' id='word_1_759' title='bbox 573 4446 630 4499; x_wconf 90' lang='lat' dir='ltr'><strong><em>in</em></strong></span> <span class='ocrx_word' id='word_1_760' title='bbox 672 4447 835 4500; x_wconf 85' lang='lat' dir='ltr'><strong><em>vitam</em></strong></span> <span class='ocrx_word' id='word_1_761' title='bbox 869 4458 1125 4501; x_wconf 62' lang='lat' dir='ltr'><strong><em>aeternam</em></strong></span> <span class='ocrx_word' id='word_1_762' title='bbox 1162 4449 1504 4504; x_wconf 89' lang='lat' dir='ltr'><strong><em>credentibus</em></strong></span> <span class='ocrx_word' id='word_1_763' title='bbox 1550 4452 1871 4518; x_wconf 81' lang='lat' dir='ltr'><strong><em>propinavit.</em></strong></span> <span class='ocrx_word' id='word_1_764' title='bbox 1905 4436 1953 4501; x_wconf 73' lang='grc' dir='ltr'>υ</span> <span class='ocrx_word' id='word_1_765' title='bbox 1979 4449 2102 4514; x_wconf 83' lang='lat' dir='ltr'><strong><em>quid</em></strong></span> <span class='ocrx_word' id='word_1_766' title='bbox 2132 4448 2175 4500; x_wconf 88' lang='lat' dir='ltr'><strong><em>is</em></strong></span> <span class='ocrx_word' id='word_1_767' title='bbox 2213 4448 2302 4515; x_wconf 92' lang='lat' dir='ltr'><strong><em>qui</em></strong></span> <span class='ocrx_word' id='word_1_768' title='bbox 2339 4463 2368 4500; x_wconf 89' lang='lat' dir='ltr'><strong><em>a</em></strong></span> <span class='ocrx_word' id='word_1_769' title='bbox 2397 4449 2552 4502; x_wconf 87' lang='lat' dir='ltr'><strong><em>Patre</em></strong></span> <span class='ocrx_word' id='word_1_770' title='bbox 2583 4447 2810 4501; x_wconf 89' lang='lat' dir='ltr'><strong><em>mittitur</em></strong></span> <span class='ocrx_word' id='word_1_771' title='bbox 2833 4448 2910 4502; x_wconf 88' lang='lat' dir='ltr'><strong><em>vel</em></strong></span> <span class='ocrx_word' id='word_1_772' title='bbox 2947 4446 3215 4514; x_wconf 85' lang='lat' dir='ltr'><strong><em>procedit,</em></strong></span> <span class='ocrx_word' id='word_1_773' title='bbox 3246 4445 3418 4501; x_wconf 89' lang='lat' dir='ltr'><strong><em>eidem</em></strong></span> <span class='ocrx_word' id='word_1_774' title='bbox 3459 4447 3553 4497; x_wconf 75' lang='lat' dir='ltr'><strong><em>de-</em></strong></span> 
     </span>
    </p>
   </div>
   <div class='ocr_carea' id='block_1_92' title="bbox 294 4537 1871 4606">
    <p class='ocr_par' dir='ltr' id='par_1_92' title="bbox 294 4537 1871 4606">
     <span class='ocr_line' id='line_1_92' title="bbox 294 4537 1871 4606; baseline 0.004 -19"><span class='ocrx_word' id='word_1_775' title='bbox 294 4537 720 4601; x_wconf 78' lang='lat' dir='ltr'><strong><em>Accepitnomen</em></strong></span> <span class='ocrx_word' id='word_1_776' title='bbox 752 4549 807 4589; x_wconf 89' lang='lat' dir='ltr'><strong><em>ut</em></strong></span> <span class='ocrx_word' id='word_1_777' title='bbox 838 4538 888 4591; x_wconf 92' lang='lat' dir='ltr'><strong><em>in</em></strong></span> <span class='ocrx_word' id='word_1_778' title='bbox 919 4538 1018 4592; x_wconf 88' lang='lat' dir='ltr'><strong><em>hoc</em></strong></span> <span class='ocrx_word' id='word_1_779' title='bbox 1046 4541 1282 4606; x_wconf 90' lang='lat' dir='ltr'><strong><em>nomine,</em></strong></span> <span class='ocrx_word' id='word_1_780' title='bbox 1309 4540 1569 4606; x_wconf 72' lang='lat' dir='ltr'><strong><em>coelestia,</em></strong></span> <span class='ocrx_word' id='word_1_781' title='bbox 1598 4543 1871 4595; x_wconf 84' lang='lat' dir='ltr'><strong><em>terrestria</em></strong></span> 
     </span>
    </p>
   </div>
   <div class='ocr_carea' id='block_1_93' title="bbox 293 4625 1873 4700">
    <p class='ocr_par' dir='ltr' id='par_1_93' title="bbox 293 4625 1873 4700">
     <span class='ocr_line' id='line_1_93' title="bbox 293 4625 1873 4700; baseline 0.004 -23"><span class='ocrx_word' id='word_1_782' title='bbox 293 4636 343 4677; x_wconf 87' lang='lat' dir='ltr'><strong><em>et</em></strong></span> <span class='ocrx_word' id='word_1_783' title='bbox 376 4625 583 4679; x_wconf 79' lang='lat' dir='ltr'><strong><em>inferna</em></strong></span> <span class='ocrx_word' id='word_1_784' title='bbox 623 4629 870 4681; x_wconf 87' lang='lat' dir='ltr'><strong><em>adorent.</em></strong></span> <span class='ocrx_word' id='word_1_785' title='bbox 918 4627 1195 4684; x_wconf 74' lang='lat' dir='ltr'><strong><em>Exaltatus</em></strong></span> <span class='ocrx_word' id='word_1_786' title='bbox 1231 4640 1311 4685; x_wconf 89' lang='lat' dir='ltr'><strong><em>est</em></strong></span> <span class='ocrx_word' id='word_1_787' title='bbox 1349 4632 1415 4686; x_wconf 88' lang='lat' dir='ltr'><strong><em>de</em></strong></span> <span class='ocrx_word' id='word_1_788' title='bbox 1452 4632 1568 4684; x_wconf 91' lang='lat' dir='ltr'><strong><em>imis</em></strong></span> <span class='ocrx_word' id='word_1_789' title='bbox 1608 4632 1672 4684; x_wconf 89' lang='lat' dir='ltr'><strong><em>ad</em></strong></span> <span class='ocrx_word' id='word_1_790' title='bbox 1712 4647 1873 4700; x_wconf 87' lang='lat' dir='ltr'><strong><em>supe-</em></strong></span> 
     </span>
    </p>
   </div>
   <div class='ocr_carea' id='block_1_94' title="bbox 295 4713 1871 4788">
    <p class='ocr_par' dir='ltr' id='par_1_94' title="bbox 295 4713 1871 4788">
     <span class='ocr_line' id='line_1_94' title="bbox 295 4713 1871 4788; baseline 0.006 -23"><span class='ocrx_word' id='word_1_791' title='bbox 295 4713 452 4776; x_wconf 89' lang='lat' dir='ltr'><strong><em>riora,</em></strong></span> <span class='ocrx_word' id='word_1_792' title='bbox 483 4717 532 4767; x_wconf 86' lang='lat' dir='ltr'><strong><em>id</em></strong></span> <span class='ocrx_word' id='word_1_793' title='bbox 562 4727 646 4770; x_wconf 87' lang='lat' dir='ltr'><strong><em>est</em></strong></span> <span class='ocrx_word' id='word_1_794' title='bbox 677 4717 746 4770; x_wconf 87' lang='lat' dir='ltr'><strong><em>de</em></strong></span> <span class='ocrx_word' id='word_1_795' title='bbox 776 4732 940 4772; x_wconf 89' lang='lat' dir='ltr'><strong><em>carne</em></strong></span> <span class='ocrx_word' id='word_1_796' title='bbox 976 4717 1220 4772; x_wconf 69' lang='lat' dir='ltr'><strong><em>humana:</em></strong></span> <span class='ocrx_word' id='word_1_797' title='bbox 1262 4720 1580 4788; x_wconf 77' lang='lat' dir='ltr'><strong><em>fragilitatis,</em></strong></span> <span class='ocrx_word' id='word_1_798' title='bbox 1613 4721 1678 4774; x_wconf 87' lang='lat' dir='ltr'><strong><em>ad</em></strong></span> <span class='ocrx_word' id='word_1_799' title='bbox 1707 4722 1871 4776; x_wconf 83' lang='lat' dir='ltr'><strong><em>Deum</em></strong></span> 
     </span>
    </p>
   </div>
   <div class='ocr_carea' id='block_1_95' title="bbox 295 4805 1869 4877">
    <p class='ocr_par' dir='ltr' id='par_1_95' title="bbox 295 4805 1869 4877">
     <span class='ocr_line' id='line_1_95' title="bbox 295 4805 1869 4877; baseline 0.004 -21"><span class='ocrx_word' id='word_1_800' title='bbox 295 4805 680 4860; x_wconf 81' lang='lat' dir='ltr'><strong><em>conscendens.</em></strong></span> <span class='ocrx_word' id='word_1_801' title='bbox 714 4805 879 4859; x_wconf 71' lang='lat' dir='ltr'><strong><em>Sedet</em></strong></span> <span class='ocrx_word' id='word_1_802' title='bbox 907 4807 969 4858; x_wconf 88' lang='lat' dir='ltr'><strong><em>ad</em></strong></span> <span class='ocrx_word' id='word_1_803' title='bbox 1003 4807 1278 4861; x_wconf 75' lang='lat' dir='ltr'><strong><em>dexteram</em></strong></span> <span class='ocrx_word' id='word_1_804' title='bbox 1321 4811 1614 4877; x_wconf 73' lang='lat' dir='ltr'><strong><em>tuajestatis</em></strong></span> <span class='ocrx_word' id='word_1_805' title='bbox 1657 4819 1713 4864; x_wconf 84' lang='grc' dir='ltr'><strong><em>ιιι</em></strong></span> <span class='ocrx_word' id='word_1_806' title='bbox 1749 4825 1869 4864; x_wconf 89' lang='lat' dir='ltr'><strong><em>eum</em></strong></span> 
     </span>
    </p>
   </div>
   <div class='ocr_carea' id='block_1_96' title="bbox 295 4895 1868 4968">
    <p class='ocr_par' dir='ltr' id='par_1_96' title="bbox 295 4895 1868 4968">
     <span class='ocr_line' id='line_1_96' title="bbox 295 4895 1868 4968; baseline 0.006 -22"><span class='ocrx_word' id='word_1_807' title='bbox 295 4909 399 4946; x_wconf 77' lang='lat' dir='ltr'><strong><em>non</em></strong></span> <span class='ocrx_word' id='word_1_808' title='bbox 419 4895 623 4949; x_wconf 89' lang='lat' dir='ltr'><strong><em>dubitet</em></strong></span> <span class='ocrx_word' id='word_1_809' title='bbox 654 4897 886 4952; x_wconf 88' lang='lat' dir='ltr'><strong><em>humana</em></strong></span> <span class='ocrx_word' id='word_1_810' title='bbox 912 4899 1192 4952; x_wconf 86' lang='lat' dir='ltr'><strong><em>inﬁrmitas</em></strong></span> <span class='ocrx_word' id='word_1_811' title='bbox 1214 4901 1385 4968; x_wconf 85' lang='lat' dir='ltr'><strong><em>sequi,</em></strong></span> <span class='ocrx_word' id='word_1_812' title='bbox 1413 4901 1498 4953; x_wconf 84' lang='lat' dir='ltr'><strong><em>tibi</em></strong></span> <span class='ocrx_word' id='word_1_813' title='bbox 1527 4914 1678 4968; x_wconf 83' lang='lat' dir='ltr'><strong><em>caput</em></strong></span> <span class='ocrx_word' id='word_1_814' title='bbox 1714 4918 1868 4956; x_wconf 87' lang='lat' dir='ltr'><strong><em>suunt</em></strong></span> 
     </span>
    </p>
   </div>
   <div class='ocr_carea' id='block_1_97' title="bbox 295 4983 1865 5060">
    <p class='ocr_par' dir='ltr' id='par_1_97' title="bbox 295 4983 1865 5060">
     <span class='ocr_line' id='line_1_97' title="bbox 295 4983 1865 5060; baseline 0.008 -27"><span class='ocrx_word' id='word_1_815' title='bbox 295 4984 484 5036; x_wconf 81' lang='lat' dir='ltr'><strong><em>viderit</em></strong></span> <span class='ocrx_word' id='word_1_816' title='bbox 522 4983 760 5054; x_wconf 79' lang='lat' dir='ltr'><strong><em>gloriari.</em></strong></span> <span class='ocrx_word' id='word_1_817' title='bbox 836 4987 1034 5041; x_wconf 87' lang='lat' dir='ltr'><strong><em>Unetus</em></strong></span> <span class='ocrx_word' id='word_1_818' title='bbox 1075 4997 1188 5051; x_wconf 89' lang='lat' dir='ltr'><strong><em>est,</em></strong></span> <span class='ocrx_word' id='word_1_819' title='bbox 1239 4999 1294 5044; x_wconf 91' lang='lat' dir='ltr'><strong><em>ut</em></strong></span> <span class='ocrx_word' id='word_1_820' title='bbox 1348 4991 1657 5045; x_wconf 72' lang='lat' dir='ltr'><strong><em>chrismatis</em></strong></span> <span class='ocrx_word' id='word_1_821' title='bbox 1701 4993 1865 5060; x_wconf 83' lang='lat' dir='ltr'><strong><em>ipsius</em></strong></span> 
     </span>
    </p>
   </div>
   <div class='ocr_carea' id='block_1_98' title="bbox 295 5075 1858 5150">
    <p class='ocr_par' dir='ltr' id='par_1_98' title="bbox 295 5075 1858 5150">
     <span class='ocr_line' id='line_1_98' title="bbox 295 5075 1858 5150; baseline 0.009 -27"><span class='ocrx_word' id='word_1_822' title='bbox 295 5075 564 5138; x_wconf 86' lang='lat' dir='ltr'><strong><em>unctione,</em></strong></span> <span class='ocrx_word' id='word_1_823' title='bbox 610 5093 638 5128; x_wconf 88' lang='lat' dir='ltr'><strong><em>a</em></strong></span> <span class='ocrx_word' id='word_1_824' title='bbox 679 5078 800 5132; x_wconf 87' lang='lat' dir='ltr'><strong><em>labe</em></strong></span> <span class='ocrx_word' id='word_1_825' title='bbox 831 5080 1020 5143; x_wconf 81' lang='lat' dir='ltr'><strong><em>prioris</em></strong></span> <span class='ocrx_word' id='word_1_826' title='bbox 1062 5080 1293 5133; x_wconf 90' lang='lat' dir='ltr'><strong><em>hominis</em></strong></span> <span class='ocrx_word' id='word_1_827' title='bbox 1337 5081 1516 5135; x_wconf 89' lang='lat' dir='ltr'><strong><em>delicti</em></strong></span> <span class='ocrx_word' id='word_1_828' title='bbox 1561 5099 1858 5150; x_wconf 82' lang='lat' dir='ltr'><strong><em>purgentur.</em></strong></span> 
     </span>
    </p>
   </div>
   <div class='ocr_carea' id='block_1_99' title="bbox 295 5164 1866 5238">
    <p class='ocr_par' dir='ltr' id='par_1_99' title="bbox 295 5164 1866 5238">
     <span class='ocr_line' id='line_1_99' title="bbox 295 5164 1866 5238; baseline 0.004 -23"><span class='ocrx_word' id='word_1_829' title='bbox 295 5164 567 5219; x_wconf 74' lang='lat' dir='ltr'><strong><em>Excitatus</em></strong></span> <span class='ocrx_word' id='word_1_830' title='bbox 598 5183 625 5218; x_wconf 87' lang='lat' dir='ltr'><strong><em>a</em></strong></span> <span class='ocrx_word' id='word_1_831' title='bbox 656 5170 879 5222; x_wconf 78' lang='lat' dir='ltr'><strong><em>mortuis</em></strong></span> <span class='ocrx_word' id='word_1_832' title='bbox 907 5180 1012 5238; x_wconf 84' lang='lat' dir='ltr'><strong><em>est,</em></strong></span> <span class='ocrx_word' id='word_1_833' title='bbox 1037 5179 1092 5222; x_wconf 89' lang='lat' dir='ltr'><strong><em>ut</em></strong></span> <span class='ocrx_word' id='word_1_834' title='bbox 1120 5185 1218 5224; x_wconf 88' lang='lat' dir='ltr'><strong><em>nos</em></strong></span> <span class='ocrx_word' id='word_1_835' title='bbox 1247 5171 1492 5237; x_wconf 80' lang='lat' dir='ltr'><strong><em>exemplo</em></strong></span> <span class='ocrx_word' id='word_1_836' title='bbox 1523 5174 1866 5226; x_wconf 75' lang='lat' dir='ltr'><strong><em>resurrectio-</em></strong></span> 
     </span>
    </p>
   </div>
   <div class='ocr_carea' id='block_1_100' title="bbox 290 5257 1868 5332">
    <p class='ocr_par' dir='ltr' id='par_1_100' title="bbox 290 5257 1868 5332">
     <span class='ocr_line' id='line_1_100' title="bbox 290 5257 1868 5332; baseline 0.005 -23"><span class='ocrx_word' id='word_1_837' title='bbox 290 5257 376 5309; x_wconf 77' lang='lat' dir='ltr'><strong><em>nis</em></strong></span> <span class='ocrx_word' id='word_1_838' title='bbox 410 5257 526 5324; x_wconf 73' lang='lat' dir='ltr'><strong><em>ejus</em></strong></span> <span class='ocrx_word' id='word_1_839' title='bbox 557 5274 585 5310; x_wconf 88' lang='lat' dir='ltr'><strong><em>a</em></strong></span> <span class='ocrx_word' id='word_1_840' title='bbox 619 5261 806 5313; x_wconf 84' lang='lat' dir='ltr'><strong><em>mortis</em></strong></span> <span class='ocrx_word' id='word_1_841' title='bbox 836 5262 1025 5314; x_wconf 88' lang='lat' dir='ltr'><strong><em>aculeo</em></strong></span> <span class='ocrx_word' id='word_1_842' title='bbox 1060 5262 1364 5316; x_wconf 87' lang='lat' dir='ltr'><strong><em>liberemur.</em></strong></span> <span class='ocrx_word' id='word_1_843' title='bbox 1399 5262 1566 5316; x_wconf 85' lang='lat' dir='ltr'><strong><em>Sedes</em></strong></span> <span class='ocrx_word' id='word_1_844' title='bbox 1596 5262 1868 5332; x_wconf 72' lang='lat' dir='ltr'><strong><em>discipulis</em></strong></span> 
     </span>
    </p>
   </div>
   <div class='ocr_carea' id='block_1_101' title="bbox 291 5351 1869 5415">
    <p class='ocr_par' dir='ltr' id='par_1_101' title="bbox 291 5351 1869 5415">
     <span class='ocr_line' id='line_1_101' title="bbox 291 5351 1869 5415; baseline 0.007 -22"><span class='ocrx_word' id='word_1_845' title='bbox 291 5351 594 5410; x_wconf 80' lang='lat' dir='ltr'><strong><em>petentibus</em></strong></span> <span class='ocrx_word' id='word_1_846' title='bbox 625 5363 683 5400; x_wconf 86' lang='lat' dir='ltr'><strong><em>sc</em></strong></span> <span class='ocrx_word' id='word_1_847' title='bbox 714 5365 816 5401; x_wconf 79' lang='lat' dir='ltr'><strong><em>non</em></strong></span> <span class='ocrx_word' id='word_1_848' title='bbox 850 5365 1005 5415; x_wconf 82' lang='lat' dir='ltr'><strong><em>posse</em></strong></span> <span class='ocrx_word' id='word_1_849' title='bbox 1047 5351 1173 5404; x_wconf 86' lang='lat' dir='ltr'><strong><em>dare</em></strong></span> <span class='ocrx_word' id='word_1_850' title='bbox 1216 5359 1457 5414; x_wconf 67' lang='lat' dir='ltr'><strong><em>testatur,</em></strong></span> <span class='ocrx_word' id='word_1_851' title='bbox 1505 5367 1570 5405; x_wconf 88' lang='lat' dir='ltr'><strong><em>ne</em></strong></span> <span class='ocrx_word' id='word_1_852' title='bbox 1611 5353 1747 5405; x_wconf 90' lang='lat' dir='ltr'><strong><em>inter</em></strong></span> <span class='ocrx_word' id='word_1_853' title='bbox 1777 5369 1869 5406; x_wconf 86' lang='lat' dir='ltr'><strong><em>eos</em></strong></span> 
     </span>
    </p>
   </div>
   <div class='ocr_carea' id='block_1_102' title="bbox 288 5437 1869 5507">
    <p class='ocr_par' dir='ltr' id='par_1_102' title="bbox 288 5437 1869 5507">
     <span class='ocr_line' id='line_1_102' title="bbox 288 5437 1869 5507; baseline 0.004 -18"><span class='ocrx_word' id='word_1_854' title='bbox 288 5437 578 5490; x_wconf 79' lang='lat' dir='ltr'><strong><em>divortium</em></strong></span> <span class='ocrx_word' id='word_1_855' title='bbox 619 5442 729 5490; x_wconf 70' lang='lat' dir='ltr'><strong><em>nas‘i</em></strong></span> <span class='ocrx_word' id='word_1_856' title='bbox 747 5451 944 5493; x_wconf 79' lang='lat' dir='ltr'><strong><em>eretur.</em></strong></span> <span class='ocrx_word' id='word_1_857' title='bbox 1002 5439 1132 5493; x_wconf 85' lang='lat' dir='ltr'><strong><em>Nam</em></strong></span> <span class='ocrx_word' id='word_1_858' title='bbox 1175 5442 1264 5507; x_wconf 87' lang='lat' dir='ltr'><strong><em>qui</em></strong></span> <span class='ocrx_word' id='word_1_859' title='bbox 1321 5442 1416 5505; x_wconf 89' lang='lat' dir='ltr'><strong><em>ait,</em></strong></span> <span class='ocrx_word' id='word_1_860' title='bbox 1443 5441 1562 5495; x_wconf 74' lang='lat' dir='ltr'><strong><em>Non</em></strong></span> <span class='ocrx_word' id='word_1_861' title='bbox 1599 5454 1670 5495; x_wconf 82' lang='lat' dir='ltr'><strong><em>est</em></strong></span> <span class='ocrx_word' id='word_1_862' title='bbox 1706 5460 1869 5496; x_wconf 81' lang='lat' dir='ltr'><strong><em>meum</em></strong></span> 
     </span>
    </p>
   </div>
   <div class='ocr_carea' id='block_1_103' title="bbox 289 5531 1868 5605">
    <p class='ocr_par' dir='ltr' id='par_1_103' title="bbox 289 5531 1868 5605">
     <span class='ocr_line' id='line_1_103' title="bbox 289 5531 1868 5605; baseline 0.001 -17"><span class='ocrx_word' id='word_1_863' title='bbox 289 5534 417 5593; x_wconf 54' lang='lat' dir='ltr'><strong><em>rhin-</em></strong></span> <span class='ocrx_word' id='word_1_864' title='bbox 451 5531 603 5592; x_wconf 75' lang='lat' dir='ltr'><strong><em>tabis,</em></strong></span> <span class='ocrx_word' id='word_1_865' title='bbox 644 5534 755 5602; x_wconf 67' lang='lat' dir='ltr'><strong><em>ipse</em></strong></span> <span class='ocrx_word' id='word_1_866' title='bbox 785 5534 891 5602; x_wconf 58' lang='lat' dir='ltr'><strong><em>jam</em></strong></span> <span class='ocrx_word' id='word_1_867' title='bbox 923 5532 1120 5594; x_wconf 81' lang='lat' dir='ltr'><strong><em>dudum</em></strong></span> <span class='ocrx_word' id='word_1_868' title='bbox 1160 5533 1430 5605; x_wconf 83' lang='lat' dir='ltr'><strong><em>di.-cipulis</em></strong></span> <span class='ocrx_word' id='word_1_869' title='bbox 1468 5533 1745 5589; x_wconf 85' lang='lat' dir='ltr'><strong><em>duodecim</em></strong></span> <span class='ocrx_word' id='word_1_870' title='bbox 1785 5549 1868 5589; x_wconf 52' lang='lat' dir='ltr'><strong><em>se.</em></strong></span> 
     </span>
    </p>
   </div>
   <div class='ocr_carea' id='block_1_104' title="bbox 1982 4535 3548 4606">
    <p class='ocr_par' dir='ltr' id='par_1_104' title="bbox 1982 4535 3548 4606">
     <span class='ocr_line' id='line_1_104' title="bbox 1982 4535 3548 4606; baseline 0 -18"><span class='ocrx_word' id='word_1_871' title='bbox 1982 4537 2070 4589; x_wconf 84' lang='lat' dir='ltr'><strong><em>bet.</em></strong></span> <span class='ocrx_word' id='word_1_872' title='bbox 2111 4537 2342 4604; x_wconf 72' lang='lat' dir='ltr'><strong><em>aequari,</em></strong></span> <span class='ocrx_word' id='word_1_873' title='bbox 2383 4551 2501 4590; x_wconf 90' lang='lat' dir='ltr'><strong><em>cum</em></strong></span> <span class='ocrx_word' id='word_1_874' title='bbox 2546 4538 2800 4606; x_wconf 83' lang='lat' dir='ltr'><strong><em>propheta</em></strong></span> <span class='ocrx_word' id='word_1_875' title='bbox 2831 4537 2898 4592; x_wconf 87' lang='lat' dir='ltr'><strong><em>de</em></strong></span> <span class='ocrx_word' id='word_1_876' title='bbox 2928 4552 2994 4591; x_wconf 91' lang='lat' dir='ltr'><strong><em>eo</em></strong></span> <span class='ocrx_word' id='word_1_877' title='bbox 3041 4545 3290 4602; x_wconf 88' lang='lat' dir='ltr'><strong><em>testatur,</em></strong></span> <span class='ocrx_word' id='word_1_878' title='bbox 3316 4535 3501 4590; x_wconf 83' lang='lat' dir='ltr'><strong><em>dicens</em></strong></span> <span class='ocrx_word' id='word_1_879' title='bbox 3535 4556 3548 4588; x_wconf 89' lang='lat'><strong>:</strong></span> 
     </span>
    </p>
   </div>
   <div class='ocr_carea' id='block_1_105' title="bbox 1980 4627 3554 4698">
    <p class='ocr_par' dir='ltr' id='par_1_105' title="bbox 1980 4627 3554 4698">
     <span class='ocr_line' id='line_1_105' title="bbox 1980 4627 3554 4698; baseline 0 -18"><span class='ocrx_word' id='word_1_880' title='bbox 1980 4627 2106 4681; x_wconf 82' lang='lat' dir='ltr'><strong><em>Ecce</em></strong></span> <span class='ocrx_word' id='word_1_881' title='bbox 2149 4627 2392 4683; x_wconf 86' lang='lat' dir='ltr'><strong><em>Dominus</em></strong></span> <span class='ocrx_word' id='word_1_882' title='bbox 2443 4631 2656 4696; x_wconf 79' lang='lat' dir='ltr'><strong><em>ﬁrmans</em></strong></span> <span class='ocrx_word' id='word_1_883' title='bbox 2696 4630 2971 4682; x_wconf 85' lang='lat' dir='ltr'><strong><em>tonitruum</em></strong></span> <span class='ocrx_word' id='word_1_884' title='bbox 3013 4639 3058 4680; x_wconf 86' lang='lat' dir='ltr'><strong><em>et</em></strong></span> <span class='ocrx_word' id='word_1_885' title='bbox 3101 4644 3276 4681; x_wconf 86' lang='lat' dir='ltr'><strong><em>crcans</em></strong></span> <span class='ocrx_word' id='word_1_886' title='bbox 3318 4629 3554 4698; x_wconf 84' lang='lat' dir='ltr'><strong><em>spiritum</em></strong></span> 
     </span>
    </p>
   </div>
   <div class='ocr_carea' id='block_1_106' title="bbox 1977 4720 3550 4791">
    <p class='ocr_par' dir='ltr' id='par_1_106' title="bbox 1977 4720 3550 4791">
     <span class='ocr_line' id='line_1_106' title="bbox 1977 4720 3550 4791; baseline 0.001 -18"><span class='ocrx_word' id='word_1_887' title='bbox 1977 4720 2153 4786; x_wconf 75' lang='lat' dir='ltr'><strong><em>(.lmos</em></strong></span> <span class='ocrx_word' id='word_1_888' title='bbox 2180 4736 2250 4786; x_wconf 85' lang='lat' dir='ltr'><strong><em>tv,</em></strong></span> <span class='ocrx_word' id='word_1_889' title='bbox 2281 4722 2392 4791; x_wconf 78' lang='lat' dir='ltr'><strong><em>l5).</em></strong></span> <span class='ocrx_word' id='word_1_890' title='bbox 2419 4722 2638 4775; x_wconf 80' lang='lat' dir='ltr'><strong><em>Prorsus</em></strong></span> <span class='ocrx_word' id='word_1_891' title='bbox 2665 4737 2930 4789; x_wconf 89' lang='lat' dir='ltr'><strong><em>nunquam</em></strong></span> <span class='ocrx_word' id='word_1_892' title='bbox 2956 4720 3083 4774; x_wconf 88' lang='lat' dir='ltr'><strong><em>tnilti</em></strong></span> <span class='ocrx_word' id='word_1_893' title='bbox 3114 4721 3376 4775; x_wconf 89' lang='lat' dir='ltr'><strong><em>videbitur</em></strong></span> <span class='ocrx_word' id='word_1_894' title='bbox 3398 4736 3550 4775; x_wconf 82' lang='lat' dir='ltr'><strong><em>crea-</em></strong></span> 
     </span>
    </p>
   </div>
   <div class='ocr_carea' id='block_1_107' title="bbox 1979 4810 3556 4880">
    <p class='ocr_par' dir='ltr' id='par_1_107' title="bbox 1979 4810 3556 4880">
     <span class='ocr_line' id='line_1_107' title="bbox 1979 4810 3556 4880; baseline -0.001 -16"><span class='ocrx_word' id='word_1_895' title='bbox 1979 4821 2094 4864; x_wconf 86' lang='lat' dir='ltr'><strong><em>tura</em></strong></span> <span class='ocrx_word' id='word_1_896' title='bbox 2122 4827 2220 4864; x_wconf 89' lang='lat' dir='ltr'><strong><em>suo</em></strong></span> <span class='ocrx_word' id='word_1_897' title='bbox 2255 4813 2486 4867; x_wconf 79' lang='lat' dir='ltr'><strong><em>creatori</em></strong></span> <span class='ocrx_word' id='word_1_898' title='bbox 2514 4812 2710 4880; x_wconf 68' lang='lat' dir='ltr'><strong><em>mquari</em></strong></span> <span class='ocrx_word' id='word_1_899' title='bbox 2730 4852 2744 4876; x_wconf 95' lang='lat'><strong><em>,</em></strong></span> <span class='ocrx_word' id='word_1_900' title='bbox 2772 4820 2864 4864; x_wconf 91' lang='lat' dir='ltr'><strong><em>aut</em></strong></span> <span class='ocrx_word' id='word_1_901' title='bbox 2893 4826 2993 4864; x_wconf 89' lang='lat' dir='ltr'><strong><em>una</em></strong></span> <span class='ocrx_word' id='word_1_902' title='bbox 3025 4826 3146 4864; x_wconf 89' lang='lat' dir='ltr'><strong><em>cum</em></strong></span> <span class='ocrx_word' id='word_1_903' title='bbox 3179 4810 3366 4864; x_wconf 89' lang='lat' dir='ltr'><strong><em>eodem</em></strong></span> <span class='ocrx_word' id='word_1_904' title='bbox 3397 4825 3556 4877; x_wconf 78' lang='lat' dir='ltr'><strong><em>posse</em></strong></span> 
     </span>
    </p>
   </div>
   <div class='ocr_carea' id='block_1_108' title="bbox 1977 4901 2453 4972">
    <p class='ocr_par' dir='ltr' id='par_1_108' title="bbox 1977 4901 2453 4972">
     <span class='ocr_line' id='line_1_108' title="bbox 1977 4901 2453 4972; baseline 0.006 -20"><span class='ocrx_word' id='word_1_905' title='bbox 1977 4911 2237 4972; x_wconf 85' lang='lat' dir='ltr'><strong><em>potestate.</em></strong></span> <span class='ocrx_word' id='word_1_906' title='bbox 2261 4901 2453 4970; x_wconf 81' lang='lat' dir='ltr'><strong><em>potiri?</em></strong></span> 
     </span>
    </p>
   </div>
   <div class='ocr_carea' id='block_1_109' title="bbox 2043 4989 3548 5059">
    <p class='ocr_par' dir='ltr' id='par_1_109' title="bbox 2043 4989 3548 5059">
     <span class='ocr_line' id='line_1_109' title="bbox 2043 4989 3548 5059; baseline -0.001 -13"><span class='ocrx_word' id='word_1_907' title='bbox 2043 4995 2354 5048; x_wconf 74' lang='lat' dir='ltr'><strong><em>Athanasius</em></strong></span> <span class='ocrx_word' id='word_1_908' title='bbox 2382 4994 2510 5046; x_wconf 72' lang='lat' dir='ltr'><strong><em>dixit</em></strong></span> <span class='ocrx_word' id='word_1_909' title='bbox 2533 5008 2551 5045; x_wconf 94' lang='lat'><em>:</em></span> <span class='ocrx_word' id='word_1_910' title='bbox 2583 4992 2909 5059; x_wconf 86' lang='lat' dir='ltr'><strong><em>Sapientiam</em></strong></span> <span class='ocrx_word' id='word_1_911' title='bbox 2939 5004 2991 5046; x_wconf 91' lang='lat' dir='ltr'><strong><em>et</em></strong></span> <span class='ocrx_word' id='word_1_912' title='bbox 3018 4993 3298 5053; x_wconf 86' lang='lat' dir='ltr'><strong><em>virtutem,</em></strong></span> <span class='ocrx_word' id='word_1_913' title='bbox 3330 4991 3426 5045; x_wconf 89' lang='lat' dir='ltr'><strong><em>Dei</em></strong></span> <span class='ocrx_word' id='word_1_914' title='bbox 3458 4989 3548 5045; x_wconf 81' lang='lat' dir='ltr'><strong><em>Fi-</em></strong></span> 
     </span>
    </p>
   </div>
   <div class='ocr_carea' id='block_1_110' title="bbox 1975 5080 3554 5152">
    <p class='ocr_par' dir='ltr' id='par_1_110' title="bbox 1975 5080 3554 5152">
     <span class='ocr_line' id='line_1_110' title="bbox 1975 5080 3554 5152; baseline -0.002 -16"><span class='ocrx_word' id='word_1_915' title='bbox 1975 5085 2099 5136; x_wconf 89' lang='lat' dir='ltr'><strong><em>lium</em></strong></span> <span class='ocrx_word' id='word_1_916' title='bbox 2145 5099 2283 5146; x_wconf 70' lang='lat' dir='ltr'><strong><em>esse,</em></strong></span> <span class='ocrx_word' id='word_1_917' title='bbox 2325 5083 2432 5149; x_wconf 88' lang='lat' dir='ltr'><strong><em>jam</em></strong></span> <span class='ocrx_word' id='word_1_918' title='bbox 2477 5083 2688 5151; x_wconf 85' lang='lat' dir='ltr'><strong><em>quidem</em></strong></span> <span class='ocrx_word' id='word_1_919' title='bbox 2728 5084 2973 5152; x_wconf 88' lang='lat' dir='ltr'><strong><em>superius</em></strong></span> <span class='ocrx_word' id='word_1_920' title='bbox 3015 5082 3404 5141; x_wconf 84' lang='lat' dir='ltr'><strong><em>demonstravi,</em></strong></span> <span class='ocrx_word' id='word_1_921' title='bbox 3458 5080 3554 5133; x_wconf 85' lang='lat' dir='ltr'><strong><em>ubi</em></strong></span> 
     </span>
    </p>
   </div>
   <div class='ocr_carea' id='block_1_111' title="bbox 1974 5173 3549 5242">
    <p class='ocr_par' dir='ltr' id='par_1_111' title="bbox 1974 5173 3549 5242">
     <span class='ocr_line' id='line_1_111' title="bbox 1974 5173 3549 5242; baseline -0.002 -16"><span class='ocrx_word' id='word_1_922' title='bbox 1974 5175 2282 5242; x_wconf 82' lang='lat' dir='ltr'><strong><em>Apostolum</em></strong></span> <span class='ocrx_word' id='word_1_923' title='bbox 2308 5173 2508 5226; x_wconf 79' lang='lat' dir='ltr'><strong><em>dixisse</em></strong></span> <span class='ocrx_word' id='word_1_924' title='bbox 2541 5173 2792 5239; x_wconf 88' lang='lat' dir='ltr'><strong><em>probavi,</em></strong></span> <span class='ocrx_word' id='word_1_925' title='bbox 2823 5174 3081 5227; x_wconf 81' lang='lat' dir='ltr'><strong><em>Christum</em></strong></span> <span class='ocrx_word' id='word_1_926' title='bbox 3118 5175 3209 5228; x_wconf 87' lang='lat' dir='ltr'><strong><em>Dei</em></strong></span> <span class='ocrx_word' id='word_1_927' title='bbox 3235 5175 3472 5225; x_wconf 83' lang='lat' dir='ltr'><strong><em>virtutem</em></strong></span> <span class='ocrx_word' id='word_1_928' title='bbox 3497 5177 3549 5223; x_wconf 80' lang='lat' dir='ltr'><strong><em>et</em></strong></span> 
     </span>
    </p>
   </div>
   <div class='ocr_carea' id='block_1_112' title="bbox 1979 5260 3550 5330">
    <p class='ocr_par' dir='ltr' id='par_1_112' title="bbox 1979 5260 3550 5330">
     <span class='ocr_line' id='line_1_112' title="bbox 1979 5260 3550 5330; baseline 0.001 -20"><span class='ocrx_word' id='word_1_929' title='bbox 1979 5261 2070 5312; x_wconf 72' lang='lat' dir='ltr'><strong><em>Dei</em></strong></span> <span class='ocrx_word' id='word_1_930' title='bbox 2109 5263 2408 5327; x_wconf 71' lang='lat' dir='ltr'><strong><em>sapientiam</em></strong></span> <span class='ocrx_word' id='word_1_931' title='bbox 2442 5261 2490 5329; x_wconf 71' lang='lat' dir='ltr'><strong><em>ll</em></strong></span> <span class='ocrx_word' id='word_1_932' title='bbox 2519 5263 2635 5316; x_wconf 79' lang='lat' dir='ltr'><strong><em>Cor.</em></strong></span> <span class='ocrx_word' id='word_1_933' title='bbox 2665 5279 2680 5316; x_wconf 85' lang='grc' dir='ltr'><strong><em>ι</em></strong></span> <span class='ocrx_word' id='word_1_934' title='bbox 2706 5304 2720 5326; x_wconf 84' lang='grc'>,</span> <span class='ocrx_word' id='word_1_935' title='bbox 2743 5264 2858 5330; x_wconf 66' lang='lat' dir='ltr'><strong><em>2i).</em></strong></span> <span class='ocrx_word' id='word_1_936' title='bbox 2891 5265 2994 5320; x_wconf 82' lang='lat' dir='ltr'><strong><em>Sed</em></strong></span> <span class='ocrx_word' id='word_1_937' title='bbox 3027 5275 3078 5318; x_wconf 85' lang='lat' dir='ltr'><strong><em>et</em></strong></span> <span class='ocrx_word' id='word_1_938' title='bbox 3125 5276 3262 5316; x_wconf 89' lang='lat' dir='ltr'><strong><em>nunc</em></strong></span> <span class='ocrx_word' id='word_1_939' title='bbox 3294 5260 3467 5313; x_wconf 75' lang='lat' dir='ltr'><strong><em>verius</em></strong></span> <span class='ocrx_word' id='word_1_940' title='bbox 3494 5267 3550 5311; x_wconf 80' lang='lat' dir='ltr'><strong><em>et</em></strong></span> 
     </span>
    </p>
   </div>
   <div class='ocr_carea' id='block_1_113' title="bbox 1976 5351 3549 5423">
    <p class='ocr_par' dir='ltr' id='par_1_113' title="bbox 1976 5351 3549 5423">
     <span class='ocr_line' id='line_1_113' title="bbox 1976 5351 3549 5423; baseline 0.001 -21"><span class='ocrx_word' id='word_1_941' title='bbox 1976 5354 2201 5417; x_wconf 79' lang='lat' dir='ltr'><strong><em>plenius,</em></strong></span> <span class='ocrx_word' id='word_1_942' title='bbox 2233 5353 2274 5405; x_wconf 85' lang='lat' dir='ltr'><strong><em>si</em></strong></span> <span class='ocrx_word' id='word_1_943' title='bbox 2308 5356 2663 5408; x_wconf 85' lang='lat' dir='ltr'><strong><em>necessarium</em></strong></span> <span class='ocrx_word' id='word_1_944' title='bbox 2701 5355 2934 5423; x_wconf 86' lang='lat' dir='ltr'><strong><em>judicas,</em></strong></span> <span class='ocrx_word' id='word_1_945' title='bbox 2967 5355 3032 5409; x_wconf 91' lang='lat' dir='ltr'><strong><em>de</em></strong></span> <span class='ocrx_word' id='word_1_946' title='bbox 3071 5354 3169 5407; x_wconf 85' lang='lat' dir='ltr'><strong><em>hac</em></strong></span> <span class='ocrx_word' id='word_1_947' title='bbox 3209 5351 3390 5405; x_wconf 78' lang='lat' dir='ltr'><strong><em>eadem</em></strong></span> <span class='ocrx_word' id='word_1_948' title='bbox 3425 5365 3549 5419; x_wconf 87' lang='lat' dir='ltr'><strong><em>pro-</em></strong></span> 
     </span>
    </p>
   </div>
   <div class='ocr_carea' id='block_1_114' title="bbox 1979 5444 2760 5510">
    <p class='ocr_par' dir='ltr' id='par_1_114' title="bbox 1979 5444 2760 5510">
     <span class='ocr_line' id='line_1_114' title="bbox 1979 5444 2760 5510; baseline 0.004 -13"><span class='ocrx_word' id='word_1_949' title='bbox 1979 5444 2186 5497; x_wconf 88' lang='lat' dir='ltr'><strong><em>batione</em></strong></span> <span class='ocrx_word' id='word_1_950' title='bbox 2215 5444 2410 5510; x_wconf 84' lang='lat' dir='ltr'><strong><em>replico</em></strong></span> <span class='ocrx_word' id='word_1_951' title='bbox 2440 5446 2760 5500; x_wconf 83' lang='lat' dir='ltr'><strong><em>tes‘imOuia.</em></strong></span> 
     </span>
    </p>
   </div>
   <div class='ocr_carea' id='block_1_115' title="bbox 2052 5531 3550 5608">
    <p class='ocr_par' dir='ltr' id='par_1_115' title="bbox 2052 5531 3550 5608">
     <span class='ocr_line' id='line_1_115' title="bbox 2052 5531 3550 5608; baseline -0.001 -19"><span class='ocrx_word' id='word_1_952' title='bbox 2052 5534 2288 5591; x_wconf 69' lang='lat' dir='ltr'><strong><em>XXXIII.</em></strong></span> <span class='ocrx_word' id='word_1_953' title='bbox 2321 5537 2435 5608; x_wconf 86' lang='lat' dir='ltr'><strong><em>Ipsa</em></strong></span> <span class='ocrx_word' id='word_1_954' title='bbox 2461 5539 2752 5608; x_wconf 68' lang='lat' dir='ltr'><strong><em>Sapientia,</em></strong></span> <span class='ocrx_word' id='word_1_955' title='bbox 2781 5536 2832 5590; x_wconf 55' lang='lat' dir='ltr'><strong><em>ill</em></strong></span> <span class='ocrx_word' id='word_1_956' title='bbox 2862 5546 2941 5590; x_wconf 82' lang='lat' dir='ltr'><strong><em>est</em></strong></span> <span class='ocrx_word' id='word_1_957' title='bbox 2972 5533 3154 5598; x_wconf 83' lang='lat' dir='ltr'><strong><em>Filius,</em></strong></span> <span class='ocrx_word' id='word_1_958' title='bbox 3184 5547 3279 5600; x_wconf 86' lang='lat' dir='ltr'><strong><em>per</em></strong></span> <span class='ocrx_word' id='word_1_959' title='bbox 3308 5531 3550 5596; x_wconf 71' lang='lat' dir='ltr'><strong><em>Salomo-</em></strong></span> 
     </span>
    </p>
   </div>
  </div>
