3958 6176
325 235 419 289 εει

1167 239 1433 295 CONTRA
1474 241 1789 309 ARIANOS,
1831 237 2309 322 SABELUANOS,
2353 253 2525 324 ETC.,
2566 257 2691 313 LIB.
2737 260 2797 313 ll.

3473 271 3575 312 aqu

3476 307 3578 327 ὈΔ

324 357 582 443 sentitur:
610 350 715 406 Sed
753 363 808 443 et
840 352 1006 407 Filius
1050 354 1154 405 tale
1195 353 1394 421 aliquid
1442 356 1739 423 prolitetur,
1781 358 1904 411 dum
1935 364 1984 422 Α
2013 365 2212 430 poteris
2249 365 2634 425 demonstrare.
2657 370 2943 427 Salomone
2969 376 3180 443 quidem
3215 380 3283 433 ita
3318 381 3564 437 dicente:

324 440 493 494 dicit:
528 439 650 494 Non
688 442 821 494 enim
851 459 883 494 a
909 444 1095 513 meipso
1130 442 1308 511 loquor
1338 443 1513 513 (Joan.
1542 462 1648 511 xw,
1677 447 1786 516 IO),
1821 450 1907 502 sed

324 546 440 601 quia
464 532 637 585 audivi
658 548 688 584 a
717 531 873 586 Patre
897 549 1026 597 meo,
1050 536 1328 587 uota'vobis
1356 536 1451 600 [cci
1472 534 1657 606 (Joou.
1683 554 1768 603 xv,
1794 538 1902 606 15).

325 626 459 690 Quae
487 623 757 677 sententia
788 622 980 677 Filium
1008 633 1063 677 et
1089 622 1344 692 Spiritum
1372 635 1613 678 sanctum
1636 666 1650 690 ,
1674 629 1832 680 etiam
1863 629 1905 683 si

327 713 489 768 Patre
518 714 694 768 minor
734 724 818 768 est
859 714 943 783 (ut
973 713 1105 767 falso
1144 714 1424 783 opinaris),
1466 715 1566 769 sibi
1600 724 1775 770 tamen
1814 732 1907 771 os-

324 804 500 859 tendit
520 806 783 872 aequalem
806 845 821 869 ,
850 804 990 873 quod
1017 804 1177 873 impie
1204 804 1422 874 refugis.
1448 804 1505 860 Si
1531 806 1671 859 enim
1701 808 1909 875 utrique

324 892 457 948 nihil
479 894 798 947 auctoritate
821 894 1032 962 propria
1052 895 1371 963 loquendum
1394 905 1739 965 pra-sumunt,
1764 898 1909 953 nullo

322 996 383 1036 se
404 982 644 1036 invicem
666 983 939 1051 dignitatis
968 983 1167 1037 honore
1194 983 1525 1052 prazcellunt.

400 1068 646 1124 XXXVI.
681 1071 872 1125 Adhuc
905 1080 1081 1124 tamen
1112 1073 1233 1125 audi
1282 1073 1613 1129 manifestius
1639 1075 1907 1145 quomodo

323 1160 469 1215 Patri
502 1160 738 1230 zquales
773 1160 1088 1215 habeantur.
1120 1161 1261 1216 Dicit
1296 1162 1475 1231 itaque
1506 1163 1707 1219 Filius:
1740 1167 1907 1236 Upcra

320 1266 440 1321 qua:
466 1266 563 1321 ego
594 1251 748 1320 facio,
772 1251 885 1319 ipsa
911 1251 1245 1319 testiﬁcantur
1278 1252 1342 1305 de
1372 1269 1449 1306 me
1479 1252 1656 1323 (Joan.
1683 1272 1710 1309 ι
1731 1297 1746 1322 ,
1776 1257 1903 1327 ‘25);

320 1354 376 1399 et
414 1345 651 1397 iterum:
686 1343 799 1417 Ego
837 1362 899 1399 ea:
939 1362 1019 1400 me
1056 1345 1186 1399 nihil
1221 1347 1379 1415 facio,
1421 1348 1509 1400 sed
1549 1346 1704 1401 Pater
1739 1348 1790 1402 in
1832 1364 1908 1402 me

321 1452 555 1499 manens,
587 1436 692 1505 ipse
736 1436 859 1504 facit
902 1452 1055 1502 opera
1096 1434 1284 1506 (Joan.
1319 1451 1428 1503 xiv,
1458 1436 1582 1506 10).
1625 1438 1907 1503 Quomodo

320 1540 465 1581 nunc
491 1540 624 1592 sua,
666 1530 936 1594 quomodo
976 1529 1135 1595 paulo
1179 1538 1297 1596 post
1343 1544 1448 1581 non
1495 1542 1588 1581 sua
1633 1528 1760 1582 dicit
1785 1544 1908 1584 esse

320 1631 484 1685 Opera
526 1634 649 1687 qua:
688 1617 852 1672 facit?
893 1618 1000 1673 Sed
1046 1619 1232 1674 volens
1274 1620 1454 1686 tttiqt'e
1502 1620 1655 1675 unius
1702 1629 1907 1675 natura:

2011 452 2233 521 Spiritus
2263 469 2469 513 sanctus
2498 460 2737 526 simplex,
2763 464 2965 527 unicus,
2991 475 3044 520 et
3070 476 3264 522 caztcra
3295 470 3448 539 (Sap.
3475 487 3576 535 vn,

2008 543 2121 615 22).
2149 546 2214 599 Et
2241 547 2498 616 Apostolo
2526 561 2894 609 contestante:
2930 554 3072 611 Unus
3101 557 3329 627 Spiritus
3356 560 3575 629 (Ephes.

2007 652 2082 703 tv,
2112 638 2198 705 4).
2246 639 2303 692 Et
2342 642 2572 695 iterum:
2604 642 2732 697 Haec
2774 655 2937 701 autem
2969 650 3139 703 omnia
3174 662 3417 720 operatur
3446 668 3577 705 unus

2005 735 2155 796 atque
2184 729 2316 781 idem
2339 730 2564 798 Spiritus
2595 724 2662 801 (1'
2680 734 2797 788 Cor.
2823 752 2922 802 xu,
2949 740 3060 808 Il).
3088 742 3157 795 At
3182 755 3368 795 rursus
3391 757 3407 797 :
3439 742 3579 808 Quo-

2006 816 2148 869 niam
2177 835 2265 885 per
2292 820 2489 888 ipsum,
2529 823 2728 892 inquit,
2765 826 3005 881 habemus
3034 845 3290 883 accessum
3329 832 3501 896 utique
3528 830 3581 884 in

2004 922 2109 959 uno
2138 906 2338 977 Spiritu
2372 909 2595 982 (Ep/tes.
2626 928 2691 977 tt,
2724 916 2834 982 18).
2876 913 3065 970 Cernis
3109 918 3289 985 igitur,
3327 934 3446 975 eunt
3487 921 3578 988 qui

2009 999 2178 1053 unicae
2204 1014 2267 1054 ac
2311 1000 2571 1071 simplicis
2607 1013 2811 1060 natura:
2856 1016 2970 1071 est,
3002 1009 3164 1063 Deum
3207 1012 3382 1077 p0tius
3419 1026 3577 1079 qnam

2006 1102 2308 1148 Creaturam
2346 1095 2500 1149 esse?
2544 1097 2778 1167 Denique
2820 1099 2863 1152 si
2910 1108 3154 1155 creatura
3189 1111 3244 1156 et
3288 1118 3392 1157 non
3441 1103 3579 1158 Deus

2009 1192 2126 1249 est,
2159 1198 2263 1252 quo
2302 1185 2545 1240 utilitatis
2583 1186 2843 1242 beneﬁcio
2875 1190 2927 1243 in
2975 1192 3190 1245 nomine
3226 1193 3343 1260 ejus
3383 1194 3578 1247 lavacri

2009 1273 2185 1327 vitalis
2229 1278 2563 1344 regeneratio
2597 1279 2748 1347 177
2779 1280 3115 1335 celebratur?
3158 1280 3453 1349 Baptizate,
3499 1283 3579 1337 in-

2006 1364 2121 1431 quit
2148 1364 2419 1429 Dominus,
2439 1381 2611 1436 gentes
2636 1371 2689 1422 in
2717 1371 2918 1424 nomine
2946 1370 3119 1425 Patris
3142 1384 3191 1426 et
3219 1370 3348 1425 Filii
3378 1382 3424 1427 et
3454 1372 3579 1439 Spi-

2006 1450 2138 1508 ritus
2172 1457 2332 1509 sancti
2368 1455 2580 1527 (Matth.
2605 1474 2759 1525 xxix,
2786 1459 2895 1527 19).
2930 1460 3063 1526 Quid
3089 1463 3231 1517 enim
3261 1462 3415 1517 nobis
3443 1478 3578 1532 pra:-

2007 1554 2151 1601 stare
2180 1556 2381 1614 potest,
2409 1550 2454 1603 si
2487 1550 2624 1605 Deus
2664 1566 2767 1605 non
2794 1552 2915 1605 est?
2937 1552 3119 1619 Qualis
3146 1567 3327 1622 quaeso
3353 1564 3437 1608 est
3477 1554 3577 1609 ista

2008 1645 2250 1690 creatura
2293 1653 2411 1706 qua:
2460 1654 2623 1693 unum
2673 1655 2793 1695 cum
2843 1641 3001 1696 Patre
3052 1644 3293 1711 possidet
3342 1634 3577 1699 nomen?

319 1708 697 1763 demonstrare
726 1710 1007 1775 virtutem,
1056 1712 1532 1780 pcrpetrandorum
1565 1728 1783 1781 operum
1829 1714 1906 1769 ef-

2011 1727 2178 1792 Quent
2206 1729 2251 1783 si
2282 1729 2333 1783 in
2366 1732 2681 1798 baptismate
2712 1750 2814 1788 non
2860 1708 3239 1800 nominavet-is,
3273 1735 3464 1790 frustra
3496 1737 3575 1789 vi-

319 1798 648 1866 llcientiam,
695 1801 762 1855 ad
811 1811 1047 1870 paterna:
1087 1802 1360 1873 dignitatis
1400 1805 1578 1858 rctu'it
1626 1804 1901 1860 unitatem.

319 1889 389 1944 Ut
422 1892 552 1944 dum
584 1904 721 1956 Opus
752 1890 922 1946 Patris
958 1900 1015 1947 et
1043 1890 1164 1946 Filii
1192 1905 1305 1952 est.
1335 1904 1387 1947 et
1416 1908 1551 1965 opus
1582 1895 1701 1949 Filii
1733 1896 1905 1951 Patris

318 1982 467 2050 (quia
495 1996 831 2051 quaecunque
876 1982 1032 2037 Pater
1075 1981 1231 2047 facit,
1259 1983 1448 2038 eadem
1479 1994 1534 2039 et
1578 1983 1745 2039 Filius
1777 1988 1905 2041 facit

317 2072 617 2138 similiter),
652 2088 715 2127 ex
758 2073 1027 2127 communi
1073 2083 1346 2141 gestorum
1378 2091 1562 2142 opere,
1596 2077 1903 2131 communio

316 2173 678 2233 cognoscatur
718 2178 841 2218 esse
876 2176 1097 2218 naturae.
1130 2164 1279 2220 Sicut
1305 2182 1433 2236 ergo
1460 2182 1556 2220 sua
1606 2182 1767 2236 opera
1796 2184 1903 2222 nou

317 2269 408 2308 sua
438 2253 600 2319 dicit;
629 2268 747 2321 qua:
778 2261 953 2307 tamen
986 2252 1151 2321 ipsius
1192 2269 1314 2309 esse
1353 2256 1683 2324 probantur;
1728 2259 1808 2312 sic
1849 2268 1905 2312 et

317 2347 481 2402 verba
511 2363 619 2400 non
643 2362 732 2400 sua
755 2360 815 2400 se
836 2345 976 2414 loqui
1004 2355 1243 2410 testatur,
1262 2363 1379 2415 qua:
1405 2351 1643 2417 profecto
1662 2349 1900 2419 ejusdem

319 2453 438 2493 esse
470 2448 786 2493 noscuntur.
824 2437 892 2492 Et
921 2438 1058 2505 quod
1089 2439 1155 2493 de
1186 2437 1344 2507 Filio,
1373 2439 1474 2494 hoc
1502 2441 1663 2495 etiam
1694 2442 1902 2510 conjice

316 2529 381 2584 de
409 2528 618 2595 Spiritu
648 2537 856 2593 sancto,
887 2531 973 2597 qui
1005 2527 1083 2583 sic
1118 2544 1148 2582 a
1187 2543 1245 2582 se
1292 2529 1408 2596 ipso
1436 2540 1655 2600 propter
1680 2531 1901 2585 demon-

313 2622 593 2675 strandam
627 2621 783 2691 176
803 2622 956 2674 unius
988 2629 1191 2673 natura:
1217 2620 1467 2676 deitatem
1502 2638 1606 2676 non
1642 2624 1897 2692 loquitur,

314 2722 371 2766 ut
401 2721 582 2767 tamen
614 2729 732 2782 qua:
762 2713 1016 2778 loquitur,
1046 2713 1162 2782 ejus
1189 2728 1329 2782 esse,
1360 2726 1413 2769 et
1441 2732 1547 2769 non
1579 2717 1751 2771 aliena
1784 2731 1901 2770 ere-

311 2806 531 2861 dantur.
572 2805 635 2859 Et
683 2807 1037 2875 loquebantur,
1069 2808 1236 2877 inquit
1281 2811 1453 2864 Lucas
1501 2811 1568 2864 de
1615 2812 1896 2877 apostolis,

311 2900 469 2951 rariis
506 2899 718 2969 linguis,
742 2910 893 2968 prout
932 2901 1153 2968 Spiritus
1176 2912 1381 2955 sanctus
1413 2902 1564 2955 dabat
1597 2904 1765 2970 eloqui
1792 2902 1900 2955 illis

312 2989 452 3057 (Act.
479 3004 547 3051 tt,
572 2988 654 3058 ι).
688 2990 751 3043 Et
783 2992 833 3043 in
870 2990 1157 3059 Evangelia
1187 3010 1201 3047 :
1238 2992 1357 3045 Non
1386 2994 1520 3045 enim
1555 3010 1639 3045 vos
1668 2995 1786 3045 estis
1814 2993 1900 3058 qui

310 3082 612 3149 loquimini,
654 3083 744 3135 sed
783 3082 1007 3151 Spiritus
1047 3082 1219 3138 Patris
1263 3085 1412 3137 vestri
1451 3085 1539 3149 qui
1578 3085 1801 3152 loquitur
1843 3084 1895 3135 in
1922 3072 1966 3131 δ

311 3174 455 3225 vobis
486 3170 705 3240 (Matth.
729 3189 760 3226 ι
780 3213 795 3237 ,
818 3173 929 3244 20).
958 3174 1125 3228 llabet
1158 3190 1285 3244 ergo
1316 3177 1429 3243 ipse
1456 3177 1720 3243 proliriam
1750 3174 1897 3228 fandi

310 3264 716 3328 auctoritatem,
765 3264 855 3334 qui
902 3264 1122 3319 liberam
1161 3266 1373 3320 cancris
1413 3264 1662 3334 loquendi
1712 3265 1901 3319 tribuit

310 3353 647 3407 facultatem.

379 3446 537 3497 Arius
574 3444 746 3496 dixit:
786 3443 986 3508 Quibus
1028 3444 1316 3513 Scripturte
1357 3444 1762 3498 auctoritatibus
1803 3445 1899 3498 do-

310 3550 438 3589 cere
467 3537 669 3601 poteris
691 3533 947 3598 Spiritum
977 3546 1214 3588 sanctum
1247 3536 1412 3589 Deum
1439 3552 1580 3601 esse,
1614 3550 1771 3604 quem
1797 3550 1897 3606 ego
1927 3526 1934 3535 ’

309 3637 615 3680 creaturam
650 3640 770 3679 esse
795 3626 1094 3679 confiteor?

380 3717 694 3775 Athanasius
725 3718 852 3769 dixit
874 3734 893 3770 :
927 3718 964 3769 Il
993 3733 1057 3771 nc
1089 3718 1353 3786 pra-cipue
1384 3717 1685 3771 declaratur
1716 3717 1888 3786 Spiri-

310 3816 426 3860 Iutu
471 3818 716 3861 sanctum
753 3810 915 3861 Deum
947 3823 1087 3869 esse,
1127 3808 1245 3876 quia
1280 3807 1472 3875 ubique
1500 3816 1618 3864 est.
1657 3819 1708 3860 ct
1740 3807 1889 3858 nullo

310 3907 616 3951 cntitinetnr
646 3900 784 3959 loco,
817 3898 953 3950 sicut
976 3904 1232 3966 propheta
1256 3898 1386 3951 dicit
1405 3898 1470 3949 ad
1500 3896 1707 3950 Patrem
1736 3913 1748 3947 :
1783 3897 1896 3960 Quo

309 3989 395 4041 ibo
430 4006 461 4041 ιι
497 3990 681 4057 spiritu
710 4002 797 4042 tuo
833 3987 1000 4058 (Psal.
1027 4003 1259 4043 cxxxvttt
1279 4031 1293 4055 ,
1323 3988 1420 4058 7)?
1451 3987 1517 4040 Et
1553 3995 1892 4040 enminonet:

310 4082 541 4149 Spiritus
582 4080 795 4135 Domini
833 4081 1040 4149 repleuit
1080 4081 1249 4133 orbem
1276 4092 1528 4133 terrarum
1566 4078 1720 4145 (Sap.
1746 4093 1791 4140 ι,
1817 4078 1892 4143 7).

310 4174 449 4229 Esse
488 4174 635 4228 etiim
665 4173 881 4241 ubique,
912 4181 965 4227 et
996 4187 1101 4225 uno
1126 4173 1420 4241 eodemque
1465 4179 1745 4224 momento
1786 4184 1897 4224 ca:-

311 4266 417 4328 los,
454 4276 647 4329 terras,
678 4263 845 4317 maria
880 4265 1190 4333 inlernaque
1219 4261 1428 4331 replere
1469 4262 1550 4330 (ut
1581 4260 1744 4313 David
1780 4260 1890 4314 ait:

313 4356 373 4410 Si
402 4358 681 4409 escendero
710 4355 765 4406 in
790 4354 999 4420 ratum,
1031 4362 1083 4404 tu
1109 4353 1214 4405 illic
1243 4368 1327 4415 es;
1355 4360 1400 4404 et
1430 4352 1472 4405 si
1495 4350 1800 4404 descendero
1824 4350 1893 4402 ad

312 4447 602 4511 infernum,
644 4446 764 4497 ades
794 4442 965 4515 (Psal.
990 4458 1227 4498 cxxxvm
1250 4483 1263 4506 ,
1292 4440 1410 4511 8)),
1452 4456 1558 4495 non
1598 4449 1887 4507 creaturae,

313 4541 409 4592 sed
432 4540 598 4591 solius
628 4537 723 4595 Dei
748 4546 832 4591 est
861 4537 1155 4604 prOprium.

389 4628 652 4682 XXXVII.
689 4627 925 4695 Denique
953 4624 1073 4694 quia
1120 4625 1257 4678 idem
1285 4634 1369 4679 est
1410 4622 1807 4689 incompositae,
1840 4619 1889 4675 id

315 4727 399 4770 est
422 4718 682 4786 sitnp’icis
713 4727 936 4769 natura).
967 4715 1095 4768 Nam
1132 4725 1374 4767 creatura
1404 4714 1602 4777 omnis,
1633 4724 1890 4781 quantum

316 4810 385 4861 ad
413 4818 616 4861 natura:
641 4807 885 4860 ordinem
912 4806 1157 4875 pertinet,
1184 4806 1474 4871 composita
1503 4814 1605 4856 est.
1629 4803 1680 4857 Si
1715 4800 1892 4871 itaque

316 4898 568 4966 Spiritum
599 4908 843 4951 sanctum
875 4898 1228 4965 eotnpositnm
1258 4912 1324 4950 ex
1358 4897 1672 4950 diversitate
1702 4894 1892 4947 forma-

317 5004 435 5044 rum
460 4989 694 5042 valueris
718 4992 1021 5053 ostendere,
1050 4999 1174 5042 tunc
1201 4991 1411 5041 demum
1438 5000 1769 5055 consequens
1792 4988 1892 5039 erit

318 5093 380 5133 ut
404 5098 521 5135 eum
543 5093 848 5135 creaturam
871 5097 990 5135 esse
1022 5082 1201 5135 nulltts
1226 5084 1418 5133 audeat
1445 5081 1710 5134 dubitare.
1742 5080 1890 5132 Tunc

316 5186 494 5226 nutent
525 5188 749 5227 necesse
791 5174 895 5226 erit
932 5186 980 5226 nl
1001 5218 1015 5239 ,
1044 5177 1086 5226 si
1128 5182 1368 5227 creatura
1400 5180 1508 5235 est,
1539 5173 1732 5225 doceas
1769 5186 1889 5224 cum

314 5280 655 5317 communem
700 5278 822 5318 esse
864 5279 983 5317 cum
1014 5275 1244 5329 cmters,
1289 5264 1369 5316 Vel
1413 5262 1643 5331 angelis,
1674 5262 1754 5317 vel
1799 5277 1887 5315 aro

312 5357 610 5423 changelis,
633 5366 725 5408 aut
749 5356 1097 5424 potestatibus
1117 5364 1172 5410 et
1201 5355 1581 5423 principatibus
1607 5373 1617 5407 :
1648 5364 1699 5408 et
1726 5368 1887 5407 unum

312 5463 435 5501 esse
461 5466 528 5503 ex
557 5449 692 5513 illis;
723 5463 786 5504 ac
810 5448 887 5504 sic
927 5450 1139 5503 unicum
1167 5462 1221 5503 et
1257 5450 1582 5518 singularem
1626 5464 1728 5502 non
1770 5461 1889 5503 esse

311 5545 674 5607 demonSIrcs,
701 5542 841 5611 quod
888 5557 1222 5612 nequaquam
1257 5544 1437 5611 utique
1480 5540 1886 5611 (obtinentibus,

313 5644 373 5693 et
400 5635 628 5706 undique
666 5635 1079 5691 rcr'atn-tntihus
1113 5634 1384 5702 prophetis
1422 5643 1580 5700 atque
1609 5632 1890 5703 apnstnlis)

2006 1816 2219 1871 debitur
2248 1822 2559 1889 mysterium
2601 1838 2779 1892 omne,
2814 1826 3106 1894 perfectum
3137 1842 3242 1881 non
3267 1828 3370 1882 erit
3398 1842 3577 1882 sacra-

2006 1917 2266 1964 mentum.
2294 1910 2566 1967 Incassum
2591 1915 2785 1983 quippe
2819 1915 2988 1969 I‘atris
3005 1927 3057 1971 et
3085 1917 3203 1977 Filii
3227 1918 3441 1971 nomine
3461 1925 3577 1973 ute-

2005 1996 2099 2063 ris,
2143 1999 2232 2053 illo
2260 2015 2363 2054 non
2409 2004 2700 2057 nominato.
2747 2000 3052 2060 Creaturam
3094 2022 3223 2075 ergo
3261 2009 3576 2063 creatricem

2005 2099 2125 2141 esse
2151 2104 2254 2143 non
2285 2105 2461 2159 posse,
2486 2092 2620 2146 nulli
2652 2103 2733 2147 est
2761 2096 2978 2148 omnino
3004 2094 3330 2164 ambiguum.

2076 2185 2359 2239 XXXVIII.
2405 2187 2553 2241 Iluuc
2598 2197 2775 2241 autem
2808 2189 3068 2257 Spiritum
3109 2200 3405 2247 creatorem
3455 2207 3577 2248 esse

2004 2275 2291 2339 Scriptura:
2336 2276 2535 2330 divinas
2585 2278 2779 2345 ultique
2831 2279 3145 2346 loquuntur;
3191 2282 3326 2335 sicut
3376 2283 3428 2335 in
3474 2282 3578 2337 Job

2006 2364 2277 2419 volumine
2308 2365 2562 2433 legimus;
2612 2366 2838 2433 Spiritus
2874 2371 3077 2423 divinus
3101 2383 3194 2434 est,
3236 2375 3325 2441 qui
3355 2374 3472 2441 fecit
3498 2391 3578 2428 me

2006 2455 2128 2527 (Job
2157 2471 2342 2523 χχχιιι,
2369 2456 2445 2525 οι).
2492 2458 2620 2512 Nam
2658 2469 2902 2513 cunctam
2932 2461 3253 2528 generaliter
3277 2475 3573 2518 creaturam

2002 2561 2254 2616 operasse
2304 2549 2534 2614 Spiritus
2582 2560 2799 2605 sanctus
2845 2551 3195 2620 designatur:
3236 2554 3373 2608 sicut
3405 2555 3573 2608 David

2002 2637 2303 2692 evidentius
2331 2639 2588 2702 declarat,
2632 2639 2855 2694 dicens:
2893 2642 3146 2707 Quoniam
3184 2642 3362 2697 uidebo
3396 2643 3569 2707 catos,

2002 2746 2155 2801 opera
2180 2732 2453 2801 digitorum
2482 2740 2687 2784 tuorum
2717 2731 2883 2803 (Psal.
2916 2747 3029 2799 vnt,
3057 2732 3134 2802 4),
3192 2732 3346 2788 Verbi
3378 2733 3563 2786 videli—

2002 2829 2087 2874 cet
2116 2828 2169 2874 et
2197 2820 2427 2889 Spiritus
2470 2822 2663 2874 sancti.
2708 2822 2936 2889 Digitum
2980 2824 3120 2877 enim
3161 2837 3282 2877 esse
3317 2822 3570 2892 Spiritum

2004 2922 2268 2976 sanctum,
2297 2912 2449 2980 cujus
2477 2928 2635 2980 opera
2664 2927 2783 2967 esse
2808 2916 3065 2968 cmlorum
3101 2914 3373 2979 fabricam,
3419 2929 3572 2970 sacro

2006 3003 2262 3071 pr0plteta
2290 3005 2521 3058 concinit
2558 3020 2672 3071 ore,
2726 3005 3005 3073 pchpicue
3037 3006 3290 3061 Dominus
3321 3007 3373 3060 in
3403 3007 3573 3061 Evan-

1998 3094 2135 3161 gelio
2161 3095 2548 3148 demonstravit
2570 3095 2754 3149 dicens
2791 3111 2806 3150 :
2841 3096 2902 3149 Si
2925 3112 3016 3164 ego
3042 3097 3093 3148 in
3115 3097 3272 3167 digito
3300 3098 3394 3152 Dei
3419 3100 3567 3167 ejicio

1996 3184 2272 3250 daemonia,
2307 3189 2591 3248 supervenit
2619 3188 2669 3239 in
2692 3203 2778 3240 vos
2804 3203 3014 3258 regnum
3045 3187 3138 3242 Dei
3177 3188 3327 3258 (Luc.
3358 3206 3431 3252 xl,
3454 3192 3568 3260 ⁴20).

1998 3275 2113 3341 Quo
2141 3277 2307 3344 digito
2354 3277 2436 3330 lex
2473 3277 2561 3330 Dei
2613 3278 2662 3331 in
2705 3277 2907 3331 duabus
2952 3279 3144 3332 tabulis
3188 3279 3412 3348 lapideis
3441 3296 3572 3336 con-

1997 3367 2195 3433 scripta
2237 3368 2484 3433 refertur,
2538 3379 2592 3420 ut
2634 3368 2684 3421 iu
2717 3367 2900 3422 Exodo
2934 3368 3162 3438 legimus
3191 3388 3202 3423 :
3235 3373 3460 3442 Accepit,
3491 3374 3569 3427 itt-

1996 3456 2127 3527 quit,
2166 3456 2367 3525 Moyses
2408 3458 2538 3511 duas
2566 3459 2762 3512 tabulas
2802 3461 3018 3527 scriptas
3061 3461 3220 3532 digito
3252 3461 3345 3516 Dei
3374 3462 3568 3533 (Exod.

2001 3563 2147 3609 XXXI,
2184 3548 2274 3616 l8)
2309 3547 2458 3603 Unde
2500 3550 2797 3604 ostenditur
2841 3550 2977 3604 hunc
3022 3552 3274 3620 Spiritum
3322 3566 3565 3608 sanctum

1998 3640 2353 3709 legislatorem
2384 3656 2527 3706 esse,
2577 3643 2728 3709 cujus
2768 3645 2847 3697 lex
2880 3659 2909 3698 a
2944 3647 3175 3712 peccatis
3224 3646 3467 3701 homines
3508 3649 3572 3701 li-

2000 3732 2166 3795 berat,
2214 3735 2504 3788 secundum
2544 3736 2843 3788 atleslanlis
2875 3734 3021 3788 Pauli
3062 3740 3425 3803 praeconium:
3462 3737 3570 3791 Lex

2005 3815 2229 3883 Spiritus
2251 3819 2295 3869 vi
2308 3830 2365 3871 ἰε
2390 3818 2615 3870 liberarit
2648 3834 2726 3871 me
2744 3835 2776 3871 a
2794 3817 2903 3889 lege
2927 3819 3116 3885 peccati
3136 3830 3181 3872 et
3203 3821 3375 3872 mortis
3393 3821 3567 3890 (Rom.

1999 3924 2110 3973 vin,
2140 3910 2219 3977 ‘2).
2260 3908 2424 3975 Cujus
2452 3907 2660 3962 virtutis
2692 3908 2982 3976 potentiam
3013 3910 3148 3979 magi
3191 3925 3402 3979 quoque
3435 3912 3570 3963 Pha-

1998 4000 2177 4053 raonis
2207 4000 2522 4053 mirabiliter
2547 3999 2891 4064 confitentur,
2934 4000 3171 4054 dicentes
3205 4018 3217 4053 :
3251 4000 3350 4054 llic
3379 4002 3571 4072 digitus

1999 4089 2094 4143 Dei
2114 4099 2183 4143 est
2211 4089 2405 4159 (Exod.
2434 4104 2545 4153 vut,
2569 4088 2679 4159 l9).
2704 4089 2893 4143 Adhuc
2920 4100 3095 4143 autem
3125 4098 3422 4143 creatorem
3445 4105 3567 4145 esse

1996 4178 2252 4246 Spiritum
2284 4189 2549 4244 sanctum,
2579 4177 2833 4246 pr0plieta
2860 4178 3023 4232 David
3050 4179 3286 4246 apertius
3308 4178 3567 4247 declarat,

1995 4270 2178 4322 dicens
2202 4284 2216 4325 :
2246 4267 2406 4321 Verbo
2432 4267 2635 4320 Domini
2660 4268 2771 4321 ειειὲ
2788 4268 2979 4335 ﬁrmati
3006 4281 3144 4337 sunt,
3168 4279 3213 4321 et
3237 4268 3437 4335 Spiritu
3466 4272 3567 4323 oris

1995 4362 2107 4423 eius
2132 4358 2294 4409 omnis
2322 4358 2478 4410 virtus
2508 4373 2681 4410 eorum
2717 4357 2887 4429 (Psal.
2920 4374 3082 4423 χχχιι,
3114 4359 3193 4427 6).
3241 4360 3302 4415 Et
3340 4360 3567 4415 iterum:

1920 4426 1966 4485 D
1998 4446 2183 4500 Emitte
2210 4448 2457 4518 Spiritum
2495 4457 2660 4513 tuum,
2692 4426 2736 4502 et
2768 4449 3073 4503 creabantur
3100 4426 3268 4521 (Psal.
3304 4431 3416 4515 CIII:
3448 4449 3561 4521 50).

1995 4538 2229 4592 Virtutes
2258 4551 2433 4593 autem
2466 4540 2720 4595 cmlorum
2754 4543 2970 4609 angelos
3000 4557 3120 4596 esse
3148 4558 3304 4597 nemo
3336 4544 3565 4597 dubitat.

1994 4628 2093 4694 Qui
2120 4629 2283 4682 etiam
2308 4631 2600 4684 secundum
2631 4630 2871 4698 Apostoli
2906 4629 3288 4697 testimonium,
3346 4635 3398 4688 in
3430 4633 3571 4689 hunc

1993 4720 2245 4789 Spitilum
2272 4730 2518 4787 tanquam
2560 4722 2609 4775 in
2647 4736 2758 4775 sum
2808 4722 3026 4790 originis
3063 4734 3356 4789 auctorem,
3408 4738 3568 4778 reve-

1998 4811 2305 4865 rentissime
2349 4811 2653 4864 desiderant
2692 4813 2961 4879 aspicere,
3013 4812 3141 4866 (ἰὴ-ξι
3174 4814 3315 4867 enim
3357 4816 3422 4866 ita
3450 4831 3461 4865 :
3489 4812 3569 4870 Ea

1995 4916 2108 4969 qua:
2133 4911 2249 4953 sunt
2278 4902 2414 4953 robis
2435 4916 2467 4952 a
2492 4899 2692 4971 Spiritu
2714 4911 2891 4953 saneto
2910 4902 3060 4955 missa
3086 4903 3149 4955 de
3169 4905 3324 4965 etatis,
3349 4904 3398 4956 iu
3420 4919 3567 4972 quem

1995 4991 2354 5059 concupiscunt
2384 4989 2553 5060 angeli
2580 4990 2865 5058 prospicere
2891 4990 2943 5061 (1
2979 4990 3123 5046 Petr.
3155 5007 3191 5056 ι,
3227 4992 3337 5062 12).

2067 5080 2308 5136 XXXIX.
2340 5081 2397 5136 Si
2428 5081 2565 5135 Deus
2588 5097 2690 5134 non
2710 5089 2872 5149 esset,
2904 5081 3129 5138 faciendi
3160 5099 3279 5152 qua:
3309 5084 3421 5137 vult
3444 5096 3565 5152 pro-

1998 5172 2166 5241 prium
2200 5186 2303 5225 non
2342 5171 2559 5225 haberet
2590 5172 2890 5229 arbitrium.
2938 5178 3005 5227 At
3041 5189 3159 5227 cum
3191 5173 3243 5227 in
3282 5173 3561 5239 dispensa-

1997 5263 2137 5316 tione
2161 5262 2503 5324 sacramenti,
2558 5263 2714 5332 178
2762 5262 3005 5317 libertate
3044 5266 3207 5315 utitur
3254 5260 3559 5325 voluntatis,

1996 5372 2097 5412 nec
2121 5366 2397 5426 exspectat
2419 5357 2660 5428 jnbentis
2698 5358 2997 5426 imperium,
3041 5362 3258 5423 appa-et
3291 5368 3412 5408 eum
3438 5367 3560 5408 esse

1997 5464 2102 5503 non
2129 5458 2452 5511 creaturam,
2495 5449 2588 5503 sed
2632 5449 2817 5502 Deum.
2863 5445 3144 5513 Apostolus
3171 5443 3309 5495 enim
3341 5457 3461 5498 cum
3489 5443 3559 5498 do

1997 5539 2294 5595 cmlestium
2323 5539 2582 5594 donortttn
2614 5536 3005 5592 diversitatihus
3027 5533 3352 5600 loqueretur,
3376 5534 3441 5587 ad
3463 5549 3556 5589 ex.

2001 5642 2226 5691 tremum
2260 5633 2433 5688 intulit
2460 5672 2471 5684 .
2504 5630 2621 5686 Ilico
2649 5640 2814 5683 autem
2845 5625 3009 5680 omnia
3037 5633 3276 5696 operatur
3314 5643 3444 5685 unus
3478 5637 3557 5685 at.
