4026 6176
407 282 510 338 223

1718 276 1946 332 ιἰοιιιι
1988 274 2361 330 TAI‘SENSIS

3551 273 3656 330 ’224

410 413 504 464 que
531 397 663 448 idcm
697 395 944 463 Spiritus,
981 395 1208 448 dividens
1234 394 1444 465 singulis
1487 401 1634 461 prout
1662 394 1761 446 vult
1786 393 1833 460 (Ι
1861 392 1977 445 Cor.
2013 391 2060 450 Α
2087 387 2430 457 argumentis.
2506 388 2643 441 Dicit
2698 386 2955 454 Spiritum
3006 397 3246 440 sanctum
3299 386 3463 440 Deum
3508 401 3654 453 esse,

405 502 501 550 xu,
537 487 644 555 11).
682 487 748 540 Et
775 487 966 540 iterum
997 503 1008 535 τ
1035 485 1288 552 Spiritus,
1321 484 1518 553 inquit,
1560 495 1766 536 sanctus
1807 483 1981 536 distri-

410 579 516 630 buit
543 578 776 630 omnibus
806 577 1081 630 secundum
1111 576 1418 628 voluntatem
1449 591 1592 627 suam
1614 574 1795 643 (llebr.
1816 589 1872 639 tt,
1898 573 1976 641 4).

413 671 478 720 Iit
497 668 759 721 Dominus
785 667 836 720 in
865 667 1147 734 Evangelia
1177 666 1250 718 ait
1274 683 1286 717 :
1313 664 1544 734 Spiritus
1581 666 1666 718 ubi
1685 665 1792 717 vult
1819 666 1980 730 spirat

411 755 594 824 (toan.
623 770 702 823 nt,
733 757 807 823 8).
832 757 886 808 Si
936 755 1074 808 Deus
1119 769 1224 809 non
1270 763 1375 820 est,
1418 753 1684 822 quomodo
1716 754 1982 807 viviticat?

411 845 668 910 Apostolo
707 844 919 898 dicente
949 862 961 895 :
988 843 1180 896 Littera
1208 845 1415 908 occidit,
1461 844 1688 912 Spiritus
1717 853 1885 895 autem
1912 843 1984 894 vi-

409 934 577 1001 i-iﬁcat
605 933 692 1004 (II
719 933 843 990 Cor.
871 949 950 998 ιιι,
979 935 1058 1003 6).
1101 934 1165 988 Et
1188 949 1370 988 rursus
1400 935 1468 986 de
1499 935 1606 988 Deo
1632 950 1647 990 :
1691 933 1985 998 Viviﬁcabit

412 1031 461 1075 ct
489 1024 724 1075 mortalia
766 1039 982 1093 corpora
1009 1032 1171 1076 ucstra
1212 1039 1300 1089 per
1336 1023 1699 1075 inhabitantem
1732 1022 1986 1090 Spiritum

413 1126 561 1163 suum
589 1112 640 1164 in
669 1113 806 1164 vobis
831 1112 1004 1172 (Rom.
1037 1127 1149 1178 vm,
1179 1113 1287 1178 li).
1343 1112 1405 1165 Et
1438 1113 1693 1166 Dominus
1737 1113 1790 1166 in
1817 1111 1990 1164 Evan-

414 1202 552 1270 gelio
577 1219 589 1254 :
616 1203 842 1269 Spiritus
872 1216 967 1265 est,
994 1205 1078 1268 qui
1105 1203 1324 1270 viri/irat
1353 1203 1531 1268 (Joan.
1564 1219 1638 1268 Vl,
1671 1203 1784 1272 64).
1836 1203 1989 1258 Unde

415 1280 470 1344 et
515 1291 566 1343 in
617 1292 892 1347 Ezechiele
937 1293 1160 1358 Spiritus
1202 1294 1315 1347 vita:
1360 1294 1688 1359 appellatur;
1735 1294 1984 1359 Spiritus,

416 1382 608 1449 inquit,
639 1383 751 1436 vita:
777 1393 882 1435 erat
914 1383 964 1435 in
991 1385 1117 1436 rotis
1144 1383 1353 1451 (Ezech.
1371 1399 1408 1446 ι,
1434 1383 1548 1451 c10).
1571 1382 1645 1436 De
1671 1398 1776 1451 quo
1812 1383 1989 1435 Domi-

419 1485 522 1523 nus
556 1471 607 1524 in
629 1472 815 1526 eodem
844 1473 1101 1540 propheta
1133 1473 1434 1526 mortalium
1466 1473 1785 1541 corporibus
1820 1473 1986 1527 dicit:

419 1560 572 1620 Ecce,
601 1577 696 1630 ego
725 1564 1057 1615 intromittam
1080 1565 1130 1615 in
1157 1579 1241 1616 ros
1265 1563 1516 1631 Spiritum
1548 1580 1713 1616 meum
1746 1573 1790 1617 et
1822 1566 1992 1618 vinctis

421 1651 632 1720 (Eucti.
661 1667 860 1720 xum,
897 1652 973 1720 5).
1008 1652 1146 1721 Ergo
1178 1653 1268 1721 qui
1299 1653 1457 1705 vitam
1483 1653 1688 1715 tribuit,
1713 1654 1850 1706 Deus
1886 1663 1991 1708 est.

2081 479 2224 547 quod
2280 479 2492 546 quidem
2549 495 2808 546 nusquam
2857 476 3154 532 evidentius
3213 477 3373 547 valuit
3434 479 3656 530 demon-

2081 578 2272 624 strare.
2301 569 2426 621 Esui
2447 579 2643 630 tamen,
2672 579 2725 622 ut
2749 570 2796 622 ci
2822 582 3003 623 cutura
3027 583 3201 622 rerum
3226 569 3499 621 veritatem
3531 584 3660 622 ron-

2081 658 2265 712 ccdam
2295 659 2365 710 oh
2407 658 2508 712 hoc
2557 659 2817 725 Spiritum
2861 668 3100 710 sanctum
3156 658 3318 710 Deum
3365 658 3533 712 videri
3578 660 3660 712 vel

2083 762 2204 802 esse
2231 763 2409 818 posse,
2460 750 2599 817 quod
2648 749 2766 802 talia
2818 759 3215 816 Opercturqua:
3265 765 3371 800 non
3422 751 3520 801 nisi
3554 749 3661 803 Deo

2083 840 2328 893 convenit
2360 841 2586 905 operari.
2619 839 2759 909 Ergo
2791 839 2956 894 Deum
2989 839 3218 901 Patrem,
3245 838 3412 892 Deum
3445 839 3656 903 Filium,

2087 928 2253 981 Deum
2299 929 2493 980 fatetur
2535 929 2787 996 Spiritum
2835 938 3120 998 sanctmn:
3165 943 3227 982 ac
3277 943 3369 996 per
3410 928 3508 980 hoc
3557 938 3662 981 tres

2089 1019 2250 1082 Deos,
2282 1023 2379 1072 etsi
2411 1036 2515 1070 ιιυιι
2537 1029 2718 1087 aperta
2752 1019 3048 1088 impietate,
3097 1019 3207 1085 ipsa
3256 1021 3432 1071 tamen
3464 1020 3661 1087 irofes-

2089 1107 2256 1161 sionis
2287 1107 2496 1160 videtur
2519 1110 2826 1163 eunditiune
2856 1110 3223 1172 introducere;
3257 1120 3307 1162 et
3334 1125 3426 1177 per
3447 1111 3547 1162 hoc
3569 1125 3662 1162 nos

2090 1198 2157 1251 ad
2187 1214 2308 1252 eum
2342 1200 2480 1252 trude
2515 1199 2739 1267 digressi
2782 1201 3069 1261 fueramus,
3102 1199 3394 1252 multorum
3436 1199 3661 1252 Deorum

2091 1305 2329 1343 crrorem
2350 1290 2744 1359 quodammodo
2765 1305 3013 1344 revocare
3042 1289 3246 1358 incipit.
3271 1289 3435 1343 Velim
3464 1292 3664 1357 Optimo

2089 1379 2252 1448 judcx
2287 1381 2352 1446 (si
2390 1389 2562 1434 tamen
2600 1382 2853 1450 possibile
2895 1383 2982 1446 sit)
3027 1382 3430 1449 deprehendere
3473 1396 3664 1433 novum

2095 1471 2256 1523 istum
2288 1472 2557 1538 egregium
2587 1473 2716 1526 artis
2742 1486 2852 1524 sua:
2879 1475 3214 1540 magistrum,
3239 1472 3426 1524 solutis
3457 1475 3665 1538 paesti--

2094 1563 2301 1626 giorum
2335 1561 2628 1627 fraudibus,
2661 1563 3089 1615 convenientium
3119 1563 3302 1615 oculos
3336 1563 3666 1617 illudentem.

2100 1649 2165 1705 Ut
2194 1652 2334 1704 enim
2381 1651 2538 1707 trium
2569 1651 2788 1706 deorum
2820 1655 3168 1707 confessionis
3213 1653 3502 1720 pericttlum
3545 1669 3668 1707 cva-

422 1743 554 1797 Nam
571 1747 613 1797 si
635 1745 772 1799 Deus
794 1760 898 1797 non
923 1746 1366 1808 esset,o;nomodo
1387 1746 1640 1799 nmndum
1661 1745 1992 1813 iudicaturus
2025 1737 2068 1796 B
2094 1739 2208 1805 dat,
2239 1742 2422 1796 subito
2452 1757 2563 1806 eos,
2616 1745 2688 1796 uti
2739 1755 2846 1798 tres
2873 1761 3006 1797 unus
3035 1754 3314 1813 appareat,
3368 1747 3668 1814 incompre-

427 1834 612 1887 veniie
652 1835 1004 1901 pmdicatur?
1047 1835 1270 1887 Domino
1313 1835 1522 1889 dicente
1563 1836 1614 1889 in
1661 1837 1986 1904 Evangelio:

423 1922 551 1976 Cum
574 1925 758 1975 venerit
784 1924 1010 1991 Spiritus
1055 1923 1366 1989 Paraclitus,
1405 1927 1512 1994 ipse
1541 1935 1716 1995 arguet
1744 1929 1992 1979 mundum

425 2021 488 2065 de
517 2023 738 2077 peccato,
761 2017 822 2066 de
837 2017 1057 2082 iustitia,
1091 2025 1136 2065 ct
1161 2017 1225 2068 de
1245 2018 1438 2083 judicio
1473 2015 1645 2080 (Joan.
1680 2035 1762 2070 xw
1812 2021 1888 2082 8).

503 2101 612 2154 XL.
661 2103 793 2154 Audi
841 2102 980 2154 aliud
1025 2112 1392 2170 argumentum
1441 2119 1544 2171 quo
1592 2105 1787 2158 clarcat
1829 2106 1991 2158 Deum

429 2203 550 2243 esse
579 2189 832 2257 Spiritum
860 2200 1120 2244 sanctum.
1181 2192 1334 2245 Vocat
1371 2193 1522 2244 Pater
1573 2193 1755 2246 fideles
1787 2196 1834 2247 in
1876 2211 1995 2263 gra-

434 2279 559 2332 tiam
584 2295 756 2342 suam,
786 2291 937 2334 vocat
970 2283 1154 2348 Filius,
1193 2294 1343 2336 vocat
1377 2285 1605 2352 Spiritus
1634 2296 1869 2340 sanctus.
1895 2288 1994 2352 Qui

430 2371 474 2423 si
499 2381 742 2425 creatura
769 2384 932 2437 esset,
966 2390 1143 2441 parem
1176 2391 1236 2428 ac
1263 2377 1488 2430 similem
1519 2378 1736 2430 Vocandi
1767 2382 1997 2434 auctori-

431 2470 594 2516 tatem
621 2477 724 2517 non
754 2465 992 2518 haberet.
1043 2466 1172 2517 Nam
1205 2466 1271 2519 de
1303 2465 1458 2522 Patre
1497 2470 1780 2538 Apostolus
1826 2471 1992 2525 dicit:

437 2555 654 2617 Quando
677 2567 846 2608 autent
873 2559 1066 2624 placuit
1096 2556 1219 2622 Deo,
1262 2561 1348 2628 qui
1377 2577 1456 2612 me
1480 2567 1755 2633 segregavit
1777 2567 1839 2617 ab
1859 2576 1999 2620 utero

431 2647 607 2699 matris
628 2663 770 2712 metr,
796 2659 841 2702 et
869 2655 1060 2705 vocant
1090 2654 1139 2706 in
1164 2658 1380 2722 gratiam
1406 2675 1552 2710 suam
1583 2658 1722 2727 (Cal.
1741 2677 1777 2726 ι,
1801 2661 1907 2730 15).
1939 2664 2004 2716 Et

434 2737 504 2791 de
533 2736 747 2794 Christo
775 2740 1026 2797 Romanis
1055 2747 1293 2800 sorbens
1318 2766 1328 2799 :
1357 2748 1421 2801 In
1447 2751 1628 2819 quibus
1660 2754 1776 2805 estis
1819 2763 1864 2806 et
1895 2771 2002 2820 vos,

441 2829 628 2896 inquit,
660 2834 968 2888 voratiJesu
1011 2837 1197 2892 t‘hristi
1244 2842 1416 2910 (Rom.
1466 2860 1504 2907 Ι,
1552 2845 1630 2914 ϐ).
1683 2846 1757 2900 De
1808 2847 2004 2915 Spiritu

437 2930 625 2974 sancto
653 2923 822 2976 Lucas
850 2926 902 2978 in
929 2927 1148 2982 Actibus
1176 2934 1538 2999 apostolorum
1562 2936 1691 2990 dicit
1716 2955 1726 2987 :
1751 2937 2001 3008 Jejumm-

435 3011 566 3064 tibus
601 3020 648 3064 et
688 3015 960 3082 niuui/ican
984 3019 1094 3072 ibus
1134 3021 1239 3073 illis
1279 3023 1351 3091 (id
1395 3035 1476 3078 est
1523 3029 1822 3097 apostolis),
1872 3031 2000 3082 dixit

2099 1832 2346 1885 hcnsibili
2379 1831 2746 1901 phantasmate
2771 1834 2987 1898 confiat,
3035 1835 3218 1888 dicens
3248 1853 3260 1887 :
3295 1834 3401 1889 Sed
3443 1836 3494 1887 hi
3535 1844 3668 1898 trcs.

2097 1938 2235 1977 unus
2266 1924 2425 1978 Deus.
2451 1923 2652 1978 Rursus
2672 1941 2803 1996 quos
2833 1927 3012 1980 nescio
3033 1943 3133 1994 qua
3157 1928 3525 1996 coagulationc
3548 1943 3671 1995 per-

2102 2015 2290 2067 mistos
2316 2027 2366 2068 et
2398 2018 2642 2068 couuitus
2673 2019 2722 2070 in
2753 2034 2914 2071 unum
2943 2017 3103 2071 Dcmn
3136 2017 3433 2084 redegerat,
3481 2017 3671 2070 iterum

2097 2121 2192 2159 eos
2235 2116 2508 2171 separatos
2549 2106 2821 2160 triformes
2863 2107 3113 2167 ostendit.
3171 2107 3326 2176 180
3354 2105 3573 2159 dicens;
3607 2105 3672 2159 Et

2100 2193 2185 2246 hic
2216 2210 2352 2248 unus
2381 2196 2514 2248 Deus
2544 2196 2774 2250 Trinitas
2805 2206 2905 2251 est.
2959 2196 3107 2260 Vide,
3161 2198 3202 2250 si
3249 2196 3396 2250 vales
3443 2197 3562 2266 (oro
3599 2199 3674 2263 te)

2101 2283 2338 2337 inaudita
2379 2286 2492 2338 lucc
2521 2296 2575 2340 et
2606 2289 2776 2339 invisa
2811 2287 3053 2353 pessima'
3085 2287 3475 2355 imaginationis
3506 2288 3675 2342 vesti-

2101 2387 2227 2440 gare
2270 2385 2532 2443 portenta.
2587 2376 2694 2443 Ego
2739 2378 2880 2430 enim
2941 2378 3396 2445 comprehendere
3448 2393 3675 2446 nequeo,

2103 2465 2548 2532 quemadmodum
2579 2468 2646 2519 sit
2666 2466 2805 2520 Deus
2836 2483 2973 2522 nunc
3005 2483 3158 2531 unus,
3189 2481 3327 2520 nunc
3355 2467 3678 2534 tripartitns;

2104 2570 2247 2609 nunc
2276 2570 2338 2609 ex
2369 2556 2536 2609 tribus
2568 2559 2620 2610 in
2655 2574 2760 2610 uno
2789 2560 3064 2623 confusus,
3113 2575 3254 2612 nunc
3279 2576 3340 2612 ex
3370 2576 3471 2610 uno
3499 2561 3547 2610 in
3581 2561 3678 2612 tri-

2110 2648 2206 2700 bus
2234 2648 2548 2713 diSIiuctus;
2584 2667 2724 2704 nunc
2755 2653 3141 2720 compositione
3172 2652 3394 2720 quadam
3425 2669 3486 2706 ex
3521 2656 3679 2720 parti-

2111 2741 2210 2794 bus
2241 2742 2638 2805 conformatus,
2689 2759 2829 2796 nunc
2876 2745 3208 2797 derivatione
3256 2746 3434 2797 nescio
3480 2759 3579 2810 qua
3615 2761 3681 2797 ex

2111 2845 2217 2884 uno
2245 2834 2430 2884 iterum
2465 2833 2514 2884 in
2566 2843 2742 2898 partes
2773 2833 2992 2886 divisu-.
3048 2836 3131 2886 Ait
3173 2836 3341 2896 cnim,
3390 2835 3519 2887 'l‘rcs
3560 2845 3683 2888 sunt

2110 2933 2384 2978 exstantes
2411 2926 2460 2978 in
2493 2941 2586 2978 sua
2629 2926 2923 2980 substantia
2974 2941 3244 2994 personae,
3294 2935 3348 2979 et
3377 2927 3684 2994 permisceri

2112 3031 2218 3069 non
2242 3017 2460 3083 debent,
2491 3035 2554 3070 nc
2581 3030 2774 3072 statum
2805 3023 3076 3089 proprium
3108 3022 3358 3089 perdant;
3393 3021 3684 3072 sccundum

437 3101 665 3169 Spiritus
704 3116 910 3157 sanctus
950 3123 970 3160 :
997 3109 1272 3178 Si'gregate
1316 3115 1444 3166 mihi
1473 3114 1693 3170 paulum
1733 3129 1778 3170 ιιι
1805 3118 2002 3172 nam“.
2033 3098 2080 3159 C
2114 3123 2309 3170 meam,
2365 3109 2638 3178 magisque
2682 3111 2920 3164 veritatis
2964 3112 3307 3174 sententiam,
3354 3112 3419 3164 ait
3453 3112 3546 3165 :Si
3582 3126 3686 3163 una

437 3191 549 3242 bam
579 3193 630 3244 in
663 3209 786 3260 opus
815 3199 883 3247 ad
904 3199 1038 3265 quod
1063 3204 1333 3256 vocavieos
1362 3204 1500 3272 (Act.
1532 3223 1643 3272 xm,
1668 3209 1746 3275 εὶ).
1787 3210 2008 3263 lii-veta-

439 3290 606 3348 torem
652 3299 860 3353 quoque
889 3303 1011 3341 esse
1045 3291 1426 3359 mysteriorum
1459 3295 1712 3364 Spiritum
1741 3310 2009 3366 sanctum,

439 3370 625 3424 eadem
658 3375 932 3443 Scriptura
967 3388 1228 3433 testatur:
1259 3381 1567 3453 Exsurgens,
1603 3390 2013 3463 inquit,Agalius

439 3460 738 3553 signiﬁcavit
761 3480 849 3530 per
872 3465 1118 3534 Spiritum
1151 3471 1334 3536 fantem
1362 3488 1594 3544 magnam
1617 3460 2009 3553 futui-umida.

440 3563 513 3609 ιιι,
543 3549 655 3619 28).
687 3553 753 3605 Et
777 3555 968 3608 iterum
1005 3575 1017 3609 :
1045 3557 1308 3627 Cogitante
1337 3575 1505 3618 autem
1541 3566 1690 3620 Petro
1718 3571 1779 3622 de
1801 3549 2010 3638 visione,

441 3640 568 3693 dixit
593 3641 820 3710 Spiritus
840 3657 1039 3702 sanctus
1062 3664 1083 3703 :
1107 3650 1233 3704 Ecce
1259 3654 1359 3705 viri.
1384 3664 1482 3707 tres
1511 3670 1743 3722 qua-run!
1785 3671 1850 3716 te.
1884 3664 2016 3715 Sur-

442 3749 524 3804 ge,
550 3735 816 3802 descende,
847 3749 894 3792 et
925 3743 1052 3796 vade
1077 3761 1191 3796 eum
1220 3745 1322 3797 illis
1345 3748 1476 3800 nilt'l
1504 3751 1761 3816 dubitans,
1787 3755 1903 3820 quia
1926 3773 2015 3826 rgo

454 3826 610 3895 179
639 3827 749 3879 misi
779 3829 893 3881 illos
917 3831 1051 3899 (Act.
1083 3850 1134 3897 tt,
1175 3836 1278 3904 l9).
1329 3836 1434 3890 Sed
1484 3855 1550 3893 ne
1579 3845 1739 3894 multa
1770 3845 1819 3895 in
1853 3860 2013 3897 unum

445 3920 782 3986 congeiendo
809 3923 1137 3988 testimonia,
1167 3928 1214 3978 in
1251 3928 1465 3996 longum
1501 3933 1883 3996 prnsccutiouis
1921 3953 2017 3987 uo-

446 4017 574 4061 stra:
628 4011 873 4064 tendatur
919 4016 1124 4080 oratio,
1173 4018 1403 4073 breviter
1448 4022 1691 4076 universa
1740 4025 2011 4096 recolligo.

447 4098 582 4163 Quid
613 4114 741 4168 ergo
766 4101 855 4156 tibi
888 4103 1116 4168 videtur,
1163 4109 1361 4173 optime
1401 4109 1585 4178 judex.
1617 4112 1750 4166 Num
1780 4115 2014 4181 Spiritus

444 4197 660 4242 sanctus
693 4191 831 4247 Deus
861 4209 964 4246 non
993 4205 1096 4261 est,
1145 4199 1233 4264 qui
1270 4203 1599 4268 compositus
1630 4219 1734 4256 non
1780 4214 1881 4269 est,
1927 4206 2015 4275 qui

451 4280 638 4333 unicus
665 4297 727 4336 ac
750 4284 1030 4352 singularis
1051 4299 1149 4350 est,
1176 4291 1263 4357 qui
1286 4301 1496 4346 creator
1517 4309 1577 4346 ac
1603 4295 1893 4348 vivificator
1917 4308 2016 4358 est,

449 4370 539 4435 qui
569 4385 690 4423 cum
725 4373 880 4426 Patre
909 4387 956 4428 et
996 4377 1128 4430 Filio
1157 4395 1318 4432 unum
1368 4383 1605 4448 possidet
1651 4400 1843 4437 nomen
1867 4427 1881 4449 ,
1929 4386 2018 4454 qui

2116 3207 2195 3249 cst
2228 3213 2476 3263 peis'iua,
2506 3201 2606 3252 hoc
2638 3201 2807 3266 ipsum
2835 3202 3148 3269 simpliciter
3179 3201 3424 3266 fat-atur,
3452 3213 3501 3254 et
3528 3203 3658 3254 liber

2118 3287 2170 3338 iu
2196 3287 2418 3341 Salicltii
2467 3299 2702 3344 transeat
2746 3292 2957 3360 dogma.
3010 3293 3137 3345 Nam
3179 3292 3303 3358 quid
3343 3308 3476 3360 opus
3513 3305 3586 3346 ('Sl
3620 3291 3690 3346 ad

2117 3379 2150 3429 il
2179 3378 2438 3430 udcndam
2469 3379 2771 3444 veritatem,
2815 3381 3042 3436 diversis
3076 3383 3261 3435 fortnis
3291 3390 3345 3434 et
3373 3381 3690 3449 imaginibus

2119 3473 2343 3532 variari;
2377 3479 2429 3522 et
2459 3469 2535 3522 sic
2565 3471 2857 3525 Sabellium
2893 3472 3094 3539 fugere,
3139 3483 3198 3525 ut
3229 3474 3277 3524 in
3309 3489 3392 3525 me
3423 3473 3692 3537 incurrat;

2116 3559 2194 3613 sic
2222 3573 2250 3611 a
2283 3575 2367 3614 mc
2399 3563 2662 3631 refugere.
2697 3574 2748 3614 ut
2780 3579 2900 3615 cum
2935 3563 3194 3616 Sabellius
3225 3563 3432 3630 capiat?
3475 3563 3606 3628 Quia
3635 3574 3693 3616 ut

2118 3664 2176 3703 se
2224 3650 2497 3719 impietate
2544 3652 2846 3706 Sabell'ana
2892 3662 3069 3721 exuat,
3119 3669 3273 3722 quem
3324 3669 3484 3706 unum
3532 3653 3688 3716 dicit,

2119 3749 2228 3796 tres
2257 3757 2376 3797 csse
2401 3743 2648 3797 affirmat.
2683 3745 2785 3799 Sed
2821 3761 2886 3798 ne
2909 3761 3007 3814 ego
3036 3762 3155 3797 cum
3189 3747 3238 3798 in
3270 3746 3438 3798 tribus
3476 3753 3690 3798 teneam

2120 3849 2288 3900 reum,
2341 3835 2406 3890 de
2437 3836 2602 3890 tribus
2644 3837 2826 3891 nescio
2855 3853 2960 3904 quo
2989 3836 3214 3890 artificio
3260 3851 3425 3889 unum
3465 3837 3688 3888 confiat.

2118 3924 2232 3978 Jam
2263 3925 2307 3977 si
2353 3926 2580 3995 aliquam
2616 3925 2958 3981 verisimilem
3005 3926 3162 3982 habet
3206 3927 3320 3980 haec
3363 3925 3493 3979 fides
3529 3927 3698 3982 ratio—

2119 4031 2262 4079 nem,
2294 4016 2556 4084 mquitalis
2589 4027 2692 4071 tua:
2722 4025 2805 4071 est
2825 4016 3086 4086 judicare,
3115 4018 3313 4086 optime
3343 4016 3532 4071 Probe.

2191 4105 2349 4161 XLII.
2407 4105 2601 4162 Probus
2637 4107 2805 4178 judex
2849 4108 3017 4160 dixit:
3050 4108 3217 4174 Quem
3263 4123 3424 4162 unum
3467 4107 3694 4171 dixeris,

2119 4195 2367 4249 eumdem
2408 4209 2588 4249 rursus
2629 4205 2736 4250 tres
2774 4197 3072 4265 appellare;
3120 4205 3174 4249 et
3219 4212 3352 4264 quos
3385 4207 3490 4249 tres
3519 4198 3698 4250 credi-

2121 4288 2286 4348 deris,
2315 4285 2530 4339 eosdem
2575 4287 2764 4339 itcrum
2813 4304 2973 4340 unum
3000 4286 3150 4340 fateri
3191 4288 3388 4352 Deum;
3436 4303 3695 4354 quantum

2122 4377 2186 4429 ad
2224 4377 2436 4430 humani
2466 4394 2654 4430 Sensus
2686 4381 2909 4445 pertinet
2943 4381 3223 4442 rationem,
3260 4381 3480 4431 multum
3511 4379 3698 4430 ittcon-
3721 4423 3736 4435 ,

450 4471 662 4523 peccata
687 4462 869 4525 donat,
902 4467 987 4533 qui
1023 4469 1339 4533 sanctificat,
1373 4475 1461 4539 qui
1502 4475 1788 4538 gratiarum
1817 4479 2016 4533 ειηηνιε-
2052 4457 2354 4534 Dscqucns
2381 4483 2500 4522 csse
2529 4469 2756 4534 videtur,
2807 4470 2904 4522 nisi
2955 4471 3091 4522 forte
3123 4473 3220 4522 hoc
3257 4471 3430 4522 divina
3459 4470 3693 4522 aucturi—

447 4559 588 4603 snata
622 4568 715 4620 pro
744 4559 824 4609 sui
858 4559 1133 4614 voluntate
1154 4563 1444 4627 dispensat,
1470 4567 1556 4634 qui
1589 4570 1837 4638 mysteria
1869 4585 2019 4625 reve-

448 4638 543 4700 lat,
574 4642 662 4709 qui
705 4644 874 4713 legem
913 4648 1032 4711 dat,
1078 4651 1164 4716 qui
1213 4654 1528 4710 auctoritate
1557 4670 1649 4708 sua
1696 4659 1760 4710 ad
1793 4661 2017 4726 gratiam

448 4741 621 4792 vocat,
652 4737 739 4802 qui
768 4739 1022 4790 mundum
1053 4741 1275 4806 judicat,
1307 4744 1395 4804 qui
1427 4753 1715 4798 tentaturus
1744 4764 1867 4801 suos
1897 4767 2019 4803 Cun-

448 4819 685 4882 tlcmuat,
737 4825 788 4876 in
820 4842 924 4894 quo
964 4831 1402 4885 irrcmissiliilitcr
1434 4835 1579 4902 impii
1619 4837 2021 4898 hlasiilti-maut?

448 4912 502 4965 Si
535 4911 617 4966 Inc
645 4916 762 4969 talis
795 4917 936 4970 Deus
961 4938 1062 4972 non
1095 4933 1196 4998 est,
1245 4927 1484 4978 ostendat
1519 4927 1646 4993 quid
1671 4929 1898 4998 amplius
1930 4932 2018 4982 Ιιτι-

452 5001 576 5055 bere
605 5005 768 5068 possit
797 5009 883 5075 qui
916 5009 1052 5062 Deus
1080 5021 1180 5065 est.

520 5093 652 5146 XLI.
687 5099 837 5150 Arius
868 5101 995 5152 dixit
1019 5115 1038 5153 :
1061 5105 1369 5173 Quanquam
1398 5107 1469 5162 sit
1495 5122 1673 5162 scrmo
1695 5110 1869 5164 omnis
1895 5125 2024 5165 con-

448 5187 749 5240 tradictioni
782 5191 1068 5257 olmmtius,
1099 5203 1171 5255 ct.
1208 5198 1350 5250 vi-Int
1387 5200 1614 5266 quodam
1660 5203 2024 5270 responsionis

448 5277 662 5346 clypeo,
698 5282 1055 5346 objectionum
1089 5287 1188 5338 tela
1219 5289 1427 5355 repulsa
1470 5289 1808 5356 frustrentur,
1845 5300 2019 5345 tamen

448 5364 602 5420 istam
645 5385 800 5436 quam
835 5388 975 5426 nunc
1016 5373 1342 5428 intendimus
1385 5379 1754 5444 questionem,
1801 5393 2023 5447 quanta-

447 5468 653 5518 t'tmqttc
682 5460 1000 5516 Athanasius
1050 5463 1243 5531 ingenii
1296 5466 1592 5520 subtilitate
1641 5479 1864 5522 conetur
1907 5471 2023 5523 clu-

449 5543 605 5608 dere;
641 5564 908 5618 uunquam
943 5555 1160 5620 valebit,
1211 5569 1314 5608 non
1343 5554 1464 5609 dico
1497 5566 1684 5625 totam,
1718 5559 1809 5612 scd
1845 5576 1910 5613 ne
1941 5561 2024 5613 ul-

453 5632 556 5686 lam
587 5639 797 5702 quidem
822 5645 936 5712 ejus
969 5643 1282 5714 particulam
1309 5647 1710 5704 rationabilibus
1732 5647 2025 5706 dissolvctc

2125 4567 2233 4610 tate
2266 4559 2487 4612 credere
2526 4559 2826 4627 jubeantur.
2877 4559 3026 4614 Unde
3074 4561 3138 4612 ad
3187 4560 3299 4613 hare
3351 4572 3455 4612 tam
3495 4560 3696 4624 valida,

2125 4659 2336 4718 tamque
2389 4651 2602 4715 invicta,
2651 4668 2768 4720 qua:
2799 4651 2956 4706 Arius
2995 4651 3197 4722 objicit,
3253 4650 3577 4706 Athanasius
3605 4667 3698 4705 re-

2122 4743 2386 4808 Spondere
2415 4757 2519 4793 non
2547 4741 2777 4796 dilferat.

2197 4829 2500 4884 At’mnasius
2537 4831 2666 4881 dixit
2703 4845 2721 4881 :
2761 4830 2975 4884 Frustra
3009 4832 3154 4885 visus
3195 4845 3253 4884 cs
3294 4831 3445 4884 nodis
3484 4830 3564 4900 (ut
3601 4829 3701 4885 tibi

2127 4918 2354 4987 videtur)
2382 4918 2751 4972 insolubilibus
2778 4922 3058 4974 vei-horum
3092 4931 3270 4974 texere
3301 4923 3460 4984 retia;
3494 4936 3597 4973 non
3625 4920 3700 4974 in-

2132 5012 2396 5080 telligens,
2429 5025 2598 5078 neque
2629 5014 2987 5081 prospiciens,
3019 5023 3069 5066 te
3096 5028 3305 5081 quoque
3335 5012 3419 5065 his
3445 5011 3702 5079 objectioo

2129 5120 2252 5155 num
2286 5102 2569 5156 tendiculis
2603 5119 2756 5170 posse
2785 5103 3000 5158 ittVolvi.
3034 5105 3160 5157 Nam
3191 5104 3308 5172 quia
3342 5103 3468 5156 mihi
3501 5103 3566 5157 de
3597 5103 3702 5155 tri-

2128 5194 2224 5246 bus
2254 5195 2501 5256 intendis,
2533 5195 2666 5249 hanc
2691 5196 2782 5248 lilii
2813 5196 2878 5249 de
2900 5197 3107 5250 duobus
3130 5199 3303 5250 refero
3327 5196 3702 5259 quacsﬁonem.

2129 5285 2183 5338 Si
2221 5303 2378 5337 unttm
2415 5286 2576 5339 Deum
2606 5289 2760 5351 culis,
2795 5299 2846 5340 et
2877 5303 2979 5340 non
3013 5298 3095 5339 cst
3126 5288 3258 5339 ﬂii“:
3297 5298 3486 5353 prancr
3513 5302 3701 5349 ttnunt,

2131 5378 2399 5443 quomodo
2433 5377 2564 5431 duos
2595 5378 2658 5430 ad
2691 5379 2887 5431 cultum
2920 5379 3272 5432 venerationis
3301 5378 3539 5431 inducis?
3573 5374 3705 5427 Pro-

2133 5470 2329 5520 fttcndo
2376 5470 2517 5521 enim
2564 5469 2772 5522 Patrem
2808 5469 2995 5536 Dcutn,
3042 5479 3096 5522 et
3145 5469 3331 5521 Filium
3378 5469 3562 5528 Deum,
3613 5475 3704 5518 aut

2134 5558 2446 5625 hipartitum
2483 5561 2668 5626 Deum,
2698 5569 2788 5612 aut
2816 5560 2949 5613 duos
2972 5560 3210 5614 diversos
3229 5559 3560 5612 convinceris
3583 5574 3706 5625 pro-

2139 5651 2303 5718 fiteii,
2334 5667 2393 5706 ac
2425 5669 2517 5721 per
2553 5653 2650 5709 hoc
2683 5654 2908 5721 gemitus
2935 5653 3202 5728 divinitati
3235 5653 3452 5722 impium
3481 5651 3714 5706 exhibes
