4026 6176
347 294 420 349 9.5
1097 288 1363 346 CONTRA
1407 287 1722 352 ARIANOS,
1767 284 2258 348 SABELLIANUS,
2303 285 2474 348 ETC:,
2520 286 2643 340 LIB.
2690 287 2752 339 ll.

3458 296 3560 356 93.6

309 401 653 462 famulatum;
683 400 893 454 dicente
920 399 1180 454 Domino:
1211 400 1508 470 Non131
1541 408 1747 467 potestis
1768 401 1890 450 dilo-
1919 402 1964 455 Α
1998 397 2244 464 loquitur.
2272 399 2485 450 dicens:
2525 397 2633 468 Ego
2655 416 2767 451 sum
2819 400 2954 454 Deus
2997 402 3269 468 Abraham,
3318 417 3366 459 et
3425 409 3564 464 Deus

309 495 400 544 bus
422 477 640 543 dominis
668 493 855 543 servire
887 489 1096 559 (Matth.
1131 507 1202 558 νι,
1251 491 1344 558 (⁸2.4)
1397 491 1500 544 Sed
1555 507 1620 544 ne
1651 506 1752 558 ego
1771 490 1888 560 qui.

308 583 428 635 dem
459 583 771 634 temeritatis
800 591 979 634 nolam
1006 581 1299 647 incurram,
1325 582 1370 636 si
1401 591 1453 635 lc
1478 583 1544 635 de
1567 582 1749 635 divina
1776 599 1890 648 pro-

310 672 546 724 fessione
576 672 683 739 pari
701 672 997 738 quaestione
1019 672 1419 740 constringam;
1449 673 1602 740 cujus
1625 672 1890 740 pra‘cipua

311 767 589 816 veneratio
619 764 894 817 silentium
929 763 1095 831 magis
1125 779 1284 829 quam
1311 764 1529 817 callidas
1555 765 1716 832 exigit
1745 781 1890 834 qua:-

311 853 538 906 stiones.
574 854 701 906 Illuc
726 855 857 907 mitti
893 855 1194 908 necessario
1236 856 1388 908 video
1422 856 1800 920 festinandum,
1836 869 1893 911 ut

312 953 420 996 tres
447 961 613 996 unttm
643 960 783 1009 i-sse,
810 956 864 999 et
893 961 1055 996 unum
1084 953 1192 998 tres
1219 960 1358 1012 esse,
1403 956 1456 999 et
1481 946 1525 998 si
1555 963 1659 999 non
1691 949 1892 1003 ratione

313 1051 410 1102 qua
442 1036 608 1086 homo
634 1050 776 1098 sum,
807 1044 982 1089 tamen
1009 1036 1327 1089 auctoritate
1352 1041 1688 1104 perdam-am.
1720 1040 1890 1107 Ipsam

315 1128 494 1193 itaque
521 1126 839 1180 Trinitatem
869 1128 1144 1180 audiamus
1175 1128 1441 1181 dicentem
1468 1127 1779 1183 :Faciamns
1803 1132 1894 1184 Ito-

312 1218 586 1267 inmemor!
613 1218 888 1286 imaginem
909 1228 954 1270 et
979 1218 1365 1270 similitudinem
1396 1231 1620 1272 nostram
1662 1221 1815 1288 (Gen.
1851 1237 1889 1282 ι,

315 1307 428 1372 9.6).
464 1307 564 1370 Qui
618 1306 915 1360 iaciendum
947 1310 1242 1360 decernunt
1289 1317 1398 1361 tres
1441 1323 1585 1374 sunt,
1637 1311 1814 1376 Pater,
1843 1321 1896 1366 et

318 1393 507 1459 Filius,
539 1407 592 1448 et
621 1397 852 1462 Spiritus
880 1408 1121 1460 sanctus;
1150 1399 1243 1450 sed
1277 1397 1326 1451 lti
1367 1409 1469 1452 tres
1505 1416 1636 1453 unus
1659 1411 1758 1454 est.
1798 1402 1895 1456 De-

319 1489 480 1553 nique
511 1488 690 1539 intulit
715 1504 728 1539 :
756 1485 816 1537 Et
849 1490 883 1553 ft
902 1490 964 1539 cit
998 1487 1131 1539 Deus
1162 1489 1411 1541 hominem
1443 1491 1510 1541 ad
1552 1492 1822 1561 imaginem
1849 1501 1894 1544 et

316 1578 709 1628 similitudine»:
730 1576 1026 1645 Dei(1bid.,
1042 1578 1153 1644 Ξῖ).
1175 1580 1240 1632 L't
1261 1579 1712 1648 ergtt'l‘rinitatem
1736 1597 1898 1648 agno-

313 1681 453 1727 scas,
492 1670 768 1733 pluraliter
810 1669 1006 1720 dictum
1055 1679 1158 1728 est,
1214 1667 1525 1732 Faciamus;
1566 1679 1621 1722 et
1659 1680 1715 1723 ut
1761 1673 1896 1724 hanc

1997 485 2169 548 Isaac,
2211 498 2255 538 et
2290 488 2423 541 Dens
2451 488 2608 540 Jacob
2641 491 2774 558 (Act.
2814 506 2902 552 ιιι,
2931 492 3044 557 3‘2).
3079 494 3130 544 In
3160 509 3225 547 eo
3254 497 3394 550 enim
3422 503 3561 565 quod

1997 579 2093 638 ait,
2133 576 2240 644 Ego
2262 594 2395 640 sum,
2421 595 2578 632 tttttttn
2613 580 2773 634 Deum
2807 584 3076 636 ostendit:
3109 596 3161 637 et
3201 586 3250 637 id
3275 589 3413 655 quod
3451 600 3560 643 ter-

1998 667 2070 718 tio
2098 669 2306 733 t'rpclil,
2345 666 2477 720 Deus
2528 668 2800 733 Abraham,
2846 682 2894 725 et
2954 673 3089 726 Deus
3121 675 3292 740 Isaac,
3327 689 3371 729 et
3431 679 3565 732 Deus

1993 752 2193 818 Jacob,
2249 756 2520 810 Trinitatis
2574 761 2812 824 apertius
2856 763 3090 816 declarat
3150 776 3562 830 sacramentum.

1997 843 2130 896 Audi
2155 844 2324 897 adhuc
2349 856 2402 899 et
2422 847 2630 901 intuere
2658 849 2955 905 evidentius
2980 859 3154 907 arcani
3181 856 3336 923 hujus
3364 870 3559 927 myste-

2000 931 2160 985 rium.
2184 934 2320 986 Dicit
2345 935 2526 999 Isaias,
2559 935 2680 989 Vidi
2710 937 2980 994 Dominum
3010 944 3262 997 sedentem
3284 949 3335 999 in
3361 950 3566 1014 throno,

1997 1034 2051 1076 et
2094 1023 2250 1091 inira,
2300 1025 2364 1078 Et
2408 1028 2557 1094 dixit,
2600 1029 2761 1092 Quem
2793 1034 3008 1102 mittam,
3040 1037 3152 1104 quis
3182 1037 3268 1090 ibit
3294 1056 3358 1092 ea:
3385 1043 3566 1096 nobis?

1995 1107 2136 1166 haud
2171 1116 2388 1168 dubium
2417 1118 2541 1180 quin
2571 1119 2635 1171 ad
2689 1108 3077 1186 p'rzcdieandutn
3134 1129 3326 1195 populo
3357 1133 3568 1186 λιιι]ωο-

1998 1217 2114 1256 rum
2147 1203 2255 1258 :Et
2300 1207 2429 1270 dixi,
2461 1223 2572 1260 ecce
2609 1225 2724 1278 ego,
2756 1213 2895 1264 mitte
2924 1230 3017 1266 me.
3055 1215 3118 1268 Et
3167 1219 3260 1284 ait,
3301 1219 3463 1286 Vade,
3522 1234 3568 1276 et

1997 1294 2133 1345 dices
2164 1297 2351 1363 papqu
2382 1297 2499 1349 huic
2530 1298 2680 1366 (Ιδαι.
2708 1317 2776 1366 rt,
2812 1301 2860 1365 1,
2890 1305 2943 1368 8,
2976 1306 3051 1373 9).
3086 1309 3216 1361 Cum
3239 1325 3365 1378 ergo
3389 1312 3569 1383 singu-

1999 1385 2181 1438 lariter
2208 1386 2355 1449 dicit,
2392 1389 2550 1449 Quem
2583 1392 2799 1454 mittam,
2833 1409 2992 1448 unum
3026 1397 3220 1451 indicat
3253 1401 3415 1454 Deum
3447 1419 3460 1454 :
3511 1412 3570 1458 et

2002 1475 2124 1526 dum
2151 1474 2308 1528 infert
2335 1476 2628 1544 pluraliter,
2656 1480 2778 1544 Quis
2800 1481 2887 1534 ibit
2916 1499 2978 1536 ex
3005 1487 3166 1550 nobis,
3192 1499 3374 1556 aperte
3401 1491 3571 1547 Trini-

2001 1574 2162 1618 tatem
2218 1567 2471 1622 insinuat.
2530 1569 2749 1639 I’ercipe
2795 1575 2968 1628 adhuc
3017 1579 3472 1650 tnanil'estiorem,
3523 1588 3570 1639 si

2001 1657 2194 1711 mentis
2227 1671 2383 1712 aures
2409 1670 2586 1727 gemas
2615 1672 2848 1730 apertas,
2899 1664 3054 1735 hujus
3091 1669 3210 1722 lidei
3263 1672 3566 1728 veritatem.

313 1757 634 1810 Trinitatem
681 1774 841 1810 unum
892 1758 1055 1811 Do-mn
1098 1775 1218 1813 esse
1269 1777 1372 1814 nun
1425 1763 1650 1826 nescias,
1703 1763 1896 1830 adjecit

2007 1745 2341 1801 Conditorem
2373 1750 2490 1801 cadi
2517 1760 2570 1803 et
2603 1761 2779 1816 terrai,
2824 1755 3036 1808 Patrem
3067 1772 3187 1811 e:se
3213 1767 3268 1811 et
3297 1759 3490 1816 Filium
3516 1770 3572 1817 et

313 1851 680 1918 singulariter,
718 1851 783 1903 Et
810 1852 930 1920 fecit
963 1852 1093 1904 Deus
1126 1855 1400 1906 hominem.
1435 1855 1497 1907 Et
1529 1855 1740 1916 iterum,
1774 1857 1893 1909 Non

315 1951 382 1994 est
404 1942 594 1994 bonum
616 1942 870 1996 hominem
901 1960 1006 1996 esse
1026 1946 1190 1997 solum
1204 1961 1220 2008 ;
1249 1946 1502 2012 faciamus
1520 1949 1563 1999 ri
1578 1949 1895 2017 adjutorium

317 2034 480 2086 simile
509 2035 606 2087 sibi
633 2035 789 2101 (Gen.
811 2051 868 2099 tl,
892 2037 1000 2104 t8).
1033 2038 1168 2091 Ecce
1188 2049 1242 2091 et
1272 2038 1357 2092 hic
1385 2039 1658 2106 pluraliter
1681 2041 1894 2109 dicitur,

318 2123 593 2193 faciams.
646 2127 700 2179 In
730 2129 1182 2197 consequentibus
1229 2140 1405 2183 autem
1436 2131 1779 2198 singulariter
1811 2131 1923 2191 ἰιι-¹

321 2215 512 2277 lcrtur,
563 2227 609 2269 et
637 2217 755 2284 fecit
787 2216 924 2272 Deus
949 2217 1204 2272 hominem
1227 2221 1295 2272 ad
1321 2221 1589 2290 imaginem
1617 2220 1711 2274 Dei
1733 2238 1752 2275 :
1786 2239 1897 2274 nta-

320 2308 516 2360 sculum
538 2319 584 2361 et
609 2310 848 2378 feminam
867 2312 1048 2364 creavit
1073 2328 1155 2365 eos
1171 2311 1324 2380 (Gen.
1340 2327 1393 2378 v,
1417 2315 1464 2376 Ι,
1480 2315 1534 2381 2)
1559 2315 1610 2367 ln
1633 2317 1900 2368 consulta-

323 2401 466 2454 tione
494 2411 625 2467 tres,
659 2403 711 2456 in
743 2417 906 2471 i'pere
934 2419 1066 2457 unus
1096 2404 1355 2469 refertur;
1390 2413 1446 2457 ut
1475 2421 1578 2459 non
1611 2405 1892 2460 diversitas

323 2494 630 2559 voluntatis,
664 2496 754 2549 sed
778 2497 953 2550 unitas
977 2505 1232 2565 appareat
1261 2499 1559 2564 potestatis.

393 2587 578 2642 XLlIl.
611 2587 675 2641 Et
695 2588 920 2643 iterum:
952 2588 1100 2642 Visus
1127 2599 1203 2642 est
1229 2589 1366 2642 Dens
1394 2589 1632 2653 Abrahtc,
1653 2591 1721 2642 ad
1748 2606 1898 2660 qner-

320 2692 431 2728 cam
483 2677 716 2730 Humbre
743 2680 964 2746 aspexit;
994 2689 1041 2731 et
1088 2695 1200 2731 ecce
1241 2689 1344 2732 tres
1374 2681 1466 2732 viri
1517 2690 1760 2734 steterunt
1787 2692 1902 2736 ante

319 2766 509 2831 ipsum,
541 2777 589 2818 et
621 2769 890 2832 procidens
925 2770 1178 2833 adoravit,
1223 2771 1396 2823 dicens
1429 2786 1446 2823 :
1480 2769 1540 2825 Si
1571 2771 1736 2824 inveni
1774 2788 1899 2842 gra-

324 2856 445 2906 tiam
467 2857 519 2908 in
545 2866 815 2924 conspectu
843 2867 952 2920 tuo,
985 2875 1046 2911 ne
1068 2860 1330 2912 transieris
1360 2876 1559 2913 servant
1578 2873 1719 2914 tuum
1745 2861 1898 2934 (Gen.

322 2960 472 3009 xvut,
506 2946 555 3010 i,
588 2947 641 3007 2,
668 2948 748 3016 ὃ).
785 2949 918 3001 Ecce
941 2959 996 3002 et
1019 2965 1147 3000 unus
1170 2951 1345 3002 dictus
1376 2959 1456 3002 est
1489 2952 1819 3017 apparuisse,
1847 2962 1901 3005 et

323 3044 446 3088 tam:
469 3052 501 3087 n
533 3045 643 3090 tres
669 3048 864 3100 erant;
907 3048 962 3092 et
1013 3039 1137 3092 licet
1168 3049 1277 3092 tres
1310 3050 1510 3106 essent,
1546 3051 1720 3095 tamen
1765 3057 1900 3096 unus

1999 1834 2252 1900 Spiritum
2277 1847 2544 1902 sanctum,
2569 1854 2634 1892 ex
2668 1841 2730 1893 iis
2756 1857 2874 1910 qua:
2903 1844 3014 1911 jam
3065 1849 3311 1915 superius
3348 1852 3574 1918 protuli-

2002 1941 2141 1990 mus,
2171 1927 2477 1982 evidentius
2532 1931 2860 1997 declaratur;
2892 1951 3009 1988 cum
3057 1938 3329 2004 pluraliter
3373 1941 3572 1996 dictum

2001 2017 2165 2072 fuisse
2187 2020 2483 2085 docuimus,
2516 2019 2790 2076 Faciamus
2822 2026 3070 2079 hominem
3097 2027 3245 2096 (Gen.
3281 2045 3317 2094 ι,
3343 2031 3458 2101 26),
3481 2034 3571 2088 ubi

2002 2117 2110 2162 tota
2153 2109 2264 2178 ipsa
2319 2111 2550 2166 Trinitas
2585 2114 2892 2182 intelligitur
2935 2117 3201 2172 hominem
3250 2123 3570 2189 fabricasse;

1999 2203 2137 2254 sicut
2167 2205 2278 2256 haec
2299 2204 2484 2256 eadem
2519 2221 2703 2259 rursus
2732 2207 2782 2260 in
2813 2209 3124 2276 baptismate
3143 2214 3380 2267 creditur
3401 2214 3576 2270 homi-

2003 2307 2127 2344 nem
2175 2294 2491 2347 rrl'ormarc.
2525 2294 2616 2348 Vel
2645 2297 2803 2350 etiam
2837 2298 2969 2352 illud
2999 2301 3135 2368 quod
3179 2305 3433 2371 propheta
3480 2307 3573 2371 ait,

2013 2382 2173 2435 Verbo
2204 2383 2412 2440 Domini
2453 2388 2564 2438 εωιὶ
2613 2389 2800 2449 ﬁrmati
2831 2399 2966 2449 sunt,
2994 2403 3040 2442 et
3095 2393 3291 2460 Spiritu
3315 2396 3417 2448 oris
3465 2400 3576 2466 ejus

2000 2477 2164 2527 omnis
2187 2477 2344 2528 virtus
2371 2493 2545 2529 eorum
2595 2477 2766 2547 (Psal.
2820 2496 2986 2548 χχιιι,
3013 2481 3088 2552 ti).
3125 2485 3187 2536 Et
3215 2485 3468 2540 Salomon
3507 2505 3573 2542 ex

2002 2578 2224 2629 persona
2274 2567 2558 2633 Sapientia:
2595 2571 2938 2635 pronuntiat,
2979 2573 3132 2642 183
3164 2573 3382 2634 dicens:
3444 2576 3570 2630 Cum

2001 2665 2203 2720 pararet
2225 2655 2377 2708 eteius
2402 2659 2609 2708 aderam
2653 2658 2728 2710 illi
2755 2674 2775 2712 .'
2797 2676 2911 2711 cum
2961 2660 3116 2727 fortia
3147 2664 3360 2732 faciebat
3389 2667 3576 2734 fundu-

2001 2755 2168 2795 menta
2210 2753 2377 2806 terrae,
2432 2763 2522 2816 ego
2569 2763 2708 2799 eram
2754 2765 2868 2800 cum
2923 2751 3012 2803 illo
3060 2769 3364 2822 componens
3406 2758 3576 2808 acrinio

2003 2831 2184 2902 (Prov.
2216 2849 2327 2897 vut,
2358 2835 2449 2897 ‘27,
2481 2834 2571 2898 29,
2622 2835 2732 2905 50).
2766 2836 2988 2892 Constat
3026 2840 3206 2910 igitur,
3234 2852 3291 2896 ut
3312 2844 3444 2910 dixi,
3477 2845 3574 2900 Pa-

2002 2935 2140 2986 trem
2169 2936 2222 2980 et
2245 2925 2433 2979 Filium
2464 2938 2513 2980 et
2556 2929 2812 2995 Spiritum
2859 2941 3127 2997 sanctum,
3179 2935 3228 2986 id
3258 2945 3360 3000 est,
3413 2947 3574 2992 totam

2003 3016 2342 3088 Trinitatem,
2357 3021 2531 3070 mltltdl
2549 3019 2860 3073 creatricetn
2881 3034 3018 3074 esse.
3038 3021 3326 3078 Audiamus
3339 3039 3466 3094 ergo
3482 3043 3576 3095 per

322 3137 456 3178 erat.
479 3126 614 3179 Cum
636 3129 776 3181 enim
820 3129 971 3192 dicit,
996 3129 1056 3184 Si
1087 3131 1252 3183 inveni
1275 3133 1494 3201 gratiam
1524 3133 1578 3184 in
1626 3146 1897 3197 conspectu.

2008 3107 2193 3159 lsaiam
2229 3108 2567 3174 prophetam,
2590 3110 2732 3178 quod
2767 3123 2872 3164 tres
2897 3127 3030 3164 unus
3071 3115 3138 3165 sit
3186 3116 3344 3170 Deus.
3375 3115 3576 3172 Dicitur

324 3227 431 3281 tuo,
467 3233 530 3269 ne
559 3219 824 3271 transieris
849 3236 1045 3272 servant
1081 3235 1242 3286 tuum,
1291 3223 1527 3274 ostendit
1554 3239 1713 3276 unum
1760 3239 1898 3278 esse.

325 3307 555 3360 Rursum
579 3323 700 3362 cum
724 3309 952 3362 dicitur:
984 3311 1240 3376 Afferatur
1261 3328 1414 3378 aqua,
1440 3327 1482 3364 et
1509 3313 1735 3365 (urentur
1760 3318 1907 3381 pedes

325 3399 494 3458 restri,
518 3399 754 3450 ostendit
788 3410 896 3452 tres
923 3413 1062 3454 esse.
1108 3402 1299 3454 iterum
1322 3418 1441 3454 cum
1474 3401 1624 3467 dicit,
1659 3405 1905 3471 Apposuit

323 3488 398 3537 eis
442 3503 667 3538 mensam
705 3497 751 3538 et
800 3490 1250 3552 manducaverunt,
1282 3491 1388 3559 ipse
1423 3507 1534 3546 vero
1583 3491 1744 3544 stabat
1793 3505 1908 3546 ante

325 3578 462 3644 ipsos
513 3580 605 3631 sub
635 3579 813 3632 arbore
841 3579 994 3647 (Gen.
1040 3596 1192 3644 xvttt,
1224 3582 1306 3651 4),
1337 3584 1574 3636 ostendit
1612 3592 1721 3638 tres
1764 3598 1904 3638 esse.

331 3668 536 3722 Etcum
569 3670 860 3739 subjungit,
892 3670 1028 3723 Dixit
1058 3681 1226 3724 autem
1251 3672 1319 3724 ad
1360 3689 1494 3737 eum,
1528 3672 1625 3726 Ubi
1668 3686 1741 3726 est
1770 3675 1907 3729 Sara

327 3775 455 3810 uxor
487 3767 574 3811 tua
608 3759 795 3828 (lbid.,
829 3761 910 3828 8)?
945 3760 1179 3814 ostendit
1209 3777 1370 3814 unum
1415 3776 1559 3816 esse.
1610 3763 1739 3816 ltetn
1783 3778 1902 3818 cum

327 3850 356 3900 tl
381 3851 473 3912 cit,
502 3849 778 3918 Surgentes
800 3851 918 3903 inde
942 3851 1038 3903 viri
1059 3853 1197 3903 ibant
1222 3852 1291 3902 ad
1325 3853 1508 3920 facient
1539 3851 1905 3919 Sodomorum,

329 3939 584 3990 Abraham
616 3951 781 3992 autem
807 3940 1142 3993 comitabatur
1168 3957 1283 3993 cum
1305 3943 1375 3995 eis
1400 3940 1586 4012 (Ibid.,
1615 3942 1694 4009 9),
1728 3955 1907 3999 osten-

328 4029 400 4080 dit
421 4040 532 4082 tres
578 4045 720 4082 es-e.
751 4030 814 4082 Et
853 4047 974 4083 cum
1025 4032 1246 4102 repetit,
1272 4031 1411 4085 Dixit
1440 4042 1607 4086 autent
1635 4032 1905 4098 Dominus,

332 4116 470 4170 Nam
494 4117 668 4170 celabo
696 4134 788 4186 ego
809 4135 965 4187 puero
993 4137 1100 4172 meo
1114 4119 1330 4174 Abrahae
1349 4137 1462 4190 qua:
1483 4121 1723 4176 Sodomis
1745 4125 1909 4193 factu-

330 4223 412 4258 ius
438 4224 549 4258 sum
582 4206 774 4276 (Ibid,
812 4209 944 4278 16)?
979 4212 1140 4280 182
1166 4211 1398 4266 ostendit
1429 4227 1586 4264 unum
1617 4228 1756 4268 esse.
1803 4214 1906 4269 Sed

329 4309 383 4348 et
411 4313 561 4351 sacra
587 4300 698 4352 illa
737 4315 1090 4368 supernarutn
1134 4302 1388 4355 virtutum
1430 4304 1688 4367 carmina,
1746 4319 1906 4358 unutn

332 4395 438 4438 tres
467 4403 590 4439 esse
618 4398 670 4440 et
700 4397 808 4442 tres
841 4405 1002 4442 unum
1044 4403 1163 4443 esse
1192 4389 1580 4445 demonstrant.
1615 4393 1718 4446 Isto
1764 4395 1906 4446 enim

2009 3199 2152 3249 enim
2187 3197 2259 3250 ibi
2285 3215 2302 3249 ς
2333 3196 2443 3266 Ego
2467 3197 2602 3252 Deus
2629 3201 2840 3267 ﬁrmans
2869 3200 3017 3253 cwlos
3037 3205 3193 3269 solus,
3232 3215 3276 3257 et
3323 3207 3578 3261 stabiliens

2009 3296 2219 3352 terram;
2246 3298 2291 3339 ct
2322 3290 2492 3342 nullus
2517 3306 2709 3343 ntecum
2740 3290 2907 3361 (Isai.
2939 3309 3082 3360 λων,
3111 3294 3227 3363 ξὶί).
3268 3297 3452 3351 Utrum
3481 3299 3580 3352 Pa-

2011 3378 2105 3430 tris
2136 3393 2201 3430 an
2233 3378 2348 3431 Filii
2376 3379 2610 3434 volueris
2633 3395 2750 3435 esse
2781 3384 2916 3434 hanc
2949 3385 3173 3437 vocent?
3197 3385 3254 3440 Si
3285 3402 3389 3440 non
3413 3399 3578 3444 totam

2008 3467 2322 3521 Trinitatem
2366 3485 2526 3522 unum
2576 3473 2739 3524 Deum
2773 3471 3091 3536 credideris,
3151 3477 3264 3530 hinc
3315 3483 3577 3534 sententia

2009 3573 2114 3610 non
2145 3558 2324 3611 stabit.
2352 3559 2440 3611 Ait
2462 3562 2602 3612 enim
2626 3561 2882 3614 stabiltens
2915 3569 3124 3629 tet‘r'arn,
3155 3575 3200 3616 et
3252 3568 3423 3620 nullus
3469 3585 3574 3622 nte-

2006 3664 2143 3700 cum.
2180 3648 2243 3699 lit
2274 3649 2452 3716 utique
2480 3649 2644 3703 Filius
2674 3667 2792 3704 cum
2823 3652 2978 3707 Patre
3000 3667 3110 3707 erat
3136 3658 3223 3724 qui
3257 3657 3384 3712 dicit
3411 3677 3421 3712 :
3456 3658 3582 3713 Cum

2011 3754 2210 3810 pararet
2270 3745 2419 3796 caios
2459 3747 2689 3810 aderam,
2739 3748 2787 3801 el
2814 3765 2925 3800 cum
2958 3751 3106 3818 fortia
3133 3753 3347 3819 faciebat
3397 3758 3574 3826 funda-

2012 3844 2176 3887 menta
2207 3847 2372 3898 terrtc,
2404 3853 2495 3904 ego
2515 3853 2652 3890 cram
2676 3855 2824 3906 penes
2845 3841 2991 3893 illum
3018 3841 3198 3908 (Prov.
3234 3861 3347 3914 \‘lll,
3379 3848 3466 3912 27,
3492 3850 3582 3914 29,

2013 3925 2127 3993 50).
2160 3928 2290 3978 Cum
2323 3930 2481 3996 igitur
2532 3932 2755 3993 clareat,
2789 3932 2840 3984 in
2891 3936 3196 3987 conditione
3224 3939 3364 3991 orbis
3393 3941 3583 3993 solita—

2014 4016 2149 4066 riutn
2175 4032 2277 4068 non
2307 4015 2474 4070 fuisse
2505 4019 2712 4072 Patrem
2745 4021 2963 4089 (quippe
2995 4029 3078 4077 cui
3127 4029 3311 4078 aderat
3355 4027 3586 4091 Spiritus

2013 4113 2250 4168 sanctus,
2285 4118 2335 4158 et
2364 4103 2546 4170 Filius,
2583 4123 2636 4160 ιιι
2666 4119 2787 4176 pote
2828 4115 2981 4164 unius
3021 4115 3316 4168 diiinitatis
3346 4120 3586 4172 virtutis-

2011 4211 2114 4264 que
2143 4199 2468 4264 consortes),
2502 4200 2627 4266 quid
2661 4214 2741 4254 est
2786 4205 2924 4270 quod
2956 4217 3016 4257 se
3063 4206 3236 4259 sidunt
3291 4223 3389 4260 nec
3422 4211 3584 4262 nllutn

2010 4285 2172 4339 alium
2223 4301 2401 4340 secum
2449 4289 2611 4344 fuisse
2659 4301 2900 4359 testatur,
2934 4295 3034 4348 nisi
3087 4307 3144 4349 ut
3201 4298 3466 4366 intelligas
3522 4314 3580 4352 se

2021 4375 2214 4444 ipsum,
2239 4388 2291 4430 et
2315 4375 2527 4443 Filium,
2552 4390 2605 4433 et
2636 4381 2890 4449 Spiritum
2915 4396 3356 4450 sanctum,nnum
3383 4389 3587 4442 dixisse

334 4488 584 4531 resonant
618 4481 863 4534 modulo:
888 4482 1128 4545 Sanctus,
1159 4493 1386 4546 sanctus,
1411 4495 1612 4538 sanctus
1656 4484 1905 4538 Dominus
1938 4493 1984 4550 ι)
2017 4467 2202 4526 Dem";
2235 4483 2354 4521 cum
2381 4485 2489 4537 ‘luo
2519 4471 2654 4524 “lius
2705 4484 3022 4539 θκιιθηυυδι
3069 4487 3120 4528 ει
3150 4493 3178 4528 ³
3233 4490 3415 4529 "amr"
3473 4479 3588 4546 ei“

336 4565 466 4620 Ηι-ια
490 4569 722 4622 Sabaoth
750 4570 905 4642 (Isai.
931 4588 1004 4638 νι,
1029 4573 1082 4643 5)
1111 4591 1121 4624 :
1157 4574 1280 4626 dum
1320 4575 1480 4628 tertio
1533 4585 1776 4642 repetunt
1795 4594 1914 4630 san-

334 4667 461 4718 ctus,
493 4659 812 4712 Trinitatem
840 4661 1115 4716 insinuant
1143 4679 1156 4725 ;
1183 4663 1309 4716 dum
1341 4664 1506 4720 semel
1532 4665 1715 4718 dicunt
1740 4666 1916 4722 Domi-

336 4761 462 4808 nus,
515 4749 654 4802 hanc
711 4751 954 4804 eamdem
1006 4751 1320 4806 Trinitatem
1371 4769 1531 4807 unum
1575 4769 1694 4808 esse
1749 4756 1912 4809 Deum

335 4841 640 4908 designant.
697 4833 828 4896 llitic
871 4845 1028 4897 etiam
1074 4847 1328 4915 mysterio
1371 4847 1496 4900 illud
1551 4849 1913 4916 evangelicum

333 4932 578 4999 congruit
635 4943 1074 4998 sacramentum,
1139 4935 1280 5002 quod
1341 4934 1601 4988 Dominus
1668 4938 1916 5006 praecepit

341 5023 674 5092 baptizandus
701 5036 872 5094 gentes
901 5027 954 5077 in
1004 5028 1206 5078 nomine
1229 5025 1401 5080 Putris
1442 5036 1486 5079 ct
1517 5025 1641 5079 Filii
1673 5039 1718 5080 et
1750 5027 1915 5096 Spiri-

332 5123 416 5165 tus
442 5116 602 5168 sancti
626 5115 840 5183 (Matth.
867 5132 1052 5180 xxvut,
1081 5117 1189 5186 l9).
1222 5118 1382 5178 Ecce,
1413 5117 1574 5171 habes
1599 5127 1712 5172 tres
1736 5118 1785 5171 itt
1811 5134 1918 5171 uno

339 5205 559 5257 deitatis
591 5208 808 5260 nomine
840 5207 1214 5263 subsistentes.
1269 5207 1473 5261 Numen
1500 5209 1640 5261 enim
1671 5210 1839 5262 Patris
1866 5221 1920 5264 et

334 5292 454 5346 Filii
490 5304 544 5349 et
573 5295 808 5363 Spiritus
844 5297 1014 5352 sancti
1063 5297 1202 5353 Deus
1222 5309 1323 5352 est.
1362 5299 1434 5352 De
1480 5313 1585 5367 quo
1617 5302 1832 5354 nomine
1863 5302 1916 5354 in

332 5382 694 5439 Numerorum
726 5385 865 5439 libro
893 5387 1148 5440 Dominus
1187 5387 1251 5440 ad
1302 5387 1533 5457 Moysem
1587 5389 1817 5458 loquitur
1837 5390 1918 5443 di-

332 5488 464 5526 cens
496 5489 510 5526 :
547 5473 675 5527 Viuo
703 5492 796 5545 ego
822 5487 868 5530 et
889 5478 1007 5530 vivit
1036 5493 1219 5530 nomen
1259 5494 1422 5530 meum
1452 5478 1640 5550 (Num.
1671 5495 1774 5544 xtv,
1800 5481 1916 5550 2|).

408 5565 595 5620 XLIV.
624 5566 754 5620 Nam
800 5577 853 5620 et
891 5568 1018 5622 illttd
1063 5583 1169 5623 non
1224 5568 1314 5621 tibi
1373 5567 1614 5623 videatur
1664 5572 1918 5634 otiosum,

333 5657 479 5725 quod
530 5659 669 5711 idem
717 5657 884 5712 Filius
930 5658 1032 5714 sub
1082 5657 1280 5728 ingenti
1339 5660 1595 5730 mysterio
1642 5658 1926 5714 Trinitatis

2016 4560 2224 4612 alienus
2251 4579 2355 4615 non
2387 4562 2488 4616 fuit
2515 4563 2684 4619 Deus?
2721 4566 2783 4618 Et
2815 4582 2957 4620 teete
2982 4567 3273 4637 Moyse-de
3297 4569 3590 4624 liliislsrael

2017 4653 2228 4706 locutus
2275 4665 2379 4720 est,
2410 4655 2634 4710 dicens:
2669 4656 2826 4710 Solus
2875 4657 3083 4710 ducebat
3126 4675 3230 4726 eos,
3264 4672 3308 4711 et
3358 4677 3457 4713 non
3487 4671 3590 4716 erat

2014 4759 2126 4795 cum
2151 4760 2207 4795 eo
2232 4743 2364 4796 Deus
2395 4745 2592 4800 alienus
2619 4747 2794 4817 (Deut.
2829 4765 2994 4813 xxx",
3024 4750 3108 4818 ω)
3134 4765 3147 4812 ;
3179 4765 3298 4804 cum
3332 4752 3510 4822 utique
3539 4766 3592 4806 ct

2028 4834 2216 4888 Filium
2246 4847 2299 4889 et
2317 4837 2573 4906 Spiritum
2605 4851 2844 4894 sanctum
2895 4858 3012 4894 cum
3042 4842 3236 4910 populo
3260 4843 3441 4907 fuisse,
3494 4861 3592 4900 nec

2026 4926 2124 4979 iste
2179 4930 2344 4994 possit
2371 4929 2529 4981 Arius
2558 4929 2841 4997 denegare.
2885 4930 2988 4984 Sed
3047 4931 3213 4986 Filius
3263 4944 3315 4986 ct
3365 4935 3592 5002 Spiritus

2023 5025 2240 5068 sanctus
2270 5029 2487 5070 nonest
2534 5017 2742 5072 alienus
2768 5058 2782 5083 ,
2825 5021 2914 5088 qui
2962 5035 3082 5075 cum
3132 5024 3288 5077 Patre
3329 5040 3462 5078 unus
3506 5035 3588 5079 est.

2025 5106 2187 5161 Deus.

2096 5199 2252 5253 XLV.
2290 5198 2580 5253 Audiamus
2607 5209 2784 5254 autem
2836 5211 2890 5257 et
2937 5202 3302 5258 beatissimum
3345 5203 3592 5269 Paulum,

2024 5293 2089 5344 de
2116 5292 2217 5345 hoc
2248 5293 2435 5346 eodem
2468 5297 2724 5362 mysterio
2751 5297 2983 5360 apertius
3005 5298 3382 5360 dis.~erentetn,
3411 5306 3463 5347 et
3487 5305 3596 5348 tres

2024 5398 2183 5436 unum
2218 5385 2380 5436 lleum
2412 5384 2820 5440 conﬁrmantem
2857 5405 2870 5450 ;
2902 5389 3038 5440 sicut
3070 5387 3118 5438 in
3153 5387 3288 5439 libro
3318 5402 3472 5454 quem
3502 5385 3596 5439 ad-

2024 5492 2207 5529 versus
2239 5475 2595 5546 Maribadttm,
2622 5480 2860 5532 nefunlm
2907 5480 3174 5531 ha'resens
3200 5493 3392 5531 vestra:
3417 5478 3598 5532 diaco-

2025 5584 2149 5621 num
2206 5569 2492 5636 edidimus,
2527 5572 2833 5638 plenissime
2865 5581 3068 5622 constat
3125 5585 3484 5637 expressum;
3531 5572 3598 5625 dc

2026 5677 2130 5729 quo
2155 5675 2292 5714 nunc
2317 5660 2367 5714 itt
2401 5659 2501 5714 huc
2552 5660 2668 5715 loco
2723 5673 2984 5728 peepauca
3041 5658 3426 5716 interscrimus.
3466 5662 3594 5715 Dum
