4026 6176
451 303 549 354 227

1751 292 1975 348 VIGII."
2013 293 2384 352 TAPSENSIS

3586 290 3688 342 τις

451 431 578 481 ergo
607 411 696 466 ille
738 411 1014 476 obiiceret,
1048 408 1191 479 quod
1243 408 1368 461 unio
1413 403 1660 460 excludat
1703 407 2020 472 tequalitatis
2051 410 2246 468 Adum
2303 408 2440 460 hunc
2493 405 2656 458 Deum
2709 404 3024 459 Trinitatem
3079 417 3198 458 esse
3249 403 3475 472 ingenue
3526 408 3687 473 profic

455 504 788 567 Trinitatem,
824 502 1098 569 aequalitas
1152 499 1374 565 repellat
1427 497 1697 558 unionem,
1728 497 1866 549 inter
1915 498 2018 548 alia

455 595 620 647 multa
656 593 756 644 hoc
797 605 895 660 ego
949 588 1125 643 retuli.
1159 588 1328 650 Audi,
1387 585 1623 654 inquam,
1681 587 2017 653 Aposto’lum,

457 683 590 736 haec
618 681 892 734 Trinitatis
916 680 1161 732 unionem
1186 677 1438 730 calcatius
1454 677 1852 743 praedicantem.
1888 675 2023 728 Dicit

457 773 509 824 in
542 771 768 837 Epistula
788 770 850 820 ad
879 767 1184 821 Corinthios
1212 767 1377 835 prima
1408 783 1419 816 :
1454 767 1736 819 Divisiones
1788 767 2022 818 donatio-

455 876 576 912 num
605 870 741 918 sunt,
768 861 898 911 idem
922 869 1088 910 autent
1120 857 1365 927 Spiritus.
1402 856 1466 908 Et
1488 856 1762 910 divisiones
1795 857 2027 908 ministe-

454 953 646 1004 riorum
673 962 808 1011 sunt,
840 951 969 1001 idem
1007 959 1172 1001 autem
1205 948 1480 1002 Dominus:
1507 957 1553 1000 et
1599 947 1872 999 divisiones
1903 963 2024 1015 ape-

453 1043 708 1094 rationum
737 1051 876 1103 sunt,
903 1043 1032 1092 idem
1060 1050 1225 1092 autem
1251 1039 1405 1103 Deus,
1434 1039 1520 1107 qui
1571 1049 1816 1104 operatur
1859 1037 2026 1089 omnia

453 1131 504 1182 in
522 1131 751 1182 omnibus
777 1129 821 1198 (l
849 1129 970 1183 Cor.
1005 1145 1097 1192 xu,
1128 1133 1181 1193 4,
1213 1130 1265 1192 5,
1299 1129 1375 1196 6).
1437 1126 1591 1198 184
1619 1128 1750 1191 Quia
1795 1126 2027 1180 Trinitas

455 1233 554 1284 est,
591 1233 697 1275 tres
722 1222 1035 1274 nominavit.
1069 1223 1130 1274 Et
1162 1222 1282 1290 quia
1312 1221 1423 1288 ipsa
1458 1220 1692 1272 Trinitas
1723 1234 1856 1271 unus
1891 1218 2028 1271 Deus

455 1321 706 1376 cst,cutn
758 1321 866 1364 tres
915 1322 1353 1363 connumerasset
1401 1323 1677 1376 personas,
1730 1322 1834 1360 non
1893 1307 2028 1360 dixit

455 1399 732 1467 pluraliter
761 1401 844 1468 qui
874 1410 1164 1468 operantur,
1198 1399 1292 1454 sed
1347 1399 1689 1467 singulariter
1717 1400 1804 1464 qui
1843 1413 2027 1463 opera-

456 1498 558 1542 tur.
589 1489 652 1542 Et
707 1506 772 1544 ne
811 1506 995 1559 pravo,
1042 1492 1275 1558 inquam,
1311 1490 1676 1557 intelligentiae
1729 1503 1910 1552 sensu,
1963 1488 2030 1543 de

457 1581 612 1632 Patre
634 1596 754 1634 eum
780 1582 893 1633 solo
923 1581 1122 1634 dixisse
1136 1582 1431 1643 arbitreris,
1456 1581 1540 1646 qui
1571 1591 1806 1649 aperatur
1826 1581 2029 1641 omnia;

453 1678 510 1721 et
533 1684 636 1720 non
672 1669 833 1721 etiam
867 1669 1022 1721 simul
1047 1669 1113 1722 de
1161 1669 1316 1732 Filio,
1345 1677 1398 1721 et
1449 1669 1649 1737 Spiritu
1676 1678 1880 1735 sancto,
1911 1668 2032 1721 dili-

2123 512 2318 554 ICIIIIII’.

2198 589 2398 642 XLVII.
2433 587 2628 640 Probus
2650 587 2811 657 judea:
2831 587 2959 639 dixit
2987 605 3006 640 :
3031 586 3224 642 Contra
3253 587 3364 640 hzec
3390 603 3507 655 qua:
3534 591 3694 641 Atha-

2127 679 2310 731 nasius
2341 688 2651 745 prosecutus
2681 687 2792 740 est,
2839 681 2880 730 si
2924 677 3047 745 quid
3086 679 3176 731 tibi
3209 694 3240 733 e
3276 679 3486 732 diverso
3529 681 3693 748 repli-

2125 768 2348 821 candum
2375 769 2658 834 remansit,
2694 768 2743 818 in
2787 768 3016 820 medium
3049 768 3285 836 proferre
3314 778 3518 822 curato.

2199 857 2352 909 Arius
2399 857 2526 908 dixit
2586 873 2604 909 :
2668 857 2803 911 Sunt
2845 857 3059 926 quidem
3106 861 3530 926 quamplurima,
3580 874 3695 925 qu:r

2131 946 2316 1000 ΡίΙῙι·ιιι
2351 957 2401 998 et
2440 947 2657 998 alterius
2689 956 2920 1010 naturm,
2951 957 3003 1001 et
3036 947 3302 1002 inIerioris
3329 948 3554 1001 doceant
3581 963 3610 1000 e
3641 964 3699 1002 se

2133 1039 2321 1092 Filium
2357 1039 2630 1106 potentite.
2659 1037 2762 1091 Sed
2789 1040 3039 1106 quoniam
3067 1039 3190 1092 alibi
3230 1054 3259 1090 a
3291 1041 3485 1092 nostris
3514 1050 3698 1092 contra

2131 1130 2349 1182 istorum
2391 1144 2603 1184 errores
2622 1129 2848 1197 -plenius
2877 1128 3084 1196 objecta
3112 1137 3261 1193 sunt,
3297 1130 3420 1198 quid
3456 1145 3588 1197 opus
3617 1138 3701 1184 est

2132 1222 2243 1273 lucc
2274 1221 2460 1275 eadem
2494 1235 2678 1275 rursus
2718 1231 2991 1290 repetere,
3026 1230 3080 1275 et
3121 1222 3426 1275 Iaciuiosam
3467 1223 3700 1275 alterca-

2141 1311 2303 1365 tionis
2332 1313 2571 1380 praebere
2597 1314 2908 1367 materiam?
2936 1313 2989 1368 Si
3017 1313 3188 1381 placet
3213 1312 3392 1378 igitur,
3420 1313 3486 1366 de
3511 1313 3702 1367 habitis

2145 1403 2285 1456 inter
2311 1417 2408 1457 nos
2436 1403 2879 1472 disputationibus
2907 1404 3042 1458 ferto
3081 1405 3421 1458 sententiam.

2217 1493 2415 1545 Probus
2432 1494 2594 1564 judex
2620 1494 2748 1547 dixit
2781 1508 2797 1546 :
2827 1493 2941 1547 Jam
2972 1496 3215 1563 superius
3243 1493 3518 1548 interfatus
3559 1506 3702 1557 sum,

2137 1583 2485 1650 semiplenam
2526 1598 2629 1637 non
2669 1593 2919 1653 oportere
2949 1586 3266 1639 sententiam
3298 1600 3564 1654 promere.
3603 1586 3704 1641 Su-

2140 1686 2318 1742 perest
2342 1685 2400 1729 ut
2421 1677 2463 1728 si
2483 1675 2606 1744 quid
2631 1676 2780 1730 vobis
2813 1677 3091 1743 remansit,
3118 1692 3370 1746 peragere
3391 1677 3702 1746 dignemini.

453 1757 669 1822 gentius
710 1758 761 1810 in
793 1759 1045 1826 subjectis
1090 1757 1215 1826 quid
1241 1759 1382 1810 dicat
1427 1760 1686 1810 ausculta.
1710 1757 1838 1811 Cum
1885 1759 2026 1812 enim
2061 1768 2105 1827 Β
2207 1767 2358 1818 Arius
2389 1765 2519 1818 dixit
2551 1781 2569 1818 :
2603 1766 2674 1819 De
2706 1765 2789 1820 his
2817 1781 2934 1834 qua:
2980 1768 3269 1836 cognitioni
3299 1775 3400 1820 tua:
3425 1777 3705 1836 patuerunt

455 1851 616 1902 multa
648 1849 844 1903 divinae
886 1851 1073 1919 gratia:
1117 1865 1277 1918 opera
1334 1859 1689 1914 numerasset,
1744 1851 1851 1903 ait:
1898 1849 2024 1905 lltcc

453 1949 620 1990 autem
648 1942 816 1991 omnia
849 1952 1089 2008 aperatur
1111 1957 1237 1992 unus
1270 1950 1418 2009 atque
1446 1941 2024 2009 identSpit'itus(Ibid.,

454 2030 567 2093 II).
597 2031 788 2083 Cernis
813 2041 1124 2097 operantem
1183 2031 1417 2096 Patrem,
1451 2046 1759 2099 operantem
1811 2033 2024 2098 Filium,

453 2131 764 2186 operantem
815 2122 1070 2185 Spiritum
1122 2131 1394 2185 sanctum;
1448 2131 1500 2175 et
1544 2138 1664 2175 cum
1723 2124 1878 2176 simul
1920 2137 2028 2179 tres

454 2223 764 2278 eperentur,
801 2227 904 2265 non
937 2213 1003 2266 de
1034 2219 1111 2266 eis
1163 2214 1356 2266 dicitur
1383 2214 1467 2280 qui
1495 2225 1791 2281 operantur,
1821 2215 1913 2269 sed
1940 2217 2027 2285 qui

453 2311 718 2367 cperatur;
742 2312 797 2354 ut
819 2317 954 2356 unus
989 2303 1126 2356 Deus
1149 2304 1199 2355 in
1228 2303 1490 2356 Trinitate
1520 2316 1865 2358 monstretur.
1898 2307 2026 2359 Item

453 2394 645 2447 Filium
671 2402 724 2446 et
751 2393 958 2447 Patrem
984 2395 1122 2448 idem
1146 2397 1430 2462 Aposwlus
1453 2398 1757 2462 nominans,
1781 2396 1902 2464 Ipse
1926 2398 2029 2451 Do-

451 2487 619 2537 minus
647 2493 814 2537 noster
844 2485 992 2538 Jesus
1018 2484 1271 2552 Christus,
1299 2496 1345 2538 et
1375 2484 1513 2539 Deus
1556 2486 1715 2539 Pater
1743 2489 1829 2556 qui
1854 2489 2029 2543 dilexit

453 2587 545 2625 nos
577 2571 660 2640 (Il
686 2572 836 2628 Thes.
872 2589 928 2639 ιι,
959 2575 1068 2644 15).
1095 2586 1294 2629 etcum
1323 2576 1392 2631 de
1427 2578 1633 2630 duobus
1681 2578 2027 2642 nominasset,

453 2673 509 2717 et
537 2679 697 2717 uuunt
725 2680 844 2719 esse
880 2667 1206 2730 ostenderet,
1242 2681 1346 2721 non
1400 2666 1536 2720 dixit
1589 2669 1676 2732 qui
1721 2667 2026 2736 dilexerunt,

452 2753 546 2806 sed
582 2754 669 2821 qui
696 2753 894 2807 dilexit.
937 2754 1046 2809 Nec
1076 2757 1153 2809 ait
1205 2756 1548 2821 consolentur,
1598 2757 1690 2810 sed
1742 2758 2029 2810 consoletur

454 2846 611 2896 corda
639 2859 798 2897 vestra
829 2846 1016 2913 (lbid.,
1041 2847 1153 2916 I6).
1180 2847 1332 2912 Item,
1358 2846 1382 2898 Ι
1390 2864 1478 2916 pse
1505 2858 1675 2899 autent
1706 2847 1841 2900 Deus
1874 2846 2030 2901 Pater

453 2947 643 3000 noster,
670 2945 717 2988 et
747 2934 994 2989 Dominus
1011 2938 1162 2990 Jesus
1185 2937 1415 2990 Christus
1437 2940 1629 3007 dirigat
1649 2939 1780 2990 viam
1805 2951 2028 2992 nostram

453 3029 520 3080 ad
541 3045 625 3082 vos
657 3028 706 3099 (Ι
723 3027 874 3084 Thes.
903 3044 982 3093 ιιι,
1003 3031 1116 3098 II).
1145 3029 1254 3083 Nec
1279 3031 1364 3084 hic
1383 3031 1458 3083 ait
1489 3030 1732 3099 dirigant,
1763 3033 1854 3085 sed
1892 3032 2022 3083 diri-

2137 1857 2482 1924 pronuntiare
2508 1855 2745 1923 dignare.

2208 1948 2517 2000 Athanasius
2539 1947 2668 1999 dixit
2693 1961 2711 2000 :
2745 1947 3084 2016 Reliquorum
3115 1948 3489 2017 qua-stionum,
3515 1948 3706 2016 quibus

2132 2040 2288 2092 Arius
2310 2039 2560 2106 opinatur
2580 2052 2736 2105 posse
2755 2037 2946 2092 Filium
2965 2053 2995 2092 a
3019 2039 3176 2092 Patre
3194 2041 3396 2093 ostendi
3424 2043 3702 2107 minorem,

2133 2127 2423 2196 principale
2455 2127 2582 2180 illud
2620 2136 2722 2191 est,
2751 2128 2890 2198 quod
2923 2127 3061 2183 idem
3087 2128 3252 2183 Filius
3283 2130 3380 2193 ait,
3411 2130 3569 2184 Pater
3599 2150 3708 2184 nm-

2123 2224 2212 2291 jor
2242 2238 2320 2273 me
2348 2230 2456 2282 est;
2482 2219 2621 2288 quod
2645 2219 2755 2287 jam
2783 2221 3124 2287 cognoscitur
3153 2222 3474 2287 intentasse,
3504 2234 3557 2276 et
3586 2224 3707 2279 huic

2142 2312 2284 2364 velut
2325 2311 2484 2378 capiti
2524 2320 2712 2363 cuneta
2744 2310 3094 2378 quiestionnm
3141 2310 3403 2365 inhaerent
3446 2315 3705 2372 membra.

2135 2400 2261 2452 Nam
2316 2400 2455 2467 quod
2501 2401 2615 2463 ait,
2660 2399 2778 2452 Non
2821 2401 2933 2454 veni
2974 2401 3140 2469 facere
3188 2403 3496 2458 voluntatem
3544 2421 3707 2463 nteant

2137 2489 2312 2557 (Joan.
2361 2506 2434 2555 Vl,
2467 2491 2556 2560 58)
2580 2507 2594 2553 ;
2627 2502 2679 2546 et
2705 2491 2822 2545 Non
2854 2501 3017 2562 potest
3050 2491 3218 2547 Filius
3242 2511 3274 2546 α
3295 2511 3344 2548 se
3368 2499 3532 2564 facere
3551 2500 3707 2566 quid-

2133 2599 2286 2650 quam
2317 2581 2498 2644 (Joan.
2535 2599 2588 2645 ν,
2627 2583 2756 2651 I9);
2796 2596 2844 2636 et
2889 2583 3034 2638 Sicut
3074 2585 3246 2637 docuit
3288 2602 3366 2639 me
3414 2586 3600 2650 Pater,
3632 2591 3708 2642 sic

2133 2674 2267 2740 facio
2313 2672 2491 2743 (Joan.
2527 2689 2641 2742 vin,
2673 2675 2802 2741 28);
2843 2686 2896 2730 et
2925 2677 3170 2730 Doctrina
3205 2694 3318 2732 mea
3346 2695 3445 2731 non
3485 2691 3557 2732 est
3596 2696 3706 2734 mea

2134 2762 2312 2832 (Joan.
2347 2779 2438 2827 vn,
2475 2761 2613 2832 I6);'
2633 2775 2686 2819 et
2717 2765 2804 2820 Me
2823 2778 3016 2835 oportet
3039 2770 3236 2839 operari
3267 2787 3420 2840 opera
3446 2774 3589 2841 ejus,
3621 2775 3708 2840 qui

2134 2854 2270 2904 misit
2323 2869 2400 2906 me
2441 2853 2618 2922 (Joan.
2663 2871 2738 2919 ix,
2770 2855 2857 2925 4);
2899 2867 2953 2910 et
2986 2857 3106 2910 Non
3131 2875 3163 2911 a
3200 2876 3278 2912 me
3304 2862 3414 2913 ueni
3451 2877 3470 2914 :
3514 2863 3600 2915 ille
3629 2878 3708 2915 me

2132 2947 2269 2998 misit
2296 2944 2472 3010 (Joan.
2504 2962 2618 3007 vm,
2652 2946 2779 3014 42);
2812 2957 2865 3002 et
2893 2948 3004 3020 Ego
3025 2965 3136 3002 sunt
3168 2951 3281 3004 vitis
3310 2961 3354 3004 et
3387 2952 3541 3006 Pater
3561 2969 3705 3007 meus

2132 3037 2361 3104 agricola
2384 3049 2454 3091 est
2481 3038 2655 3104 (Joan.
2684 3054 2772 3104 xv,
2800 3039 2850 3108 I)
2877 3057 2892 3102 ;
2919 3051 2972 3095 et
2991 3040 3100 3112 Ego
3127 3045 3238 3096 vivo
3263 3053 3471 3112 propter
3499 3045 3706 3099 Patrem

454 3129 558 3190 gat.
595 3120 863 3174 Ilactenus
888 3120 954 3173 de
986 3119 1074 3172 illo
1097 3135 1260 3187 opere
1298 3122 1686 3174 mutuatissine
1711 3120 2024 3175 Trinitatem
2053 3125 2097 3186 C
2132 3130 2310 3198 (Joun.
2353 3143 2424 3191 Vl,
2475 3127 2587 3193 58).
2631 3127 2721 3182 Vel
2772 3131 2914 3198 quod
2956 3131 3098 3185 diem
3135 3131 3378 3200 ignorare
3413 3147 3471 3188 se
3515 3134 3709 3189 fatetur

455 3227 616 3265 unum
652 3213 816 3266 Deum
838 3227 979 3274 esse,
1013 3211 1306 3281 apostolico
1333 3225 1491 3266 sensu
1511 3212 1814 3276 docuerim;
1846 3214 1912 3266 ad
1944 3229 2028 3268 re-

456 3307 598 3374 liqua
626 3305 958 3357 festinemus.

527 3395 707 3450 XLVI.
739 3396 1009 3464 Exemplis
1034 3395 1197 3448 etiam
1220 3393 1548 3447 naturalibus
1576 3394 1676 3448 hoc
1707 3394 1826 3450 ﬁdei
1849 3409 2030 3450 sacra-

455 3503 692 3544 mentum
754 3504 910 3557 posse
959 3487 1189 3541 maxime
1227 3485 1612 3551 commendari,
1666 3488 2026 3555 aposwlorum

454 3585 680 3638 edocent
715 3585 863 3646 Acta,
896 3590 1149 3634 narrante
1178 3579 1315 3633 Luca
1347 3579 1414 3632 de
1443 3579 1781 3632 credentibus
1808 3597 1818 3629 :
1848 3578 1902 3631 Μ
1910 3581 2027 3631 ulti-

454 3676 642 3728 tudinis
674 3682 840 3726 autem
870 3672 1182 3724 credentium
1225 3679 1329 3722 erat
1355 3685 1442 3721 cor
1469 3685 1626 3721 unum
1657 3679 1701 3722 et
1733 3669 1904 3722 aninta
1926 3685 2029 3722 una

455 3768 591 3839 (Act.
627 3781 700 3830 tv,
730 3764 840 3832 δι’).
861 3765 916 3818 Si
948 3763 1049 3817 hoc
1081 3761 1324 3815 fidelibus
1351 3775 1443 3829 per
1474 3759 1722 3830 baptismi
1750 3776 2029 3830 regenera-

453 3863 651 3915 tionem
681 3858 907 3912 coutultt
931 3857 1122 3925 gratia,
1158 3864 1213 3908 ut
1254 3858 1432 3908 multa:
1462 3868 1646 3907 eorum
1674 3853 1887 3917 animat,
1923 3868 2026 3906 una

454 3953 758 4015 sitanima;
791 3966 887 4004 cur
927 3965 1030 4001 non
1071 3948 1236 4001 multo
1259 3946 1635 4015 congruentius
1672 3945 1739 3999 de
1769 3944 2028 3999 Triuitate

454 4043 726 4105 credatur,
757 4040 896 4109 quod
929 4054 1064 4092 unus
1087 4039 1329 4102 s:tl)eus,
1362 4049 1417 4090 ut
1464 4036 1604 4105 quod
1644 4049 1743 4090 nos
1789 4049 1881 4103 per
1910 4050 2026 4102 gra-

456 4131 607 4191 tiam,
640 4131 741 4184 huc
763 4129 851 4183 illa
877 4129 1115 4182 Trinitas
1140 4128 1334 4181 habeat
1359 4142 1453 4196 per
1501 4126 1769 4179 naturam?
1797 4123 1927 4177 Nam
1976 4133 2029 4178 et

455 4225 499 4277 si
531 4224 836 4291 diligentius
859 4223 1263 4290 perspiciamus,
1290 4219 1590 4273 invenimus
1615 4219 1775 4273 etiam
1799 4218 1850 4271 in
1874 4215 2027 4270 nobis

456 4318 710 4384 quiddam
737 4327 970 4381 naturie,
1004 4316 1142 4386 quod
1169 4316 1243 4369 illi
1292 4315 1611 4369 beatissima:
1651 4324 1810 4382 atque
1843 4314 2028 4367 iueﬂ'a-

457 4408 548 4460 bili
573 4407 923 4469 assimiletur,
955 4407 1081 4460 licet
1131 4406 1283 4476 longe
1311 4406 1484 4470 aliter,
1526 4406 1796 4459 Trinitati.
1846 4405 2028 4473 Neque

2131 3220 2340 3287 (Matth.
2391 3234 2532 3281 xstv,
2562 3220 2672 3283 56;
2709 3219 2874 3274 Marc.
2912 3237 3035 3283 xm,
3079 3221 3190 3291 52),
3240 3231 3294 3277 et
3323 3223 3460 3292 quod
3494 3223 3706 3279 Patrem

2129 3325 2280 3364 suum
2311 3318 2466 3363 Vocet
2499 3311 2660 3364 Deum
2693 3309 2869 3379 (Joan.
2905 3327 2958 3376 ν,
2992 3312 3103 3379 IS),
3145 3322 3197 3364 et
3227 3313 3294 3368 de
3320 3313 3504 3368 calicis
3533 3324 3710 3369 trans-

2131 3399 2324 3454 latione
2372 3409 2618 3467 precatur
2652 3399 2870 3468 (Matth.
2914 3416 3060 3466 xxvn,
3101 3400 3218 3471 39),
3258 3413 3313 3456 et
3347 3417 3404 3457 se
3453 3404 3502 3457 in
3546 3419 3710 3459 cruce

2128 3489 2438 3544 derelictum
2481 3491 2828 3559 conqueritur
2856 3491 3070 3561 (Matth.
3106 3507 3275 3559 xuii,
3307 3494 3423 3560 46),
3467 3503 3522 3548 et
3563 3494 3708 3562 quod

2131 3579 2384 3646 Spiritum
2416 3595 2571 3634 suum
2598 3581 2738 3635 Patri
2769 3586 3109 3636 commendat
3137 3583 3288 3653 (Luc.
3320 3599 3469 3649 χχιιι,
3496 3582 3619 3654 46).
3651 3594 3708 3638 et

2129 3671 2173 3723 si
2216 3685 2315 3738 qua
2357 3678 2581 3738 possunt
2617 3671 2720 3724 alia
2751 3669 3055 3739 hujusmodi
3084 3687 3228 3737 esse,
3270 3673 3362 3727 illo
3391 3673 3707 3742 respiciunt,

2129 3775 2246 3829 qua!
2269 3773 2297 3811 a
2327 3759 2478 3814 nobis
2497 3775 2615 3813 cum
2641 3761 2785 3814 omni
2805 3771 2947 3816 metu
2976 3773 3028 3817 et
3059 3766 3382 3828 reverentia,
3412 3767 3707 3822 secundum

2129 3851 2586 3918 dispensationem
2619 3853 2816 3915 carnis,
2849 3867 2948 3920 qua
2979 3867 3082 3906 non
3113 3854 3285 3908 solum
3313 3855 3488 3920 Patre,
3521 3873 3706 3913 verum

2129 3943 2290 3994 etiam
2328 3943 2485 4010 186
2517 3943 2718 4009 angelis
2739 3953 2793 3996 et
2820 3943 3123 3998 hominibus
3149 3946 3463 4014 minoratur,
3489 3959 3542 4004 et
3563 3949 3707 4004 dicta

2130 4032 2210 4085 vel
2234 4031 2364 4084 facta
2398 4031 2785 4101 intelliguntur.

2202 4121 2428 4177 XLVIII.
2489 4123 2769 4194 Tantaque
2825 4139 2922 4180 nos
2977 4126 3240 4182 beneﬁcio
3285 4129 3402 4196 ejus
3445 4129 3710 4186 obnoxios

2131 4216 2430 4281 credimus,
2473 4227 2672 4286 quanto
2704 4217 2817 4273 hate
2862 4227 2916 4273 et
2964 4220 3176 4289 indigna
3213 4235 3334 4276 esse
3369 4222 3703 4290 ignoramus;

2130 4307 2340 4375 quinos
2374 4317 2520 4361 tanto
2546 4308 2730 4362 dilexit
2753 4324 2957 4375 amore,
2991 4320 3045 4364 ut
3070 4311 3133 4362 ad
3167 4311 3265 4364 ista
3295 4321 3399 4365 tam
3422 4313 3563 4376 vilia,
3595 4323 3704 4368 tam

2133 4399 2385 4467 injuriosa
2423 4401 2765 4466 semetipsum
2807 4401 3034 4454 voluerit
3076 4402 3352 4457 inclinare.
3402 4403 3532 4456 Nam
3577 4408 3704 4474 quia

455 4500 597 4551 enim
626 4497 819 4549 frustra
850 4495 1101 4562 scriptum
1129 4509 1231 4559 est,
1267 4497 1426 4548 Deum
1461 4499 1635 4564 fecisse
1684 4498 1936 4549 hominem
1960 4498 2026 4548 ad
2059 4476 2105 4534 Ι)
2132 4491 2332 4559 angelis
2376 4491 2670 4546 minoratus
2696 4502 2776 4547 est
2808 4491 2978 4561 (Psal.
3006 4507 3135 4558 vni,
3173 4493 3251 4563 6),
3273 4495 3381 4562 jam
3426 4510 3613 4563 supra,
3646 4507 3703 4549 ut

456 4590 724 4658 imaginem
754 4599 801 4642 et
831 4589 1214 4641 similitudinem
1241 4606 1384 4642 suam
1411 4590 1582 4658 (Gem,
1609 4605 1644 4646 ι.
1684 4592 1769 4653 I7,
1793 4601 1841 4643 et
1867 4609 1920 4656 ν,
1954 4589 2024 4660 I).

460 4681 733 4734 Ilominem
759 4695 888 4749 ergo
914 4695 978 4734 ex
1005 4680 1170 4734 tribus
1193 4690 1462 4741 constare,
1489 4681 1540 4732 id
1572 4688 1653 4734 est
1690 4696 1751 4734 ex
1782 4696 2026 4748 corpore,

458 4779 513 4822 et
536 4771 731 4832 anima,
759 4779 814 4823 et
840 4771 1047 4837 spiritu,
1082 4770 1365 4838 Apostolus
1393 4771 1541 4822 testis
1577 4782 1682 4835 εει,
1712 4770 1929 4823 dicens:
1961 4769 2028 4823 Ut

456 4862 666 4926 integer,
700 4875 906 4926 corpus,
936 4860 1190 4923 etanima,
1214 4871 1260 4914 et
1312 4863 1520 4927 spiritus
1557 4862 1610 4912 in
1656 4861 1790 4912 diem
1823 4858 2027 4912 Domini

455 4952 613 5002 nostri
637 4949 762 5004 Jesu
789 4949 979 5004 Christi
1009 4961 1232 5003 servetur
1264 4951 1310 5022 (Ι
1339 4951 1492 5005 Thes.
1523 4969 1576 5015 ν,
1599 4949 1714 5016 25).
1740 4951 1794 5005 Si
1815 4949 1864 5004 in
1900 4965 2021 5004 cor-

453 5041 688 5110 ruptibili
720 5053 770 5095 et
802 5042 1094 5109 composita
1122 5054 1329 5108 natura,
1375 5051 1533 5095 tanta:
1576 5042 1791 5095 unitatis
1823 5053 2020 5110 myste-

453 5133 588 5185 rium
622 5133 904 5201 reperitur,
941 5143 998 5185 ut
1029 5148 1162 5185 unus
1186 5142 1296 5186 tres
1325 5135 1453 5197 sint,
1487 5133 1642 5211 185
1669 5143 1722 5186 et
1755 5143 1862 5187 tres
1888 5149 2024 5186 unus

454 5222 615 5276 homo
637 5226 726 5288 sit;
747 5234 943 5294 quanto
975 5223 1243 5292 pulchrius
1269 5236 1321 5276 et
1355 5224 1630 5276 honestius
1654 5224 1719 5277 de
1767 5222 2024 5277 Trinitate

452 5318 700 5386 accipitut
720 5360 733 5382 ,
758 5318 898 5387 quod
932 5332 1066 5370 unus
1096 5317 1164 5370 sit
1196 5317 1334 5369 Dens
1356 5357 1369 5379 ,
1398 5332 1501 5369 non
1546 5316 1876 5370 confusionis
1903 5332 2021 5383 per-

451 5406 719 5469 mislione,
751 5408 842 5460 sed
868 5409 1068 5460 unitate
1097 5407 1330 5457 naturae?
1357 5405 1444 5457 llis
1470 5420 1595 5474 ergo
1617 5415 1670 5459 et
1691 5407 1808 5458 aliis
1836 5420 2018 5473 quam-

453 5494 694 5559 plurimis
725 5499 1149 5549 testimoniorum
1167 5494 1519 5557 documentis,
1542 5509 1827 5561 rerumque
1848 5508 2025 5547 exem-

455 5580 557 5645 plis
587 5583 794 5646 imbuti,
827 5601 923 5637 nec
968 5584 1262 5638 Sabellium
1320 5583 1659 5646 incurrimus,
1708 5593 1814 5637 tres
1863 5599 2022 5636 unum

457 5671 618 5724 Deum
644 5673 887 5739 fatendo;
916 5691 1010 5729 nec
1066 5685 1167 5729 tua:
1199 5675 1434 5743 perﬁdia:
1476 5676 1679 5744 laqueis
1731 5676 2020 5742 irrctitnur,

2134 4581 2389 4643 memini,
2439 4582 2646 4650 plenius
2687 4583 2998 4647 docuimus,
3048 4585 3133 4638 nbi
3192 4586 3413 4639 dicentis
3460 4587 3702 4654 Apostoli

2131 4673 2290 4727 verba
2324 4675 2595 4742 posuimus
2628 4675 2811 4744 (Hebr.
2845 4691 2899 4740 ιι,
2927 4676 3002 4745 7).
3034 4676 3184 4731 Hunc
3211 4688 3386 4731 autem
3415 4677 3592 4732 Iesum
3623 4678 3706 4731 vi-

2131 4761 2304 4816 dimus
2327 4774 2545 4832 propter
2571 4764 2869 4831 passionem
2900 4767 3089 4820 mortis
3120 4766 3284 4833 paulo
3311 4767 3484 4820 minus
3511 4767 3576 4820 ab
3605 4782 3703 4819 an-

2129 4852 2261 4921 gelis
2292 4853 2632 4906 minoratum.
2669 4853 2819 4919 Quod
2858 4869 2984 4908 vero
3016 4867 3069 4908 et
3098 4855 3402 4910 hominibus
3431 4857 3605 4910 minor
3629 4857 3702 4909 sit

2128 4945 2320 5008 factus,
2355 4943 2541 4997 Isaiam
2581 4945 2702 4998 audi
2734 4945 2998 5000 dicentem
3035 4963 3048 4999 :
3088 4945 3324 5000 Vidimus
3367 4964 3478 5001 eum
3509 4957 3558 4999 et
3595 4963 3700 5000 non

2125 5044 2231 5086 erat
2252 5035 2442 5102 species
2471 5036 2536 5098 ei,
2568 5050 2725 5103 neque
2753 5035 2939 5099 decor;
2968 5039 3054 5089 sed
3084 5041 3273 5102 species
3301 5041 3410 5108 ejus
3439 5038 3697 5105 despecta,

2123 5135 2172 5178 et
2193 5124 2428 5191 deﬁciens
2459 5141 2612 5193 super
2631 5125 2765 5193 filios
2788 5128 3049 5179 hominum
3083 5127 3236 5197 (lsai.
3269 5143 3381 5191 LIII,
3409 5129 3464 5194 2,
3491 5129 3569 5193 5).
3591 5128 3694 5182 Sed

2125 5227 2179 5270 et
2213 5217 2383 5270 Lucas
2409 5219 2736 5284 evangelista
2766 5219 2832 5272 de
2860 5234 2924 5273 eo
2950 5221 3023 5274 ait
3058 5237 3070 5273 :
3105 5218 3170 5272 Et
3197 5233 3303 5273 erat
3339 5221 3567 5274 subditus
3604 5237 3700 5288 pa-

2126 5306 2350 5358 rentibus
2377 5307 2482 5359 suis
2509 5305 2657 5374 (Luc.
2693 5323 2750 5370 ιι,
2784 5307 2900 5374 52).
2941 5308 3070 5374 Quae
3100 5311 3302 5374 omnia,
3332 5311 3374 5363 si
3402 5309 3693 5363 secundum

2129 5397 2468 5451 humanitatis
2518 5399 2738 5452 formam
2782 5401 3132 5467 accipiantur,
3167 5419 3270 5456 non
3302 5404 3470 5456 solum
3505 5403 3692 5464 Patre,

2126 5491 2216 5544 sed
2255 5500 2308 5545 et
2351 5492 2552 5560 angelis
2587 5503 2639 5546 et
2685 5494 2987 5549 hominibus
3029 5495 3246 5550 inferior
3287 5499 3402 5564 ejus
3443 5496 3692 5549 divinitas

2127 5583 2412 5636 invenitur.
2444 5584 2636 5637 Verum
2668 5585 2786 5654 quia
2827 5597 3106 5656 utramque
3133 5589 3184 5641 in
3215 5604 3275 5641 se
3317 5597 3553 5640 naturam
3600 5585 3697 5638 ha-

2126 5676 2270 5742 buit,
2315 5676 2406 5730 Dei
2434 5679 2636 5732 scilicet
2672 5689 2723 5732 ct
2754 5679 3005 5747 hominis,
3040 5682 3314 5749 utriusque
3351 5687 3552 5734 natura:
3604 5693 3697 5731 res
