3958 6176
316 260 422 316 2‘29

1107 261 1374 319 CONTRA
1416 262 1732 332 ARlANOS,
1772 263 2263 334 SABELLIANOS,
2307 264 2486 331 ETC.,
2530 264 2657 324 LIB.
2702 265 2784 322 Ill.

3491 276 3596 333 230

322 376 580 443 loquitur.
609 381 770 445 atque
795 378 927 446 agit.
953 376 1133 448 Neque
1154 381 1295 434 enim
1322 380 1562 450 ejusdem
1597 394 1799 435 uatum
1824 392 1907 437 cst
1935 391 1984 445 Α
2016 388 2285 439 cumulum
2307 393 2495 439 cuncta
2524 388 2803 455 congessi,
2834 388 3084 456 quoniam
3127 388 3194 446 de
3220 390 3304 446 his
3341 396 3591 453 omnibus

313 467 518 530 dicere,
552 465 708 519 Pater
730 471 899 539 major
920 486 997 521 nt.-
1021 478 1092 523 est
1122 469 1300 539 (Joan.
1329 486 1436 535 XIV,
1464 471 1580 539 '28).
1612 480 1667 527 et
1700 473 1903 539 dicere,

2010 482 2361 545 quaastionum
2391 479 2660 545 capitulis,
2694 478 2850 533 latius
2875 488 2931 533 et
2974 479 3179 549 plenius
3202 484 3386 538 beatus
3410 499 3589 541 noster

316 559 429 628 Ego
452 568 499 611 et
530 557 689 611 Pater
712 576 873 612 unum
898 577 1068 615 sumus
1099 562 1278 626 (Joan.
1304 580 1355 630 ς,
1386 564 1499 633 50).
1528 565 1749 631 Dicere,
1784 556 1987 635 Non";
2007 567 2299 635 disputavit
2317 568 2654 623 Ambrosius.
2676 569 2875 624 Contra
2899 587 3058 639 quem
3084 573 3351 629 Palladius
3378 576 3588 630 Atinate

312 660 479 718 potest
512 647 683 702 Filius
712 666 744 702 a
782 667 836 704 se
864 653 1031 721 idem
1058 655 1331 723 quidquam
1375 654 1556 727 (loan.
1591 671 1641 720 v,
1677 656 1805 722 Ill);
1851 668 1904 711 et

311 742 526 805 dicere,
575 744 763 795 Omnia
802 760 1115 814 qua’cunque
1144 746 1299 799 Pater
1326 748 1473 815 facit,
1505 750 1613 802 Ita'c
1658 760 1703 802 et
1735 748 1903 805 Filius

310 832 549 886 similiter
595 835 739 902 facit.
797 836 1019 897 Dicere.
1065 837 1183 891 Non
1229 840 1343 892 veni
1386 841 1553 908 facere
1592 843 1902 896 voluntatem

311 941 476 978 meam
507 923 689 992 (Joan.
724 943 799 987 vt.
842 930 975 997 38);
1008 940 1060 983 ct
1087 931 1294 995 dicere,
1328 933 1476 988 Sicut
1508 933 1660 988 Pater
1688 938 1900 989 suscitat

310 1026 566 1081 mortuos,
598 1027 648 1071 et
671 1020 910 1087 viviﬁcat,
935 1024 1007 1074 sic
1034 1031 1079 1074 rt
1110 1020 1310 1088 Filius,
1341 1041 1469 1094 quos
1507 1025 1634 1089 vult,
1676 1028 1899 1094 vivi/ient

308 1107 494 1173 (Joan.
526 1124 582 1173 v,
613 1108 727 1179 2t).
762 1111 911 1166 Unde
933 1116 1130 1167 etcum
1154 1117 1472 1172 auctoritate
1500 1119 1679 1174 liberte
1704 1123 1895 1175 volun-

307 1200 452 1260 tatis,
488 1199 705 1265 leproso
731 1201 803 1254 ait
837 1221 851 1254 :
890 1202 1041 1268 Volo,
1069 1207 1317 1260 mundare
1341 1207 1531 1275 (Marc.
1560 1226 1595 1272 t,
1638 1210 1753 1277 41).

376 1292 569 1345 XLIX.
608 1292 722 1346 Non
749 1309 899 1363 ergo,
935 1296 1170 1365 inquam,
1206 1298 1364 1353 unius
1392 1310 1594 1353 natura:
1623 1312 1725 1365 e~t,
1760 1318 1896 1371 pra:-

306 1385 451 1451 scpis
497 1384 709 1452 gremio
753 1388 1039 1451 contineri,
1086 1399 1138 1443 et
1175 1398 1441 1443 astrorum
1474 1392 1678 1446 indiciis
1710 1395 1891 1461 prodi;

308 1474 617 1528 hominibus
645 1476 868 1546 subjici,
894 1487 947 1531 et
972 1479 1038 1530 ah
1073 1480 1274 1547 angelis
1306 1481 1630 1545 ministrari;
1662 1487 1729 1537 de
1775 1486 1893 1540 loco

304 1564 368 1617 ad
391 1564 570 1618 locum
596 1565 797 1634 fugere,
828 1577 881 1621 et
913 1569 1103 1635 ubique
1123 1570 1204 1623 sui
1237 1573 1572 1638 prmsctttiatn
1599 1573 1886 1641 exhibere;

302 1668 517 1711 terrena
562 1659 825 1724 incolere,
848 1670 901 1713 et
929 1661 1168 1716 etelestia
1201 1679 1305 1716 non
1334 1663 1615 1729 deserere;
1643 1667 1834 1721 tentari
1857 1684 1887 1722 a

2009 657 2248 724 perfidia:
2270 658 2573 727 episcopus,
2604 659 2729 713 dum
2747 658 2882 729 jam,
2909 661 3093 725 credo,
3124 664 3209 717 ille
3234 678 3452 719 sanctus
3484 665 3585 718 lm-

2007 748 2179 801 mauis
2206 748 2366 803 rebus
2407 747 2598 805 fuisset
2626 761 2942 820 exemptus,
2976 753 3029 807 in
3061 756 3380 809 refutatione
3409 756 3583 808 dicto-

2007 854 2124 892 rum
2151 840 2271 907 ejus
2293 842 2533 907 quaedam
2555 841 2781 897 credidit
2798 846 3206 900 conscribenda.
3225 846 3281 900 Si
3305 848 3431 917 quid
3456 865 3584 917 ergo

2004 940 2143 978 nunc
2175 941 2203 977 a
2252 934 2304 980 te
2333 927 2493 993 objici
2528 929 2727 994 potuit,
2778 928 2865 982 ille
2898 929 3006 997 jam
3047 930 3157 984 suis
3192 931 3583 999 objectiouibus

2001 1018 2308 1086 occupavit.
2362 1018 2458 1072 Cui
2507 1019 2758 1086 quoniam
2806 1036 2912 1073 uno
2947 1022 3055 1088 jam
3080 1024 3329 1091 respondi
3366 1024 3575 1086 libello,

2002 1109 2194 1161 melius
2227 1124 2371 1172 reor,
2404 1108 2446 1161 si
2474 1122 2575 1176 qua
2611 1108 2698 1163 hic
2726 1108 2954 1163 fortasse
2977 1111 3173 1164 omissa
3204 1112 3470 1175 videntur,
3507 1115 3577 1168 ibi

2002 1199 2208 1267 plenius
2234 1200 2410 1253 divina
2442 1200 2738 1263 opitulante
2766 1200 2933 1268 gratia
2977 1202 3275 1270 explicare;
3308 1211 3366 1256 ιιι
3407 1206 3455 1257 in
3491 1207 3581 1258 illo

1999 1304 2057 1344 se
2100 1304 2312 1358 quoque
2353 1290 2513 1343 Arius
2551 1298 2859 1358 superatum
2908 1301 3177 1357 agnoscat.
3223 1291 3581 1358 Quamobrem

1997 1380 2240 1447 dignare,
2272 1380 2472 1448 optime
2515 1378 2728 1447 Probe,
2779 1380 3018 1435 ultimam
3057 1382 3125 1435 de
3166 1383 3394 1451 cognitis
3438 1384 3580 1440 ferre

1994 1474 2337 1526 sententiam.

2067 1564 2265 1618 Probus
2279 1567 2448 1635 judea:
2477 1566 2602 1618 dixit
2627 1581 2645 1618 :
2669 1564 2723 1619 Si
2759 1574 2876 1634 post
2902 1567 3303 1622 innumerabilia
3338 1569 3577 1623 testimo-

1999 1661 2082 1711 nia
2114 1658 2320 1712 cadesti
2354 1658 2662 1727 magisterio
2690 1660 3052 1728 promulgata,
3103 1662 3231 1715 Ario
3256 1662 3452 1731 aliquid
3486 1678 3576 1717 re-

298 1751 540 1814 diabolo,
568 1763 621 1807 et
640 1752 761 1821 ejus
782 1755 833 1806 in
856 1754 1105 1823 abyssum
1130 1756 1341 1810 mittere
1362 1756 1630 1825 legiones;
1653 1760 1872 1815 esurietr

1994 1753 2253 1805 mansisse
2266 1750 2488 1813 videtur,
2507 1765 2808 1818 proponere
2820 1766 2924 1805 non
2941 1760 3212 1821 gravetur.
3240 1753 3573 1822 Quanquam,

298 1843 589 1905 sustinere,
621 1851 678 1897 et
705 1843 869 1897 multa
894 1843 1166 1899 hominum
1192 1847 1352 1901 millia
1385 1856 1660 1915 saturare;
1692 1865 1885 1921 aquam

296 1936 466 1999 sitire,
498 1947 557 1991 et
582 1938 777 1991 fluenta
802 1939 974 1992 laticis
992 1940 1044 1992 in
1068 1940 1174 1994 vini
1198 1950 1443 1995 naturam
1466 1950 1703 2007 mutare;
1730 1946 1887 2000 nnitts

297 2031 556 2081 elementi
594 2028 661 2081 ad
692 2029 1137 2099 exstinguendam
1188 2029 1371 2093 sitim,
1422 2032 1651 2099 putealia
1698 2034 1885 2101 pocula

298 2133 542 2183 poscas,
576 2130 630 2173 et
663 2120 851 2175 undosi
881 2121 1055 2176 amnis
1084 2135 1352 2191 perennes
1376 2132 1585 2177 meatus
1616 2124 1881 2192 tribuere;

296 2219 406 2264 rate
425 2224 650 2279 equore
675 2211 1060 2278 transmittere,
1087 2220 1145 2266 et
1172 2211 1358 2268 eadem
1388 2211 1601 2266 incessu
1624 2214 1880 2278 mirabili,

292 2298 431 2352 sicco
461 2300 695 2368 vestigio
715 2309 918 2366 terere;
945 2302 1192 2370 ignorare
1210 2303 1378 2370 diem,
1403 2312 1452 2357 et
1478 2302 1688 2357 Patrem
1709 2304 1877 2370 scire;

294 2390 423 2443 duas
450 2393 762 2457 petentibus
796 2392 956 2446 sedes
980 2408 1085 2446 non
1115 2393 1436 2457 concedere,
1459 2400 1514 2447 et
1532 2404 1722 2461 sponte
1742 2396 1878 2449 duo.

290 2480 459 2533 decim
490 2482 655 2536 simul
694 2483 1009 2550 promittere
1037 2482 1286 2548 thronos;
1320 2493 1545 2538 mortem
1579 2486 1731 2555 187
1765 2486 1873 2540 for-

290 2572 512 2633 midare,
548 2581 607 2625 et
636 2572 793 2626 morti
823 2572 1080 2636 illuderc;
1113 2573 1230 2641 capi
1283 2574 1500 2635 timere,
1531 2585 1586 2629 et
1634 2577 1877 2644 captivos

290 2663 569 2724 reducere,
606 2673 823 2731 totaque
846 2664 1038 2718 inferni
1064 2668 1182 2731 jura
1209 2668 1416 2732 penitus
1437 2666 1760 2733 compilare;
1784 2668 1875 2721 tle-

284 2754 512 2805 solatum
540 2768 601 2806 se
622 2754 902 2823 conqueri,
928 2764 982 2810 et
1005 2770 1126 2809 mox
1153 2755 1417 2809 latronem
1449 2755 1871 2823 patriarcharum

283 2844 563 2896 consortio
603 2843 901 2909 asciscere;
933 2846 1109 2899 omnia
1143 2860 1209 2900 ex
1238 2844 1409 2898 nihilo
1436 2846 1773 2911 condidisse,
1817 2859 1874 2905 et

281 2948 465 2986 eorum
491 2942 812 2998 potestatem
852 2934 1173 3003 triumphata
1205 2944 1378 2989 morte
1402 2935 1672 3004 accipere.
1710 2937 1870 2994 Vides

281 3039 428 3092 ergo,
462 3030 801 3092 cognitorum
822 3028 1019 3093 optime
1047 3025 1239 3090 Probe,
1265 3026 1318 3079 in
1345 3028 1445 3082 hac
1469 3028 1870 3097 dispensatione

1993 1857 2048 1897 ut
2099 1859 2247 1906 reor,
2279 1842 2408 1895 nihil
2456 1841 2535 1896 illi
2580 1843 2947 1911 responsionis
2985 1846 3334 1909 remanserit;
3383 1845 3575 1913 quibus

1988 1935 2234 1988 videlicet
2262 1933 2708 2001 rte-sponsionibus
2740 1933 2909 2001 possit
2949 1934 3294 1987 Athanasiqu
3322 1934 3389 1987 de
3413 1934 3568 1987 unius

1990 2025 2339 2089 substantiae,
2377 2025 2427 2078 id
2458 2034 2560 2088 est,
2613 2023 2875 2078 homousii
2904 2025 3110 2080 ratione
3132 2024 3425 2093 depellere.
3466 2025 3573 2080 Sed

1986 2131 2056 2171 ne
2072 2116 2410 2186 postmodum
2432 2117 2497 2169 de
2518 2116 2695 2183 aliqua
2708 2117 3055 2185 oppressione
3071 2124 3325 2173 causetur
3339 2132 3372 2171 a
3393 2117 3570 2179 nobis.

1984 2207 2159 2261 nullus
2182 2207 2248 2260 ad
2279 2207 2711 2276 respondendum
2742 2208 2893 2263 locus
2920 2208 2971 2264 ei
2998 2208 3286 2263 adimatur.

2052 2298 2207 2352 Arius
2234 2301 2365 2353 dixit
2394 2316 2412 2351 :
2441 2301 2583 2353 Nulli
2609 2300 2830 2355 dubium
2857 2308 2943 2354 est
2966 2301 3109 2369 quod
3127 2302 3347 2371 magicis
3363 2301 3570 2357 artibus

1984 2389 2317 2443 Athanasius
2345 2406 2451 2444 non
2474 2392 2684 2446 desinat
2715 2392 2953 2459 judicum
2982 2402 3287 2460 pervertere
3316 2406 3564 2456 sensum;

1980 2491 2040 2536 ut
2068 2492 2231 2537 rectae
2264 2483 2386 2537 fidei
2416 2486 2682 2539 tramitem
2724 2500 2850 2555 erga
2884 2498 2979 2539 eos
3004 2485 3093 2553 qui
3118 2500 3234 2539 eam
3264 2484 3566 2554 religiosius

1982 2582 2260 2628 sectantur
2289 2584 2344 2628 et
2391 2575 2605 2639 colunt,
2650 2586 2837 2630 tenere
2868 2591 2974 2629 non
3004 2576 3231 2643 possint.
3260 2576 3326 2629 Et
3367 2576 3565 2629 idcirco

1977 2664 2119 2733 quod
2151 2665 2204 2718 in
2241 2664 2495 2719 examine
2540 2667 2611 2719 tui
2635 2666 2885 2720 culminis
2921 2666 3193 2733 explicare
3234 2680 3339 2719 non
3368 2665 3559 2729 valeo,

1981 2756 2235 2826 principis
2256 2758 2461 2826 judicio
2489 2758 2776 2812 reservabo
2793 2798 2808 2822 ,
2832 2758 2919 2811 ubi
2948 2758 3188 2811 veritatis
3210 2756 3403 2825 indago
3425 2772 3563 2823 pra:-

1975 2852 2166 2921 pollet,
2212 2861 2269 2906 et
2296 2851 2531 2920 magicas
2567 2860 2710 2904 artes
2739 2850 2809 2901 ob
2837 2864 2977 2902 verte
3009 2849 3130 2903 ﬁdei
3163 2849 3560 2902 observantiam

1975 2944 2275 3008 praevalere
2306 2956 2410 2995 non
2442 2954 2599 3009 posse
2634 2941 2793 3010 188
2820 2939 3145 2992 credendum
3173 2949 3276 2993 est.

2044 3034 2356 3087 Athanasius
2404 3034 2534 3086 dixit
2568 3047 2588 3086 :
2630 3033 2728 3098 Qui
2774 3034 2885 3084 suis
2929 3029 3316 3083 assertionibus
3364 3029 3555 3082 adesse

279 3115 456 3169 carnis
485 3128 806 3185 assumptis,
859 3116 1126 3170 divinitati
1167 3118 1297 3172 nihil
1327 3117 1497 3174 fuisse
1526 3121 1736 3188 penitus
1771 3123 1866 3178 de-
1892 3134 1938 3196 ο
1972 3140 2079 3179 non
2127 3137 2383 3193 possunt,
2416 3124 2744 3193 quibuslibet
2780 3121 3064 3176 fallacibus
3103 3119 3430 3189 argumentis
3470 3120 3553 3172 vel

279 3218 559 3277 rogatum°
595 3210 722 3264 dum
753 3211 837 3263 ubi
888 3224 1112 3277 corpore
1142 3209 1458 3265 humilitatis
1499 3212 1752 3281 impletur
1777 3215 1865 3268 of-

276 3298 488 3362 ficium,
524 3299 595 3352 ibi
642 3299 941 3353 divinarum
971 3310 1257 3354 coruscant
1291 3302 1545 3355 miracula
1580 3305 1858 3359 virtutum.

280 3388 425 3456 Ergo
471 3390 695 3458 aequalis
722 3400 805 3444 est
837 3390 977 3443 Patri
1018 3392 1168 3459 juxta
1217 3392 1267 3446 id
1298 3394 1437 3462 quod
1470 3394 1610 3449 Deus
1638 3405 1756 3462 est,
1810 3408 1863 3453 el

279 3483 454 3536 minor
484 3492 567 3536 at
598 3481 754 3536 Patre
776 3483 929 3551 juxta
956 3484 1005 3537 id
1036 3486 1181 3554 quod
1208 3485 1371 3541 homo
1401 3489 1567 3542 factus
1586 3499 1689 3543 est.

346 3572 413 3628 ι.
450 3573 576 3629 llac
605 3574 808 3629 ideirco
842 3591 942 3644 ego
970 3578 1204 3632 breviter
1226 3580 1277 3631 in
1306 3595 1468 3633 unum
1496 3581 1863 3649 responsionis

1972 3217 2399 3271 cavillationibus
2426 3217 2824 3270 excusationem
2856 3213 2958 3267 sibi
2979 3212 3222 3266 invenire
3265 3227 3371 3263 non
3406 3208 3552 3263 desi-

1974 3319 2123 3373 nunt,
2155 3310 2294 3362 sicut
2317 3321 2457 3363 nunc
2488 3307 2538 3361 id
2566 3307 2739 3362 facere
2767 3305 2952 3360 Arium
2978 3304 3191 3373 plenius
3222 3313 3397 3355 vestra
3429 3316 3551 3363 per-

1971 3400 2130 3468 spicit
2160 3400 2492 3470 magnitudo.
2528 3399 2651 3453 Mihi
2688 3413 2818 3452 vero
2842 3398 2906 3449 ad
2935 3396 3113 3449 οιιιηί..
3141 3409 3259 3463 qua:
3296 3394 3362 3445 ab
3400 3406 3467 3444 eo
3500 3392 3553 3443 in

1970 3493 2133 3545 vestri
2157 3492 2404 3544 culminis
2426 3491 2710 3560 praesentia
2730 3488 3000 3555 proposita
3020 3496 3163 3550 sunt,
3190 3500 3369 3538 veram
3395 3482 3551 3535 fidem

1970 3582 2263 3634 vindicanti
2304 3581 2645 3649 respondisse
2675 3579 2921 3634 sufﬁciut.

3458 3728 3538 3745 ’.οδ

1251 3878 1715 3985 LIBER
1810 3876 2558 3985 TERTIUS.

997 4102 1364 4179 PROBI
1468 4102 1972 4180 JUDICIS
2075 4100 2829 4177 SENTENTIA.

338 4292 381 4347 l.
430 4291 635 4346 Probus
657 4294 825 4360 judea:
854 4287 980 4341 dixit
1014 4302 1032 4340 :
1071 4288 1267 4340 Amore
1320 4286 1557 4339 veritatis
1604 4294 1657 4337 et
1699 4282 1851 4348 fidei,

276 4384 410 4440 inter
436 4390 734 4439 sectatores
753 4378 1072 4435 Christiana:
1106 4378 1402 4446 religionis.
1436 4376 1486 4429 id
1510 4384 1593 4429 est
1617 4375 1853 4429 Athana-

275 4479 439 4539 sium,
468 4473 788 4537 Sabellium,
836 4472 1017 4524 Arium
1047 4478 1100 4521 ct
1135 4468 1417 4521 Pbotiuum
1439 4506 1454 4529 ,
1495 4467 1695 4519 arbiter
1714 4464 1849 4517 sedi.

2038 4281 2101 4335 ll.
2133 4280 2265 4337 Cum
2293 4280 2452 4349 igitur
2481 4276 2717 4332 Sabellio
2748 4275 2975 4345 primum
2995 4315 3011 4336 ,
3040 4273 3343 4342 disputandi
3378 4274 3545 4331 licen-

1964 4371 2090 4426 tiam
2127 4367 2521 4424 consultatioue
2551 4367 2727 4434 potius
2752 4379 2916 4434 quam
2963 4362 3283 4417 auctoritate
3330 4363 3545 4421 tribuis-

1959 4481 2107 4529 sem,
2159 4466 2319 4518 talem
2348 4464 2417 4519 de
2453 4463 2564 4517 Deo
2590 4460 2716 4515 ﬁdei
2744 4458 3064 4513 sententiam
3094 4458 3350 4527 protulit,
3400 4460 3542 4527 quod

274 4566 366 4632 Qui
393 4565 650 4633 quoniam
681 4558 1002 4614 diversitate
1043 4558 1351 4627 dogmatum
1383 4565 1435 4610 et
1463 4556 1848 4609 sententiarum
1880 4588 1933 4647 Ι)
1960 4556 2156 4613 diceret
2186 4556 2396 4611 Patrem
2434 4557 2506 4608 ita
2529 4552 2829 4608 solitarium
2859 4560 2913 4604 ct
2938 4548 3263 4618 singularem
3294 4550 3412 4647 sine
3436 4550 3544 4604 ulla

274 4654 525 4707 varietate
545 4694 560 4719 ,
594 4651 755 4719 longo
784 4646 1112 4702 discriminis
1141 4647 1422 4701 interValln
1455 4660 1483 4698 a
1512 4661 1572 4699 se
1617 4644 1847 4697 invicem

271 4742 624 4807 dirimuntur,
685 4740 978 4794 studiosius
1025 4739 1307 4809 explorare
1348 4736 1529 4792 curavi
1571 4737 1848 4804 cujusnam

273 4848 455 4890 eorum
505 4832 641 4887 ﬁdes
672 4832 811 4888 veris
851 4831 1240 4886 assertionibus
1289 4829 1655 4899 insigniretur.
1699 4827 1849 4893 Quod

270 4936 327 4980 ut
357 4927 561 4980 facilius
602 4938 931 4994 cognoscere
960 4938 1205 4994 possem,
1245 4922 1550 4991 singillatim
1579 4936 1674 4976 eos
1726 4920 1848 4974 ﬁdei

270 5029 379 5069 sua:
409 5014 509 5070 feci
554 5014 802 5082 profane
825 5015 1139 5079 sententias,
1163 5012 1485 5080 easdemque
1512 5012 1847 5066 documentis

270 5107 636 5175 probabilibus
684 5107 940 5161 roborare
970 5121 1086 5160 mea
1138 5104 1551 5161 interlocutione
1579 5104 1845 5174 flagitavi;

268 5199 608 5255 ebviautihus
636 5197 738 5252 sibi
765 5198 971 5254 scilicet
1003 5207 1058 5252 et
1088 5196 1459 5252 refellentibus
1494 5197 1576 5250 his
1596 5199 1685 5265 qui
1719 5212 1847 5249 con-

267 5292 618 5356 travenirent,
645 5295 704 5342 ut
731 5290 850 5343 aliis
870 5288 1302 5354 defendentibus,
1320 5288 1439 5342 aliis
1458 5287 1845 5353 obniteutibns,

269 5380 611 5435 lucidissima:
643 5379 883 5434 veritatis
922 5380 1123 5449 agnitio
1164 5381 1505 5449 panderetur.
1546 5378 1699 5446 Quod
1753 5395 1844 5434 eos

266 5472 341 5526 ita
383 5471 575 5527 fecisse
610 5471 847 5541 ipsarum
879 5471 1313 5541 prosecutionum
1361 5471 1592 5526 lectione
1625 5471 1845 5524 demon-

268 5573 483 5622 atratur.

1959 4647 2218 4702 exstantis
2245 4646 2390 4710 Filii,
2412 4645 2497 4698 vel
2524 4643 2755 4713 Spiritus
2776 4640 2943 4694 sancti
2974 4653 3204 4708 persona
3226 4640 3545 4705 Subsistere,

1958 4747 2015 4793 ut
2045 4739 2161 4807 ipse
2190 4736 2362 4807 magis
2385 4735 2503 4790 Filii
2528 4742 2689 4802 atque
2717 4732 2946 4799 Spiritus
2970 4730 3187 4783 nomine
3208 4739 3491 4784 censeatur
3524 4747 3539 4781 :

1958 4830 2270 4885 trinomium
2325 4841 2572 4882 asserens
2618 4825 2783 4878 Deum
2807 4862 2821 4884 ,
2854 4821 2906 4875 id
2956 4830 3039 4875 est
3071 4831 3318 4890 tanquam
3359 4821 3404 4873 si
3436 4834 3538 4873 una

1955 4921 2164 4990 species
2211 4920 2290 4975 vel
2325 4932 2551 4988 persona
2605 4914 2775 4970 tribus
2817 4911 3197 4966 vocabulorum
3232 4910 3539 4965 nominibus

1956 5020 2313 5081 nuncupetur,
2339 5024 2443 5065 non
2473 5008 2817 5063 diallDCliOlle
2844 5006 3081 5076 generis,
3113 5004 3207 5058 sed
3233 5004 3394 5060 ofﬁcii
3424 5019 3538 5073 per-

1956 5105 2249 5159 mutatione
2269 5146 2284 5169 ,
2317 5112 2375 5156 ut
2403 5102 2580 5165 Pater,
2613 5116 2717 5154 non
2747 5100 2867 5168 quia
2897 5098 3100 5168 genuit.
3131 5097 3224 5152 sed
3257 5098 3375 5165 quia
3404 5110 3531 5150 con-

1952 5198 2087 5251 didit
2120 5196 2422 5251 habeatur:
2463 5194 2710 5264 idemque
2741 5193 2901 5264 189
2937 5194 3049 5260 ipse
3093 5191 3163 5246 dc
3197 5189 3402 5260 paterni
3430 5186 3531 5241 bo-

1952 5287 2101 5342 noris
2154 5285 2415 5355 dignitate
2458 5283 2716 5340 decidens
2756 5299 2851 5353 per
2888 5283 3127 5352 qttzcdam
3173 5288 3377 5333 natura:
3402 5291 3532 5346 aug-

1952 5386 2153 5444 menta,
2194 5388 2287 5433 aut
2336 5378 2513 5448 potius
2555 5377 2874 5433 detrimenta
2900 5416 2916 5436 .
2967 5374 3021 5428 in
3062 5373 3179 5429 Filii
3220 5370 3433 5424 nomine
3462 5385 3528 5424 ex

1950 5470 2180 5540 virginei
2226 5479 2377 5525 ortus
2416 5470 2698 5524 nativitate
2729 5468 3021 5523 transierit.
3056 5464 3159 5519 Sed
3193 5462 3307 5516 lucc
3350 5463 3528 5531 inepta

1953 5576 2093 5629 esse,
2115 5570 2170 5617 et
2195 5562 2375 5633 impia,
2398 5564 2650 5632 omnique
2674 5561 2795 5617 ﬁdei
2816 5559 3035 5615 veritate
3055 5555 3313 5626 carentia,
3340 5570 3525 5613 eorum
