3958 6176
313 276 409 331 ’231

1602 264 1824 319 VlGIl."
1866 263 2233 319 TM‘SENSIS

3468 265 3572 301 θέει

3472 298 3574 322 ἀθά

315 392 403 456 qui
435 383 907 440 contraveniebant
950 380 1415 450 prosecutionibus
1462 377 1890 431 manifestissime
1918 380 1964 436 Α
1994 391 2104 430 sua:
2133 378 2400 430 tramitem
2442 377 2644 444 pandit,
2675 387 2731 432 ut
2759 378 2989 443 Patrem,
3022 386 3075 432 et
3125 377 3337 444 Filium,
3369 389 3421 431 et
3450 378 3579 447 Spi-

315 479 526 532 claruit.
554 477 837 530 Ostensum
861 487 1086 541 namque
1113 482 1192 523 est
1222 471 1400 523 multis
1427 477 1479 522 et
1501 467 1732 535 copiosis
1753 468 1885 520 divi-

316 584 501 623 narum
528 567 811 620 lectionum
842 563 1219 629 prohamentis,
1249 570 1300 613 et
1325 560 1557 625 Patrem,
1588 569 1643 612 et
1674 559 1884 621 Filium,

321 672 375 714 et
408 660 662 729 Spiritum
691 644 952 716 sanctum,
996 652 1108 706 suis
1133 652 1442 721 specialiter
1468 661 1520 703 et
1544 650 1774 719 propriis
1800 665 1891 704 ex-

324 764 466 805 stare
489 750 728 819 personis
758 765 772 801 :
798 749 955 801 alium
980 759 1098 798 esse
1114 743 1602 811 genitorem,alium
1629 741 1886 811 genitum,

325 842 482 893 alium
514 839 673 905 geniti
707 846 865 903 atque
908 835 1126 903 ingeniti
1156 833 1415 899 Spiritum
1454 842 1727 894 sanetum;
1769 832 1892 885 licet

325 929 616 982 secundum
675 924 950 979 Athanasii
1006 923 1332 993 probabilem
1392 922 1512 975 fidei
1563 922 1839 977 veritatem
1872 961 1888 984 ,

320 1020 465 1073 aliud
510 1034 629 1072 esse
661 1032 763 1069 non
797 1016 1033 1083 possint,
1074 1028 1194 1067 cum
1233 1013 1367 1066 alius
1395 1022 1551 1081 atque
1586 1010 1722 1065 alius
1748 1010 1892 1064 credi

323 1112 559 1179 possint,
606 1118 658 1162 et
705 1107 944 1176 profecto
974 1106 1100 1159 sint.
1147 1105 1280 1171 Quia
1325 1104 1597 1159 enimvero
1643 1113 1894 1156 extrema:

323 1210 483 1267 atque
518 1198 791 1265 profundas
814 1196 1053 1249 stultitia:
1077 1209 1245 1263 genus
1275 1204 1353 1247 est
1382 1194 1590 1247 Patrem
1619 1191 1896 1246 nominare

325 1304 447 1342 eum
495 1288 583 1357 qui
642 1302 747 1341 non
787 1286 1003 1354 genuit,
1046 1295 1101 1338 et
1146 1284 1336 1339 Filium
1385 1285 1607 1338 credere
1642 1298 1767 1337 eum
1807 1280 1896 1349 qui

325 1380 537 1450 genitus
569 1393 673 1431 non
696 1380 796 1441 sit;
821 1392 912 1430 seu
944 1391 1039 1443 per
1062 1377 1233 1428 inania
1266 1384 1319 1429 et
1344 1374 1500 1428 rebus
1528 1387 1691 1426 vacua
1741 1372 1900 1426 falso-

329 1486 446 1523 rum
499 1470 773 1523 nominum
828 1475 1127 1520 commenta
1161 1505 1175 1529 ,
1234 1465 1583 1516 humanarum
1638 1462 1895 1515 mentium

326 1576 515 1616 sensus
544 1574 796 1618 arocare,
830 1569 883 1611 et
916 1556 1134 1609 ludicris
1175 1555 1560 1610 sententiarum
1586 1552 1896 1623 objectioni-

326 1655 424 1708 bus
458 1652 579 1706 fidei
609 1651 926 1718 Christiana:
950 1649 1191 1702 illudere.

1990 470 2150 522 ritum
2174 479 2434 533 sanctum,
2461 471 2617 523 unius
2640 472 2908 535 assentire,
2934 469 3201 539 uniusque
3225 470 3427 523 diceret
3454 485 3577 524 esse

1993 569 2215 612 natum.
2272 561 2313 613 E
2341 570 2525 614 contra
2570 575 2694 614 vero
2743 562 2899 614 Arius
2932 560 3219 624 referebat,
3263 561 3314 614 in
3367 569 3578 613 tantunt

1992 653 2150 703 unius
2179 665 2270 703 eos
2298 667 2399 703 non
2425 664 2545 705 esse
2568 652 2898 717 substantim,
2929 662 2985 705 ut
3012 652 3290 718 dignitate,
3316 654 3579 716 potentia,

1996 740 2221 804 honore,
2247 742 2455 795 Patrem
2480 742 2613 794 Filio
2639 742 2859 796 multum
2892 743 3193 806 excellere;
3230 742 3419 795 Fiiium
3451 757 3585 794 vero

1996 830 2130 883 intra
2161 830 2277 885 hac
2329 840 2383 885 et
2430 834 2582 899 longe
2609 831 2832 885 inferius
2876 832 3171 886 subsistere
3202 832 3427 887 diceret.
3469 832 3582 884 llo.

1996 922 2187 973 mousii
2227 936 2438 989 quoque
2470 921 2786 975 vocabulum
2833 932 3084 990 tanquam
3118 924 3483 991 peregrinum,
3530 929 3587 975 et

1996 1026 2025 1065 a
2061 1012 2354 1080 Scripturis
2370 1011 2565 1065 divinis
2590 1013 2857 1077 alienum;
2885 1026 3158 1081 nuperque
3180 1012 3321 1080 apud
3348 1012 3582 1065 Nicaeam

1998 1112 2314 1170 argumento
2345 1103 2519 1171 potius
2552 1118 2707 1170 quam
2740 1106 3058 1155 auctoritate
3101 1112 3395 1169 repertum,
3429 1103 3584 1171 peni-

1999 1201 2085 1245 tus
2128 1192 2513 1259 repudiandum
2554 1193 2752 1257 aiebat,
2786 1203 2875 1245 aut
2906 1202 3053 1245 certe
3082 1192 3281 1245 divinis
3311 1193 3583 1247 contineri

2001 1284 2193 1337 litteris
2233 1283 2449 1337 sibimet
2496 1284 2855 1338 demonstrari
2902 1283 3173 1351 poscebat.
3208 1283 3457 1352 Alioquin
3491 1299 3589 1338 no-

2002 1375 2159 1429 minis
2190 1375 2357 1443 ipsius
2385 1375 2543 1428 simul
2572 1374 2869 1428 faciendam
2896 1390 3016 1428 esse
3034 1375 3300 1443 jacturam
3348 1375 3589 1429 obnixis-

2000 1464 2137 1517 sime
2166 1465 2468 1531 perorabat.
2510 1464 2615 1517 Sed
2647 1463 2970 1518 Athanasius
3012 1472 3190 1517 utrum
3220 1464 3451 1517 nominis
3484 1479 3584 1517 no-

2002 1555 2186 1618 vitate,
2214 1569 2282 1607 an
2312 1555 2456 1608 verbi
2480 1554 2676 1608 virtute
2715 1554 3081 1607 offenderetur
3101 1553 3226 1607 dum
3264 1554 3587 1622 inquireret,

2003 1654 2290 1712 utrumque
2338 1643 2441 1697 sibi
2495 1643 2655 1698 Arius
2702 1643 2991 1710 displicere
3035 1641 3332 1712 respondit.
3380 1643 3457 1697 Ex
3485 1658 3591 1712 quo

396 1743 484 1797 Ill.
527 1743 807 1811 Postquam
837 1754 964 1807 ergo
980 1739 1133 1792 istius
1157 1740 1354 1792 erroris
1382 1738 1648 1807 prmstigia
1682 1738 1892 1806 prodita
1926 1738 1973 1797 Β
1999 1737 2272 1805 apparuit,
2324 1751 2445 1789 eum
2498 1750 2604 1789 non
2677 1736 2746 1789 ob
2792 1736 2893 1789 hoc
2945 1735 3261 1790 homousion
3319 1738 3595 1804 suscipere

327 1846 567 1904 patuere,
601 1844 654 1885 et
704 1832 985 1885 Photinum
1038 1828 1157 1881 fidei
1213 1843 1343 1890 suae,
1395 1830 1437 1881 si
1464 1831 1683 1891 valeret,
1714 1828 1903 1882 adesse

329 1939 443 1978 mea
476 1920 886 1975 interlocutione
917 1918 1163 1985 praecepi.
1196 1917 1295 1980 Qui
1330 1919 1380 1969 in
1426 1917 1543 1981 ipso
1576 1918 1905 1985 prosecutio-

331 2014 413 2066 nis
440 2027 548 2064 sum.
569 2011 790 2063 exordio
823 2009 1101 2061 Dominum
1155 2017 1394 2059 nostrum
1424 2005 1604 2059 Jesum
1636 2007 1903 2059 Christum

334 2111 523 2163 purum
556 2094 847 2155 hominem,
879 2100 935 2144 et
962 2090 1115 2143 Verbi
1150 2090 1433 2143 divinitate
1476 2103 1698 2142 vacuum
1744 2088 1907 2143 fuisse

333 2183 595 2246 asseruit;
626 2193 771 2235 eteo
803 2194 970 2248 usque
1002 2194 1098 2248 per
1137 2180 1394 2247 quosdam
1440 2179 1607 2233 beata:
1634 2182 1758 2232 vita:
1788 2194 1910 2247 pro-

334 2276 504 2328 fectus
534 2272 792 2327 illustrius
819 2270 1132 2335 eminuisse,
1162 2278 1219 2321 ut
1256 2272 1307 2320 in
1351 2269 1441 2321 Dei
1473 2283 1534 2321 ac
1566 2268 1774 2321 Domini
1818 2283 1910 2337 ap-

336 2364 675 2431 pellationem
721 2360 840 2429 jure
887 2359 1179 2421 transiret;
1215 2372 1319 2412 non
1372 2359 1598 2411 naturali
1639 2357 1909 2425 dignitatis

339 2453 636 2521 privilegio,
669 2450 762 2505 sed
794 2449 1086 2503 accidentis
1117 2448 1297 2516 proba:
1325 2462 1388 2501 ac
1432 2449 1761 2516 dignissima:
1801 2463 1913 2501 tne-

344 2546 446 2597 rito
477 2540 698 2595 actiOnis
724 2559 737 2593 :
778 2541 996 2605 impium
1027 2554 1145 2593 esse
1168 2539 1355 2593 dicens
1386 2550 1628 2593 naturam
1656 2539 1911 2593 divinita-

345 2636 413 2687 tis
458 2632 508 2685 iu
559 2646 625 2685 eo
680 2633 951 2698 accipere,
982 2632 1069 2697 qui
1101 2643 1155 2683 et
1192 2631 1414 2683 materni
1457 2631 1593 2684 uteri
1621 2630 1917 2698 gestamine

342 2733 551 2789 vectus,
582 2723 847 2775 solemnes
880 2719 1093 2774 feminei
1134 2723 1352 2789 pudoris
1385 2720 1720 2776 conditiones
1743 2731 1917 2775 trans-

343 2815 498 2877 ierit;
547 2823 601 2865 et
647 2827 812 2866 cunas
854 2812 1160 2879 vagitusque
1193 2822 1473 2880 expertus,
1504 2814 1678 2868 anatis
1704 2828 1919 2882 quoque

342 2904 580 2958 sortierit
607 2904 938 2956 incrementa
972 2920 985 2956 :
1014 2912 1068 2955 et
1095 2904 1144 2955 in
1168 2911 1369 2956 tantum
1394 2913 1593 2958 nostra:
1614 2903 1920 2973 fragilitatis

342 2996 643 3049 communia
692 3010 794 3045 non
827 2995 1080 3055 evaserit,
1113 3002 1170 3045 ut
1220 3005 1272 3046 et
1321 2995 1574 3047 es‘lrierit
1603 3004 1658 3048 et
1701 2995 1917 3057 sitierit,

2009 1829 2173 1892 nolle,
2204 1828 2326 1896 quia
2357 1842 2552 1881 novum
2584 1835 2721 1892 erat,
2745 1828 2837 1881 sed
2859 1828 2980 1896 quia
3012 1827 3134 1881 fidei
3161 1828 3277 1895 ejus
3317 1829 3597 1883 molimina

2006 1919 2337 1974 destruebat.
2372 1919 2477 1973 Sed
2512 1919 2636 1972 dum
2666 1920 2859 1973 iterum
2889 1934 2951 1973 ac
2990 1921 3183 1987 saepius
3214 1922 3597 1989 proprietatem

2010 2008 2251 2063 vocabuli
2284 2024 2417 2075 pure
2442 2018 2495 2062 et
2525 2010 2832 2077 specialiter
2858 2011 2909 2064 in
2932 2010 3222 2079 Scripturis
3252 2012 3407 2079 positi
3438 2012 3596 2080 ﬂagi-

2012 2109 2170 2163 taret,
2227 2102 2378 2170 191
2430 2100 2479 2153 id
2536 2102 2859 2155 Athanasius
2909 2102 3173 2170 allegabat
3220 2103 3602 2157 ecclesiastica:

2011 2192 2415 2245 consuetudinis
2442 2206 2586 2256 esse,
2612 2192 2829 2261 quando
2850 2194 3159 2262 apostolicae
3189 2194 3308 2247 fidei
3336 2196 3603 2249 terminos

2015 2283 2248 2337 insolens
2278 2293 2331 2337 et
2363 2284 2650 2338 temeraria
2680 2282 2949 2338 lucretica:
2981 2284 3181 2338 fraudis
3211 2281 3429 2341 audacia
3460 2300 3605 2352 prae-

2008 2373 2249 2437 terisset,
2301 2371 2383 2424 his
2436 2372 2863 2440 propositionum
2915 2374 3140 2428 nexibus
3190 2374 3607 2428 incnodabiliter

2016 2463 2325 2529 v:nciretur,
2359 2462 2552 2531 quibus
2588 2462 2755 2529 ipsam
2787 2463 3042 2519 catholici
3075 2477 3265 2517 sensus
3296 2464 3605 2518 libertatem

2019 2552 2155 2605 intra
2194 2552 2428 2621 perfidia:
2467 2567 2577 2608 suze
2620 2554 2839 2624 laqueos
2880 2555 3199 2625 implicatam
3230 2556 3466 2612 retinere
3504 2572 3609 2626 pu-

2023 2645 2186 2697 tabat.

2097 2736 2156 2787 V.
2199 2736 2263 2789 Et
2309 2746 2367 2791 ut
2411 2752 2471 2792 se
2522 2737 2846 2793 Athanasius
2900 2739 3240 2809 antiq'uorum
3288 2740 3612 2795 auctoritate

2022 2828 2276 2892 muniret,
2308 2829 2433 2882 talia
2463 2830 2651 2898 priscas
2687 2832 3087 2885 consuetudinis
3126 2832 3372 2900 exempla
3414 2841 3609 2899 protu-

2023 2918 2114 2981 lit;
2139 2933 2258 2986 quae
2286 2920 2446 2972 Arius
2471 2933 2574 2973 non
2616 2920 2786 2973 solum
2817 2934 3015 2989 negare
3054 2934 3157 2973 non
3184 2929 3385 2988 posset,
3414 2934 3608 2974 verum

2025 3011 2188 3063 etiam
2222 3010 2331 3079 pari
2355 3026 2477 3065 cum
2507 3026 2575 3066 eo
2612 3011 2733 3066 fidei
2779 3013 2987 3068 ratione
3032 3012 3367 3068 defenderet.
3413 3013 3612 3082 Propo-

345 3086 689 3155 ignoraverit,
748 3093 982 3138 tentatus
1010 3085 1097 3146 Sil,
1143 3085 1273 3137 mori
1306 3086 1563 3149 ιῘΙΙὶηυΓῘί,
1605 3096 1657 3140 Cl
1687 3098 1927 3142 mortuus
1954 3088 1997 3149 (ζ
2031 3103 2137 3154 snit
2164 3101 2323 3171 igitur
2352 3103 2416 3157 ad
2444 3104 2913 3159 dc'nonsuvandam
2962 3121 3121 3174 super
3149 3107 3421 3159 nominum
3449 3106 3613 3159 novi-

344 3178 432 3229 sit.
462 3175 554 3228 Illa
590 3190 715 3227 vero
740 3190 859 3240 quae
886 3174 1077 3240 ineius
1097 3176 1265 3241 gestis
1291 3176 1564 3229 miraculis
1610 3178 1764 3246 plena
1796 3194 1919 3232 nar-

345 3276 549 3329 rantur,
585 3277 688 3317 nou
720 3273 776 3315 ut
801 3263 940 3315 Deus
970 3262 1131 3331 (quod
1163 3280 1264 3316 non
1297 3264 1434 3332 erat)
1460 3267 1656 3331 egisse,
1686 3268 1779 3321 sed
1806 3284 1920 3320 mu-

349 3368 479 3406 nere
533 3353 977 3422 patrocini-mium
1031 3355 1345 3407 meritorum
1399 3356 1650 3412 divinitus
1698 3361 1924 3413 asseruit

347 3446 679 3511 impetrasse.
712 3444 817 3498 Sed
846 3444 960 3497 lucc
986 3444 1146 3498 etiam
1178 3446 1449 3512 probrosae
1480 3448 1798 3503 infidelitatis
1827 3451 1924 3504 do-

347 3536 536 3597 ctrina,
571 3534 871 3587 numerosis
906 3545 961 3587 et
987 3534 1365 3601 multiplicibus
1394 3537 1729 3593 documentis
1760 3539 1923 3608 impia

348 3634 468 3671 esse
498 3630 550 3672 et
577 3619 750 3672 inanis
786 3620 941 3689 190
967 3622 1239 3688 apparuit;
1266 3631 1319 3675 et
1352 3623 1516 3675 Deum
1549 3641 1760 3695 quoque
1781 3641 1923 3692 esse,

348 3728 505 3779 quem
539 3714 628 3766 ille
652 3714 821 3766 solum
860 3715 1129 3768 hominem
1162 3719 1539 3779 contendebat,
1572 3732 1635 3770 ex
1670 3718 1758 3771 illo
1789 3734 1927 3787 prte-

348 3805 503 3873 r;ipue
547 3807 737 3857 claruit
789 3807 1093 3858 testimonio
1139 3808 1277 3874 quod
1325 3808 1557 3863 Joannes
1604 3810 1928 3877 evangelista

351 3906 573 3948 testatus
603 3904 706 3955 est,
756 3896 977 3949 dicens:
1024 3895 1092 3949 Ιιι
1146 3899 1398 3968 principio
1440 3908 1549 3951 erat
1596 3898 1837 3963 Verbum,
1881 3912 1928 3954 et

359 3985 574 4038 Verbum
613 3996 719 4038 erat
755 3989 892 4057 apud
940 3988 1126 4052 Deum,
1152 3998 1199 4041 et
1233 3988 1369 4041 Deus
1409 4000 1515 4042 erat
1552 3988 1786 4044 Verbum.
1821 3990 1929 4043 Hoc

348 4087 455 4128 erat
484 4079 535 4129 in
564 4080 813 4148 principio
844 4079 980 4148 apud
1026 4080 1201 4133 Deum.
1257 4081 1441 4133 Omnia
1482 4097 1571 4150 per
1601 4082 1766 4150 ipsum
1793 4083 1931 4152 facta

350 4181 484 4235 sunt,
516 4180 562 4222 et
610 4171 715 4223 sine
745 4174 855 4238 ipso
887 4172 1079 4240 factum
1126 4182 1198 4224 est
1247 4173 1375 4225 nihil
1404 4172 1581 4240 (Joan.
1627 4191 1671 4237 ι,
1702 4175 1789 4243 «υς
1838 4188 1932 4242 per

350 4260 487 4327 quod
516 4274 619 4312 non
661 4262 830 4313 solum
860 4271 983 4315 ante
1009 4263 1198 4315 sazcula
1241 4263 1403 4317 Deum
1436 4266 1575 4331 apud
1609 4264 1803 4331 Deum,
1831 4281 1930 4319 ve-

351 4367 466 4403 rum
521 4354 678 4405 etiam
724 4354 884 4406 totius
914 4354 1201 4408 crcationis
1229 4356 1498 4411 exstitisse
1526 4369 1798 4412 auctorem
1837 4359 1930 4413 de-

354 4444 608 4495 :laratum
629 4453 730 4496 est.
751 4444 908 4498 Plura
932 4447 1001 4499 eti

352 4536 681 4588 scontionqu
710 4552 934 4604 corpore
959 4547 1186 4603 tenetur,
1218 4550 1270 4593 ct
1297 4553 1530 4608 present
1548 4545 1754 4610 prolata
1781 4546 1930 4599 testi-

354 4623 527 4677 monia
549 4641 561 4683 ;
586 4626 777 4692 quibus
807 4628 1034 4682 dilucide
1058 4632 1319 4697 apparuit,
1355 4633 1454 4685 hoc
1478 4633 1706 4686 Verbum
1737 4635 1925 4697 Deum,

352 4717 417 4768 de
448 4715 617 4769 l’atris
645 4728 798 4770 utero
835 4726 958 4771 ante
981 4720 1171 4773 saecula
1200 4720 1458 4789 genitum,
1492 4728 1546 4775 et
1574 4722 1623 4776 in
1657 4724 1762 4776 fine
1795 4734 1929 4779 tem-

353 4823 538 4874 porum
568 4810 635 4863 ob
661 4825 898 4864 amorem
951 4814 1221 4867 hominum
1273 4816 1442 4869 nostri
1486 4817 1698 4885 generis
1747 4830 1928 4873 susce-

354 4900 494 4966 pisse
517 4912 787 4963 naturam;
819 4903 869 4954 in
896 4918 1020 4969 qua,
1041 4908 1183 4957 salva
1210 4907 1290 4959 sui
1317 4906 1592 4969 natura,in
1624 4923 1723 4961 una
1751 4918 1925 4964 tamen

356 4990 644 5059 eademque
669 5005 891 5053 persona
922 5008 1108 5048 omnes
1138 4998 1381 5052 human-.2
1415 4998 1716 5069 fragilitatis
1744 5001 1925 5056 subie-

356 5083 420 5135 rit
446 5083 741 5150 passiones.

427 5172 512 5226 lV.
558 5171 783 5225 Exeluso
826 5174 1003 5241 itaque
1032 5174 1191 5229 etiam
1235 5178 1479 5245 Flmtino,
1508 5190 1561 5236 et
1587 5182 1700 5250 ejus
1738 5198 1922 5238 errore

355 5267 487 5317 meis
517 5266 849 5321 interl'atibus
878 5269 1140 5331 abdicato,
1192 5272 1399 5339 pondus
1429 5290 1586 5329 omne
1625 5277 1838 5345 negotii,
1872 5287 1925 5329 et

356 5365 461 5409 tota
496 5359 613 5411 fidei
645 5374 845 5412 summa
877 5376 940 5414 ex
972 5360 1080 5413 Arii
1120 5370 1279 5431 atque
1314 5365 1590 5421 Athanasii
1621 5370 1926 5424 altercatio-

357 5448 438 5498 nis
486 5451 877 5506 cenflictatinne
932 5453 1215 5520 pendebat.
1272 5455 1474 5521 Quibus
1526 5459 1650 5510 dum
1709 5461 1924 5515 ineundi

357 5542 661 5598 certaminis
688 5548 889 5615 copiam
923 5548 1247 5617 tribuissent,
1270 5549 1409 5606 hanc
1436 5552 1755 5611 Athanasius
1805 5555 1927 5612 fidei

2022 3192 2218 3245 tatibus
2235 3192 2433 3261 antiqui
2459 3196 2621 3249 moris
2638 3196 2897 3263 regulam,
2915 3197 3054 3264 quod
3078 3204 3263 3249 contra
3286 3194 3608 3261 Sabellium,

2022 3288 2109 3350 qui
2129 3284 2334 3338 l'atrem
2349 3284 2584 3352 genitum
2600 3288 2893 3352 asserebat,
2913 3286 3201 3353 ingenitum
3216 3293 3371 3354 atque
3387 3287 3616 3340 innasci.

2025 3375 2186 3428 bilem
2214 3376 2412 3430 debere
2439 3377 2731 3431 catholicos
2763 3379 3021 3447 profiteri,
3050 3377 3439 3446 prteteritorum
3476 3392 3617 3432 con-

2025 3466 2500 3522 ciliorumdeereto
2516 3467 2682 3523 fuisse
2706 3470 2923 3533 initum;
2941 3483 3062 3522 cum
3078 3468 3177 3523 hoc
3199 3470 3366 3538 ipsum
3388 3470 3618 3526 eviden-

2030 3558 2136 3612 tius
2149 3561 2397 3628 positum,
2424 3560 2712 3628 Scriptura:
2735 3560 2927 3614 divinae
2947 3563 3259 3615 auctoritate
3274 3563 3484 3618 Ostendi
3500 3579 3617 3620 non

2030 3660 2236 3719 posset;
2267 3654 2358 3705 sed
2393 3653 2491 3705 hoc
2520 3654 2893 3719 profitendum,
2942 3662 2997 3708 et
3044 3653 3158 3720 ipsa
3198 3654 3274 3709 rei
3298 3654 3517 3721 veritas,
3550 3667 3617 3710 et

2030 3746 2324 3800 necessitas
2350 3747 2610 3799 hmreticae
2633 3745 2981 3816 professionis
2996 3750 3253 3814 exigeret.
3280 3747 3410 3801 ltem
3442 3740 3619 3804 Deum

2030 3838 2097 3892 de
2130 3838 2261 3905 Deo,
2310 3838 2488 3890 lumen
2512 3839 2575 3891 ei
2601 3837 2824 3901 lumine,
2859 3839 3048 3892 Filium
3087 3840 3466 3906 confitendum,
3497 3842 3622 3909 epi-
3685 3890 3695 3897 .

2030 3940 2223 3994 scopas
2256 3926 2550 3994 religionis,
2582 3943 2737 3996 quam
2781 3929 2939 3983 Arius
2975 3929 3185 3984 tradidit
3211 3938 3523 3998 sectatores,
3553 3933 3616 3990 in

2031 4016 2321 4085 Syrmicnsi
2353 4017 2557 4087 synodo
2585 4017 2899 4081 tradidisse;
2928 4020 3067 4086 quod
3096 4020 3267 4089 ipsum
3295 4023 3457 4077 etiam
3487 4025 3618 4079 sim-

2032 4107 2238 4173 pliciter
2266 4116 2321 4159 et
2348 4107 2650 4175 specialiter
2674 4110 2724 4161 in
2738 4107 3027 4177 Scripturis
3053 4110 3247 4165 divinis
3270 4118 3499 4179 positum
3527 4113 3618 4169 in-

2033 4197 2200 4251 veniri
2231 4213 2335 4250 non
2376 4214 2532 4266 posse
2563 4208 2652 4252 :et
2679 4215 2835 4266 quam
2867 4201 3015 4265 plura
3050 4203 3129 4254 his
3160 4203 3354 4273 similia
3387 4206 3617 4273 protulit

2032 4289 2372 4353 documenta,
2404 4305 2521 4355 quae
2565 4299 2834 4358 gestorum
2867 4292 3006 4346 serie
3035 4302 3285 4347 tenentur
3314 4310 3567 4363 expressa
3593 4313 3614 4364 ;

2032 4380 2225 4448 quibus
2247 4379 2561 4443 ostenditur,
2595 4381 2656 4431 ad
2679 4381 3036 4436 estendendas
3061 4384 3436 4441 haereticorum
3462 4391 3616 4442 ipso:

1009 4463 1087 4498 .im
1112 4458 1164 4500 et
1188 4449 1287 4500 alia
1321 4450 1403 4502 his
1426 4451 1787 4514 similia,sicut
1813 4468 1913 4520 pro

2039 4472 2250 4535 lentius,
2282 4488 2543 4525 novorum
2574 4473 2841 4525 nominum
2867 4474 3121 4528 voeabula
3156 4475 3321 4529 fuisse
3348 4491 3616 4546 praesum-

2037 4572 2120 4629 pta
2148 4580 2161 4616 :
2195 4577 2291 4615 ιιι-(ε
2324 4572 2497 4615 tamen
2526 4572 2713 4616 contra
2742 4565 2964 4616 vetitum
2987 4564 3294 4632 apostolicae
3322 4567 3615 4622 sententia:

2034 4669 2127 4707 eos
2155 4652 2343 4707 fecisse
2373 4654 2729 4719 credendum,
2764 4670 2879 4724 qua:
2910 4658 3156 4721 profanas
3187 4671 3373 4711 vocum
3404 4660 3616 4713 novita-

2034 4751 2111 4795 tes
2139 4743 2389 4810 prarcepit
2418 4743 2712 4797 evitandas.
2743 4745 2845 4799 Sed
2880 4748 3147 4812 profanas,
3174 4748 3364 4818 inquit,
3391 4764 3493 4803 non
3520 4767 3611 4805 re—

2035 4832 2275 4900 ligiosas.
2305 4834 2433 4887 Nam
2464 4835 2768 4904 religiosum
2803 4851 2943 4903 esse,
2977 4837 3269 4908 ingenitum
3301 4841 3478 4896 dicere
3507 4842 3614 4896 Pa-

2033 4936 2189 4990 trem,
2223 4935 2277 4978 et
2306 4925 2498 4979 Filium
2534 4927 2695 4980 Deum
2727 4928 2792 4983 de
2835 4929 2964 4994 Deo,
3016 4931 3196 4986 lumen
3248 4948 3314 4987 ex
3364 4932 3608 4999 lumine;

2026 5016 2182 5069 veros
2209 5032 2418 5084 quoque
2443 5016 2779 5072 Christianos
2807 5020 3097 5075 catholicos
3137 5026 3451 5094 nuncupari,
3483 5030 3611 5081 novi

2028 5108 2255 5161 nominis
2281 5108 2501 5162 docetur
2523 5124 2641 5164 esse
2677 5111 3010 5167 vocabulum.
3041 5112 3212 5168 Simili
3257 5130 3385 5186 ergo
3425 5118 3615 5186 modo,

2030 5196 2543 5253 aiebatAthanasius
2588 5201 2748 5253 etiam
2792 5200 3007 5254 Nicacno
3056 5204 3301 5259 evenisse
3352 5208 3605 5260 concilio.

2038 5285 2208 5355 thue
2258 5291 2413 5343 Arius
2455 5299 2637 5344 contra
2690 5289 2849 5344 fidem
2902 5306 3079 5345 rerum
3132 5295 3410 5357 triousion,
3443 5296 3493 5349 id
3526 5307 3605 5353 est

2031 5390 2141 5434 tres
2171 5383 2495 5435 substantias
2538 5383 2849 5446 inducebat;
2884 5384 3220 5448 homouslon,
3254 5387 3304 5440 id
3339 5400 3419 5441 est
3450 5390 3609 5442 unius

2033 5488 2151 5525 cum
2186 5472 2339 5532 Patre
2370 5474 2559 5527 Filium
2591 5476 2900 5529 substantia
2933 5479 3294 5532 coiilitcndutu
3325 5482 3610 5547 i-piscopos

2034 5563 2324 5619 censuisse.
2359 5565 2418 5619 fit
2446 5574 2561 5620 erat
2592 5567 2807 5620 omnino
2834 5581 3188 5637 cottsequens,
3219 5578 3273 5623 ut
3299 5570 3341 5627 si
3375 5570 3605 5626 humou-
