3958 6176
301 305 408 361 253

1171 302 1443 360 CONTRA
1483 305 1801 375 ARIANOS,
1843 308 2320 380 SABELLIANOS,
2364 315 2536 388 ETC.,
2582 321 2708 376 LIB.
2752 323 2837 377 Ill.

3461 336 3565 391 9.54

298 422 358 474 ιίί
398 414 663 486 professio
695 424 942 482 tanquam
991 428 1020 467 a
1074 413 1189 484 lege
1241 416 1517 485 peregrina
1565 427 1867 486 censeatur,
1901 424 1951 481 Α
1978 423 2073 485 sci,
2102 435 2157 477 ut
2186 427 2387 482 nullum
2416 433 2524 485 suis
2554 434 2691 487 unde
2731 436 3015 505 gignuntur
3057 440 3294 495 materiis
3340 442 3565 499 all'erant

296 510 499 562 triusize
538 521 751 574 quoque
783 505 1022 559 inventio
1058 506 1169 573 pari
1211 506 1421 561 ratione
1464 507 1879 561 conlrustretur.

296 604 399 653 Aut
424 610 579 653 certe
614 598 767 667 192
806 596 1026 650 doceret
1066 596 1227 650 Arius
1270 596 1530 651 triousion
1576 596 1884 665 specialiter

295 691 344 742 in
376 690 497 756 lege
525 690 916 754 conscriptum,
945 687 1082 739 sicut
1121 685 1471 740 Athanasium
1508 686 1577 740 de
1617 686 1884 742 homousii

296 777 628 845 proprietate
654 776 899 844 cogebat.
940 774 1044 828 Sed
1075 788 1196 829 cum
1228 776 1329 827 hoc
1351 777 1565 843 penitus
1593 778 1880 831 ostendere

294 870 647 939 nequivisset,
676 867 869 920 claruit
898 881 1017 920 eum
1045 865 1310 933 superﬂua
1341 865 1408 919 de
1439 866 1727 920 Athanasio
1755 882 1881 921 exe-

285 958 431 1031 gisse
457 973 582 1029 quae
613 960 726 1027 ipse
746 957 966 1011 minime
989 955 1160 1024 potuit
1179 954 1569 1010 demonstrare.

360 1049 451 1103 Vl.
499 1049 568 1103 Et
617 1064 739 1103 cum
784 1062 843 1102 se
872 1048 981 1116 pari
1010 1047 1324 1115 quaestionis
1359 1047 1569 1101 vinculo
1616 1057 1875 1101 arctatum

289 1146 669 1209 cognosceret,
726 1138 942 1191 tandem
995 1135 1277 1204 aliquando
1321 1136 1371 1189 in
1426 1150 1546 1190 eum
1595 1139 1876 1191 sententia:

291 1234 545 1300 placitum
575 1230 786 1285 reﬂexit
811 1242 1112 1295 assensum,
1147 1236 1205 1282 ut
1232 1228 1356 1281 nudi
1390 1231 1654 1282 sermonis
1686 1231 1876 1297 proba-

289 1328 434 1378 tione
460 1325 685 1389 omissa,
716 1325 878 1377 rebus
914 1330 1073 1389 atque
1106 1320 1402 1374 rationibus
1434 1321 1721 1375 edocereut
1770 1321 1871 1375 Pa-

290 1415 383 1466 tris
410 1425 466 1468 et
500 1414 620 1467 Filii
653 1422 744 1467 aut
773 1426 931 1466 unam
959 1422 1051 1465 aut
1076 1409 1316 1465 diversas
1348 1424 1468 1466 esse
1497 1419 1740 1465 naturas.
1767 1412 1870 1467 Sed

290 1507 414 1559 hinc
461 1506 790 1559 Athanasius
819 1504 1016 1557 clarius
1055 1512 1214 1571 atque
1255 1512 1498 1571 apertum
1538 1504 1696 1557 unius
1739 1504 1870 1558 sub-

288 1596 499 1648 stantiae
530 1593 785 1648 indicium
813 1591 990 1655 dabat,
1023 1606 1127 1660 quo
1149 1591 1361 1645 Patrem
1406 1605 1469 1645 ex
1494 1591 1609 1659 ipso
1664 1601 1717 1645 et
1764 1607 1869 1646 non

288 1700 406 1742 extr
428 1701 628 1741 nsecus
676 1685 868 1739 Filium
915 1683 1166 1753 genuisse
1226 1683 1592 1747 monstrabat;
1648 1682 1870 1752 fierique

1988 514 2397 587 detrimentum,
2448 527 2580 579 sicut
2617 529 2793 584 lumen
2836 548 2865 586 a
2919 534 3117 591 lumine
3157 553 3446 611 sumptum,
3480 555 3562 605 vel

1987 622 2226 678 accessu,
2258 626 2311 668 et
2349 632 2445 685 per
2482 624 2760 685 quamdam
2793 628 3064 696 profectus
3091 636 3421 693 nativitatem
3465 647 3563 697 mi-

1988 702 2287 799 ttistrattttn,
2318 708 2682 777 tlimjnutionis
2714 716 2965 774 damnum
2998 727 3244 794 originali
3287 737 3451 799 possit
3480 740 3562 791 af-

1984 788 2126 844 ferre
2157 800 2391 849 ntateritr
2412 843 2424 864 ,
2458 817 2577 855 eum
2608 815 2663 857 et
2692 807 2902 864 divinus
2924 788 3299 874 sacratissima;
3331 824 3561 896 Virginis

1984 896 2187 951 partus,
2224 897 2277 941 et
2308 892 2409 946 tale
2446 895 2640 963 aliquid
2671 899 2725 952 in
2755 916 2814 956 se
2846 905 2979 959 tniro
3007 919 3164 979 atque
3195 892 3559 984 inexiilicahili

1980 987 2437 1069 saerameutorttm
2480 992 2738 1056 mySterio
2791 996 2954 1053 fuisse
3006 1002 3379 1062 demonstret:
3426 1014 3552 1069 dum

1977 1067 2093 1161 sine
2141 1069 2337 1125 damno
2372 1078 2586 1142 pudoris
2618 1080 2727 1137 Deo
2756 1086 2943 1152 plenus
2975 1100 3157 1148 uterus
3181 1111 3450 1157 vacuatur.
3490 1107 3556 1161 Et

2052 1161 2320 1229 virginalis
2348 1167 2643 1239 integritas,
2668 1174 2711 1227 si
2736 1189 2920 1232 natura
2943 1189 3269 1254 corruptinni
3292 1159 3551 1259 obnoxia,

1978 1248 2145 1346 lleum
2175 1256 2429 1320 pariendo
2476 1277 2579 1316 non
2624 1272 3005 1341 corrumpitur,
3053 1248 3320 1346 quomodo
3362 1248 3552 1344 natura

1975 1340 2392 1445 incorruptibilis
2423 1351 2588 1408 Patris
2617 1360 2863 1415 eumdem
2886 1364 3048 1421 Deum
3070 1340 3388 1439 generando

1974 1439 2146 1501 rumpi
2177 1439 2411 1503 potuisse
2462 1446 2750 1502 credatur?

2042 1522 2296 1628 VlllLSed
2321 1529 2509 1587 iterum
2539 1537 2691 1594 Arius
2710 1540 2878 1599 Patris
2904 1557 2957 1601 et
2977 1548 3091 1606 Filii
3117 1553 3268 1625 longe
3292 1558 3547 1628 imparem

1971 1614 2392 1688 dissimilemque
2466 1638 2707 1683 naturam
2754 1634 2875 1691 hinc
2924 1614 3543 1722 ostenderevuite'bitur,

1969 1709 2109 1812 quod
2132 1710 2298 1768 Filius
2324 1716 2582 1774 minorem
2614 1738 2672 1778 se
2700 1725 2893 1784 dixerit
2933 1731 3086 1789 Patre
3118 1754 3130 1787 :
3163 1748 3342 1796 etnon
3371 1709 3545 1812 suam:

290 1799 393 1838 non
459 1797 620 1851 posse
672 1779 816 1834 aliud
869 1793 990 1832 eum
1034 1792 1196 1847 quam
1214 1776 1275 1878 id
1302 1776 1444 1877 quod
1487 1776 1603 1877 ipse
1632 1785 1715 1831 est
1757 1776 1867 1832 cdi-
1904 1794 1950 1854 Β
1976 1801 2067 1854 sed
2098 1804 2213 1870 ejus
2236 1806 2289 1859 in
2310 1812 2558 1865 Omnibus
2582 1814 2756 1873 facere
2784 1776 3130 1882 vulumaggn-
3155 1776 3342 1887 5.121.112"
3371 1776 3541 1850 suam.

290 1874 435 1905 .l:c:n
513 1887 635 1905 num
668 1882 715 1905 ΔΙ
746 1868 941 1905 divinas
994 1874 1350 1905 annnralinnte
1392 1875 1586 1905 nomine
1635 1882 1731 1905 nm
1785 1868 1864 1905 cui
1974 1891 1985 1901 .
2074 1893 2085 1905 .
3117 1870 3129 1880 '
3318 1851 3420 1905 (ille
3441 1844 3541 1894 alia

287 1874 435 1928 disse
468 1914 485 1936 ,
513 1887 635 1926 cum
668 1882 720 1923 et
746 1868 941 1923 divinae
992 1866 1350 1936 generationis
1392 1866 1586 1921 veritas
1635 1882 1731 1935 pro
1785 1868 1867 1923 sui

289 1964 510 2016 honoris
534 1959 835 2015 reverentia
859 1957 909 2013 id
933 1971 1050 2011 esse
1066 1956 1390 2011 credendum
1413 1956 1672 2025 exigeret,
1703 1968 1759 2013 et
1786 1974 1869 2014 re-

287 2071 402 2109 rum
448 2052 773 2108 naturalium
814 2048 1218 2105 consuetudinis
1268 2048 1558 2102 auctoritas
1597 2048 1865 2114 invitaret,

285 2164 387 2202 non
413 2163 576 2216 posse
599 2155 850 2214 parentes
872 2143 1150 2198 dissimilis
1166 2152 1373 2197 natura:
1402 2142 1537 2197 lilios
1561 2158 1864 2210 procreare.

284 2238 347 2291 Et
375 2238 500 2291 ideo
541 2235 836 2290 secundum
859 2232 972 2287 Arii
1003 2232 1346 2293 sententiam,
1380 2231 1468 2300 qui
1496 2232 1719 2286 alterius
1740 2234 1867 2287 sub-

283 2328 491 2381 stantiae
542 2341 703 2396 quam
731 2325 888 2379 Pater
931 2332 1014 2378 est
1055 2324 1247 2378 Filium
1288 2324 1581 2389 asserebat,
1627 2324 1727 2379 hoc
1766 2325 1865 2380 ltu-

283 2437 440 2475 mano
473 2420 657 2475 sensui
692 2418 1093 2488 intelligendum
1124 2432 1281 2486 posse
1310 2417 1546 2484 reliquit,
1575 2427 1635 2472 ut
1659 2417 1704 2471 si
1738 2432 1864 2472 vere

284 2510 446 2563 Filius
497 2511 556 2562 in
611 2508 925 2562 diversitate
978 2514 1180 2561 natura:
1209 2514 1313 2569 est,
1363 2520 1469 2560 non
1516 2514 1622 2559 tam
1653 2506 1863 2577 genitus

281 2615 436 2665 quam
466 2599 639 2652 factus
668 2612 788 2652 esse
830 2598 1111 2652 videatur:
1154 2598 1325 2666 sitque
1355 2612 1519 2652 vacua
1575 2607 1628 2652 et
1680 2598 1856 2652 inanis

281 2689 395 2743 Filii
440 2689 722 2757 Patrisque
768 2687 1075 2757 appellatio,
1121 2687 1246 2741 dum
1278 2687 1458 2756 specie
1509 2697 1662 2741 tenus
1692 2687 1861 2757 magis

263 2793 433 2859 ﬂuam
463 2778 748 2841 veraciter,
776 2786 867 2831 aut
888 2776 977 2831 ille
1001 2778 1273 2845 genuisse,
1302 2784 1393 2829 aut
1423 2775 1509 2830 hic
1539 2783 1697 2831 natus
1724 2791 1860 2844 prae-

278 2870 503 2922 dicatur.
538 2870 644 2921 Aut
686 2868 730 2921 si
753 2881 878 2921 vere
902 2866 1114 2936 quidem
1144 2865 1210 2920 de
1259 2865 1417 2919 Patre
1465 2874 1620 2919 natus
1662 2866 1859 2920 asseri-

279 2969 380 3021 tur,
413 2973 513 3014 nec
545 2968 720 3012 tamen
761 2957 918 3011 unius
943 2971 1063 3010 cum
1111 2970 1175 3010 eo
1225 2954 1573 3024 ejusdemque
1611 2955 1857 3009 substan-

279 3048 361 3100 tiae
420 3047 697 3115 creditur;
750 3048 1072 3116 degenerem
1129 3060 1273 3109 eum,
1325 3053 1379 3099 et
1409 3045 1577 3099 inStar
1630 3045 1854 3113 alicujus

279 3140 523 3201 monstri,
552 3139 683 3192 alias
710 3153 866 3206 quam
895 3146 1112 3206 paterna
1144 3144 1332 3190 natura
1360 3136 1593 3190 dictabat
1647 3136 1849 3190 editum
1878 3166 1925 3230 Ο

279 3231 523 3284 convenit
566 3229 828 3298 profiteri.
862 3227 1014 3293 Quod
1047 3242 1166 3282 cum
1210 3236 1409 3281 sancta:
1451 3226 1524 3280 illi
1564 3235 1618 3279 et
1656 3226 1852 3281 beatis-

277 3321 418 3375 sima!
445 3330 607 3390 atque
636 3320 885 3374 ineffabili
906 3334 1009 3373 non
1031 3327 1289 3386 congruat
1316 3317 1601 3387 majestati,
1624 3317 1854 3372 maxime

278 3430 391 3469 cum
421 3425 475 3469 et
519 3414 820 3467 animantes
848 3412 917 3466 ab
948 3412 1047 3466 hoc
1086 3412 1329 3482 pessimae
1360 3410 1687 3465 conditionis
1732 3425 1853 3479 pro-

277 3508 411 3576 dig'o
441 3515 633 3561 natura
671 3506 864 3561 liberos
894 3504 1213 3567 reddiderit,
1245 3518 1313 3557 ne
1339 3503 1484 3556 aliud
1514 3519 1678 3572 quam
1709 3503 1849 3571 quod

276 3597 378 3663 ipsa
428 3606 555 3651 sunt
606 3602 893 3665 generest,
953 3594 1152 3663 liquido
1218 3593 1551 3662 comprobari
1610 3592 1847 3661 ejusdem

274 3685 457 3739 Filium
486 3686 642 3753 cujus
674 3686 829 3739 Pater
856 3698 976 3739 esse
1012 3694 1236 3737 naturas.

337 3777 444 3831 νη.
490 3777 597 3832 Sed
642 3785 827 3830 contra
877 3774 990 3829 ιιωο
1020 3774 1179 3829 Arius
1224 3775 1354 3829 illud
1388 3775 1653 3844 praecipue
1682 3790 1847 3844 oppo-

272 3869 442 3929 nebat,
477 3868 688 3921 Patrem
718 3881 823 3920 non
862 3866 1100 3934 potuisse
1129 3881 1193 3919 ex
1228 3880 1287 3920 se
1329 3865 1520 3920 Filium
1563 3881 1840 3933 generare,

270 3972 332 4011 ne
361 3972 456 4025 per
482 3959 585 4012 hoc
622 3956 902 4012 divisionis
948 3955 1173 4024 alicujus
1204 3957 1286 4010 vel
1325 3956 1685 4024 corruptionis
1714 3956 1844 4010 vitio

269 4048 505 4102 videatur
533 4062 654 4103 esse
698 4047 988 4116 subjectus.
1039 4045 1174 4111 Quia
1217 4047 1262 4100 si
1309 4062 1375 4100 ex
1425 4045 1735 4114 semetipso,
1785 4055 1843 4100 ut

264 4138 452 4201 aiebat,
478 4137 530 4192 id
558 4147 644 4192 est
688 4153 754 4192 ex
787 4136 889 4192 hoc
910 4136 1052 4205 quod
1081 4137 1197 4205 ipse
1226 4144 1328 4200 est,
1364 4135 1551 4189 Filium
1592 4137 1839 4205 genuisse

264 4231 523 4294 credatur,
554 4230 786 4297 aliquam
808 4228 998 4297 tutique
1024 4227 1337 4282 substantiae
1377 4242 1486 4282 sua:
1530 4229 1829 4296 port'onem

264 4324 412 4393 193
457 4336 489 4375 a
520 4322 700 4392 seipso
728 4320 1025 4376 secrevisse
1057 4320 1355 4389 putabitur;
1401 4334 1497 4388 per
1534 4319 1673 4387 quod
1720 4322 1835 4374 s’ne

256 4417 459 4470 dub'roa
490 4430 602 4468 suae
631 4414 971 4483 perfectionis
996 4414 1323 4483 plenitudine
1348 4413 1633 4467 admodum
1660 4413 1834 4468 desci-

255 4522 431 4570 scens,
463 4516 519 4560 et
546 4507 752 4561 divisus
776 4506 1035 4575 proiecto,
1066 4516 1118 4561 et
1145 4506 1457 4560 imminutus
1482 4520 1541 4560 es
1572 4522 1601 4561 e
1630 4507 1832 4561 videbi-
1865 4529 1912 4588 ι)

256 4607 355 4649 tur.
388 4597 540 4663 Quod
584 4597 902 4665 objectionis
928 4597 1236 4665 capitulum,
1270 4596 1359 4649 tali
1394 4595 1715 4651 Athanasius
1745 4613 1829 4650 ve-

252 4688 421 4740 ritatis
476 4689 685 4743 ratione
736 4688 1034 4751 submovit;
1085 4702 1204 4742 esse
1258 4686 1588 4756 impossibile
1646 4689 1830 4743 dicens

252 4779 435 4843 Deum,
470 4782 558 4848 qui
591 4782 937 4849 incorporeus
961 4780 1029 4833 sit
1060 4789 1111 4833 et
1137 4778 1421 4833 invisibilis
1447 4788 1605 4848 atque
1635 4780 1829 4848 impal-

248 4869 459 4935 pabilis,
492 4871 543 4924 id
575 4872 629 4924 in
658 4886 717 4926 se
743 4872 983 4938 recipere
1027 4869 1107 4922 vel
1151 4870 1348 4924 haltere
1383 4869 1521 4939 quod
1580 4870 1649 4923 sit
1687 4870 1826 4923 divi-

245 4960 414 5012 sionis
468 4970 561 5015 aut
614 4961 980 5029 corruptionis
1030 4961 1160 5013 vitio
1207 4959 1542 5025 subjectum,
1575 4961 1825 5030 quoniam

242 5052 449 5106 sci‘icet
471 5053 631 5107 dividi
660 5056 740 5107 vel
786 5052 1026 5107 imminui
1059 5052 1520 5106 cootrectabilium
1576 5054 1743 5106 soleat
1776 5063 1830 5107 et

241 5144 598 5210 carporalium
656 5159 779 5199 esse
830 5143 1198 5198 materiarum.
1255 5142 1418 5196 Deum
1471 5159 1620 5206 vero,
1650 5144 1739 5211 qui
1772 5146 1825 5197 in

239 5234 490 5288 nullocst
516 5236 731 5297 horum,
786 5235 890 5289 tale
944 5234 1147 5301 aliquid
1191 5232 1391 5302 perpeti
1446 5236 1665 5287 omnino
1720 5250 1823 5288 non

238 5342 435 5395 posse:
468 5336 519 5381 et
545 5328 613 5382 ob
642 5327 695 5381 id
733 5326 1056 5381 credendum
1109 5327 1248 5397 quod
1292 5329 1558 5395 genuerit,
1608 5327 1731 5394 quia
1766 5341 1825 5380 se

232 5422 489 5488 genuisse
514 5428 759 5475 testatur.
792 5418 1115 5488 Corruptum
1158 5429 1336 5474 autem
1375 5422 1474 5473 hac
1522 5420 1633 5486 ipsa
1661 5434 1825 5487 gene-

232 5513 443 5563 ratione
469 5513 689 5565 omnino
713 5525 818 5564 non
864 5510 1156 5575 fatendum,
1186 5512 1307 5579 quia
1339 5524 1551 5578 semper
1583 5510 1821 5562 incorru-

233 5611 380 5666 ptus.
410 5602 636 5656 Maxime
658 5618 778 5656 cum
805 5602 1058 5671 pleraque
1082 5603 1421 5656 inveniantttr
1447 5603 1496 5655 in
1527 5603 1688 5656 rebus
1710 5617 1824 5656 cur-

229 5692 414 5759 poreis
444 5701 495 5745 et
543 5694 873 5759 corruptioni
905 5696 1158 5763 subjectis
1192 5696 1260 5750 ila
1292 5695 1583 5750 ministrari
1614 5695 1691 5749 Vt'l
1726 5711 1820 5750 na-

484 5786 745 5848 PATROL.
800 5785 989 5845 LXII.

1971 1891 2023 1944 in
2074 1893 2213 1990 hunc
2242 1913 2453 1956 sensum
2479 1910 2846 1966 convenientia
2871 1915 2937 1971 de
2957 1920 3135 1987 seipso
3158 1891 3349 1983 lassum
3378 1891 3543 1990 fuisse

1970 1987 2240 2054 asseruit,
2275 2007 2392 2059 qua:
2439 1997 2569 2051 mihi
2609 2002 2673 2054 ad
2715 2004 3218 2069 demonstrationem
3265 1987 3541 2081 di~simils

1970 2089 2175 2132 natura:
2218 2085 2345 2139 satis
2404 2087 2673 2147 imbecilla
2714 2104 2766 2149 et
2806 2102 3028 2157 multum
3070 2107 3315 2165 videntur
3354 2116 3541 2171 incun-

1966 2182 2116 2270 grua.
2147 2172 2308 2270 Quasi
2337 2193 2462 2234 vero
2499 2183 2541 2236 si
2583 2185 2805 2252 quilibet
2834 2191 2969 2247 lilius
3012 2194 3173 2252 homo
3222 2207 3387 2270 patris
3444 2210 3541 2261 lto-

1969 2260 2125 2316 minis
2159 2264 2314 2321 iaciat
2344 2272 2690 2342 voluntatem,
2722 2288 2776 2333 et
2804 2296 2923 2337 eum
2953 2286 3056 2341 sibi
3090 2260 3426 2358 praes-tantem
3460 2301 3537 2355 la-

1968 2360 2141 2408 teatur
2170 2365 2330 2426 atque
2372 2364 2663 2434 majorem,
2704 2370 2931 2429 diversa:
2970 2379 3037 2431 ab
3065 2396 3130 2436 eo
3170 2390 3368 2452 poterit
3419 2407 3539 2450 esse

1965 2456 2206 2502 natura}:
2245 2452 2368 2513 dum
2395 2459 2494 2511 etsi
2530 2462 2697 2528 possit
2727 2476 2874 2534 pater
2898 2469 3099 2530 honore
3130 2480 3400 2551 praeferri,
3431 2502 3535 2542 non

1966 2544 2140 2647 tamen
2172 2556 2356 2600 natura
2384 2548 2638 2607 discerni.
2688 2556 2836 2622 Quod
2868 2563 3080 2631 quidem
3106 2544 3203 2637 ego
3234 2573 3348 2642 lege
3374 2544 3531 2647 atque

1962 2633 2269 2734 conditione
2298 2648 2499 2698 naturze
2534 2645 2779 2704 humanae
2807 2653 3054 2712 dixerim;
3089 2633 3243 2734 ιέῶ
3267 2633 3530 2724 (ictorum
3570 2706 3577 2713 π

1962 2723 2285 2821 allianasius
2314 2736 2679 2795 manifestiore
2700 2750 2964 2803 sententia
3010 2723 3342 2821 htijits'n-ohis
3370 2723 3531 2817 intel-s

1962 2815 2189 2886 ligentia:
2211 2822 2348 2880 viam
2374 2831 2603 2899 aperuit,
2634 2833 2687 2887 in
2714 2852 2837 2907 qua,
2864 2844 3009 2897 omni
3040 2852 3394 2909 cunctationis
3421 2856 3532 2912 dis-

1959 2921 2111 3010 cussa
2159 2914 2405 3014 caligine,
2439 2920 2641 2978 clarum
2676 2929 2916 2986 veritatis
2944 2933 3122 2991 lumen
3154 2941 3358 2999 eduxit.
3392 2947 3530 3014 Qu‘d

1958 2999 2101 3097 enim
2135 3003 2199 3057 ad
2242 3008 2403 3061 totius
2439 3015 2638 3069 erroris
2679 3018 2898 3076 nebulas
2946 3024 3252 3097 eil‘ugandas
3307 2999 3528 3095 animi

1958 3089 2102 3182 credi
2133 3095 2459 3153 manifestius
2481 3106 2681 3172 potuit,
2714 3124 2895 3178 quam,
2928 3089 3143 3173 siciirin
3177 3138 3282 3178 uno
3311 3089 3527 3182 Christo

1956 3178 2091 3279 duas
2118 3187 2384 3244 credimus
2412 3208 2531 3249 esse
2563 3208 2799 3267 naturas,
2832 3205 2922 3261 Dei
2951 3212 3155 3269 si-ilicet
3200 3227 3253 3271 et
3296 3219 3526 3279 hominis

1954 3274 2218 3338 geminam
2251 3293 2465 3351 quoque
2500 3285 2551 3340 in
2587 3288 2701 3357 ejus
2740 3297 2914 3352 verbis
2945 3302 3026 3355 vel
3059 3307 3189 3359 actis
3221 3274 3518 3370 rerumeo:

1952 3376 2269 3474 gnoscamus
2300 3372 2473 3473 inesse
2500 3380 2797 3439 virtutem?
2830 3389 2890 3443 Ut
2925 3406 2984 3446 ea
3016 3397 3250 3467 quidem,
3285 3419 3401 3474 quae
3433 3424 3521 3463 svi.

1954 3452 2168 3554 blimins
2209 3459 2460 3531 loquitur,
2504 3468 2554 3522 id
2584 3483 2698 3539 est,
2738 3475 2853 3547 Ego
2881 3493 2927 3533 et
2957 3452 3117 3537 Pu'ter
3159 3452 3315 3545 anan;
3351 3452 3525 3554 sanius

1953 3544 2132 3613 (Joan.
2168 3567 2222 3618 ι,
2253 3555 2365 3626 50),
2397 3568 2451 3612 et
2478 3573 2669 3619 czetera
2697 3544 3023 3643 his-similia,
3049 3581 3113 3634 ad
3148 3544 3524 3645 deitatismre‘l‘e:

1953 3652 2139 3736 rantur
2170 3656 2444 3716 naturam;
2486 3669 2603 3723 quas
2638 3674 2764 3715 vero
2796 3663 3068 3736 humilius,
3099 3679 3392 3734 secundum
3422 3684 3521 3736 lio--

1950 3733 2145 3788 minem
2187 3736 2351 3795 fuisse
2386 3741 2664 3802 lociitnm?
2708 3752 2782 3807 De
2829 3733 3291 3836 Spiritu'quoque
3336 3733 3522 3828 sancto

1948 3846 2261 3903 competens
2283 3839 2458 3896 habita
2487 3846 2778 3913 disputatio
2799 3865 2915 3909 est:
2949 3872 3104 3927 quem
3138 3865 3294 3921 Arius
3321 3884 3349 3921 a
3374 3886 3521 3925 com-

1956 3930 2207 4020 munione
2226 3943 2430 3990 naturze
2460 3938 2631 3995 Patris
2659 3955 2712 3997 et
2741 3946 2862 4000 Filii
2906 3966 3001 4018 per
3022 3966 3283 4013 creatura:
3309 3964 3518 4020 confes-

1944 4018 2151 4119 sionem
2180 4023 2335 4095 longe
2364 4041 2627 4084 secretum
2659 4042 2821 4105 atque
2860 4041 3093 4098 alienum
3137 4062 3257 4105 esse
3290 4018 3513 4119 putavit.

1943 4107 2045 4212 sed
2077 4113 2216 4179 quod
2240 4117 2393 4172 unius
2413 4120 2483 4172 sit
2503 4122 2850 4196 ejusdemque
2879 4132 3194 4192 substantia:
3226 4107 3348 4197 hinc
3380 4107 3517 4212 prae;

1942 4202 2096 4271 cipue
2144 4207 2466 4266 Athanasius
2514 4214 2926 4289 demonstravit,
2960 4225 3084 4280 dum
3133 4245 3193 4284 ea
3223 4248 3342 4288 eum
3373 4202 3515 4305 loqui

1942 4303 2100 4396 atque
2152 4313 2470 4396 agere-qua:
2499 4322 2605 4360 non
2636 4311 2736 4363 nisi
2787 4312 2897 4368 Deo
2925 4320 3175 4383 possibile
3202 4326 3275 4379 sit
3301 4303 3513 4396 operari

1942 4386 2025 4439 vel
2057 4386 2230 4458 loqui,
2265 4392 2495 4457 taliaque
2539 4396 2607 4450 de
2650 4413 2716 4453 eo
2762 4403 2948 4458 referri
3002 4423 3120 4477 qure
3152 4415 3278 4467 nulli
3311 4386 3510 4473 e-onve-

1941 4479 2090 4534 niant
2117 4491 2397 4549 creaturae,
2430 4488 2729 4556 perdocuit.
2765 4495 2829 4548 Et
2872 4496 2991 4552 ideo
3028 4516 3055 4553 a
3103 4503 3276 4561 Patris
3304 4523 3357 4563 et
3390 4511 3505 4566 Filii

1938 4570 2153 4628 deitatis
2200 4576 2403 4632 unitate
2455 4588 2770 4640 extraneum
2821 4592 2899 4644 vel
2952 4592 3182 4649 dvisum
3233 4616 3352 4656 esse
3404 4622 3509 4660 non

1941 4678 2128 4731 posse,
2164 4684 2320 4735 quem
2349 4672 2539 4728 similis
2565 4684 2725 4746 atque
2752 4682 2934 4736 eadem
2965 4701 3185 4753 operum
3218 4695 3387 4750 virtus
3418 4700 3513 4754 de-

1938 4760 2256 4813 monstravit
2281 4763 2561 4831 aqualem.
2586 4767 2686 4833 Qui
2716 4782 2768 4824 et
2815 4788 2997 4827 revera
3019 4819 3033 4841 ,
3057 4779 3359 4840 detestabili
3393 4805 3513 4857 pra-

1937 4851 2115 4905 vitatis
2141 4867 2323 4909 errore
2344 4896 2358 4920 ,
2390 4856 2563 4911 Patris
2588 4870 2640 4913 et
2676 4860 2789 4916 Filii
2840 4868 3096 4924 societate
3122 4874 3327 4929 alienus
3358 4851 3510 4947 pitta-

1938 4950 2043 5007 tur,
2078 4944 2197 5010 quia
2230 4960 2408 5013 parem
2460 4950 2693 5005 nominis
2738 4953 3055 5024 virtutisque
3096 4944 3370 5019 honorem
3387 4984 3507 5023 eum

1935 5036 2137 5090 eisdem
2168 5038 2413 5094 obtinere
2444 5052 2792 5099 monstratur.

2006 5128 2095 5183 IX.
2142 5130 2422 5186 Difﬁcilem
2461 5150 2672 5205 quoque
2701 5139 2844 5193 illam
2886 5151 2940 5197 et
2970 5145 3049 5211 (ut
3082 5147 3239 5201 Arius
3261 5158 3505 5203 autuma-

1934 5223 2045 5285 bat)
2093 5225 2436 5280 insolubilem
2466 5231 2816 5296 quzeSIionem
2837 5276 2853 5300 ,
2881 5237 3020 5305 quod
3068 5248 3174 5293 tres
3205 5238 3339 5293 unus
3369 5242 3504 5295 Deus

1930 5318 2056 5382 dici,
2087 5329 2139 5371 et
2163 5318 2302 5373 idem
2337 5320 2505 5375 tribus
2530 5323 2781 5393 distingui
2812 5344 2918 5381 non
2964 5344 3121 5397 posse.
3148 5334 3390 5401 personis
3425 5334 3503 5386 iu-

1928 5417 2225 5463 to-ntaverat
2250 5452 2266 5475 ,
2298 5413 2367 5465 ita
2409 5414 2735 5470 Athanasius
2763 5418 2961 5473 divina:
2996 5420 3285 5486 Scriptum
3313 5432 3495 5476 aucto-

1928 5503 2080 5556 rit-te
2129 5504 2403 5571 dissolvit;
2449 5516 2508 5560 ut
2551 5509 2738 5577 majori
2772 5511 2841 5564 sit
2870 5512 3209 5564 absolutione
3251 5514 3499 5569 veritatis

1926 5596 2179 5661 enodata,
2211 5612 2366 5665 quam
2418 5598 2579 5652 fuerit
2633 5615 2727 5668 per
2763 5600 3107 5670 sy'logismos
3139 5604 3495 5661 versutiarum

1931 5689 2156 5760 plictiles
2188 5691 2444 5747 involuta.
2491 5691 2821 5746 Ma..ifestius
2862 5707 3089 5761 namque
3118 5694 3300 5749 dm‘ttit
3357 5701 3499 5769 quod

3178 5786 3218 5848 8
