3958 6176
315 278 426 333 9745

1564 253 1573 262 ‘
1640 267 1858 323 VlGlLll
1898 263 2263 321 TAPSENSIS

3476 270 3586 327 236

323 396 372 446 in
404 390 658 445 Τι-ἱιιίιςιιο
688 401 824 441 unus
858 386 1015 450 Dens,
1046 384 1338 438 secundum
1369 391 1572 435 natura:
1608 381 1893 440 unionem,
1924 380 1974 437 Α
2003 378 2177 429 facere
2200 373 2530 429 voluntatem
2550 414 2562 436 ,
2595 381 2651 429 et
2679 383 2870 429 caetera
2905 374 2986 428 his
3008 358 3225 443 similia,
3254 394 3373 448 qum
3396 379 3586 449 dispu-

322 499 425 536 uou
453 480 743 539 secundum
774 477 1171 532 distinctionem
1203 487 1575 543 personarum.
1604 472 1667 526 Et
1692 471 1891 525 idcirco

322 585 431 629 tres
460 588 595 627 unus
624 580 709 626 est
739 570 901 634 Deus,
928 570 1049 637 quia
1083 566 1242 621 trium
1273 573 1460 618 natura
1491 578 1594 617 una
1620 572 1723 618 est.
1758 562 1893 626 Quia

319 676 374 720 et
399 680 519 718 cum
562 662 741 716 multa:
770 660 959 712 animzc
989 673 1087 710 una
1120 657 1318 719 anima,
1354 662 1549 708 etcum
1573 665 1762 707 omnes
1797 652 1894 705 ho-

320 758 491 810 mines
515 770 648 805 uuus
693 751 851 803 homo
876 749 1092 809 dicitur,
1132 745 1425 800 secundum
1459 753 1665 798 naturae
1696 741 1894 796 cendi-

292 888 295 895 .
320 850 541 910 tionem,
575 857 691 909 quae
719 839 966 893 omnibus
996 852 1097 890 una
1122 846 1227 897 est,
1262 850 1363 888 non
1393 834 1688 888 secundum
1715 832 1893 886 diver-

318 938 528 990 sitatem
553 931 811 987 asseritur
836 943 1206 998 personarum.
1230 928 1393 995 Igitur
1413 924 1504 995 qui
1535 932 1726 978 natura
1755 936 1895 977 unus

316 1042 397 1087 est
415 1026 719 1091 Deus,idem
735 1026 786 1077 in
805 1024 1043 1092 personis
1060 1031 1169 1075 tres
1194 1029 1338 1084 sunt,
1360 1020 1534 1081 Pater,
1558 1028 1610 1073 et
1627 1015 1820 1079 Filius,
1840 1024 1894 1070 et

315 1124 546 1193 Spiritus
579 1119 733 1188 195
749 1126 980 1169 sanctus.
1006 1114 1060 1169 Si
1090 1113 1269 1181 itaque
1297 1112 1486 1164 horum
1511 1108 1672 1163 trium
1696 1121 1894 1161 nomen

315 1225 600 1269 commune
641 1208 902 1276 requiras,
933 1199 1074 1257 Deus
1118 1212 1230 1266 est;
1264 1203 1315 1255 in
1348 1216 1456 1271 quo
1478 1214 1585 1254 uno
1612 1214 1677 1253 ac
1706 1198 1891 1266 singu-

317 1304 415 1358 lari
447 1304 663 1354 nomine
705 1294 951 1365 baptismi
1001 1294 1315 1363 mysterium
1353 1292 1675 1346 celebratur.
1707 1287 1891 1358 Bapti-

314 1390 839 1460 z'itc,inquit,gcntes
862 1386 913 1437 in
942 1384 1145 1438 nomine
1177 1382 1347 1435 Patris
1372 1391 1418 1435 et
1453 1380 1579 1435 Filii
1605 1378 1895 1449 etSpiritus

314 1486 476 1542 sancti
504 1480 725 1554 (Matth.
759 1491 944 1539 xxvttt,
976 1474 1087 1543 19).
1115 1472 1273 1528 Juxta
1304 1488 1463 1543 quam
1494 1471 1725 1525 nominis
1745 1482 1895 1522 com-

314 1578 642 1634 tnunionem,
672 1583 725 1627 et
755 1562 912 1625 Pater
937 1569 1093 1629 Deus,
1127 1574 1181 1619 et
1213 1564 1379 1618 Filius
1404 1564 1563 1628 Deus,
1588 1570 1641 1616 et
1661 1558 1897 1628 Spiritus

312 1676 529 1725 sanctus
557 1664 747 1718 dicitur
768 1663 927 1716 Deus.
959 1661 1165 1712 Etcum
1194 1655 1556 1723 unusquisque
1576 1666 1761 1708 eorum
1785 1649 1897 1705 sin-

2003 464 2220 518 tationis
2247 478 2473 532 corpore
2500 464 2710 533 plenius
2743 465 3008 520 habentur
3035 481 3292 535 expressa
3313 509 3329 535 ,
3358 472 3590 527 evident.

2004 561 2208 617 tissime
2256 561 2531 615 Athanasii
2570 562 2889 630 comprobat
2934 562 3122 628 fidem,
3157 578 3262 632 qua
3308 562 3585 621 Christum

1999 654 2230 704 asseruit
2271 651 2387 705 haec
2440 652 2617 704 omnia
2648 668 2754 705 non
2785 652 3081 706 secundum
3107 653 3346 721 deitatis,
3372 656 3469 711 sed
3499 672 3588 711 ει·-

1999 746 2237 800 cundum
2264 745 2633 809 immanitatis,
2661 760 2820 814 qnam
2852 746 2989 799 idem
3018 746 3294 815 gestabat,
3336 759 3584 802 naturam

2001 836 2164 891 fuis~e
2191 837 2447 889 locutum.
2479 836 2583 891 Sed
2610 846 2663 890 rt
2693 851 2813 890 cum
2839 836 3018 902 Arius,
3044 852 3112 892 ex
3140 837 3451 893 inﬁrmitate
3468 840 3589 895 dic-

2000 936 2175 981 torum
2207 926 2290 980 vel
2317 937 2587 996 geStorum
2624 928 2757 996 ejus,
2788 935 3089 982 creaturam
3129 944 3253 983 cum
3283 932 3395 985 vult
3425 932 3585 986 intel-

1999 1018 2089 1088 ligi
2115 1017 2413 1089 (indignum
2441 1018 2696 1073 videlicet
2741 1018 2993 1087 judicans
3023 1024 3269 1073 naturam
3300 1020 3352 1074 in
3385 1036 3450 1075 eo
3484 1022 3581 1075 Dei

1999 1111 2381 1179 omnipotent's
2408 1111 2676 1179 accipere,
2708 1125 2870 1180 quem
2900 1111 3166 1179 conSpicit
3193 1113 3357 1166 tantis
3390 1129 3582 1169 neces-

1998 1202 2210 1256 sitatum
2261 1203 2658 1257 conditionibus
2694 1203 3085 1272 subjacuisse),
3134 1220 3240 1258 non
3274 1206 3451 1260 solum
3483 1222 3580 1275 per

1999 1292 2115 1347 hare
2145 1294 2425 1347 Athanasii
2465 1295 2787 1349 sententiam
2833 1294 3109 1349 robustius
3161 1295 3356 1362 ﬁrmat,
3391 1312 3496 1366 qua
3526 1299 3578 1352 iu

1999 1386 2212 1439 Christo
2240 1385 2534 1440 secundum
2564 1385 3020 1454 dispensationem
3052 1386 3232 1440 carnis
3259 1386 3575 1454 accipienda

1998 1489 2119 1529 esse
2154 1475 2395 1529 deﬁnivit
2424 1490 2651 1545 quaeque
2679 1476 2906 1530 viriliter
2937 1490 3027 1529 aut
3058 1477 3267 1530 locutus
3322 1484 3406 1530 est
3430 1516 3446 1539 ,
3484 1485 3577 1530 aut

1999 1566 2234 1634 peregit;
2267 1578 2453 1618 verum
2498 1564 2659 1618 etiam
2686 1565 2847 1618 simili
2897 1580 3019 1619 cum
3067 1564 3306 1618 Photino
3337 1564 3470 1632 perﬁ
3494 1567 3577 1617 .ia:

1998 1654 2212 1709 vinculo
2238 1664 2451 1709 tenetur
2474 1655 2749 1721 astrictus,
2783 1654 2909 1708 dum
2935 1663 2988 1710 et
3019 1654 3138 1724 ipse
3161 1655 3273 1723 pari
3303 1656 3575 1710 sententia

311 1764 568 1836 gulariter
598 1762 738 1815 Deus
768 1761 857 1820 sit,
890 1755 959 1809 de
984 1769 1022 1808 is
1054 1761 1231 1805 tamen
1258 1765 1353 1804 eos
1384 1746 1663 1819 pluraliter
1690 1744 1889 1805 dicere,
1930 1740 1971 1800 Β
2000 1742 2193 1798 Filium
2238 1745 2328 1799 Dei
2370 1753 2671 1799 creaturam
2702 1758 2865 1799 ausus
2895 1753 2980 1800 est
3017 1744 3267 1799 deﬁnire.
3295 1748 3366 1800 At
3404 1760 3576 1815 quan-

311 1866 512 1911 natnrze
532 1851 705 1905 unitas
731 1863 833 1901 non
858 1845 1112 1899 admittit.
1137 1842 1399 1909 Quoniam
1428 1847 1637 1893 natura:
1660 1851 1883 1900 nomen,

311 1947 452 2016 quod
483 1946 623 1999 Deus
643 1950 745 2004 est,
771 1953 876 1993 non
910 1936 1174 2003 privatum
1204 1932 1490 2000 unicuique
1515 1938 1570 1986 et
1593 1928 1888 1998 peculiare,

311 2041 402 2095 sed
430 2044 827 2091 communeest.
846 2031 907 2083 Et
934 2028 1074 2096 quod
1102 2039 1387 2081 commune
1414 2035 1571 2091 atque
1598 2038 1762 2078 unum
1784 2033 1888 2085 est,

311 2130 461 2199 plura
487 2141 606 2183 esse
635 2140 739 2178 non
770 2129 966 2190 potest.
995 2120 1058 2172 Et
1085 2118 1204 2171 ideo
1224 2116 1461 2169 Trinitas
1486 2128 1591 2168 non
1615 2112 1891 2181 pluraliter

310 2224 404 2286 dii,
435 2220 527 2275 sed
574 2231 711 2272 unus
744 2214 938 2268 dicitur
981 2211 1142 2264 Deus.
1195 2208 1294 2263 Ubi
1324 2220 1450 2260 vero
1503 2203 1768 2274 peculiare
1793 2202 1891 2255 ali-

310 2312 458 2381 quid,
488 2319 543 2364 et
571 2306 711 2377 quod
746 2306 797 2358 in
829 2302 969 2357 aliud
1003 2316 1108 2354 non
1143 2298 1467 2367 reciprocat,
1514 2296 1696 2361 inest,
1732 2294 1805 2349 ibi
1838 2303 1891 2349 et

310 2401 585 2474 pluralitas
610 2407 660 2452 et
688 2393 962 2450 distinctio
988 2392 1173 2447 haberi
1202 2398 1395 2460 petest.
1426 2388 1558 2455 Quia
1585 2402 1715 2457 ergo
1733 2386 1890 2441 Pater

309 2493 523 2561 proprie
543 2490 758 2549 dicitur,
783 2496 837 2540 et
860 2484 1025 2539 Filius
1051 2482 1272 2551 proprie
1301 2489 1663 2548 nuncupatur,
1695 2487 1749 2532 et
1770 2478 1888 2547 Spi-

308 2584 446 2638 ritus
476 2591 693 2636 sanctus
739 2577 949 2646 propria
978 2574 1345 2644 appellatione
1376 2572 1756 2641 distinguitur,
1793 2585 1891 2626 nec

309 2667 484 2745 potest
530 2672 686 2726 Pater
729 2668 915 2730 Fdius,
972 2681 1071 2720 nec
1117 2665 1282 2719 Filius
1310 2664 1500 2730 Pater,
1528 2678 1627 2719 nec
1654 2661 1890 2732 Spiritus

308 2776 524 2822 sanctus
543 2776 635 2818 aut
676 2762 840 2816 Filius
872 2768 964 2813 aut
996 2758 1153 2813 Pater
1184 2756 1447 2826 intelligi,
1480 2756 1780 2811 rectissime
1806 2768 1886 2810 se-

309 2858 538 2912 cundum
572 2854 968 2908 distinctionem
1014 2864 1361 2919 personarum
1393 2856 1503 2902 tres
1526 2848 1885 2910 nominantur,

309 2950 397 3020 qui
431 2962 604 3002 tamen
629 2943 921 3000 secundum
958 2950 1159 2994 naturze
1192 2940 1446 2993 unionem
1480 2939 1748 2994 numerari
1781 2953 1887 2992 non

311 3047 552 3109 possunt.
582 3034 646 3088 Et
674 3034 793 3087 ideo
819 3032 917 3085 tria
942 3041 1065 3084 sunt
1097 3030 1310 3083 nomina
1343 3031 1395 3082 in
1424 3028 1691 3097 personis,
1710 3028 1884 3092 Pater,

1994 1849 2151 1905 quam
2201 1834 2253 1889 in
2302 1848 2369 1889 eo
2415 1835 2525 1888 sint
2572 1833 2863 1888 dissimiles
2889 1872 2904 1900 ,
2938 1834 3077 1902 quod
3109 1833 3269 1889 Arius
3292 1835 3573 1889 cmlestem

1993 1937 2316 1992 creaturam,
2346 1934 2402 1980 et
2425 1926 2704 1981 meliorem
2734 1926 2947 1980 caeteris
2975 1925 3169 1981 Filium
3204 1926 3297 1981 Dei
3326 1927 3575 1997 opinatus

1993 2016 2083 2083 sit,
2112 2016 2372 2070 Photinus
2397 2031 2526 2073 vero
2551 2025 2863 2072 terrestrem
2885 2057 2899 2081 ,
2929 2026 3157 2087 uterque
3181 2027 3356 2073 tamen
3383 2032 3575 2074 eorum

1991 2120 2253 2165 creaturae
2275 2112 2491 2165 nomine
2513 2111 2792 2178 cepulatur
2810 2151 2824 2175 ,
2849 2111 2977 2165 dum
3000 2111 3112 2165 sive
3134 2112 3431 2177 caelestem,
3457 2112 3576 2169 sive

1996 2214 2263 2257 terrenam
2288 2202 2538 2265 dixerint,
2569 2202 2787 2256 minime
2810 2213 2988 2256 tamen
3016 2216 3045 2255 a
3068 2213 3329 2256 creatura:
3351 2201 3573 2257 confes-

1999 2294 2156 2350 sione
2184 2294 2493 2358 discedunt,
2524 2295 2825 2349 adimentcs
2847 2295 3059 2363 utrique
3088 2292 3225 2348 Filio
3256 2293 3309 2347 id
3335 2294 3475 2362 quod
3506 2295 3575 2349 de

1993 2386 2152 2442 Patre
2191 2396 2345 2440 natus
2373 2395 2486 2450 est;
2519 2395 2572 2441 et
2618 2387 2720 2441 hoc
2751 2387 2924 2440 solum
2974 2386 3092 2454 ipso
3117 2385 3431 2440 assertionEs
3479 2400 3576 2454 go-

1994 2493 2123 2535 nere
2176 2479 2353 2533 idonei
2400 2479 2617 2547 utrique
2664 2486 2788 2533 sunt
2835 2477 3136 2533 Athanasio
3164 2485 3349 2531 testes.
3381 2475 3489 2532 Sed
3516 2486 3576 2532 et

1991 2572 2115 2626 dum
2152 2569 2424 2625 Christum
2456 2579 2755 2623 creaturam
2789 2567 3046 2637 fatentur,
3078 2583 3269 2624 errore
3303 2568 3574 2624 consimili

1991 2662 2331 2731 reperiuntur
2354 2661 2616 2730 aequales.

2067 2752 2152 2806 λι.
2198 2751 2494 2806 Probabilis
2525 2752 2705 2822 igitur,
2735 2760 2787 2806 et
2814 2752 2959 2807 omni
2988 2752 3234 2808 veritatis
3258 2752 3566 2809 assertione

1990 2842 2238 2908 subnixa,
2266 2851 2449 2912 utpote
2476 2837 2785 2911 apostolicis
2813 2842 3189 2897 traditionibus
3213 2844 3567 2900 communita.

1991 2948 2057 2988 ex
2085 2948 2269 2988 eorum
2298 2934 2518 2988 veniens
2575 2934 2792 3003 regulis,
2828 2934 3105 2989 Athanasii
3145 2936 3277 2990 ﬁdes
3304 2948 3569 3004 apparuit.

1994 3024 2306 3081 Evidentius
2332 3041 2560 3096 namque
2588 3026 2742 3082 nobis
2765 3026 3058 3083 secundum
3082 3043 3322 3083 normam
3343 3029 3463 3083 ﬁdei
3482 3045 3571 3083 ca-

310 3098 361 3187 et
383 3130 568 3192 Filius,
591 3134 644 3179 ct
668 3124 901 3190 Spiritus
933 3128 1175 3183 sanctus;
1203 3134 1364 3173 unum
1394 3132 1585 3172 nomen
1607 3118 1657 3172 in
1674 3126 1883 3185 natura,
1916 3098 1962 3161 C
1997 3121 2204 3175 tholica:
2249 3135 2412 3174 unum
2467 3120 2630 3174 Deum
2665 3119 2818 3190 197
2864 3119 3119 3187 ostendit,
3171 3135 3276 3174 non
3330 3122 3571 3189 triparti-

310 3217 482 3280 Deus;
518 3224 571 3269 et
608 3219 674 3268 ot»
700 3212 801 3265 hoc
838 3221 943 3263 tres
985 3224 1120 3262 unus
1150 3209 1306 3264 Deus.
1340 3208 1482 3277 Ergo
1512 3222 1613 3262 nec
1643 3208 1891 3265 confusio

309 3308 363 3361 in
394 3305 583 3367 tribus,
616 3317 713 3356 nec
740 3302 1024 3355 diversitas
1052 3301 1103 3353 in
1142 3314 1247 3353 uno
1286 3298 1591 3354 admittitur
1629 3300 1886 3357 nomine:

311 3409 371 3450 ac
392 3395 470 3448 sic
499 3393 731 3448 Trmitas
760 3408 897 3445 unus
914 3391 1053 3443 Deus
1075 3399 1158 3443 est
1180 3389 1475 3444 secundum
1513 3400 1717 3444 naturae
1736 3396 1889 3447 unio-

310 3500 469 3548 nem;
502 3492 553 3537 et
585 3497 719 3535 unus
750 3482 891 3534 Deus
922 3480 1156 3534 Trinitas
1187 3489 1269 3534 est
1300 3480 1593 3535 secundum
1629 3498 1883 3549 persona-

310 3592 427 3631 rum
456 3574 878 3629 distinctionem.
910 3570 1034 3625 llaec
1061 3571 1210 3639 juxta
1243 3569 1520 3625 Athanasii
1544 3553 1760 3627 sensum
1788 3590 1880 3628 ve-

308 3672 422 3725 rius
441 3667 613 3722 adhuc
639 3675 692 3721 et
723 3664 930 3735 plenius
960 3672 1133 3734 potest
1162 3663 1388 3733 quisque
1411 3662 1709 3731 disserere;
1733 3669 1884 3735 cujus

310 3761 432 3814 ﬁdei
487 3758 715 3811 asssrtio
784 3766 926 3810 tanta
976 3755 1217 3809 veritatis
1270 3758 1588 3812 auctoritate
1634 3765 1882 3827 tantaque

308 3852 661 3922 probabilium
695 3836 873 3904 rerum
922 3847 1303 3917 astipulatione
1339 3848 1584 3914 fulcitur,
1616 3861 1692 3915 ut,
1732 3863 1870 3905 novo

307 3958 465 4014 atque
491 3945 743 3999 inusitato
767 3940 991 3996 actionis
1019 3956 1238 4011 genere,
1259 3957 1477 3996 suorum
1504 3942 1671 4012 magis
1693 3944 1882 3999 adver-

306 4040 566 4096 sariorum
615 4036 920 4092 testimonio
948 4035 1329 4104 comprobetur
1348 4076 1363 4101 ,
1394 4043 1451 4090 et
1492 4035 1621 4105 ipsis
1648 4035 1770 4090 aliis
1797 4051 1882 4090 ra-

307 4132 534 4186 tionibus
559 4138 768 4185 conStet
788 4137 948 4199 atque
981 4126 1238 4180 subsistat
1269 4128 1465 4195 quibus
1489 4126 1693 4183 destrui
1723 4140 1880 4196 posse

326 4235 423 4277 iuta
433 4233 537 4277 tur.

305 4240 537 4294 putatur.

376 4316 440 4369 Χ.
485 4314 626 4368 Dixit
653 4313 797 4368 enim
841 4310 981 4366 idem
1014 4309 1346 4363 Athana~ius
1409 4318 1517 4363 tres
1545 4324 1664 4363 esse
1696 4323 1878 4378 perso-

303 4422 400 4460 nas
451 4418 506 4459 et
548 4420 704 4458 unam
733 4418 917 4456 eorum
962 4402 1083 4455 ess‘e
1117 4414 1386 4455 naturam.
1418 4404 1546 4465 Qua:
1573 4403 1833 4455 sententia
1859 4443 1873 4467 ,

1999 3222 2126 3275 tum,
2160 3227 2264 3266 non
2310 3210 2660 3280 singularem,
2690 3226 2795 3265 non
2823 3210 3127 3276 confusum,
3179 3226 3283 3265 non
3312 3212 3568 3281 divisum,

1994 3323 2097 3360 non
2115 3321 2176 3359 ex
2193 3306 2501 3360 diversitate
2517 3319 2632 3359 com
2643 3304 2890 3372 positum,
2908 3319 3012 3357 non
3035 3303 3262 3372 quadam
3291 3306 3566 3373 composi-

1991 3408 2133 3452 t‘0ne
2161 3399 2395 3452 unitum:
2426 3397 2518 3450 sed
2549 3397 2617 3450 ita
2646 3397 2887 3463 Patrem,
2907 3406 2959 3450 et
2985 3395 3194 3462 Filium,
3227 3406 3279 3451 et
3305 3397 3564 3465 Spiritum

1988 3500 2227 3542 sanctum
2258 3487 2481 3556 propriis
2512 3496 2727 3541 exstare
2753 3487 3171 3557 atquedistingui
3215 3488 3482 3557 per-onis,
3505 3498 3566 3542 ut

1988 3589 2162 3634 tamen
2180 3579 2468 3634 secundum
2499 3578 2795 3632 communis
2827 3588 3028 3632 natura:
3052 3577 3301 3632 unionem
3337 3593 3471 3633 unus
3493 3580 3567 3632 sit

1989 3670 2148 3727 Deus.
2187 3671 2274 3725 llla
2315 3686 2523 3741 quoque
2553 3670 2771 3724 anilinm
2805 3670 3099 3724 fabularum
3128 3671 3375 3740 ﬁgmenta
3396 3714 3409 3734 ,
3443 3672 3571 3738 Qtti-'

1986 3765 2084 3819 bus
2136 3765 2289 3820 Arius
2317 3772 2370 3819 et
2400 3763 2650 3817 Photinus
2673 3805 2688 3831 ,
2735 3766 3035 3831 pariterque
3089 3764 3369 3830 Sabellius,
3398 3764 3563 3819 dubia

1988 3855 2359 3908 vocabulorum
2395 3854 2608 3909 nomina
2643 3853 2782 3907 Patri
2810 3866 2859 3908 et
2892 3853 3029 3907 Filio
3060 3854 3398 3921 tribuebant,
3432 3855 3563 3909 dum

1984 3961 2119 4002 unus
2151 3948 2321 4015 ipsum
2363 3945 2465 4000 sibi
2512 3945 2702 3999 Filium
2734 3944 3002 4011 effectum,
3050 3947 3136 4000 alii
3163 3962 3284 4001 cum
3318 3961 3423 4001 nou
3451 3955 3563 4001 tam

1982 4038 2233 4107 genuisse
2258 4051 2414 4106 quam
2449 4050 2663 4090 creasse
2710 4035 3018 4090 inanissime
3041 4035 3352 4104 jactitabant
3374 4077 3388 4102 ,
3422 4038 3563 4091 veri-

1984 4130 2106 4184 tatis
2159 4128 2456 4183 assertione
2504 4127 2773 4181 destructa
2819 4136 3117 4181 cesserunt.
3150 4127 3279 4180 Nam
3312 4126 3437 4181 licet
3468 4142 3565 4195 per

1983 4223 2159 4279 varios
2175 4239 2359 4279 eorum
2394 4222 2712 4276 incesserint
2735 4221 2918 4284 calles,
2937 4221 3000 4272 ad
3025 4236 3188 4275 unum
3219 4229 3395 4274 tamen
3411 4234 3566 4275 eom-

1984 4317 2150 4386 pilum
2166 4321 2549 4386 pervenerunt.
2586 4313 2706 4367 Toti
2740 4312 2881 4368 cnim
2925 4314 3135 4368 Patrem
3174 4329 3278 4368 non
3309 4314 3565 4383 genuisse

1988 4407 2255 4462 dixerunt.
2277 4406 2552 4474 Siquidem
2583 4404 2845 4460 ralicllius
2874 4416 2924 4461 et
2958 4405 3215 4460 Photinus
3244 4415 3425 4475 aperta
3458 4407 3564 4460 hoc

302 4500 522 4555 Sabellit
544 4513 756 4568 quoque
785 4506 838 4551 et
866 4496 979 4550 Arii
1008 4495 1305 4549 testimonio
1330 4499 1729 4566 comprobatur.
1749 4498 1879 4551 Natn
1917 4469 1965 4528 υ
1992 4500 2261 4568 impietate
2290 4508 2531 4550 astruere
2562 4496 2660 4549 nisi
2684 4505 2825 4550 Sunt.
2848 4496 3007 4549 Arius
3023 4511 3150 4549 vero
3174 4496 3223 4549 in
3250 4497 3415 4563 prima
3432 4495 3565 4566 qui-

303 4606 469 4659 usque
510 4591 645 4646 adeo
674 4589 864 4658 Pater,
899 4598 954 4644 et
985 4587 1185 4650 Filius,
1239 4598 1292 4641 et
1337 4589 1568 4647 Spiritus
1621 4599 1875 4655 sanctus,

303 4686 456 4738 unius
502 4692 626 4738 sunt
673 4682 953 4753 potestatis
975 4721 990 4746 ,
1021 4680 1283 4748 uniusque
1341 4691 1565 4746 naturaz,
1600 4691 1655 4736 ut
1686 4682 1874 4737 Sabel-

301 4778 400 4830 lius
427 4783 625 4828 tantam
650 4776 757 4828 vim
782 4773 1121 4841 conspiciens
1142 4770 1405 4837 veritatis,
1436 4762 1592 4827 unam
1618 4783 1668 4827 et
1691 4776 1873 4842 singu-

301 4869 464 4921 larem
492 4865 647 4936 196
670 4877 788 4918 esse
817 4877 1099 4932 personam
1129 4867 1419 4933 putaverit.
1453 4864 1557 4919 Sed
1590 4865 1641 4918 in
1666 4872 1870 4918 tantum

300 4971 402 5011 non
430 4967 512 5011 est
539 4970 639 5010 uua
664 4967 911 5024 persona,
935 4954 1029 5008 sed
1061 4963 1169 5009 tres
1193 4954 1482 5020 distinctze,
1508 4966 1569 5009 ut
1597 4955 1756 5010 Arius
1780 4970 1872 5011 eos

297 5050 607 5119 inaequales,
639 5055 693 5103 et
715 5056 900 5101 natura
927 5047 1070 5102 dicat
1111 5062 1231 5104 esse
1271 5049 1536 5104 diversos.
1594 5049 1734 5118 Ergo
1792 5049 1873 5103 in-

296 5144 571 5212 :equalitas
593 5141 695 5194 Arii
717 5139 1111 5195 distinctionem
1128 5141 1323 5195 indicat
1350 5155 1695 5209 personarum
1711 5140 1871 5196 .Con-

294 5232 431 5286 fusio
471 5232 685 5289 Sabellii
757 5240 957 5286 natura:
1007 5232 1242 5299 apertius
1314 5231 1562 5285 unionem
1602 5232 1863 5288 ostendit.

294 5320 497 5378 Rursus
523 5325 647 5378 dum
689 5323 945 5376 Photinus
988 5322 1050 5375 ad
1083 5323 1541 5379 conﬁrmationem
1574 5324 1860 5379 sententia:

293 5428 423 5475 suae,
457 5429 558 5482 qua
590 5423 734 5482 putat
759 5413 1030 5468 Christum
1080 5427 1266 5482 purum
1300 5414 1567 5469 hominem
1598 5430 1737 5480 esse,
1770 5415 1861 5467 illa

292 5503 510 5569 replicat
547 5505 847 5560 testintonia
878 5520 995 5574 qua:
1024 5503 1161 5559 idem
1188 5503 1433 5559 Christus
1464 5506 1713 5560 lnunanae
1733 5521 1861 5559 con-

289 5591 431 5647 scius
455 5606 657 5650 natura:
680 5606 772 5651 aut
800 5580 1006 5653 locutus
1032 5606 1133 5661 est,
1166 5607 1255 5650 aut
1277 5597 1479 5667 peregit
1503 5613 1517 5662 ;
1543 5598 1592 5651 id
1609 5606 1711 5664 est,
1731 5596 1855 5652 dum

292 5686 497 5741 Patrem
525 5689 926 5760 sibimajorem,
961 5700 1013 5747 et
1043 5707 1147 5757 neu
1180 5704 1352 5759 suam,
1386 5690 1482 5748 sed
1513 5706 1626 5762 ejus
1649 5691 1776 5749 diett
1800 5708 1858 5749 se

1986 4592 2106 4646 deni
2127 4590 2506 4659 disputationis
2530 4587 2702 4642 fronte
2725 4588 2971 4642 subtilius
2989 4588 3311 4642 eludeudum
3332 4586 3559 4655 putavit,

1983 4686 2075 4740 scd
2107 4699 2360 4755 processu
2390 4683 2698 4738 certaminis
2744 4684 2843 4738 hoc
2880 4682 3051 4751 ipsum
3086 4682 3344 4751 pertinaci
3388 4683 3566 4751 impu-

1981 4777 2159 4831 dentia
2191 4774 2480 4831 defensavit
2500 4815 2513 4839 ,
2541 4787 2789 4828 asserens
2816 4773 3021 4829 Patrem
3049 4789 3153 4829 non
3177 4789 3240 4829 ex
3264 4775 3445 4840 seipse
3466 4789 3565 4842 ge-

1981 4872 2184 4938 nuisse,
2217 4871 2309 4924 sed
2358 4871 2689 4923 extrinsecus
2752 4869 2947 4923 Filium
2997 4872 3289 4926 creavisse.
3338 4872 3415 4925 Ac
3463 4887 3565 4938 per

1979 4964 2083 5016 hoc
2116 4959 2404 5015 secundum
2449 4959 2668 5012 istorum
2701 4959 2960 5013 nefandos
2988 4974 3201 5014 errores
3237 4961 3434 5014 frustra
3467 4961 3562 5014 dio

1976 5070 2004 5108 c
2028 5063 2113 5108 tur
2144 5053 2317 5113 Pater,
2349 5051 2391 5103 si
2438 5066 2541 5103 non
2583 5052 2797 5117 genuit;
2835 5050 3103 5105 incassum
3136 5051 3439 5119 appellatur
3467 5050 3563 5104 Fi-

1976 5147 2096 5215 lius,
2130 5158 2283 5213 quem
2318 5142 2551 5211 genitum
2586 5156 2689 5195 non
2717 5155 2836 5196 esse
2864 5141 3114 5196 haeretica
3148 5141 3394 5212 impietas
3422 5140 3561 5195 dett-

1975 5237 2127 5292 uivit.
2156 5235 2260 5289 Sed
2285 5233 2422 5304 quod
2456 5234 2570 5287 hmc
2591 5241 2890 5286 commenta
2918 5233 3114 5287 fuerint
3140 5233 3444 5287 vanissima!
3467 5247 3564 5285 su-

1978 5326 2331 5398 perstitionis,
2371 5323 2705 5393 apertissima
2747 5323 3071 5379 Athanasius
3111 5327 3336 5380 veritate
3368 5323 3564 5388 perdo.

1974 5420 2113 5484 cuit,
2146 5416 2435 5472 osseudens
2460 5414 2669 5469 Patrem
2696 5429 2818 5468 vere
2839 5414 3110 5484 genuisse,
3150 5425 3204 5471 et
3229 5415 3418 5470 Filium
3443 5416 3562 5482 ipsa

1976 5508 2181 5577 paterni
2214 5507 2443 5560 nominis
2468 5505 2693 5560 veritate
2724 5518 2849 5558 rere
2886 5508 3126 5575 genitum
3174 5520 3319 5561 eSSc.

2046 5600 2159 5654 .\'ll.
2201 5599 2377 5654 Cessit
2411 5598 2570 5668 igitur
2631 5598 2966 5653 mendacium
3016 5599 3263 5663 veritati,
3296 5607 3349 5653 ct
3378 5600 3567 5653 omnis

1976 5691 2123 5748 fucus
2164 5690 2447 5747 adulteriui
2474 5690 2761 5759 dogmatis,
2786 5689 3090 5762 integritate
3133 5691 3251 5746 fidet
3301 5690 3565 5745 manifes-
