3958 6176
408 251 509 305 257

1653 251 1738 305 DE
1779 252 2145 312 TRINITATE
2189 259 2313 314 LIB.
2345 264 2380 314 l.

3558 273 3660 327 9.53

396 377 529 429 tata,
565 364 779 419 tandem
833 365 1122 436 aliquando
1169 367 1415 421 evanuit:
1450 377 1606 436 atque
1648 376 1756 422 tota
1811 371 1972 424 nebu-
2004 376 2048 433 Α
2078 373 2120 425 si
2153 373 2254 426 sibi
2300 373 2556 442 piodesse
2605 378 2824 447 cupiunt
2871 379 3011 448 quod
3043 380 3333 435 Christiani
3360 384 3611 440 dicuntur
3641 431 3656 447 ,

394 460 522 512 lusa:
551 457 866 512 asset-tionis
886 459 1077 529 caligo,
1096 476 1214 528 qua:
1243 475 1428 514 crasso
1452 461 1688 527 pet-ﬁdite
1711 463 1972 518 velamine

394 552 657 604 humanas
684 551 983 605 obduxerat
1016 565 1244 618 mentes,
1273 553 1341 606 ita
1375 554 1554 607 nitore
1581 553 1827 623 fulgentis
1851 554 1971 609 fidei

396 655 569 708 usque
610 639 676 694 ad
710 655 899 707 purum
930 639 1169 695 discussa
1195 650 1278 696 est
1301 683 1313 704 ,
1348 655 1405 696 ut
1435 659 1500 696 ne
1537 643 1815 712 vestigium
1851 645 1970 712 qui-

391 730 510 784 dem
540 731 624 784 sui
658 730 893 799 potuerit
925 733 1126 786 erroris
1160 732 1482 799 relinquere.
1523 732 1673 787 Unde
1706 733 1890 786 hortor
1918 744 1973 788 et

393 821 550 873 simul
598 821 650 874 in
680 835 964 874 commune
993 821 1216 884 suadeo,
1259 832 1482 877 cunctos
1508 823 1597 892 qui
1621 837 1680 878 se
1709 836 1972 878 noverunt

392 909 643 973 Sabellii,
676 909 786 964 Arii
816 917 871 963 ct
901 911 1133 976 Pliotini,
1178 913 1261 967 vel
1290 913 1574 982 cujuslibet
1598 914 1822 968 alterius
1867 916 1974 969 ﬁcti

393 999 662 1067 dogmatis
690 1001 962 1054 erroribus
987 1001 1310 1070 implicatos,
1340 1003 1384 1060 si
1416 1005 1644 1072 propriae
1666 1005 1824 1058 saluti
1847 1021 1978 1058 con-

395 1090 613 1153 sulunt,
645 1091 689 1144 si
737 1091 926 1144 lumini
974 1094 1270 1147 cmcitatem
1305 1110 1408 1147 non
1443 1093 1764 1163 praeferunt,
1799 1094 1843 1149 si
1873 1095 1976 1149 sibi

396 1179 586 1234 obesse
615 1180 804 1233 nolunt
849 1182 990 1250 quod
1037 1192 1140 1236 tam
1187 1182 1278 1236 diu
1312 1199 1340 1236 a
1371 1185 1611 1238 veritatis
1655 1185 1853 1239 lumine
1887 1201 1979 1252 per

398 1271 698 1341 palpabiles
731 1272 971 1327 inanium
1004 1275 1316 1343 opinionum
1352 1281 1608 1330 tenebras
1637 1286 1971 1339 erraverunt,

2089 461 2244 532 198
2295 465 2441 516 omni
2500 467 2837 520 verecundiae
2889 469 3090 534 pudore
3143 474 3465 539 poSIposito,
3499 476 3662 528 relin-

2077 559 2302 618 quentes
2332 552 2488 605 notia
2522 553 2738 608 humani
2766 568 3064 610 commenta
3093 559 3318 624 erroris,
3350 561 3539 630 quibus
3565 577 3660 614 ve-

2081 656 2194 693 rum
2221 643 2486 710 reperisse
2505 657 2566 698 se
2595 643 2914 700 fallebantur
2933 687 2948 712 ,
2974 658 3028 701 et
3048 649 3241 716 quibus
3267 649 3368 704 sub
3395 661 3659 718 praetextu

2077 729 2370 784 Christiani
2405 734 2636 786 nominis
2685 749 2712 785 a
2752 736 2948 789 Christi
2979 737 3318 793 confessione
3351 743 3534 809 procul
3565 756 3660 797 ex-

2081 829 2255 874 torres
2299 821 2666 888 babebantur,
2717 826 2842 878 totis
2874 827 3092 890 vitibus,
3119 829 3350 898 totisque
3373 831 3498 886 ﬁdei
3527 833 3659 886 nisi-

2083 913 2203 980 bus,
2227 913 2292 966 ad
2322 928 2506 968 verum
2541 926 2596 970 et
2627 926 2828 970 rectum
2857 919 3166 987 apostolicae
3191 921 3314 976 ﬁdei
3346 924 3614 979 tramitem
3636 964 3652 988 ,

2082 1003 2235 1072 cujus
2261 1005 2586 1061 Athanasius
2627 1007 2855 1062 idoneus
2885 1019 2940 1064 et
2971 1011 3142 1065 ﬁdelis
3171 1023 3406 1067 assertor
3426 1015 3653 1081 exstitit,

2085 1095 2422 1149 retinendum
2443 1097 2592 1151 ocius
2619 1096 2876 1153 festinare
2897 1101 3241 1160 contendant.
3272 1113 3327 1156 ut
3354 1119 3493 1158 verm
3511 1105 3652 1159 inte-

2078 1204 2294 1257 grteque
2337 1189 2689 1247 confessionis
2720 1195 2996 1262 prtentium
3043 1195 3336 1250 indubitata
3383 1208 3526 1252 sorte
3563 1215 3652 1252 cae

2081 1288 2318 1344 pessant.
2364 1282 2554 1332 Anien.

431 1392 3609 1446 Μ

1031 1497 1787 1611 πιαιιιι
1896 1496 3019 1615 τΔΡει-ιιπδιε

1324 1684 1591 1825 DE
1668 1683 2729 1826 TRlNlTATE

1491 1896 1796 1976 LIBRI
1870 1894 2545 1994 DUODECIM,

965 2034 1137 2109 Quos
1174 2033 1364 2094 edidit
1397 2034 1516 2094 sub
1557 2032 1812 2092 nomine
1842 2031 1903 2091 S.
1942 2030 2297 2102 Athanasii,
2333 2031 2610 2109 episcopi
2646 2033 3090 2094 Alexandrini.

1415 2215 1894 2322 LIBER
1967 2213 2626 2322 PRIMUS.

1531 2356 1614 2415 De
1658 2356 1842 2415 unita
1880 2353 2196 2414 Trinitate
2224 2353 2492 2414 deitatis.

463 2452 840 2520 Interrogatio:
865 2452 944 2506 Tu
976 2453 1264 2508 unusDeus
1286 2453 1464 2518 Pater,
1496 2456 1798 2523 unlgenitus
1825 2454 1962 2508 Deus
1995 2456 2039 2514 Β
2068 2451 2280 2506 videtur
2310 2455 2575 2520 ignorare,
2609 2457 2694 2522 qui
2727 2456 2848 2510 huic
2883 2457 3196 2524 plenitudini
3239 2459 3430 2513 divinat
3467 2459 3644 2516 Trini-

396 2545 579 2601 Filius.
599 2543 982 2610 DeusSpiritus
995 2549 1355 2612 sanctus,quia
1372 2559 1526 2597 unam
1542 2545 1795 2598 deitatem
1811 2544 1965 2597 nobis

393 2633 670 2688 declarasti
688 2674 703 2697 ,
733 2643 790 2689 et
813 2644 1167 2692 sacrosancta.
1185 2634 1349 2686 solius
1371 2633 1668 2687 divinitatis
1686 2633 1964 2686 indivisam

391 2727 613 2794 gloriam
631 2728 903 2792 revelasti,
921 2736 976 2782 et
1006 2727 1294 2795 perfectam
1316 2724 1532 2795 gloriam
1545 2724 1824 2778 Trinitatis
1841 2736 1964 2789 tute,

392 2820 882 2890 sempiternatuque
925 2819 1310 2888 plenitudinem
1379 2817 1790 2882 demonstrasti,
1845 2817 1966 2872 ideo

391 2913 648 2978 optinmm
688 2911 894 2966 dusiut
949 2922 1034 2966 tua
1086 2912 1282 2966 veritas
1326 2911 1582 2978 patefacta
1626 2911 1964 2973 claresceret,

391 3009 442 3054 et
486 3004 859 3058 haereticorum
906 3005 1115 3058 detecta
1148 3003 1362 3057 caecitas
1389 3003 1768 3054 innotesceret.
1801 3000 1963 3068 Pr0p-

392 3103 468 3145 ter
491 3093 630 3161 quod
662 3094 838 3150 subito
868 3097 916 3149 in
942 3094 1333 3150 aemulationem
1365 3106 1620 3146 accensus
1651 3102 1733 3146 est
1755 3093 1963 3147 animus

393 3200 567 3244 mens,
619 3197 670 3239 et
723 3187 922 3241 exarsit
977 3189 1115 3240 sicut
1188 3187 1324 3254 ignis
1383 3185 1611 3238 rUtilans
1666 3186 1718 3238 in
1769 3185 1961 3239 densas

391 3276 638 3328 arborum
693 3278 875 3332 silvas.
937 3276 1086 3332 Unde
1128 3279 1249 3344 quia
1304 3277 1453 3330 tnulti
1509 3285 1843 3331 tentawrunt
1896 3277 1961 3330 ad

397 3368 547 3435 199
584 3369 779 3437 stylum
815 3369 1029 3422 luminis
1075 3371 1210 3422 viam
1239 3369 1605 3423 detn0nstrare
1629 3369 1847 3437 justitiaa
1873 3410 1886 3431 ,
1910 3379 1965 3424 et

392 3456 538 3510 nobis
571 3459 772 3527 placuit
805 3476 896 3529 per
923 3461 1189 3514 anfractus
1217 3463 1472 3530 angustia;
1524 3463 1641 3527 ejus
1703 3461 1800 3514 iter
1833 3461 1964 3515 diri-

388 3563 543 3616 gere,
580 3562 634 3604 et
677 3552 834 3605 latam
877 3563 928 3607 et
964 3554 1250 3622 spatiosam
1295 3554 1432 3607 viam
1486 3555 1710 3620 primum
1758 3553 1959 3622 fugere,

387 3642 498 3706 quis
559 3655 667 3694 non
707 3636 905 3710 cupiat,
962 3643 1170 3698 detersa
1229 3644 1518 3712 antiquitus
1571 3643 1814 3712 calgine,
1871 3658 1964 3712 per

385 3742 570 3796 aquam
605 3730 726 3782 vita:
759 3734 1000 3786 renovari
1024 3775 1038 3797 ,
1066 3745 1117 3787 et
1152 3744 1273 3802 post
1298 3735 1509 3788 steriles
1536 3744 1588 3788 et
1612 3735 1825 3803 jejunas
1850 3735 1964 3790 sili-

2074 2543 2198 2597 tatis
2225 2542 2422 2612 aliquid
2450 2543 2675 2598 voluerit
2702 2546 2981 2614 derogare,
3013 2548 3136 2602 dum
3161 2549 3226 2602 de
3255 2559 3306 2603 te
3334 2552 3500 2618 magis
3522 2564 3641 2604 sen-

2072 2632 2257 2698 serim,
2288 2647 2444 2701 quam
2471 2635 2682 2702 proprie
2728 2636 2926 2703 aliquid
2965 2637 3032 2691 de
3061 2654 3178 2691 meo
3214 2639 3461 2692 di\eritn.
3493 2639 3643 2693 Nun-

2071 2725 2195 2791 quid
2227 2735 2391 2780 totum
2439 2727 2729 2781 secundum
2772 2729 3153 2795 professionem
3199 2735 3390 2801 regulis
3421 2735 3567 2787 credi
3600 2744 3647 2789 te

2074 2827 2272 2871 tantum
2317 2819 2635 2886 permisisti,
2664 2829 2719 2872 et
2763 2821 2904 2873 nullo
2945 2824 3250 2877 omnimodo
3293 2827 3507 2878 mentali
3536 2840 3646 2878 ser-

2072 2922 2229 2961 mone
2255 2907 2466 2961 deliniri
2496 2909 2744 2961 voluisti?
2777 2909 3019 2976 Nunquid
3045 2911 3168 2978 quia
3198 2928 3290 2981 per
3319 2914 3474 2966 fidem
3501 2913 3646 2968 credi

2072 3007 2122 3050 te
2164 2997 2469 3065 permisisti,
2505 3007 2561 3053 et
2605 2998 2857 3053 deitatem
2899 3000 3190 3056 divinitatis
3234 3013 3336 3058 tua:
3374 3003 3647 3057 immensas

2069 3089 2205 3156 apud
2240 3103 2337 3142 nos
2376 3099 2429 3142 ut
2452 3103 2763 3143 enarremus
2787 3091 3027 3159 iussisti?
3061 3091 3305 3162 Nunquid
3338 3094 3457 3164 quia
3490 3109 3516 3146 a
3551 3110 3646 3148 no-

2069 3177 2148 3231 bis
2172 3179 2387 3232 sentiris
2411 3180 2640 3249 proprie,
2671 3189 2725 3234 et
2751 3181 2975 3235 dicendo
2999 3183 3273 3237 deﬁniris?
3297 3186 3444 3240 Absit
3469 3229 3484 3252 ,
3520 3186 3643 3238 dum

2070 3266 2210 3321 Deus
2239 3278 2292 3322 ttt
2323 3269 2412 3323 tibi
2445 3278 2647 3324 tantum
2675 3274 2819 3324 solus
2849 3273 3060 3341 proprie
3083 3288 3140 3326 es
3169 3277 3396 3344 agnitus.
3423 3277 3646 3342 Protiter

2066 3359 2208 3427 quod
2241 3361 2460 3428 supplex
2499 3361 2894 3430 impensiSsime
2924 3364 3148 3419 obsecro
3180 3377 3284 3418 tute
3316 3367 3646 3435 tranquillis-

2068 3451 2218 3505 simm
2251 3451 2525 3506 Trinitatis
2563 3453 2810 3521 gloriam,
2859 3464 2914 3507 ut
2952 3456 3209 3524 perducas
3237 3471 3322 3510 me
3349 3457 3414 3510 ad
3448 3467 3642 3511 statum

2070 3543 2361 3612 perfectum
2387 3545 2532 3611 ﬁdei,
2555 3545 2906 3600 confessionis
2935 3563 3065 3603 meae
3096 3550 3256 3603 verba
3287 3561 3641 3619 promentem.

2071 3636 2125 3691 Si
2153 3636 2350 3690 cmlum
2383 3638 2464 3691 vel
2513 3639 2634 3692 caeli
2666 3654 2769 3691 non
2802 3640 3072 3693 sufﬁciunt
3097 3641 3160 3693 ad
3204 3641 3526 3708 prodendam
3555 3659 3643 3695 su-

2068 3725 2244 3780 blimis
2273 3728 2432 3797 200
2465 3729 2842 3794 magnitudinis
2869 3739 2968 3782 tua:
2995 3731 3201 3786 laudent
3229 3748 3242 3794 ;
3277 3732 3318 3784 si
3350 3747 3454 3785 non
3479 3734 3638 3786 satia-

385 3835 511 3886 ηυδε
543 3837 734 3890 panem
770 3824 894 3878 vita;
928 3825 1110 3888 edere.
1154 3835 1227 3890 et,
1276 3827 1469 3879 “missa
1507 3827 1757 3896 voragine
1783 3828 1959 3895 poculi
1989 3825 2034 3888 C
2069 3828 2153 3870 llll'
2205 3820 2387 3871 OCUltlS
2444 3819 2508 3871 ad
2546 3819 2852 3883 videndum,
2891 3829 2982 3874 aut
3035 3822 3177 3874 auris
3217 3823 3280 3874 ad
3319 3823 3640 3876 audiendum

386 3913 657 3980 venenosi,
697 3913 916 3967 cilicem
964 3916 1216 3969 salutaris
1263 3917 1526 3984 accipere,
1565 3925 1640 3981 et,
1691 3926 1955 3983 prostrata

385 4001 640 4057 idolorum
680 4005 897 4074 profana
931 4008 1168 4069 cultuxa,
1225 4006 1389 4060 Deum
1437 4022 1619 4061 verum
1665 4022 1958 4077 agnoscere

383 4105 702 4161 creatorem,
735 4105 790 4150 et
820 4097 871 4150 in
905 4114 1088 4162 unum,
1133 4107 1310 4165 Spreta
1349 4099 1627 4153 inveterati
1659 4100 1959 4156 sibilatione

382 4188 644 4255 serpentis
667 4231 682 4249 ,
718 4187 969 4257 hymnum
1004 4189 1112 4242 Deo
1138 4193 1370 4245 suaviter
1400 4190 1686 4245 decantare
1710 4231 1725 4256 ,
1763 4201 1817 4245 et
1842 4203 1957 4245 tan-

380 4279 517 4342 dem,
543 4278 788 4332 refutatis
816 4281 1083 4348 squamosi
1116 4280 1362 4335 draconis
1393 4281 1664 4348 uberibus,
1698 4298 1760 4334 ex
1793 4297 1959 4336 evan-

378 4368 558 4434 gelicis
585 4371 862 4434 praeceptis
889 4371 1043 4422 melle
1071 4380 1120 4422 et
1148 4370 1281 4424 lacte
1305 4370 1472 4438 putari
1499 4411 1513 4434 ,
1553 4380 1607 4423 et
1635 4385 1820 4424 rursus
1859 4386 1953 4438 per

383 4459 842 4513 immortalitatem
875 4472 1198 4529 resumptam
1241 4465 1458 4530 angelos
1504 4470 1773 4530 apostatas
1812 4461 1954 4530 judi-

377 4566 495 4604 care
517 4597 530 4616 ,
565 4563 616 4605 et
646 4563 761 4620 post
789 4564 1056 4606 terrenum
1086 4554 1352 4608 hominem
1372 4554 1675 4609 cmlestibus
1699 4555 1875 4622 regnis
1901 4563 1955 4609 et

379 4645 696 4698 sublimibus
747 4645 799 4698 in
844 4646 1138 4699 Jerusalem
1172 4646 1505 4712 mancipari?
1533 4646 1699 4714 Rogo,
1733 4661 1851 4715 quae
1898 4657 1954 4701 et

379 4747 567 4803 quanta
597 4748 680 4790 est
711 4738 823 4790 hzec
847 4739 896 4789 in
929 4737 1037 4791 Deo
1061 4737 1401 4792 humanitatis
1423 4737 1656 4800 dilectio,
1692 4739 1779 4805 qui
1808 4746 1950 4791 tanta

383 4829 590 4890 prtetnia
626 4828 965 4882 credentibus
993 4829 1303 4895 pollicetur?
1334 4828 1462 4895 Quis
1480 4843 1584 4881 non
1614 4828 1756 4881 omni
1788 4829 1954 4882 avidi-

383 4925 481 4967 tate
512 4917 725 4969 festinet
752 4917 818 4970 de
853 4917 997 4986 gravi
1043 4931 1232 4970 somno
1272 4931 1578 4986 exsurgere,
1625 4926 1678 4971 et
1718 4917 1954 4972 clarissi-

382 5019 516 5057 mam
567 5006 742 5059 lucem
787 5023 905 5059 cum
953 5007 1154 5058 inﬁnita
1197 5007 1547 5061 admiratione
1595 5007 1955 5078 conspicere?

379 5097 541 5160 Quam
575 5099 734 5165 cupio
764 5114 866 5150 non
898 5099 962 5150 ad
988 5100 1235 5167 pupillam
1267 5099 1543 5152 oculorum
1574 5098 1846 5154 obtutibus
1868 5115 1957 5154 os-

2067 3921 2231 3975 opera
2262 3909 2667 3976 tnaguiliceutire
2699 3919 2802 3962 tua:
2823 3950 2836 3973 ,
2871 3909 3010 3964 unde
3037 3910 3230 3965 sufficit
3264 3915 3496 3978 parvitas
3523 3929 3638 3966 mea

2060 4001 2300 4068 geminas
2326 4001 2375 4053 in
2399 4001 2742 4054 confessione
2770 4001 2971 4055 referre
2996 4002 3088 4055 tibi
3121 4002 3378 4054 maximas
3399 4003 3639 4070 gratias?

2060 4091 2208 4144 Adeo
2260 4092 2466 4146 veniam
2499 4093 2741 4161 postulo,
2775 4107 2842 4145 ne
2885 4092 3020 4146 forte
3046 4108 3164 4145 cum
3204 4095 3637 4163 praesumptionis

2061 4180 2200 4234 dicta
2233 4195 2594 4250 assumpsero,
2624 4191 2725 4234 tua:
2755 4183 3016 4250 majestati
3042 4183 3222 4237 videar
3251 4184 3447 4251 aliquid
3479 4185 3637 4239 dero-

2058 4288 2208 4343 gare.
2239 4273 2346 4328 Sed
2372 4284 2670 4342 prostratus
2697 4275 2846 4342 jaceo
2877 4285 2999 4329 ante
3032 4287 3133 4328 tua:
3159 4277 3498 4332 sublimitatis
3520 4280 3636 4349 glo-

2063 4370 2156 4422 ria:
2187 4369 2392 4437 sedem,
2424 4379 2485 4422 ut
2521 4371 2797 4437 permittas
2825 4384 2910 4423 me
2938 4370 3003 4423 de
3034 4370 3361 4437 plenitudine
3403 4371 3634 4426 thesauri

2060 4461 2134 4513 ιιιὶ
2164 4461 2293 4530 legis
2319 4460 2519 4515 fontem
2554 4460 2759 4525 bibere,
2789 4472 2840 4515 et
2867 4461 2934 4516 de
2965 4471 3190 4530 quatuor
3221 4462 3638 4519 exuberantibus

2061 4551 2564 4620 lluminibusaquam
2580 4552 2701 4605 vitae
2721 4554 2954 4605 haurire.
2980 4553 3058 4605 Ex
3085 4553 3276 4621 quibus
3301 4555 3636 4608 confidenter

2061 4645 2429 4698 ba'reticorttm
2475 4645 2824 4712 blaspltetnias
2866 4661 2960 4713 per
3007 4647 3378 4701 auctoritatem
3437 4649 3637 4716 regula:

2061 4736 2489 4804 prmscribamus.
2539 4747 2594 4792 et
2633 4736 3017 4790 catholicorum
3065 4751 3093 4790 a
3143 4738 3469 4806 sempiterno
3515 4741 3637 4792 vita:

2061 4827 2284 4894 Spirittt,
2315 4827 2455 4881 velut
2481 4827 2547 4880 de
2574 4826 2803 4880 nectaris
2829 4825 2978 4882 fonte
3004 4827 3164 4881 corda
3190 4828 3483 4882 sitientium
3519 4830 3640 4882 irri-

2058 4933 2268 4986 genius.
2315 4919 2438 4973 Haec
2465 4929 2569 4985 est,
2596 4919 2831 4988 inquam,
2872 4920 3109 4974 materiae
3133 4919 3360 4973 formula
3394 4920 3443 4973 in
3486 4921 3639 4973 colli-

2060 5012 2211 5065 sione
2236 5011 2608 5065 haereticorum
2633 5051 2648 5075 ,
2683 5020 2739 5064 et
2762 5011 2874 5065 hmo
2903 5021 2985 5065 est
3011 5012 3142 5066 tituli
3160 5012 3376 5065 victoria
3405 5010 3456 5062 in
3480 5009 3635 5062 abso-

2059 5104 2262 5157 lutione
2278 5103 2686 5166 catholicorum,
2706 5118 2866 5171 quam
2890 5105 3154 5173 significat
3171 5103 3461 5172 principale
3485 5116 3635 5152 man-

381 5190 617 5251 tendere,
646 5191 740 5244 sed
773 5191 1033 5259 religiosis
1063 5191 1316 5244 fratribus
1346 5189 1396 5243 in
1440 5205 1635 5243 arcano
1665 5192 1842 5244 cordis
1869 5206 1953 5245 se-
1979 5204 2032 5264 υ
2058 5203 2238 5247 datum
2268 5193 2360 5248 Dei
2398 5211 2409 5244 :
2447 5192 2639 5248 Euntes
2671 5195 2920 5262 baptizate
2948 5211 3116 5248 omnes
3149 5205 3318 5264 gentes
3349 5194 3398 5244 in
3431 5191 3634 5243 nomine

377 5294 521 5334 creto
543 5281 854 5335 recondere.
885 5281 940 5335 In
973 5297 1078 5351 quo
1101 5298 1204 5335 non
1229 5281 1495 5335 ambitiosi
1520 5281 1802 5336 voluminis
1824 5297 1954 5336 con-

379 5371 471 5424 feci
524 5372 818 5437 cumulum,
867 5388 932 5426 ne
977 5375 1092 5435 plus
1141 5375 1300 5427 verba
1358 5387 1731 5442 exaggerarem
1795 5389 1951 5443 quam

375 5478 587 5517 sensum
620 5464 1065 5534 investigantibus
1103 5463 1443 5529 intimarem;
1482 5465 1575 5520 sed
1618 5466 1850 5519 breviter
1887 5482 1950 5520 es

375 5565 524 5623 parte
545 5557 840 5611 secundum
871 5558 1277 5626 promissionem
1307 5557 1511 5611 inﬁnita
1541 5559 1949 5627 comprehendi,

376 5659 432 5702 et
461 5649 648 5704 humili
673 5665 919 5705 sermone
947 5649 1194 5704 sublimia
1227 5649 1474 5702 iudicavi.
1511 5649 1663 5704 Unde
1692 5659 1856 5703 totum
1880 5649 1951 5703 ibi

377 5747 463 5793 est
488 5740 728 5812 plenum,
759 5741 846 5797 ubi
875 5739 1006 5798 nihil
1034 5748 1117 5794 est
1159 5743 1352 5808 minus,
1392 5740 1496 5796 imo
1533 5739 1749 5808 penitus
1783 5750 1949 5794 totum

2061 5282 2255 5347 Patris,
2285 5294 2332 5338 et
2364 5284 2505 5350 Filii,
2538 5295 2584 5339 et
2616 5285 2841 5350 Spiritus
2869 5289 3028 5340 sancti
3052 5285 3264 5356 (Matth.
3288 5297 3472 5346 xxvttt,
3497 5284 3583 5351 l9)
3611 5283 3632 5334 ?

2063 5374 2197 5428 Audi
2238 5376 2288 5429 in
2327 5375 2426 5429 hoc
2465 5377 2781 5431 admirabile
2808 5392 2870 5431 ac
2902 5377 3080 5446 regale
3105 5374 3401 5436 decretum,
3434 5373 3486 5426 in
3526 5389 3634 5443 quo

2061 5481 2222 5522 omne
2251 5480 2642 5523 sacramentum
2675 5470 2726 5523 in
2757 5469 2956 5523 deitate
2987 5465 3259 5520 Trinitatis
3299 5464 3475 5518 uniter
3499 5479 3632 5519 con-

2060 5560 2277 5614 tinetur.
2298 5560 2428 5627 Quia
2457 5559 2593 5614 dixit
2630 5561 2683 5613 in
2713 5561 2935 5625 nomine,
2963 5557 3241 5612 evidenter
3270 5571 3428 5610 unam
3463 5559 3630 5612 deita-

2061 5658 2165 5704 tem
2196 5653 2246 5704 in
2278 5651 2538 5706 Trinitate
2563 5651 2857 5704 censistere
2887 5647 3199 5702 declaravit.
3233 5648 3300 5703 Et
3333 5650 3472 5718 quod
3504 5664 3629 5718 pro-

2058 5752 2272 5799 secutus
2311 5750 2417 5809 est,
2447 5741 2636 5807 Patris,
2669 5748 2713 5795 et
2752 5737 2898 5807 Filii,
2941 5749 2987 5794 et
3034 5738 3265 5810 Spiritus
3313 5741 3495 5807 sancti,
3537 5753 3629 5808 per
