3958 6176
235 309 337 364 239

235 423 440 490 singula
474 423 688 476 nomina
718 422 953 491 singulas
988 436 1245 491 personas
1276 422 1449 475 inesse
1478 422 1734 475 distinxit.

310 516 614 569 Ila’relicus.
640 514 802 575 Sane,
830 523 885 566 ut
910 515 1056 581 prius
1085 513 1209 567 mihi
1241 513 1544 566 summatim
1573 512 1639 566 de
1662 516 1810 567 unito

235 606 451 659 deitatis
504 604 722 658 nomine
778 604 1065 657 multifario
1116 604 1314 658 dictum
1369 602 1433 655 ad
1487 602 1807 672 interrogata

233 710 495 762 exponas,
528 696 762 763 postulo,
798 704 852 749 et
880 696 957 748 sic
997 696 1065 749 de
1110 694 1414 749 nominibus
1460 709 1805 764 personarum

234 787 285 839 in
314 786 687 853 prosequendo
714 784 1030 852 distinguas.

304 874 657 944 Interrogatio.
689 872 797 927 Cur
828 876 972 927 unita
998 883 1081 927 est
1107 873 1313 927 deitas?

304 963 604 1031 Responsio.
630 963 764 1029 Quia
792 963 935 1018 nulla
967 972 1050 1019 est
1074 963 1127 1018 in
1156 963 1254 1017 hac
1282 962 1610 1032 plenitudine
1633 963 1808 1018 Trini-

233 1054 355 1107 tatis
381 1052 718 1121 ambiguitas.

304 1146 668 1217 Inteirogatio.
714 1147 819 1202 Cur
845 1160 982 1202 unus
1019 1157 1101 1203 est
1139 1148 1277 1202 Deus
1314 1138 1492 1213 Pater,
1523 1159 1577 1203 et
1616 1149 1803 1216 Filius,

227 1250 281 1295 et
311 1240 543 1309 Spiritus
574 1239 840 1292 sanctus?
1714 1288 1717 1291 .

302 1330 602 1396 Responsio.
651 1328 801 1384 Unus
846 1330 937 1384 ubi
987 1330 1190 1395 dixisti,
1233 1330 1298 1384 ad
1353 1332 1555 1385 unitum
1607 1348 1801 1386 nomen

226 1418 439 1474 deitatis
474 1430 528 1473 tu
568 1420 683 1488 ipse
718 1418 944 1474 retulisti
982 1421 1195 1475 nomina
1225 1436 1286 1476 ea
1317 1436 1437 1490 qua:
1476 1422 1527 1476 in
1558 1424 1804 1491 personis

228 1510 539 1563 diStinxisti.

297 1600 662 1670 Interrogatio.
688 1602 795 1655 Cur
821 1602 967 1656 Solus
992 1602 1165 1656 Deus?

300 1690 593 1757 Responsio.
647 1692 843 1761 Utique
888 1694 1011 1761 quia
1059 1694 1169 1748 sola
1218 1693 1391 1748 deitas
1435 1694 1488 1747 in
1536 1694 1799 1753 Trinitate

221 1780 489 1846 consistit,
515 1781 636 1835 ideo
662 1782 809 1837 solus
841 1783 1001 1837 Deus.

160 1864 163 1865 ⁷
290 1868 655 1938 Interrogatio.
684 1872 792 1924 Cur
823 1872 1168 1940 omnipotens
1200 1871 1375 1926 Deus?

294 1958 591 2027 Responsio.
618 1959 917 2027 Manifeste,
944 1960 1191 2031 quoniam
1216 1961 1553 2031 omnipotens
1575 1972 1657 2019 est
1681 1964 1792 2035 ipsa

219 2050 393 2104 deitas
425 2050 721 2104 Trinitatis.

291 2141 646 2210 Interrogat-‘o.
682 2143 786 2195 Cur
816 2157 954 2196 unus
983 2156 1141 2197 verus
1174 2139 1349 2197 Deus?

288 2232 587 2299 Responsio.
636 2232 820 2286 Procul
855 2234 1015 2287 dubio
1044 2234 1170 2288 dum
1208 2250 1309 2288 una
1342 2249 1466 2287 vera
1502 2235 1572 2289 sit
1604 2246 1788 2290 natura

217 2323 517 2389 Trinitatis,
550 2335 828 2393 propterea
854 2341 989 2379 unus
1010 2335 1093 2381 est
1122 2341 1278 2381 verus
1310 2326 1469 2380 Deus.

286 2426 644 2496 Interrogatio.
674 2425 781 2479 Cur
816 2441 952 2480 unus
984 2427 1156 2481 bonus
1185 2438 1264 2482 est
1300 2429 1472 2482 Deus?

291 2516 583 2585 Responsio.
626 2516 896 2582 Quatenus
932 2518 1073 2571 nulla
1103 2518 1383 2572 diversitas
1408 2519 1588 2587 dispar
1622 2529 1705 2573 est
1735 2521 1786 2574 in

218 2620 320 2658 una
368 2606 662 2659 substantia
705 2605 899 2661 divina:
948 2608 1241 2672 Trinitatis,
1275 2623 1335 2662 ac
1375 2624 1469 2677 per
1519 2610 1617 2664 hoc
1652 2626 1788 2664 unus

212 2697 366 2765 201
397 2696 567 2749 bonus
589 2707 669 2749 est
692 2697 850 2751 Deus.

284 2796 648 2866 Interrogatio.
680 2798 787 2851 Cur
810 2812 1051 2852 summus
1082 2798 1253 2853 Deus?

284 2894 583 2961 Responsio.
616 2896 880 2962 Quoniam
921 2895 1034 2951 haec
1078 2897 1266 2952 eadem
1314 2898 1426 2967 ipsa
1467 2911 1671 2967 summa
1706 2908 1788 2952 est

210 2986 505 3041 substantia
532 2988 829 3042 Trinitatis.

279 3084 641 3159 Interrogatio.
667 3086 775 3141 Cur
800 3102 934 3140 unus
956 3096 1038 3142 est
1064 3087 1357 3144 Dominus?

280 3187 581 3255 Responsio.
628 3186 893 3240 Memento
934 3187 1132 3238 unitam
1174 3202 1296 3241 esse
1334 3186 1698 3241 dominatione
1730 3187 1781 3240 in

209 3286 393 3331 natura
423 3277 760 3343 sempiternae
786 3274 1082 3339 Trinitatis,
1111 3285 1163 3329 et
1194 3276 1313 3329 ideo
1338 3291 1474 3329 unus
1505 3276 1781 3331 Dominus.

280 3367 640 3435 Interrogatio.
673 3367 777 3419 Cur
817 3380 920 3419 una
967 3374 1049 3419 est
1090 3366 1262 3435 imago
1303 3365 1582 3420 invisibilis
1612 3368 1782 3421 Trini-

188 3448 365 3513 tatis?

275 3558 573 3626 Responsio.
605 3557 735 3626 Quia
769 3571 871 3611 una
904 3557 1197 3626 eademque
1227 3557 1395 3611 deitas
1432 3569 1513 3613 est
1560 3559 1610 3613 in
1652 3559 1781 3614 ima-

203 3648 323 3715 gine
351 3646 612 3701 veritatis.

270 3747 633 3815 Interrogatio.
666 3747 770 3801 Cur
799 3762 935 3801 unus
965 3756 1046 3801 est
1076 3748 1293 3817 spiritus
1323 3749 1498 3805 Deus?

278 3848 574 3917 Responsio.
610 3848 795 3903 Nonne
825 3864 927 3902 una
961 3858 1043 3903 est
1072 3859 1257 3905 natura
1296 3851 1507 3905 deitatis
1547 3852 1778 3920 Spiritus

206 3940 397 4005 sancti,
427 3955 544 4009 qua:
574 3941 627 3996 in
661 3940 833 4003 Patre,
867 3950 920 3995 et
956 3929 1119 4007 Filio,
1152 3953 1207 3997 et
1246 3944 1296 3996 in
1330 3959 1451 3999 sese
1477 3946 1776 4000 consistens

203 4032 319 4085 est?
346 4030 467 4086 Ideo
498 4046 632 4087 unus
660 4042 740 4087 est
770 4032 996 4101 Spiritus
1022 4034 1178 4089 unius
1201 4032 1493 4100 Trinitatis,
1523 4037 1643 4105 quia
1669 4054 1771 4091 una

202 4133 285 4179 est
318 4125 643 4196 sempiterna
688 4126 736 4181 in
781 4128 877 4181 hac
908 4128 1018 4195 ipsa
1048 4126 1307 4183 Trinitate
1340 4127 1610 4197 plenitudo
1642 4130 1775 4184 divi-

199 4216 401 4273 uitatis.

270 4316 631 4388 Interrogatio.
664 4316 770 4373 Cur
799 4319 1019 4389 {equalis
1049 4329 1129 4374 est
1166 4336 1266 4375 una
1300 4320 1561 4375 Trinitas?

270 4418 570 4484 Responsio.
603 4417 735 4483 Quia
766 4426 818 4470 et
846 4418 1167 4487 sempiterna
1196 4430 1276 4473 est
1306 4422 1354 4473 in
1380 4420 1489 4487 ipsa
1514 4420 1771 4477 Trinitate

200 4506 388 4560 deitas.
422 4504 589 4571 Rogo,
623 4518 727 4557 non
755 4506 1137 4560 animadvertis
1157 4522 1344 4562 omnes
1372 4525 1505 4577 pene
1537 4510 1767 4567 ltwreses

194 4595 247 4647 in
278 4594 376 4647 huc
408 4593 556 4646 titulo
587 4594 786 4646 unitam
809 4594 1055 4649 deitatem
1088 4595 1279 4661 Patris,
1309 4605 1364 4652 et
1396 4600 1531 4662 Filii,
1565 4612 1617 4653 et
1644 4602 1764 4668 Spi-

195 4684 328 4737 ritus
352 4682 517 4736 sancti
545 4682 933 4750 blaspltemare,
955 4684 1079 4738 dum
1106 4684 1218 4738 brae
1239 4701 1358 4755 qua:
1378 4693 1620 4756 supaius
1647 4692 1765 4744 uni-

194 4782 276 4827 ter
307 4776 356 4827 in
386 4773 642 4828 Trinitate
671 4785 793 4828 sunt
819 4776 955 4830 dicta
980 4778 1044 4830 ad
1076 4793 1232 4831 unam
1267 4793 1543 4846 personam
1596 4782 1765 4837 Patris

194 4864 270 4918 illi
305 4865 668 4918 tantummodo
690 4868 961 4921 conferant
998 4868 1148 4934 ?Qua
1178 4869 1244 4924 de
1272 4884 1343 4928 re.
1370 4880 1582 4926 strenue
1613 4874 1764 4927 nobis

194 4952 540 5010 laborandum
566 4963 666 5018 est,
699 4956 804 5009 imo
830 4957 1090 5012 adversus
1122 4968 1196 5014 tot
1217 4968 1480 5015 sectarum
1511 4977 1762 5031 congres-

190 5045 369 5099 siones
406 5046 655 5100 atrociter
700 5062 819 5100 cum
866 5050 1067 5103 inﬁnita
1110 5053 1466 5109 sollicitudine
1499 5054 1755 5109 dimicau-

190 5140 337 5203 dum,
370 5148 428 5192 ut
458 5139 664 5207 penitus
702 5139 949 5204 discussa,
983 5142 1357 5201 haereticorum
1388 5147 1632 5217 caligine,
1667 5150 1753 5201 lux

188 5228 507 5298 evangelica:
554 5229 873 5299 cognitionis
916 5236 1169 5301 patefacta
1216 5238 1330 5291 clar
1362 5250 1495 5305 seat,
1543 5250 1595 5294 et
1642 5242 1753 5294 b'a-

187 5321 579 5387 sphemantium
609 5326 813 5378 detecta
844 5326 1057 5380 caicitas
1084 5327 1397 5384 innotescat.
1425 5331 1574 5386 Unde
1604 5334 1755 5387 nobis

186 5414 452 5481 paulisper
476 5432 571 5483 pro
594 5417 982 5472 examinatione
1002 5420 1275 5485 superiora
1301 5425 1583 5478 retexenda
1607 5436 1755 5488 sunt,

188 5513 244 5555 ut
274 5504 567 5573 legentibus
601 5510 682 5564 vel
714 5509 1155 5577 investigantibus
1185 5513 1460 5567 veritatem
1490 5517 1661 5569 omnis
1691 5518 1756 5570 ad

185 5590 441 5659 liquidum
488 5599 765 5667 serupulus
811 5599 1137 5656 inﬁdelitatis
1176 5601 1243 5659 de
1287 5616 1481 5659 arcano
1521 5605 1757 5674 pectoris

86 5736 92 5749 ,
184 5680 478 5737 auferatur.

1533 306 1750 362 \‘lGlLll
1789 302 2157 357 TAPSENSIS

1836 420 1887 478 Α
1917 415 2171 470 Prwterea
2206 418 2451 469 duntaxat
2484 415 2543 468 de
2573 422 2891 467 sacrosancto
2922 414 3060 467 unita
3089 416 3291 469 nomine
3320 414 3491 469 Trini-

3380 304 3491 359 218

2627 486 2763 537 tatis.

1984 578 2121 647 Ergo
2152 578 2237 631 ubi
2270 592 2428 631 unum
2464 577 2629 631 Deum
2662 575 2898 641 memini,
2940 591 3045 629 non
3078 576 3143 631 ad
3175 591 3332 630 unam
3366 587 3486 630 tan-

1911 668 2182 720 tummodo
2223 682 2502 736 personam
2534 666 2703 720 Patris
2752 666 2865 719 hrec
2914 666 2963 718 in
3009 664 3237 719 dicendo
3285 670 3482 729 laxavi.

1906 759 2032 812 dum
2077 756 2265 811 Filium
2299 757 2365 811 de
2396 772 2497 810 una
2541 756 2711 811 Patris
2750 770 2867 809 esse
2912 756 3238 824 plenitudine
3268 757 3484 810 deitatis

1907 860 1958 903 et
1990 849 2245 918 Spiritum
2276 859 2513 903 sanctum
2543 865 2646 902 non
2676 847 2879 917 negavi.
2910 847 2974 900 Et
2998 848 3168 900 solum
3197 848 3360 901 Deum
3389 849 3479 901 ubi

1909 942 2219 1006 memoravi,
2267 956 2369 995 non
2410 941 2473 995 ad
2510 941 2679 995 solam
2716 954 2999 1007 personam
3039 939 3210 993 Patris
3254 939 3390 1003 haec,
3424 951 3483 992 ut

1906 1033 2077 1086 dicam
2114 1034 2308 1096 verius,
2336 1033 2556 1087 iudicavi
2586 1074 2603 1102 ,
2634 1033 2755 1102 quia
2790 1031 2976 1087 Filium
3001 1040 3056 1085 et
3077 1031 3334 1101 Spiritum
3366 1048 3483 1086 san-

1905 1139 2047 1180 ctum
2076 1126 2142 1182 de
2176 1126 2275 1181 bac
2315 1127 2425 1193 ipsa
2470 1127 2581 1179 so'a
2629 1126 2924 1180 substantia
2972 1123 3266 1177 divinitatis
3308 1123 3479 1175 Patris

1906 1233 2025 1273 esse
2052 1235 2154 1272 non
2189 1219 2393 1289 negavi.
2418 1217 2673 1273 Similiter
2703 1217 3119 1285 omnipotentem
3154 1215 3340 1275 Deum,
3366 1215 3478 1268 sive

1909 1325 2091 1364 verum
2117 1310 2305 1373 Deum,
2328 1309 2410 1363 vel
2436 1309 2630 1363 bonum
2661 1309 2848 1373 Deum,
2875 1317 2964 1362 aut
2985 1298 3251 1359 summum
3284 1304 3473 1370 Deum,

1904 1415 1997 1453 seu
2020 1416 2181 1453 unum
2207 1400 2461 1468 Spiritmn
2485 1406 2748 1463 sanctum,
2771 1398 2838 1452 de
2859 1413 2963 1465 quo
2985 1398 3290 1451 summatim
3317 1400 3476 1467 paulo

1904 1502 2028 1543 ante
2078 1492 2303 1553 narravi,
2339 1491 2497 1559 202
2536 1504 2712 1542 nonne
2752 1490 2863 1542 haec
2894 1496 3081 1543 cuncta
3119 1487 3375 1541 voeabula
3408 1488 3473 1539 ad

1903 1583 2105 1636 unitam
2137 1583 2462 1637 divinitatem
2497 1581 2687 1645 Patris,
2714 1590 2766 1635 et
2796 1576 2939 1645 Filii,
2971 1591 3025 1635 et
3053 1580 3220 1641 sancti
3246 1577 3476 1647 Spiritus

1904 1674 2207 1727 declaravi?
2238 1672 2386 1727 Unde
2417 1673 2661 1741 quamvis
2704 1672 2755 1725 in
2796 1671 2897 1725 Itoc
2941 1670 3060 1724 loco
3102 1669 3333 1738 copiosa:
3370 1669 3475 1723 sint

1829 1767 1872 1826 Β
1901 1765 2318 1835 signiﬁcationes
2360 1765 2535 1830 dieue,
2571 1774 2747 1819 tamen
2794 1764 2861 1818 ad
2908 1762 3108 1817 unitam
3142 1762 3472 1817 divinitatem

1901 1860 2170 1915 Trinitatis
2211 1860 2507 1915 evidentius
2555 1867 2678 1913 sunt
2725 1857 3050 1928 approbata.
3101 1855 3229 1909 Nam
3274 1855 3473 1918 unitas,

1899 1966 2005 2006 non
2034 1961 2091 2004 ut
2113 1948 2347 2005 hazretici
2370 1949 2480 2005 suis
2501 1948 2741 2017 oppressi
2766 1946 3110 2017 blaspltemiis
3130 1946 3307 2000 dicere
3328 1959 3473 2012 saape

1896 2049 2291 2096 consueverunt
2313 2040 2366 2093 in
2396 2040 2670 2092 voluntate
2694 2051 2833 2103 esse,
2860 2051 2965 2090 non
2990 2036 3040 2089 in
3062 2034 3261 2089 deitate
3287 2052 3298 2086 :
3326 2035 3467 2104 quod

1895 2133 2055 2195 absit,
2088 2131 2213 2185 dum
2263 2130 2439 2184 unitas
2481 2145 2584 2183 non
2624 2129 2675 2182 in
2718 2128 2989 2182 voluntate
3018 2134 3222 2180 tantum
3254 2126 3343 2190 sit,
3375 2126 3470 2178 sed

1895 2223 2002 2276 imo
2033 2222 2083 2276 in
2111 2222 2327 2276 deitate.
2352 2222 2427 2275 Ac
2458 2235 2550 2288 per
2581 2221 2681 2275 hoc
2710 2219 2885 2273 unitas
2915 2219 3047 2281 hmo,
3078 2226 3137 2271 ut
3164 2226 3344 2272 certus
3370 2217 3465 2279 sis,

1893 2328 1998 2368 non
2031 2313 2083 2365 in
2115 2311 2397 2366 concordia
2432 2319 2633 2365 tantum
2676 2318 2777 2374 est,
2814 2308 2904 2362 sed
2933 2310 3167 2373 realiter,
3202 2307 3309 2361 imo
3337 2307 3467 2360 sub-

1894 2403 2209 2458 stantialiter
2230 2410 2437 2455 constat
2466 2401 2519 2454 in
2550 2409 2735 2454 natura
2754 2394 3066 2453 divinitatis.
3097 2398 3233 2465 Ergo
3258 2400 3469 2466 postu!o

1893 2510 1921 2546 a
1955 2503 2025 2557 te,
2060 2494 2146 2562 qui
2182 2493 2310 2561 legis
2338 2492 2473 2546 hanc
2500 2491 2654 2546 istius
2680 2492 2955 2559 scriptura:
2979 2504 3109 2543 mea:
3138 2488 3255 2542 ﬁdei
3284 2490 3468 2542 catho-

1895 2586 2011 2640 lica:
2037 2584 2445 2654 professionem,
2471 2598 2535 2637 ne
2558 2582 2642 2635 bic
2669 2581 2936 2651 superﬂua
2958 2580 3043 2633 vel
3067 2579 3277 2646 profusa
3302 2581 3463 2633 verba

1893 2676 2197 2744 perquiras;
2236 2674 2329 2728 sed
2378 2672 2627 2737 strictim,
2665 2672 2952 2740 capaciter,
3000 2672 3105 2725 imo
3154 2670 3466 2739 spiritaliter

1890 2782 2009 2821 cum
2042 2780 2250 2821 summo
2281 2764 2455 2819 studio
2483 2764 2644 2827 dicta,
2677 2762 2741 2821 ad
2768 2763 2960 2832 stylum
2983 2775 3151 2815 sacrae
3178 2760 3466 2830 Scriptura:

1890 2857 2155 2922 conferas,
2207 2867 2260 2911 et
2314 2857 2604 2911 secundum
2658 2856 2855 2924 regula:
2906 2854 3206 2923 aequitatem
3257 2853 3461 2921 justitia

1890 2950 2200 3004 moderante
2233 2949 2546 3018 perpendas.
2581 2947 2733 3003 Unde
2756 2947 2866 3015 jam
2897 2947 3076 3016 accipe
3106 2961 3207 2999 non
3240 2945 3460 3011 diserta,

1890 3042 1981 3098 sed
2013 3042 2200 3106 fortia;
2235 3056 2403 3109 neque
2428 3051 2635 3095 terrena
2665 3038 2933 3107 ﬁgmenta,
2953 3038 3043 3091 sed
3078 3052 3200 3093 vera
3225 3037 3460 3091 cmlestia

1812 3122 1857 3182 C
1891 3138 2239 3199 documenta;
2294 3148 2463 3201 neque
2518 3132 2954 3201 philosophorum
3003 3131 3251 3184 haeretica
3300 3144 3459 3198 prava

1887 3234 2209 3291 commenta,
2237 3225 2327 3277 sed
2355 3223 2584 3289 perfecta
2616 3222 2906 3291 apostolica
2933 3236 3125 3275 arcana
3152 3235 3458 3274 sacramen-

1890 3325 1967 3379 ta;
2003 3330 2173 3383 neque
2216 3315 2554 3381 grammatica
2579 3357 2592 3380 ,
2638 3329 2756 3383 quae
2794 3314 3058 3379 superflua
3092 3321 3171 3366 est
3202 3313 3459 3366 doctrina:

1884 3406 2163 3473 sapientia,
2208 3406 2303 3460 sed
2354 3422 2415 3460 ex
2464 3405 2779 3474 evangelicis
2819 3403 3109 3472 Scripturis
3152 3418 3311 3472 super
3352 3404 3457 3457 [νει

1886 3508 1938 3549 et
1968 3499 2138 3549 favum
2170 3492 2407 3549 dulciora
2438 3504 2491 3549 et
2518 3494 2735 3549 meliora
2766 3494 2941 3548 divina
2974 3503 3259 3562 praecepta.
3303 3493 3457 3547 Disce

1887 3587 2063 3654 itaque
2092 3588 2211 3654 quia
2244 3588 2296 3639 in
2326 3589 2425 3639 hoc
2454 3586 2705 3654 50pltistte
2756 3586 2910 3655 hujus
2953 3584 3133 3640 mundi
3182 3586 3327 3638 stulti
3370 3586 3455 3639 vel

1886 3679 2016 3731 muti
2051 3680 2169 3732 lacti
2201 3687 2344 3746 sunt,
2378 3679 2623 3748 quoniam
2655 3678 2967 3745 sapientiam
3002 3692 3178 3731 veram
3222 3693 3324 3729 non
3358 3692 3455 3731 co-

1883 3777 2201 3835 gnoverunt,
2231 3780 2283 3823 et
2312 3769 2431 3823 ideo
2471 3769 2680 3837 reprobi
2724 3769 2843 3821 facti
2889 3778 3031 3823 sunt.
3072 3768 3250 3837 Itaque
3292 3769 3457 3820 inter-

1887 3858 2120 3926 rogantis
2150 3868 2309 3926 atque
2335 3859 2588 3913 solventis
2614 3859 2793 3929 accipe
2826 3875 3127 3928 personam,
3154 3875 3269 3927 qua:
3292 3860 3453 3929 exigit

1882 3952 1979 4004 sibi
2012 3950 2119 4005 ﬁeri
2149 3950 2584 4005 satisfactionem.

1954 4042 2313 4113 Interrogatio.
2357 4042 2464 4096 Cur
2514 4043 2668 4095 Pater
2710 4043 2927 4111 spiritus
2958 4042 3172 4106 dicitur,
3204 4050 3257 4095 et
3288 4041 3453 4095 Filius

1881 4131 2096 4200 spiritus
2124 4142 2479 4203 nuncupatur,
2508 4143 2561 4187 et
2589 4131 2817 4201 Spiritus
2858 4142 3071 4187 sanctus
3113 4132 3329 4200 spiritus
3359 4148 3448 4201 ap-

1882 4223 2136 4291 pellatur?

1953 4315 2255 4379 Responsio.
2299 4313 2539 4369 Perfecto
2571 4313 2634 4367 ad
2676 4313 2790 4369 lirec
2829 4313 3179 4382 respondetur
3207 4326 3302 4380 pro
3332 4313 3451 4367 loco

1880 4406 2245 4474 interroganti.
2287 4406 2367 4459 An
2414 4406 2624 4474 ignoras
2663 4406 2782 4475 quia
2816 4405 2970 4460 Pater
3006 4418 3138 4458 unus
3180 4403 3319 4457 Deus
3343 4412 3447 4467 est,

1876 4507 1930 4553 et
1974 4498 2139 4552 Filius
2187 4512 2323 4553 unus
2372 4498 2511 4551 Deus
2558 4506 2658 4566 est,
2701 4506 2754 4552 et
2797 4498 3029 4568 Spiritus
3066 4505 3283 4552 sanctus
3311 4510 3446 4549 unus

1874 4591 2013 4645 Deus
2040 4590 2155 4645 est?
2190 4590 2374 4645 Nonne
2399 4608 2533 4645 unus
2564 4592 2703 4645 Deus
2740 4602 2840 4659 est,
2867 4591 2990 4645 dum
3022 4591 3223 4645 unitum
3252 4604 3444 4645 nomen

1874 4685 2037 4738 estin
2067 4694 2254 4739 natura
2284 4686 2452 4739 usire?
2495 4684 2585 4740 Sic
2626 4696 2679 4738 et
2722 4700 2858 4739 unus
2906 4684 3134 4753 Spiritus
3175 4693 3278 4749 est,
3322 4682 3444 4754 quia

1873 4777 2015 4829 unita
2047 4785 2127 4829 est
2155 4775 2326 4833 deitas
2353 4775 2612 4844 ejusdem.
2659 4775 2787 4828 Nam
2820 4774 2865 4829 si
2897 4784 2949 4829 tu
2984 4790 3076 4843 per
3106 4774 3314 4841 singula
3351 4790 3446 4827 no-

1872 4868 2013 4920 mina
2062 4882 2405 4934 personarum
2453 4867 2653 4919 unitum
2699 4881 2892 4920 nomen
2936 4865 3164 4934 Spiritus
3195 4875 3275 4919 ter
3302 4865 3446 4919 desi-

1871 4960 2065 5027 gnasti,
2098 4959 2332 5026 nunquid
2382 4967 2487 5012 tres
2534 4958 2761 5026 Spiritus
2791 4958 2970 5012 dicere
3000 4958 3245 5027 oportet?
3267 4958 3442 5023 Abs‘t.

1868 5050 2018 5116 Quod
2047 5051 2090 5105 si
2120 5052 2220 5105 hoc
2250 5060 2457 5120 poterat
2483 5052 2607 5115 dici,
2639 5052 2743 5106 tale
2771 5060 2904 5117 erat,
2936 5061 2993 5105 ut
3020 5060 3075 5105 et
3106 5050 3205 5105 hoc
3230 5052 3280 5105 in
3308 5066 3439 5105 con-

1870 5140 2100 5197 fessiune
2116 5141 2331 5197 deberet
2350 5143 2634 5208 introduci,
2658 5153 2767 5197 tres
2793 5142 2921 5197 deos
2941 5144 2993 5196 in
3013 5142 3200 5210 plurali
3220 5158 3443 5197 numero

1867 5233 2161 5301 nuncupari
2187 5250 2199 5284 :
2224 5244 2282 5287 ut
2300 5234 2406 5301 jam
2431 5248 2533 5287 non
2557 5244 2700 5289 esset
2720 5234 2772 5289 in
2795 5234 2875 5288 his
2895 5235 3139 5303 personis
3157 5249 3258 5288 una
3282 5237 3441 5305 203

1866 5337 2053 5380 natura
2096 5324 2411 5393 divinitatis,
2456 5325 2552 5380 sed
2596 5326 2959 5394 unusquisque
2999 5327 3051 5380 in
3084 5327 3297 5394 prOpria
3357 5329 3440 5380 vel

1859 5420 2069 5474 diversa
2103 5428 2287 5472 natura
2320 5434 2413 5473 sua
2454 5421 2799 5483 consisreret;
2842 5419 2985 5488 quod
3031 5418 3191 5473 absit.
3233 5419 3439 5472 Interea

1864 5525 2049 5564 rursus
2080 5509 2265 5564 eadem
2297 5519 2502 5578 repeto,
2534 5522 2588 5565 et
2615 5512 2679 5565 ad
2708 5519 2792 5564 tua
2810 5510 2952 5583 idiota
2975 5511 3135 5566 verba
3164 5525 3435 5579 comparo,

1862 5614 1915 5656 ot
1959 5616 2175 5659 sensum
2216 5601 2515 5657 intellectus
2565 5602 2666 5657 mei
2721 5602 2813 5656 tibi
2856 5603 3049 5658 refero.
3101 5602 3258 5657 Pater
3301 5617 3438 5657 unus

1866 5695 2004 5748 Datis
2030 5700 2134 5751 est.
2169 5702 2223 5749 et
2253 5692 2417 5749 Filius
2448 5694 2749 5758 unigenitus
2782 5694 2921 5751 Deus
2966 5704 3068 5761 est,
3113 5703 3167 5751 et
3207 5694 3436 5761 Spiritus
