3958 6176
364 374 458 427 2H

1617 363 1706 416 DE
1745 361 2122 420 TRINITATE
2159 366 2289 423 LIB.
2318 368 2357 422 Ι.

3510 368 3623 422 2η

362 491 578 538 sanctus
608 476 791 532 unitus
816 475 869 528 in
896 472 1055 528 Patre
1077 479 1130 526 et
1164 470 1296 526 Filio
1322 471 1462 525 Deus
1486 480 1587 526 est.
1616 473 1800 528 Nonne
1821 475 1942 543 quia
1973 480 2023 538 Α
2052 491 2155 529 non
2174 476 2515 546 signiﬁcavit,
2538 476 2692 532 Pater
2713 475 2869 541 dixit,
2888 485 2940 531 et
2964 476 3131 533 Filius
3156 478 3297 547 fecit,
3319 487 3372 533 et
3396 477 3625 547 Spiritus

360 571 584 626 unitatis
609 582 828 628 nomen,
858 564 912 616 id
941 571 1023 616 est
1052 561 1289 628 deitatis,
1314 575 1409 627 per
1429 561 1665 631 singulas
1689 577 1943 631 personas

360 680 436 717 ter
463 658 769 730 designavi,
802 654 925 708 ideo
953 663 1063 706 tres
1097 653 1227 707 deos
1256 663 1440 721 potero
1460 653 1742 709 conﬁteri?
1769 654 1938 709 Absit.

360 753 510 808 Unde
538 746 785 820 quamvis
819 745 1003 812 triplex
1036 744 1104 796 sit
1129 743 1353 807 dictum,
1383 759 1545 797 unum
1579 754 1755 798 tamen
1797 753 1944 800 tenet

358 847 406 897 in
438 842 643 896 deitate
664 835 943 892 Trinitatis
970 834 1202 887 nominis
1228 834 1501 887 indicium.
1527 834 1743 889 Interim
1771 836 1857 889 vel
1889 836 1941 889 in

359 937 457 988 hoc
508 931 667 985 titulo
719 926 1083 982 animadverte
1133 924 1397 977 dicentem
1439 941 1450 975 :
1495 923 1606 992 Ego
1646 940 1759 977 sum
1803 922 1944 977 Deus

359 1026 641 1087 Abraham,
684 1021 823 1075 Deus
869 1019 1039 1081 Isaac,
1070 1027 1116 1071 et
1163 1015 1298 1069 Deus
1329 1015 1490 1067 Jacob
1517 1014 1707 1085 (Exod.
1745 1030 1822 1079 ιιι,
1851 1014 1943 1083 ‘6).

358 1114 604 1183 Nunquid
642 1114 694 1166 in
741 1113 841 1166 hoc
886 1110 1031 1163 dicto
1063 1108 1332 1187 tresgdeos
1365 1107 1680 1175 designavit,
1712 1121 1778 1162 eo
1804 1106 1943 1176 quod

358 1223 519 1263 unum
555 1220 750 1259 nomen
801 1212 882 1257 ter
922 1198 1214 1255 indicavit?
1256 1199 1426 1253 Absit.
1468 1198 1670 1253 Idcirco
1713 1213 1811 1252 nos
1852 1198 1941 1267 qui

359 1298 519 1353 ﬁdem
551 1294 914 1363 evangelii-am
962 1300 1120 1359 atque
1164 1289 1508 1356 apostolicam
1540 1288 1755 1343 Patrum
1800 1299 1945 1343 tene-

358 1406 501 1451 mus,
538 1402 640 1443 nec
671 1397 782 1441 tres
813 1385 965 1451 deos,
996 1397 1092 1436 nec
1124 1392 1231 1435 tres
1270 1380 1538 1445 dominus,
1568 1396 1664 1436 uec
1693 1393 1800 1436 tres
1836 1383 1943 1452 spi-

358 1483 519 1544 ritus,
552 1478 638 1533 vel
677 1486 870 1531 cetera
914 1473 1280 1543 hujuscemodi
1328 1472 1643 1542 pluralitatis
1671 1473 1809 1527 dicta
1845 1488 1942 1528 nec

360 1582 628 1635 tenemus,
661 1582 761 1622 nec
784 1568 836 1621 in
858 1566 1019 1620 corde
1044 1573 1224 1617 nostro
1250 1562 1569 1632 suscipimus
1600 1580 1614 1616 :
1644 1564 1938 1630 przesertim

360 1679 480 1718 cum
534 1675 634 1715 nos
678 1661 937 1714 unitatem
971 1655 1179 1711 deitatis
1207 1655 1401 1723 uniter,
1441 1670 1545 1709 non
1590 1654 1862 1721 pluraliter
1890 1656 1940 1709 itt

360 1753 626 1809 Trinitate
665 1748 962 1803 consistere
1001 1748 1250 1801 sciamus.
1284 1746 1507 1815 Propter
1537 1747 1677 1811 quod
1716 1762 1820 1800 non
1851 1748 1944 1801 de-

2048 572 2265 619 sanctus
2316 566 2586 621 benedixit
2614 584 2628 631 ;
2660 568 2751 621 sed
2793 568 3023 622 breviter
3052 580 3362 636 prosecutus
3400 578 3480 622 est
3514 586 3524 620 :
3560 569 3629 623 Et

2048 652 2181 708 divit
2222 654 2384 717 Deus,
2414 664 2468 710 et
2497 656 2621 710 fecit
2658 656 2820 725 Deus,
2852 666 2905 711 et
2948 658 3078 711 vidit
3121 658 3258 711 Deus
3299 657 3475 710 omnia
3509 672 3625 723 qua

2047 744 2181 796 facta
2208 755 2380 810 erant,
2412 754 2465 799 et
2493 745 2765 801 benedixit
2787 747 2892 812 illa,
2925 747 3130 813 dicens,
3152 747 3367 801 Crescite
3416 757 3462 800 et
3489 749 3623 799 mul-

2048 834 2371 901 tiplicamini,
2407 847 2452 890 et
2480 836 2669 903 replete
2699 847 2887 889 terram
2916 836 3064 906 (Gen.
3103 852 3139 899 ι,
3168 835 3279 907 28).
3312 836 3474 890 Vides
3501 837 3622 904 quia

2047 941 2204 980 nemo
2245 927 2311 981 ad
2360 927 2705 996 semetipsum
2734 927 2884 994 dicit,
2915 926 3024 992 ﬁat,
3054 926 3147 980 sed
3186 926 3250 979 ad
3294 926 3571 979 iacientem
3608 942 3621 976 :

2045 1028 2097 1071 et
2147 1034 2303 1073 nemo
2344 1019 2430 1088 qui
2483 1017 2626 1083 facit,
2656 1018 2719 1070 ad
2766 1032 2912 1071 suam
2954 1030 3233 1086 personam
3276 1015 3530 1083 loquitur,
3566 1023 3623 1067 et

2048 1109 2190 1163 fecit.
2230 1108 2294 1163 Et
2341 1110 2462 1178 quis
2499 1108 2565 1163 de
2610 1123 2669 1163 se
2709 1108 2932 1172 indicat,
2966 1117 3021 1162 et
3045 1107 3198 1170 vidit,
3228 1116 3280 1160 et
3311 1106 3624 1160 benedixit?

2044 1199 2174 1254 Nam
2220 1201 2386 1256 verbo
2430 1210 2584 1255 tenus
2626 1200 2670 1254 si
2707 1215 2810 1254 una
2856 1208 2999 1255 esset
3040 1212 3264 1267 persona
3293 1195 3538 1258 dicenti,
3568 1204 3623 1248 et

2044 1293 2308 1359 facientis,
2341 1303 2397 1349 et
2442 1292 2830 1355 benedicentis,
2871 1292 2949 1345 sic
2993 1289 3289 1344 intimasset
3328 1288 3520 1342 fecisse
3562 1300 3623 1340 se

2044 1406 2175 1458 opus
2198 1404 2376 1456 suum,
2398 1399 2451 1442 et
2476 1388 2607 1453 dixi,
2632 1396 2685 1443 et
2707 1386 2828 1451 ieci,
2848 1394 2899 1440 et
2922 1383 3191 1439 benedixi.
3211 1383 3340 1435 Dum
3364 1380 3619 1450 scriptum

2044 1483 2149 1539 sit:
2179 1483 2343 1537 Verbo
2368 1480 2577 1535 Domini
2604 1480 2714 1532 caeli
2735 1478 2924 1545 firmati
2945 1484 3082 1540 sunt,
3111 1484 3156 1527 et
3184 1474 3362 1543 spiritu
3386 1473 3488 1525 oris
3510 1472 3621 1541 ejus

2042 1577 2206 1630 omnis
2234 1575 2392 1627 uirtus
2430 1588 2604 1626 eorum
2631 1570 2801 1641 (Psal.
2850 1584 3023 1634 xxxu,
3057 1567 3136 1637 6).
3168 1567 3360 1635 Utique
3387 1566 3620 1619 Verbum

2044 1664 2236 1718 Filium
2269 1662 2517 1718 indicavit
2542 1677 2556 1714 :
2582 1662 2863 1715 Dominum
2890 1669 3067 1713 autem
3097 1658 3304 1712 Patrem
3333 1657 3449 1725 ejus
3481 1655 3621 1710 desi-
3672 1680 3685 1691 κ

2043 1757 2239 1823 gnavit,
2266 1763 2321 1809 et
2344 1753 2599 1822 Spiritum
2623 1752 2733 1807 oris
2754 1751 2892 1822 ejus,
2918 1751 3172 1819 Spiritum
3196 1758 3435 1803 sanctum
3459 1748 3618 1803 dixit.

362 1844 549 1896 bemus
579 1849 691 1894 tres
723 1847 941 1892 naturas
968 1836 1019 1891 in
1049 1837 1133 1890 bis
1168 1836 1412 1906 personis
1440 1847 1622 1891 contra
1663 1839 1749 1906 jus
1780 1853 1943 1893 evan-
1974 1834 2013 1893 Β
2047 1843 2206 1899 Vides
2237 1846 2287 1899 in
2323 1845 2401 1898 bis
2441 1843 2684 1910 personis
2724 1843 2927 1897 unitum
2958 1857 3078 1896 esse
3116 1857 3307 1895 nomen
3348 1841 3621 1894 Trinitatis

360 1931 543 1997 gelicm
586 1941 832 1981 censura:
873 1924 1135 1994 proﬁteri,
1166 1938 1284 1977 cum
1315 1925 1384 1977 sit
1414 1939 1550 1978 unus
1587 1925 1746 1980 Pater
1776 1925 1937 1992 Deus,

364 2029 414 2073 et
442 2020 751 2087 unigenitus
777 2016 846 2070 sit
875 2015 1037 2068 Filius
1057 2014 1216 2073 Deus,
1248 2024 1303 2068 et
1329 2014 1589 2082 ingenitus
1617 2015 1685 2069 sit
1711 2014 1941 2083 Spiritus

364 2119 579 2164 sanctus
611 2108 773 2161 Deus.
800 2106 922 2160 Ideo
949 2119 1086 2159 unus
1110 2115 1191 2157 est
1222 2104 1381 2167 Deus,
1406 2104 1526 2172 quia
1556 2104 1699 2157 unita
1722 2112 1804 2158 est
1827 2104 1943 2159 dei-

364 2208 462 2262 tas,
488 2198 629 2252 sis-ut
658 2210 751 2264 per
779 2194 1015 2263 singulas
1043 2208 1299 2262 personas
1319 2195 1573 2261 scriptum
1598 2204 1680 2248 est
1708 2212 1718 2246 :
1743 2202 1795 2248 et
1817 2196 1939 2263 quia

364 2289 541 2343 nullus
573 2289 715 2341 Deus
747 2288 844 2341 nisi
874 2302 1031 2341 unus.
1061 2285 1217 2340 Velut
1245 2285 1345 2338 ltoc
1376 2302 1389 2339 :
1416 2285 1571 2349 Audi,
1602 2282 1787 2351 Israel,
1828 2285 1939 2339 Do-

366 2380 531 2431 minus
585 2378 729 2430 Deus
770 2388 906 2440 tuus,
953 2375 1086 2428 Deus
1131 2390 1260 2426 unus
1299 2382 1369 2426 est
1396 2372 1572 2443 (Deut.
1605 2388 1676 2437 vt,
1704 2374 1789 2441 4);
1829 2376 1941 2429 sive

365 2469 464 2525 hoc
495 2488 507 2523 :
547 2470 655 2539 Ego
684 2469 932 2522 Dominus
963 2468 1097 2521 Deus
1124 2468 1326 2521 extendi
1361 2466 1539 2518 caelum
1566 2465 1726 2530 solus,
1751 2476 1798 2519 et
1818 2470 1941 2523 soli-

366 2563 482 2615 dari
519 2572 706 2615 terrain
740 2560 891 2630 (lsai.
930 2575 1069 2624 thv,
1099 2558 1214 2629 24).
1244 2558 1349 2613 Sed
1372 2567 1426 2613 et
1456 2557 1555 2612 hoc
1590 2575 1603 2611 :
1638 2558 1780 2613 Unus
1809 2562 1941 2614 enim

367 2655 503 2709 Deus
536 2654 590 2724 (Ι
615 2655 752 2709 Tim.
784 2671 840 2720 ll,
870 2656 957 2724 5);
990 2664 1082 2708 aut
1121 2654 1220 2706 ltoc
1251 2671 1265 2706 :
1300 2653 1551 2706 Mediator
1589 2661 1755 2705 autem
1790 2654 1940 2707 unius

363 2761 462 2796 non
498 2754 595 2811 est,
631 2743 764 2798 Deus
785 2754 950 2798 autem
982 2760 1109 2796 unus
1136 2754 1207 2797 est
1228 2742 1370 2813 (Gal.
1402 2757 1482 2807 ιιι,
1511 2741 1627 2809 20).
1652 2740 1759 2795 Nec
1792 2756 1939 2797 non:

373 2832 513 2887 Vade
540 2843 696 2898 retro,
741 2835 970 2898 Salano;
1004 2835 1243 2904 scriptum
1287 2842 1362 2887 est
1408 2849 1427 2886 :
1465 2831 1740 2887 Dominum
1776 2833 1941 2886 Deum

365 2930 504 2974 tuum
533 2923 775 2976 adorabis
799 2930 842 2976 et
873 2924 950 2975 illi
979 2924 1075 2976 soli
1106 2923 1287 2976 servies
1316 2921 1529 2994 (Matth.
1562 2938 1632 2988 tv,
1667 2922 1778 2985 10).
1808 2922 1940 2977 Nam

365 3018 420 3064 et
445 3012 546 3064 hoc
577 3029 591 3063 :
630 3011 709 3064 Ha:
733 3011 934 3081 Spiritu
968 3013 1053 3081 qui
1083 3014 1327 3076 nascitur,
1362 3010 1587 3079 Spiritus
1614 3020 1724 3077 est;
1753 3021 1808 3068 et
1836 3012 1943 3067 alio

365 3101 416 3155 in
434 3103 553 3158 loco
574 3123 589 3159 :
616 3103 744 3157 Hcce
764 3105 932 3157 omnia
962 3115 1200 3168 operatur
1225 3121 1354 3158 unus
1374 3114 1523 3173 atque
1538 3105 1672 3158 idem
1690 3106 1936 3175 Spiritus,

2045 1937 2096 1991 in
2129 1935 2352 1990 natura?
2389 1933 2807 2003 Psalmographo
2845 1947 3053 2001 quoque
3084 1932 3409 1999 approbante
3437 1948 3449 1983 :
3486 1931 3621 1984 Pro~

2044 2038 2215 2095 pterea
2242 2028 2384 2080 unxit
2414 2033 2461 2079 te
2493 2026 2647 2089 Deus,
2679 2024 2817 2077 Deus
2848 2035 2960 2076 tuus
2996 2021 3163 2093 (Psal.
3196 2038 3338 2085 thv,
3370 2021 3448 2089 8).
3480 2021 3619 2074 Ecce

2046 2120 2211 2172 Deum
2265 2129 2318 2172 et
2376 2116 2540 2171 Deum
2595 2134 2606 2168 :
2659 2129 2764 2169 non
2822 2126 2996 2167 tamen
3052 2114 3328 2181 pluraliter
3378 2112 3619 2165 invenies

2041 2208 2237 2263 dictum
2274 2207 2437 2262 fuisse
2484 2208 2536 2261 in
2584 2206 2665 2259 his
2711 2205 2955 2273 personis
3002 2204 3133 2258 deos
3171 2217 3309 2257 :nec
3354 2218 3457 2254 non
3512 2201 3617 2253 Do-

2043 2300 2245 2354 minum
2299 2298 2368 2354 de
2420 2298 2687 2361 Domino,
2745 2297 2954 2350 Patrem
3006 2295 3074 2349 de
3124 2294 3255 2348 Filio
3307 2294 3427 2347 audi
3480 2301 3618 2347 atte—

2043 2399 2269 2445 stamem
2294 2404 2385 2458 per
2409 2386 2546 2444 Osee
2576 2387 2913 2457 prOpbetam,
2944 2385 3165 2441 Salvabo
3189 2400 3272 2438 eos
3301 2385 3352 2436 in
3379 2382 3619 2443 Domino,

2045 2480 2151 2534 Deo
2204 2482 2433 2550 ipsorum
2481 2478 2641 2549 (Osee
2692 2493 2737 2541 t,
2794 2477 2885 2545 7).
2944 2475 3049 2531 Sed
3106 2484 3159 2529 et
3210 2475 3311 2527 hoc
3363 2473 3619 2540 scriptum

2044 2571 2200 2640 205
2249 2578 2331 2624 est
2382 2570 2448 2623 de
2507 2570 2656 2622 unito
2710 2568 2923 2620 nomine
2978 2564 3271 2620 divinitatis
3320 2580 3329 2614 :
3375 2562 3439 2615 Et
3492 2563 3621 2631 ptuit

2049 2659 2293 2712 Dominus
2322 2677 2352 2712 a
2381 2659 2600 2711 Domino
2629 2656 2778 2726 (Gen.
2807 2671 2913 2718 xtx,
2932 2654 3044 2724 24).
3069 2654 3157 2707 Vel
3191 2653 3291 2706 hoc
3319 2652 3620 2718 exemplum

2042 2749 2225 2817 accipe
2263 2749 2327 2802 ad
2356 2748 2524 2804 Jacob
2549 2747 2774 2801 dicentis
2814 2748 2865 2800 in
2909 2746 3047 2802 libro
3078 2744 3348 2798 Geneseos
3383 2759 3396 2795 :
3454 2743 3621 2812 Surge

2042 2847 2088 2891 et
2115 2838 2329 2891 ascende
2348 2838 2399 2891 in
2421 2839 2584 2891 locum
2608 2836 2801 2903 Bcthel,
2823 2845 2869 2887 et
2895 2833 3067 2886 habita
3091 2833 3180 2897 ibi,
3204 2842 3249 2885 et
3273 2833 3354 2901 {ac
3374 2832 3441 2884 ibi
3462 2832 3622 2883 altare

2045 2931 2172 2992 Deo,
2213 2930 2291 2983 illi
2326 2932 2412 2997 qui
2449 2928 2691 2999 apparuit
2727 2927 2816 2979 tibi
2858 2941 2971 2978 cum
3002 2930 3207 2995 fugeres
3238 2940 3269 2976 a
3297 2924 3425 2992 facie
3448 2924 3622 2993 fratris

2045 3022 2118 3075 tui
2141 3020 2295 3091 (Gen.
2325 3036 2490 3083 xxxv,
2516 3018 2588 3086 1).
2610 3018 2677 3073 Ει
2702 3018 2753 3071 in
2785 3016 2922 3070 libro
2942 3016 3274 3070 Psalmorum
3296 3024 3510 3069 cautum
3540 3009 3621 3067 in-

2043 3110 2284 3165 venimus
2314 3107 2495 3163 :Dia:it
2521 3106 2766 3160 Dominus
2800 3104 3014 3158 Domino
3045 3119 3173 3172 meo,
3200 3103 3335 3158 Sede
3355 3103 3423 3156 ad
3445 3104 3620 3157 dea‘te-

367 3192 595 3246 diridens
621 3191 836 3262 singulis
862 3202 1011 3261 prout
1037 3194 1174 3255 vult;
1202 3192 1312 3246 sive
1338 3192 1441 3247 hoc
1472 3207 1486 3246 :
1520 3193 1736 3248 Servare
1774 3198 1940 3251 unita-
1969 3198 2013 3259 C
2046 3200 2532 3267 rammeam,donec
2549 3213 2733 3265 ponam
2754 3197 2987 3249 inimicos
3008 3207 3119 3248 tuos
3141 3194 3412 3247 scabellum
3436 3194 3619 3259 pedum

366 3288 460 3330 tem
491 3279 722 3346 Spiritus
760 3282 813 3333 in
848 3281 1050 3333 vinculo
1089 3282 1228 3350 pacis
1262 3296 1282 3334 :
1311 3298 1465 3334 unum
1494 3298 1680 3352 corpus
1730 3295 1778 3337 et
1807 3301 1940 3339 unus

368 3367 611 3437 Spiritus.
634 3371 741 3426 Sed
758 3380 812 3425 et
830 3372 930 3425 hoc
956 3389 967 3423 :
992 3372 1175 3424 Omnes
1193 3387 1348 3424 unum
1370 3371 1619 3440 Spiritum
1637 3376 1937 3441 potavimus.

368 3461 634 3518 Memento
674 3464 880 3519 unitum
921 3462 1213 3519 divinitatis
1256 3479 1449 3518 numen
1484 3479 1604 3519 esse
1639 3465 1689 3518 in
1720 3465 1938 3533 singulis

369 3570 629 3622 personis.

434 3644 799 3715 Interrogatio.
821 3644 889 3700 Ut
910 3646 1024 3700 haec
1040 3646 1178 3700 dicta
1200 3646 1269 3701 de
1287 3646 1620 3701 auctoritatis
1631 3645 1751 3715 jure
1765 3645 1940 3701 adhuc

368 3736 492 3790 mibi
514 3740 827 3806 conﬁrmes,
861 3742 1089 3806 postu'o.

434 3827 739 3897 Responsio.
790 3829 1006 3899 Ignoras
1050 3826 1303 3898 scriptum
1344 3843 1486 3895 esse,
1536 3828 1939 3898 lntelligentibus

367 3920 519 3989 legem
548 3922 732 3991 loquor
760 3922 936 3991 (Rom.
980 3939 1072 3988 vn,
1123 3924 1197 3990 1).
1247 3924 1423 3991 Itaque
1461 3924 1623 3995 204
1650 3926 1737 3993 qui
1780 3940 1936 3980 aures

369 4008 562 4066 habent
587 4012 653 4065 ad
680 4013 1001 4068 audiendum
1038 4015 1253 4069 audiant
1295 4016 1421 4085 quid
1461 4017 1695 4086 Spiritus
1728 4033 1822 4085 per
1850 4018 1933 4072 hi-

367 4106 787 4173 storiograpbum
821 4108 1054 4177 Moysem
1096 4111 1147 4162 in
1190 4118 1301 4163 toto
1337 4126 1472 4178 pene
1500 4088 1638 4165 libro
1665 4111 1937 4168 Geneseos

369 4197 614 4255 Ecclesiis
644 4210 867 4256 testetur
898 4219 911 4257 :
940 4203 1236 4272 intelligant
1263 4205 1427 4258 Deum
1452 4205 1669 4270 dixisse,
1695 4214 1748 4259 et
1772 4206 1936 4261 Deum

365 4288 573 4357 fecisse,
592 4304 646 4348 et
668 4294 833 4347 Deum
861 4294 1116 4358 adfuisse,
1141 4294 1220 4347 vel
1252 4294 1590 4348 benedixisse
1609 4309 1690 4349 ea.
1719 4294 1860 4349 ldt'lll
1884 4304 1938 4351 et

366 4389 490 4443 dixit
516 4391 587 4444 ibi
616 4409 629 4442 :
658 4388 932 4443 Faciamus
954 4389 1070 4441 hom
1083 4390 1209 4441 'nem
1233 4389 1300 4441 ad
1326 4388 1596 4457 imaginem
1622 4396 1669 4441 et
1696 4387 1935 4441 similitu-

366 4487 526 4537 dintm
566 4494 793 4536 nostram
836 4479 987 4548 (Gen.
1039 4496 1075 4543 ι,
1123 4478 1235 4548 26),
1270 4487 1323 4533 ot
1359 4479 1435 4532 sic
1466 4488 1776 4546 prosecutus
1804 4486 1926 4531 est:

2048 3301 2244 3344 tuorum
2277 3287 2447 3358 (Psal.
2479 3302 2588 3365 ctx,
2621 3286 2699 3356 1).
2729 3286 2834 3342 Sed
2866 3293 2921 3339 et
2949 3293 3165 3339 sanctus
3188 3283 3352 3338 Isaias
3382 3282 3580 3336 indicat
3608 3298 3621 3332 ι

2048 3383 2137 3437 Sic
2166 3382 2288 3434 dicit
2316 3370 2795 3439 llo‘ntirius'Cltristo
2820 3393 2950 3442 meo,
2979 3378 3059 3429 cui
3091 3375 3224 3429 tenui
3258 3375 3533 3436 dexteram,
3566 3382 3623 3424 ut

2045 3472 2323 3525 obaudiunt
2349 3485 2465 3522 eum
2495 3484 2667 3523 omnes
2696 3479 2863 3537 gentes
2888 3465 3043 3536 (lsai.
3075 3482 3202 3531 va,
3233 3466 3311 3533 i),
3341 3473 3444 3519 etc.
3476 3464 3624 3520 Unus

2044 3576 2221 3617 tamen
2253 3563 2395 3616 Deus
2431 3561 2553 3630 quia
2584 3561 2727 3614 unita
2754 3570 2837 3614 est
2859 3558 3154 3613 dominatio
3183 3560 3233 3611 in
3265 3567 3452 3612 natura
3484 3571 3624 3610 sem-

2044 3660 2247 3726 piterna
2275 3674 2286 3708 :
2321 3656 2456 3710 sicut
2493 3666 2548 3709 et
2570 3654 2636 3707 de
2662 3666 2888 3721 persona
2914 3651 3082 3705 sancti
3112 3651 3340 3719 Spiritus
3391 3650 3493 3703 Vas
3520 3650 3625 3703 ele—

2040 3748 2236 3803 ctionis
2264 3748 2497 3802 breviter
2525 3744 2757 3799 absolvit
2784 3744 2968 3798 dicens
2993 3760 3005 3794 :
3032 3742 3177 3795 Idem
3229 3742 3455 3810 Spiritus
3487 3742 3624 3794 idem

2041 3850 2087 3894 et
2123 3839 2389 3903 Dominus,
2418 3838 2549 3890 idem
2581 3846 2626 3889 et
2661 3835 2814 3902 Deus,
2846 3835 2935 3903 qni
2964 3841 3205 3899 cperatur
3234 3833 3402 3886 omnia
3430 3833 3481 3884 in
3512 3848 3623 3884 om-

2045 3932 2187 3983 nibus
2216 3929 2264 3998 (Ι
2296 3928 2415 3982 Cor.
2443 3942 2536 3989 xu,
2574 3926 2682 3992 Η).
2710 3925 2773 3978 Εῑ
2796 3924 2900 3977 alio
2926 3924 2975 3976 in
3008 3924 3129 3976 loco
3158 3923 3296 3975 idetn
3325 3922 3436 3989 ipse
3466 3936 3623 3989 repe-

2044 4021 2141 4072 tit:
2176 4019 2310 4084 Quia
2339 4016 2588 4069 Dominus
2627 4024 2700 4067 est
2744 4013 2971 4079 Spiritus
3006 4027 3023 4064 :
3054 4012 3137 4063 ubi
3177 4020 3346 4063 autent
3393 4009 3622 4077 Spiritus

2042 4111 2269 4175 Domini,
2310 4109 2379 4161 ibi
2417 4107 2623 4159 libertas
2661 4103 2758 4174 (ll
2802 4103 2918 4156 Cor.
2960 4118 3037 4165 tu,
3079 4104 3197 4169 l7).
3234 4102 3326 4156 Vel
3357 4103 3539 4167 accipe
3566 4102 3620 4154 in

2042 4215 2266 4271 persona
2296 4199 2468 4254 Patris
2498 4198 2550 4251 iu
2580 4195 2873 4264 Evangelio
2899 4194 2963 4247 ad
2991 4192 3384 4248 Samaritanam
3414 4193 3619 4247 dictum

2043 4296 2227 4355 fuisse,
2251 4293 2370 4362 quia
2401 4291 2538 4344 Deus
2570 4288 2796 4357 Spiritus
2834 4296 2905 4340 est
2943 4286 3229 4357 (Joan.-tv,
3262 4285 3377 4351 24).
3408 4285 3535 4338 Nam
3564 4295 3620 4341 et

2039 4386 2105 4439 de
2128 4398 2354 4454 persona
2379 4382 2496 4435 Filii
2528 4380 2787 4434 Jeremias
2812 4377 3213 4446 receptissimus
3238 4376 3616 4445 prophetarum

2042 4484 2266 4531 testatur
2307 4492 2318 4526 :
2368 4472 2593 4543 Spiritus
2652 4470 2803 4535 faciei
2851 4477 3039 4520 nostra:
3094 4466 3324 4519 Christus
3372 4464 3621 4521 Dominus

368 4576 502 4631 Fecit
551 4577 687 4631 Deus
733 4574 1008 4634 hominem,
1056 4573 1122 4623 ad
1164 4569 1430 4638 imaginem
1476 4567 1567 4620 Dei
1611 4567 1728 4635 fecit
1758 4567 1927 4632 illum,
1961 4565 2012 4624 D
2041 4568 2253 4637 (Thren.
2287 4582 2358 4630 Iv,
2389 4565 2503 4633 20).
2539 4564 2663 4618 Sive
2694 4561 2795 4616 hoc
2828 4578 2840 4613 :
2879 4560 3012 4625 Quia
3040 4559 3171 4611 misit
3208 4558 3345 4611 Deus
3385 4559 3621 4628 spiritum

369 4670 640 4720 masculum
656 4676 704 4719 et
727 4663 970 4732 feminam
988 4660 1104 4726 fecit
1129 4676 1231 4725 eos,
1254 4668 1300 4711 et
1323 4657 1578 4711 benedixit
1600 4672 1702 4720 eos,
1723 4656 1926 4709 dicens:

368 4756 430 4807 Cr
449 4759 573 4809 scite
619 4765 665 4808 et
715 4750 1150 4817 multiplicamini,
1198 4758 1243 4801 et
1291 4749 1478 4817 replete
1516 4756 1702 4798 ten‘am
1739 4746 1928 4817 (lbid.,

362 4848 444 4910 ετ,
474 4848 584 4913 28;.

432 4937 782 5008 Interrogatio.
815 4934 945 5001 Qua:
976 4930 1187 4984 tandem
1216 4938 1299 4983 est
1334 4942 1492 4982 causa
1534 4942 1693 4979 unum
1732 4925 1933 4981 dixisse

358 5035 620 5100 faciamus,
645 5040 699 5085 et
726 5044 889 5083 unum
917 5028 1126 5092 fecisse,
1158 5034 1212 5077 et
1234 5040 1395 5077 unum
1423 5024 1615 5077 dicenti
1640 5032 1687 5076 et
1716 5023 1927 5076 facienti

357 5125 674 5188 interfuisse,
704 5133 758 5176 et
789 5122 925 5174 bona
957 5118 1092 5172 facta
1113 5116 1309 5169 vidisse
1330 5124 1385 5169 et
1414 5113 1781 5167 benedixisse?
1800 5112 1924 5166 dum

353 5217 595 5280 faciamus
625 5214 783 5266 unius
816 5218 1020 5264 tantum
1050 5208 1275 5262 solitarii
1316 5220 1542 5274 persona
1572 5221 1675 5257 non
1709 5205 1799 5271 sit,
1832 5205 1926 5260 sed

350 5309 587 5362 facientis
616 5307 797 5359 uniter
824 5319 946 5357 cum
978 5317 1066 5363 eo,
1097 5309 1152 5355 et
1195 5300 1259 5352 ad
1311 5298 1590 5367 imaginem
1637 5297 1729 5351 Dei
1761 5297 1924 5364 ipsius

348 5414 549 5458 tantum
590 5415 819 5470 persona
856 5399 946 5462 sit,
980 5396 1072 5451 sed
1102 5406 1154 5450 et
1190 5393 1417 5446 videntis
1458 5401 1512 5447 et
1555 5390 1922 5447 benedicentis

350 5511 452 5549 una
483 5510 598 5548 rum
625 5508 692 5549 eo
716 5495 805 5545 sit.

424 5586 726 5654 Responsio.
774 5582 889 5637 Non
943 5580 1034 5635 tibi
1081 5578 1312 5640 videtur,
1342 5576 1590 5645 quoniam
1635 5589 1730 5643 per
1771 5574 1930 5629 tacita

346 5676 964 5743 nomina‘personarum,
988 5670 1230 5740 quamvis
1262 5668 1550 5736 paulisper,
1573 5667 1787 5720 deitatis
1810 5666 1930 5720 uni-

348 5778 461 5821 tum
495 5766 763 5835 operatttis
790 5779 979 5819 nomen
1028 5772 1110 5817 cst
1156 5761 1511 5815 insinuatum?
1552 5760 1765 5829 Utique,
1807 5761 1930 5829 quia

2037 4658 2164 4713 Filii
2194 4661 2273 4712 sui
2304 4660 2357 4711 in
2386 4659 2542 4710 corda
2570 4663 2764 4717 nostra,
2807 4653 3105 4704 clamantem
3136 4649 3275 4701 Abba
3302 4658 3444 4718 pater
3473 4647 3618 4718 (Gal.

2035 4766 2106 4813 tv,
2149 4751 2228 4817 6).
2279 4749 2353 4801 De
2397 4747 2602 4815 Spiritu
2641 4752 2817 4796 autem
2864 4738 3136 4809 principali
3170 4738 3332 4792 Filius
3364 4737 3563 4792 indicat
3598 4757 3612 4791 ι

2040 4842 2271 4909 Spiritus
2303 4839 2387 4891 ubi
2418 4839 2519 4889 t-ult
2540 4837 2732 4905 spirat,
2763 4844 2807 4885 et
2850 4846 3014 4884 vocent
3042 4832 3151 4899 ejus
3176 4829 3344 4893 audis,
3387 4837 3437 4882 et
3462 4828 3621 4881 nescis

2042 4932 2173 4983 unde
2206 4929 2370 4983 veniat
2393 4968 2407 4992 ,
2434 4926 2509 4979 vel
2529 4941 2629 4993 quo
2658 4932 2755 4976 eat.
2792 4921 2881 4975 Sic
2906 4928 2976 4974 est
2996 4920 3163 4972 antnis
3187 4919 3273 4988 qui
3305 4918 3530 4971 nascitur
3558 4932 3620 4969 ex

2040 5038 2172 5085 aqua
2224 5029 2269 5073 et
2297 5017 2499 5085 Spiritu
2522 5026 2692 5069 sancto
2720 5011 2893 5083 (Joun.
2922 5027 3002 5077 ιιι,
3026 5012 3102 5081 8).
3130 5011 3267 5079 Ergo
3289 5021 3344 5064 ut
3368 5024 3620 5076 compen-

2037 5114 2125 5166 dio
2172 5111 2467 5177 Scriptura:
2505 5121 2723 5161 sensum
2766 5104 2835 5159 de
2887 5113 3071 5158 natura
3111 5102 3304 5156 divina:
3346 5099 3617 5154 Trinitatis

2037 5204 2215 5257 uniter
2245 5199 2471 5253 dicentis
2493 5197 2749 5265 colligas:
2788 5194 2920 5248 Viuit
2958 5194 3228 5257 Dominus,
3258 5201 3304 5243 et
3329 5188 3617 5241 benedictus

2039 5292 2178 5347 Deus
2214 5307 2372 5356 meus,
2416 5301 2463 5344 et
2486 5290 2735 5343 exaltetur
2767 5288 2905 5342 Deus
2932 5288 3107 5340 salutis
3134 5298 3254 5337 mete
3283 5282 3449 5349 (Psal.
3483 5296 3614 5344 xvu,

2037 5384 2152 5452 47).
2180 5383 2341 5436 Vides
2369 5396 2462 5449 per
2486 5380 2722 5450 singulas
2748 5376 3159 5446 signiﬁcationes
3187 5372 3389 5425 unitum
3418 5386 3613 5426 nomen

2029 5472 2242 5528 deitatis
2269 5482 2349 5526 ter
2374 5471 2660 5525 indicatum
2687 5485 2701 5523 :
2730 5470 2830 5521 hoc
2853 5478 2955 5527 est,
2986 5467 3141 5525 Deus,
3172 5462 3329 5526 Deus,
3351 5472 3398 5515 et
3429 5462 3565 5516 Deus
3596 5478 3608 5514 :

2034 5585 2142 5624 non
2187 5578 2365 5623 tamen
2408 5566 2559 5619 deos.
2609 5562 2705 5617 Vel
2748 5575 2841 5627 per
2870 5557 3115 5613 eumdem
3158 5554 3357 5608 dictum
3390 5556 3609 5624 accipe:

2035 5663 2260 5715 lmmota
2294 5660 2397 5713 Deo
2431 5656 2737 5723 sacriﬁcium
2761 5649 2949 5710 laudis,
2973 5656 3017 5699 et
3046 5647 3201 5700 redde
3221 5646 3479 5701 Altissimo
3499 5655 3615 5701 uota

2036 5765 2144 5807 tua.
2172 5752 2234 5805 Et
2257 5753 2433 5805 invoca
2458 5763 2533 5800 me
2554 5746 2604 5798 in
2627 5743 2707 5795 die
2735 5736 3072 5793 tribulationis
3093 5746 3214 5802 tute,
3236 5747 3283 5792 et
3307 5738 3517 5806 eripiam
3542 5746 3609 5798 te,
