4026 6176
275 321 379 377 2-ιό

1589 323 1808 380 VlGlLll
1849 323 2216 383 TAPSENSIS

3424 332 3532 388 2“

277 448 322 490 et
351 436 660 508 glori/icabis
682 454 759 492 me
786 437 956 508 (Psa’.
980 455 1122 507 sus,
1157 438 1264 510 14).
1295 439 1486 508 Utique
1511 438 1681 493 siuna
1707 429 1852 492 esset
1883 443 1930 500 Α
1956 439 2096 508 quod
2127 449 2236 494 tres
2265 448 2413 508 sunt,
2439 442 2566 512 quid
2588 442 2732 496 aliud
2755 443 2981 496 sentitur
3011 441 3173 496 fuisse
3194 457 3353 509 quant
3374 442 3532 500 Pater

274 528 646 583 tantummodo
685 531 734 582 in
769 531 868 583 hoc
897 530 1143 599 exemplo
1180 530 1281 582 lixa
1314 543 1564 596 persona,
1594 528 1858 582 debuerat

1958 545 2136 595 verus,
2165 544 2325 596 unus,
2366 533 2449 586 vel
2475 533 2621 587 solus
2651 534 2737 602 qui
2777 533 2963 602 genuit
3008 533 3146 586 idem
3195 549 3300 586 non
3331 533 3398 587 sit
3443 537 3529 601 qui

279 617 394 673 haec
422 620 537 673 sine
570 621 744 690 aliqua
774 621 1115 676 distinctione
1145 621 1198 673 in
1246 619 1618 688 prosequendo
1648 627 1858 682 taxare,
1956 628 2011 674 et
2034 621 2338 688 unigenitus
2363 620 2431 674 ab
2460 621 2575 690 ipso
2595 633 2675 675 est
2700 638 2714 686 ;
2759 632 2816 676 et
2841 623 3009 676 Filius
3036 637 3170 675 unus
3196 624 3285 690 qui
3314 639 3420 676 non
3445 639 3533 692 ge-

280 711 466 768 dicens
498 730 511 764 :
547 712 686 766 Vivit
715 714 988 777 Dominus,
1023 710 1112 780 qui
1141 720 1222 764 est
1249 709 1576 765 benedictus.
1599 707 1706 762 Sed
1736 722 1855 762 cum

282 801 411 856 dicit
434 820 448 858 :
478 802 610 855 Vivit
637 803 903 868 Dominus,
926 811 972 853 et
995 799 1278 853 benedictus
1306 798 1440 851 Deus
1465 814 1624 858 meus,
1647 806 1693 850 et
1716 797 1858 849 exal-

283 900 415 944 tetur
459 891 595 945 Deus
640 890 830 945 salutis
871 907 994 945 mea:
1032 890 1202 959 (Psal.
1241 906 1365 953 xvu,
1401 888 1524 958 47),
1569 892 1711 942 itane
1756 902 1858 940 non

284 986 460 1040 uniter
489 986 540 1039 in
583 985 668 1039 his
696 987 938 1055 personis
970 995 1051 1040 e~t
1091 999 1282 1038 nomen
1325 983 1621 1038 divinitatis
1664 981 1859 1044 Patris,

285 1085 339 1129 et
375 1075 521 1140 Filii,
561 1085 614 1132 et
643 1075 873 1144 Spiritus
903 1077 1072 1130 sancti
1119 1074 1172 1128 in
1210 1075 1456 1129 omnibus
1491 1073 1862 1129 declaratum?

287 1169 446 1239 206
485 1167 539 1222 id
578 1177 658 1224 est
690 1168 851 1233 Deus,
878 1173 934 1221 et
979 1166 1140 1234 Deus,
1173 1175 1226 1221 et
1273 1167 1410 1220 Deus
1445 1181 1460 1218 :
1506 1166 1642 1220 sicut
1670 1164 1776 1217 alio
1810 1167 1862 1216 itt

288 1262 407 1317 loco
453 1270 664 1315 cautum
710 1269 793 1316 est
837 1261 905 1314 de
961 1261 1109 1314 unito
1160 1259 1375 1312 nomine
1430 1255 1808 1310 dominationis
1849 1272 1861 1304 :

287 1353 478 1420 Alfene
521 1351 742 1405 Domino
780 1352 958 1420 patria:
999 1352 1244 1420 gentium,
1284 1347 1459 1413 afferte
1499 1347 1717 1398 Domino
1755 1345 1866 1413 glo-

287 1444 418 1495 riam
447 1451 493 1495 et
529 1442 790 1504 honorent,
834 1441 1011 1506 a/ferte
1053 1442 1272 1510 gloriam
1307 1439 1500 1492 nomini
1536 1439 1653 1507 ejus
1688 1435 1864 1505 (Psal.

289 1546 412 1594 xcv,
445 1528 520 1599 7).
543 1531 686 1594 .Qufa
717 1531 760 1581 si
793 1544 893 1582 una
927 1539 1068 1583 CSSel
1099 1527 1470 1582 tantummodo
1502 1541 1725 1596 persona
1756 1528 1867 1596 glo-

289 1623 421 1677 riam
464 1622 540 1674 sic
578 1621 832 1675 debuerat
861 1619 1107 1674 intimare
1142 1638 1155 1675 :
1187 1620 1387 1675 Aﬂerte
1422 1620 1649 1674 Domino
1681 1620 1865 1688 patriae

288 1712 550 1780 gentium,
582 1711 767 1764 allerte
798 1711 845 1764 ei
877 1712 1100 1779 gloriam
1126 1722 1180 1764 et
1210 1711 1495 1775 honorem,
1526 1710 1716 1765 atierte
1745 1711 1865 1780 glo-

1959 710 2075 762 nuit
2099 709 2237 764 sicut
2265 709 2380 777 ipse
2405 725 2436 763 a
2463 710 2620 764 Patre
2647 711 2884 779 genitus,
2915 710 3074 765 Pater
3101 725 3208 765 non
3238 710 3340 780 siti;
3371 722 3422 765 et
3450 714 3534 767 hic

1959 801 2191 869 Spiritus
2229 811 2450 856 sanctus
2479 801 2567 869 qui
2599 818 2696 856 nec
2733 802 2890 857 Pater
2917 817 3016 858 nec
3053 802 3218 857 Filius
3248 803 3367 858 est?
3398 805 3535 857 Prte-

1962 900 2107 944 terea
2129 890 2219 959 qui
2243 906 2343 945 nec
2365 892 2571 960 genuit,
2605 906 2703 946 nec
2720 892 2930 960 genitus
2951 902 3052 956 est,
3081 907 3201 946 cum
3230 893 3365 947 alius
3392 894 3462 946 sit
3483 893 3536 946 in

1964 994 2191 1047 persona
2225 980 2312 1047 qui
2341 981 2563 1050 genuit,
2595 990 2649 1036 et
2681 982 2816 1035 alius
2848 981 2919 1035 sit
2953 981 3011 1035 in
3046 997 3270 1050 persiina
3303 983 3390 1052 qui
3422 983 3538 1037 uui-

1963 1071 2177 1138 genitus
2203 1069 2271 1124 ab
2298 1071 2414 1139 ipso
2443 1081 2558 1136 est,
2587 1081 2642 1126 et
2671 1072 2806 1127 alius
2837 1073 3060 1139 adaeque
3105 1074 3155 1126 in
3190 1088 3446 1142 persona,
3483 1085 3538 1130 ut

1963 1159 2073 1214 dixi
2116 1161 2408 1215 secundum
2437 1161 2668 1216 divinam
2712 1162 3079 1230 Scripturam,
3110 1165 3197 1230 qui
3230 1179 3327 1218 nec
3359 1164 3544 1228 Pater,

1965 1265 2063 1304 nec
2093 1250 2256 1306 Filius
2286 1260 2367 1306 est
2387 1291 2401 1317 ,
2438 1251 2524 1306 hic
2555 1262 2636 1306 est
2662 1252 2894 1320 Spiritus
2916 1262 3152 1318 sanctus,
3177 1253 3270 1307 sed
3300 1254 3453 1322 plane
3474 1254 3541 1307 de

1967 1341 2110 1394 unita
2139 1351 2327 1395 natura
2351 1350 2453 1396 est.
2478 1342 2602 1397 ldeo
2632 1344 2685 1396 in
2715 1342 2914 1398 deitate
2939 1343 3086 1396 unita
3115 1345 3321 1396 unitum
3350 1343 3543 1398 divini-

1968 1435 2091 1488 tatis
2125 1450 2321 1490 nomen
2350 1443 2452 1490 est.
2495 1435 2647 1491 Sicut
2686 1435 2738 1490 in
2778 1435 3023 1490 claritate
3053 1435 3370 1504 evangelica:
3402 1435 3544 1492 Scri-

1968 1536 2136 1593 ptura:
2168 1525 2235 1579 de
2270 1525 2476 1594 Spiritu
2523 1524 2786 1580 Paraclito
2827 1525 2994 1581 Filius
3032 1536 3275 1590 testatur,
3314 1527 3497 1581 dicens
3528 1544 3541 1579 :

1969 1612 2047 1670 De
2079 1614 2233 1670 Patre
2261 1618 2485 1686 procedit
2526 1617 2705 1687 (Joan.
2738 1632 2826 1682 xv,
2856 1616 2970 1687 26).
3021 1615 3088 1670 Ει
3121 1616 3194 1671 sic
3233 1629 3547 1686 prosecutus

1970 1719 2052 1764 est
2079 1726 2092 1762 :
2126 1709 2192 1763 Et
2222 1712 2285 1764 de
2309 1725 2421 1764 meo
2452 1710 2663 1779 accipiet
2707 1707 2884 1780 (Joan.
2912 1723 3000 1763 xvi
3021 1751 3037 1773 ,
3070 1708 3180 1777 14).
3214 1709 3280 1764 Et
3309 1709 3427 1763 ideo
3455 1710 3547 1764 ubi

291 1804 423 1858 tiam
474 1805 675 1857 nomini
723 1804 862 1872 ejus.
906 1802 1040 1870 Quid
1086 1803 1354 1872 amplius?
1401 1804 1648 1873 Nunquid
1692 1804 1867 1857 adhuc
1903 1791 1946 1850 Β
1977 1815 2217 1870 personae
2238 1801 2601 1868 requiruntur,
2627 1801 2839 1871 propria
2868 1801 3078 1856 nomina
3102 1816 3199 1870 per
3225 1799 3338 1854 hac
3357 1800 3550 1855 distin-

291 1895 445 1949 nobis
493 1895 558 1949 ad
599 1894 1019 1963 patelaciendam
1064 1895 1341 1949 veritatem
1383 1906 1693 1959 argumenta
1741 1903 1872 1950 sunt

295 1986 632 2041 necessaria?
681 1984 929 2054 Nunquid
967 1994 1152 2055 gentes
1182 1987 1375 2054 quibus
1403 1985 1652 2040 introitus
1689 1987 1869 2053 janu:.e

293 2077 633 2137 credentibus
661 2076 728 2131 ad
769 2076 930 2130 vitam
975 2083 1228 2130 azteroam
1270 2087 1455 2145 patens
1480 2088 1596 2141 est,
1629 2079 1682 2132 in
1709 2094 1870 2134 unam

295 2167 664 2222 tantummodo
691 2180 974 2235 personam
1004 2165 1173 2220 Patris
1199 2165 1580 2235 baptizautur?
1605 2176 1660 2222 et
1685 2184 1790 2222 non
1817 2171 1869 2225 in

295 2267 426 2324 tres,
460 2271 684 2326 quorum
713 2256 925 2310 nomina
956 2256 1069 2309 itare
1095 2263 1220 2310 sunt
1249 2256 1299 2309 in
1326 2257 1568 2324 personis
1592 2256 1870 2326 distincta,

295 2349 489 2415 Patris,
511 2359 563 2404 et
590 2347 728 2410 Filii,
758 2353 812 2402 ct
835 2348 1004 2402 sancti
1034 2346 1284 2414 Spiritus,
1307 2349 1500 2414 quibus
1531 2359 1612 2404 est
1640 2365 1740 2404 una
1771 2366 1870 2404 na-

298 2453 415 2497 tura
456 2440 768 2506 divinitatis,
797 2440 934 2494 sicut
973 2439 1233 2510 scriptum
1262 2449 1364 2504 est,
1399 2439 1590 2494 Euntes
1624 2442 1874 2510 baptizata

295 2549 466 2587 omnes
488 2543 653 2604 gentes
674 2533 728 2587 in
754 2533 982 2598 nomine,
1015 2540 1069 2587 et
1099 2532 1174 2586 sic
1203 2542 1520 2602 prosecutus
1547 2541 1652 2600 est,
1677 2533 1872 2602 Patris,

294 2636 341 2679 et
370 2624 516 2690 Filii,
546 2635 590 2679 et
622 2625 845 2694 Spiritus
871 2624 1030 2678 sancti
1049 2623 1262 2694 (Matth.
1287 2640 1471 2690 xxvttt,
1497 2625 1608 2695 l9).
1645 2625 1792 2681 Unde
1819 2626 1871 2682 in

298 2716 380 2772 his
411 2718 658 2786 personis
689 2731 782 2784 per
818 2716 994 2769 omnia
1029 2715 1080 2768 in
1110 2715 1313 2769 deitate
1342 2715 1633 2770 divinitatis
1663 2717 1872 2771 unitum

297 2826 492 2864 nomen
519 2818 625 2874 est,
647 2820 698 2863 et
724 2823 817 2878 per
839 2808 950 2877 ipsa
975 2808 1185 2861 nomina
1216 2807 1494 2862 Trinitatis
1521 2816 1724 2861 tantum
1756 2823 1874 2876 per-

296 2915 442 2954 sonze
464 2899 728 2954 distinctae
763 2908 907 2953 sunt.
933 2898 1036 2953 Sed
1065 2907 1120 2952 et
1156 2897 1439 2967 Apostolus
1469 2897 1536 2952 ad
1569 2898 1682 2952 itare
1711 2907 1875 2952 testa-

298 3003 384 3048 tur
411 3010 422 3046 :
456 2992 671 3048 Servare
691 2994 936 3048 unitatem
956 2991 1184 3061 Spiritus
1209 2992 1262 3044 in
1292 2990 1493 3045 vinculo
1516 2991 1674 3058 pacis.
1703 2992 1875 3046 Unum

295 3100 502 3155 corpus,
540 3094 588 3138 et
629 3099 758 3137 unus
790 3084 1057 3150 Spiritus;
1089 3084 1216 3136 sicut
1246 3093 1292 3135 et
1322 3084 1488 3136 vocali
1523 3084 1642 3137 estis
1685 3083 1740 3136 in
1766 3099 1868 3136 una

297 3194 384 3248 sps
406 3177 691 3232 vocationis
717 3187 893 3230 vestrm
915 3175 1128 3246 (Ep/tes.
1159 3190 1235 3240 tv,
1259 3174 1335 3245 5).
1368 3175 1524 3231 Vides
1551 3176 1872 3230 servandum

299 3283 420 3324 esse
448 3269 653 3323 unitum
687 3266 940 3336 Spiritum
964 3305 979 3330 ,
1009 3267 1064 3320 in
1091 3281 1253 3319 unum
1286 3281 1480 3334 corpus
1509 3265 1787 3331 Ecclesiae,
1820 3268 1872 3320 in

301 3362 512 3416 vinculo
547 3361 729 3431 pacis,
765 3360 904 3427 quod
944 3370 1025 3413 est
1055 3360 1106 3414 in
1137 3356 1475 3414 confessione
1517 3357 1740 3414 salutis?
1769 3359 1877 3414 Aut

303 3452 539 3522 nunquid
593 3449 814 3506 unitatis
844 3458 1047 3506 natura:
1074 3465 1267 3504 nomen
1300 3449 1530 3517 Spiritus
1558 3449 1611 3504 in
1633 3464 1736 3502 una
1763 3460 1877 3502 tan-

302 3545 579 3600 tumtnodo
608 3557 838 3613 persona
866 3544 1105 3612 ejusdem
1138 3544 1242 3597 dici
1274 3550 1469 3611 potest,
1501 3541 1628 3596 dum
1661 3541 1877 3596 unitatis

301 3644 504 3690 natura:
545 3650 739 3688 nomen
787 3638 836 3688 in
881 3635 1052 3688 tribus
1092 3635 1174 3687 his
1223 3632 1464 3702 personis
1513 3632 1566 3685 in
1614 3632 1878 3700 baptismo

303 3730 466 3783 vitam
495 3727 838 3782 creleutibns
861 3728 1057 3779 tribuat
1079 3727 1101 3780 ?
1123 3725 1179 3779 ln
1203 3741 1303 3794 qua
1336 3740 1430 3792 spe
1456 3738 1643 3778 omnes
1666 3737 1762 3776 nos
1786 3737 1877 3775 vo-

303 3822 406 3875 cati
434 3834 639 3876 sumus.
664 3819 794 3884 Quae
827 3834 948 3887 spes
975 3819 1094 3872 ﬁdei
1126 3826 1322 3872 nostra:
1353 3817 1470 3870 hmc
1495 3824 1598 3882 est,
1629 3823 1687 3868 ut
1711 3814 1766 3870 in
1791 3814 1880 3868 ba-

306 3917 498 3975 ptismo
525 3911 730 3966 unitum
757 3912 1052 3965 divinitatis
1080 3924 1273 3964 nomen
1299 3912 1446 3978 prius
1475 3907 1804 3971 conﬁtearis,
1825 3917 1881 3958 ιιι

307 4006 582 4059 remissam
625 4013 962 4072 peccatorum
995 4003 1045 4056 in
1087 4002 1168 4057 bis
1200 4001 1447 4070 personis
1475 3999 1729 4068 consequi
1762 4011 1876 4052 me-

308 4098 494 4151 rearis.
541 4095 679 4162 Ergo
706 4094 946 4164 quamvis
975 4093 1025 4146 in
1056 4091 1424 4161 superioribus
1452 4090 1715 4158 exemplis
1737 4089 1881 4146 Scri-

307 4196 584 4253 pturarutn
608 4187 762 4240 tacita
793 4186 900 4239 sint
929 4186 1138 4236 nomina
1165 4197 1535 4251 personarum,
1562 4191 1741 4238 tamen
1765 4181 1882 4236 uni-

309 4289 420 4333 tum
463 4293 661 4331 nomen
711 4275 1009 4330 divinitatis
1059 4291 1153 4344 per
1195 4275 1373 4328 omnia
1425 4275 1518 4327 tibi
1564 4282 1648 4328 est
1697 4272 1748 4326 in
1799 4271 1884 4325 his

307 4372 758 4431 demonstratum;
790 4369 926 4421 sicut
951 4379 1003 4420 et
1044 4370 1094 4420 in
1127 4368 1227 4420 hoc
1255 4364 1502 4434 exemplo
1526 4364 1789 4430 veritatis,
1826 4364 1882 4418 in

307 4476 416 4530 quo
453 4460 666 4513 nomina
711 4474 1056 4527 personarum
1098 4456 1374 4511 evidenter
1410 4467 1533 4511 sunt
1561 4463 1798 4522 ostensa,
1829 4463 1885 4509 et

309 4557 514 4608 unitum
542 4568 734 4607 nomen
765 4552 1056 4606 divinitatis
1103 4551 1283 4605 clause
1309 4561 1391 4604 est
1419 4549 1882 4616 declaratum,di-

309 4658 462 4699 rente
492 4645 696 4696 Joanne
727 4642 1056 4711 evangelista
1088 4643 1138 4694 iu
1175 4641 1409 4709 Epistula
1445 4655 1542 4695 sua
1571 4659 1585 4694 :
1613 4640 1737 4693 Tres
1767 4650 1885 4694 sunt

308 4736 395 4804 qui
418 4735 758 4790 testimonium
790 4735 963 4787 dicunt
991 4736 1040 4785 in
1069 4735 1193 4787 caelo
1213 4773 1229 4799 ,
1278 4733 1450 4796 Pater,
1492 4741 1538 4786 et
1574 4731 1809 4797 Verbum,
1837 4741 1884 4786 et

311 4826 535 4896 Spiritus
558 4865 574 4891 ,
607 4834 650 4878 et
678 4825 729 4877 in
751 4825 951 4878 Christo
972 4823 1097 4877 Jesu
1124 4840 1278 4876 unum
1298 4834 1412 4876 sunt
1438 4823 1485 4891 (I
1517 4822 1677 4878 Joan.
1707 4839 1759 4889 ν,
1783 4823 1838 4893 7)
1868 4840 1884 4889 ;

311 4933 416 4970 non
450 4927 623 4970 tamen
655 4931 788 4969 unus
825 4924 939 4978 est,
972 4916 1129 4986 207
1162 4914 1281 4984 quia
1313 4929 1417 4967 non
1451 4926 1530 4969 est
1576 4914 1628 4968 in
1670 4915 1749 4969 his
1782 4931 1883 4970 una

314 5021 556 5076 persona.
573 5007 700 5059 Nam
724 5022 884 5060 unum
908 5006 1047 5076 quod
1075 5007 1206 5060 dixit
1227 5010 1293 5059 de
1323 5007 1716 5076 utrisque,quid
1741 5007 1885 5062 aliud

312 5100 645 5169 intelligitur,
667 5115 823 5169 quam
846 5099 984 5168 quod
1009 5098 1149 5152 Deus
1173 5101 1328 5154 Pater
1349 5099 1648 5154 divinitatis
1671 5109 1884 5165 natura,

314 5194 454 5248 idem
486 5191 599 5260 ipse
622 5191 828 5244 dicatur
857 5199 909 5243 et
941 5189 1227 5247 Dominus.
1261 5190 1400 5244 idem
1432 5190 1544 5258 ipse
1571 5192 1644 5243 sit
1679 5199 1733 5245 et
1769 5189 1889 5259 Spi-

313 5290 476 5352 ritus;
519 5294 572 5339 et
612 5283 777 5336 Filius
817 5281 979 5344 Deus,
1023 5280 1276 5347 idemque
1319 5281 1387 5332 sit
1427 5280 1479 5332 in
1521 5279 1798 5334 divinitate
1836 5290 1891 5334 et

314 5376 571 5428 Dominus
595 5415 607 5437 ,
642 5373 888 5438 idemque
919 5372 988 5424 sit
1020 5371 1068 5423 in
1099 5371 1294 5424 deitate
1325 5377 1378 5422 et
1406 5370 1668 5437 Spiritus;
1713 5371 1806 5425 sed
1836 5379 1891 5424 et

314 5465 541 5531 Spiritus
578 5464 867 5517 Paraclitus
904 5461 1044 5513 Deus
1084 5459 1330 5526 idemque
1364 5458 1432 5512 sit
1465 5469 1518 5512 et
1550 5461 1801 5514 Dominus
1835 5461 1888 5513 in

316 5567 502 5609 tt'tturtt
532 5556 773 5620 deitatis,
817 5554 956 5606 idem
1002 5553 1070 5605 sit
1101 5561 1152 5605 et
1182 5551 1439 5617 Spiritus?
1467 5551 1629 5605 Vides
1677 5554 1798 5621 quia
1833 5551 1883 5604 in

316 5649 514 5702 deitate
537 5658 588 5699 et
620 5649 669 5698 in
701 5647 992 5699 substantia
1026 5644 1372 5712 plenitudinis
1403 5659 1496 5712 per
1519 5644 1697 5697 omnia
1727 5661 1887 5697 unum

317 5750 462 5802 sunt,
505 5738 639 5793 etin
681 5737 985 5793 nominibus
1030 5751 1374 5806 personarum
1407 5745 1515 5792 tres
1560 5736 1714 5789 sunt?
1761 5735 1888 5789 Non

1979 1904 2211 1964 guuntur
2237 1933 2253 1960 ,
2284 1893 2370 1948 ubi
2405 1903 2581 1948 autem
2615 1892 2792 1946 Deitas
2817 1893 3085 1962 poscitur,
3117 1892 3322 1946 unitum
3354 1905 3548 1945 nomen

1974 1984 2238 2040 indicatur
2270 2024 2288 2051 ,
2336 1985 2587 2052 quoniam
2621 2001 2796 2038 sumus
2836 1983 2905 2038 ad
2948 1984 3160 2038 nomina
3202 1997 3552 2052 personarum

1978 2078 2256 2148 pluraliter
2289 2077 2492 2132 dictum
2535 2075 2955 2131 demonstratur.
3000 2075 3078 2128 Ac
3108 2086 3200 2142 per
3231 2073 3329 2127 hoc
3356 2073 3407 2127 in
3437 2073 3551 2128 dei-

1976 2180 2084 2225 tate
2105 2170 2399 2225 divinitatis
2427 2169 2573 2222 unita
2595 2182 2760 2222 unum
2788 2176 2934 2230 sunt,
2957 2175 3012 2221 et
3040 2165 3090 2220 in
3112 2165 3416 2220 nominibu
3441 2181 3551 2233 per-

1974 2275 2226 2315 sonarum
2255 2269 2360 2314 tres
2387 2269 2510 2313 sunt
2539 2275 2551 2310 :
2584 2258 2724 2311 unde
2753 2267 2862 2312 tres
2888 2270 3051 2309 unum
3077 2265 3225 2318 sunt,
3249 2255 3363 2308 sive
3389 2269 3552 2307 unum

1976 2361 2086 2407 tres
2107 2361 2252 2406 sunt.
2284 2351 2422 2404 Sane
2454 2357 2513 2402 ut
2541 2361 2753 2402 onmem
2780 2345 3089 2414 scrupulum
3123 2345 3416 2413 legentibus
3438 2359 3551 2396 am-

1976 2451 2245 2512 putemus,
2272 2439 2446 2495 adhuc
2467 2437 2703 2493 breviter
2721 2435 3043 2501 dilucidabo,
3063 2435 3347 2488 multifarie
3368 2448 3552 2502 appro.

1975 2537 2115 2590 bans
2139 2534 2239 2588 hoc
2268 2532 2486 2587 unitatis
2511 2544 2702 2585 nomen
2732 2543 2852 2584 esse
2883 2528 3220 2582 verissimum
3249 2525 3553 2590 Trinitatis,

1977 2644 2093 2699 qua:
2121 2639 2295 2682 tamen
2330 2626 2562 2682 refertur
2598 2625 2663 2679 ad
2696 2623 3039 2679 multifariam
3075 2623 3388 2692 sapientiam
3430 2621 3550 2688 Dei,

1977 2735 2096 2791 quae
2125 2722 2300 2795 uniter
2329 2719 2384 2773 in
2414 2719 2590 2784 Patre,
2615 2727 2669 2772 et
2694 2717 2829 2772 Filio
2852 2759 2869 2783 ,
2898 2726 2951 2771 et
2977 2717 3178 2786 Spiritu
3206 2725 3390 2770 sancto
3415 2728 3550 2768 cou-

1977 2814 2149 2878 sistit;
2182 2811 2248 2868 de
2271 2827 2370 2878 qua
2401 2812 2445 2866 si
2475 2809 2743 2881 signiﬁces
2763 2809 3078 2878 sapientiam
3108 2807 3322 2862 deitatis
3350 2817 3404 2862 et
3434 2807 3550 2862 dei-

1980 2917 2139 2961 tatem
2163 2905 2460 2974 sapientite,
2490 2919 2666 2958 nonne
2690 2903 2803 2956 hanc
2821 2903 2936 2972 ipsa
2958 2913 3038 2956 est
3061 2903 3237 2955 unitas
3257 2899 3549 2969 sapientiai,

1978 3014 2094 3068 qua:
2125 3008 2180 3052 et
2205 2996 2462 3052 divinitas
2488 2993 2799 3049 Trinitatis?
2827 2993 2966 3062 Ergo
3001 3001 3060 3046 ut
3087 2992 3405 3060 compendio
3437 2991 3552 3044 haec

1983 3089 2334 3158 assignemus,
2360 3088 2473 3141 sive
2494 3087 2770 3152 sapientiae
2789 3085 2979 3155 gloria,
3011 3084 3124 3138 sive
3152 3083 3321 3137 deitas
3341 3081 3551 3151 gloriae,

1979 3191 2067 3235 aut
2097 3179 2398 3244 summitas,
2424 3190 2514 3232 aut
2542 3178 2853 3241 dominatio,
2882 3188 2968 3231 aut
3002 3177 3249 3244 dignitas,
3276 3185 3367 3229 aut
3393 3175 3552 3229 clari-

1980 3283 2079 3340 tas,
2112 3279 2206 3326 aut
2232 3271 2394 3341 208
2421 3270 2692 3338 majestas,
2725 3279 2817 3323 aut
2846 3269 3146 3338 imperium,
3179 3278 3268 3322 aut
3296 3276 3549 3336 potestas,

1978 3371 2071 3416 aut
2109 3361 2504 3429 sempiternitas
2531 3360 2854 3427 nominetur,
2897 3373 3074 3412 nonne
3115 3359 3228 3412 haec
3269 3357 3554 3412 multifario

1977 3455 2221 3522 quamvis
2243 3453 2531 3516 sintdicta,
2556 3461 2732 3506 tamen
2759 3450 2828 3505 ad
2855 3452 3054 3504 unitatn
3080 3450 3331 3504 deititem
3356 3448 3555 3504 incom-

1983 3543 2270 3612 parabilem
2311 3541 2505 3606 Patris,
2539 3549 2594 3595 et
2633 3540 2776 3606 Filii,
2807 3550 2861 3595 et
2904 3540 3133 3608 Spiritus
3170 3539 3336 3594 sancti
3376 3538 3556 3593 uniter

1980 3646 2106 3693 sunt
2123 3635 2553 3689 declarataiAttt
2582 3644 2737 3703 putas
2768 3641 2898 3703 quot
2926 3633 3343 3702 signiﬁcationes
3369 3632 3552 3687 dicun-

1981 3738 2067 3781 tur
2097 3727 2161 3780 ad
2208 3729 2430 3797 gloriam
2467 3726 2700 3794 deitatis,
2745 3729 3070 3797 tou'demque
3111 3728 3217 3781 sint
3253 3738 3305 3781 et
3348 3728 3557 3794 species

1981 3818 2339 3872 diversitatis?
2373 3818 2530 3872 Absit
2572 3858 2587 3884 ,
2639 3819 2763 3870 dum
2805 3819 2918 3872 lucc
2957 3819 3201 3871 universa
3245 3815 3311 3871 ad
3352 3818 3554 3872 unitam

1982 3910 2336 3964 substantiam
2363 3909 2502 3963 dicta
2533 3912 2854 3964 referuntur.
2879 3909 3008 3962 Nam
3050 3910 3092 3962 si
3124 3908 3236 3962 haec
3266 3923 3368 3962 una
3398 3917 3560 3978 atque

1984 4004 2170 4057 eadem
2195 4003 2306 4071 ipsa
2337 4013 2419 4058 est
2446 4002 2719 4070 multiplex
2745 4017 2980 4071 praesaga
3001 4003 3257 4072 sapientia
3290 4002 3480 4068 Patris,
3505 4012 3559 4057 et

1989 4094 2109 4148 Filii
2135 4103 2187 4148 et
2211 4092 2447 4159 Spiritus
2475 4093 2669 4156 sancti,
2697 4107 2816 4160 quae
2845 4101 2928 4146 est
2965 4107 3068 4146 una
3095 4094 3283 4159 virtus,
3311 4094 3426 4148 sive
3454 4109 3556 4147 una

1989 4185 2155 4239 forma
2182 4183 2580 4254 magnitudinis,
2605 4184 2716 4236 sive
2741 4199 2844 4236 una
2876 4183 3144 4252 majestas.
3175 4186 3290 4238 s've
3319 4200 3423 4239 una
3451 4186 3563 4238 cla-
3595 4241 3602 4248 _

1988 4281 2144 4344 ritas,
2184 4293 2301 4345 qua:
2334 4279 2387 4332 in
2420 4278 2555 4330 hanc
2590 4277 2795 4329 unitam
2827 4276 3076 4330 deitatem
3109 4276 3450 4345 plenitudinis
3477 4293 3565 4331 se-

1988 4369 2220 4424 cundum
2246 4369 2531 4437 Scriptum
2563 4369 2794 4436 regulam
2822 4368 2872 4420 in
2902 4368 3002 4422 hoc
3025 4367 3141 4421 loco
3163 4368 3385 4422 collecta
3409 4383 3563 4437 repe-

1989 4461 2229 4525 riuntur;
2285 4459 2520 4527 nunquid
2566 4460 2643 4513 sic
2697 4459 2747 4513 in
2811 4460 2996 4513 eadem
3042 4459 3242 4514 deitate
3285 4458 3564 4513 Trinitatis

1994 4561 2169 4621 potest
2199 4552 2452 4607 adversus
2478 4551 2779 4618 Scripturas
2809 4551 3016 4615 referri,
3041 4562 3094 4606 ut
3121 4560 3232 4606 tres
3253 4552 3564 4620 sapientias,

1991 4655 2082 4699 aut
2111 4655 2218 4700 tres
2249 4646 2495 4708 virtutes,
2519 4651 2611 4697 aut
2639 4652 2743 4698 tres
2772 4643 3048 4710 imagines,
3073 4651 3165 4696 aut
3186 4652 3294 4697 tres
3317 4642 3567 4696 substan-

1994 4737 2129 4804 tias,
2159 4743 2251 4790 aut
2281 4735 2548 4788 claritates
2575 4775 2588 4798 ,
2615 4743 2704 4787 aut
2723 4741 2834 4788 tres
2864 4733 3220 4799 plenitudines
3249 4732 3566 4798 divinitatis,

1994 4827 2077 4882 vel
2127 4834 2324 4881 caetera
2379 4823 2746 4892 hujuscemodi
2797 4822 3074 4891 pluraliter
3116 4822 3564 4876 Ariomanitarum

1994 4933 2145 4972 more
2189 4916 2466 4970 dicamus?
2509 4915 2678 4968 Absit.
2727 4914 2877 4969 Sicut
2918 4925 2992 4978 tu,
3034 4913 3146 4981 Osi,
3177 4913 3286 4983 jam
3317 4915 3368 4967 in
3411 4923 3567 4968 atate

1999 5006 2221 5077 prolixa,
2247 5005 2335 5076 qui
2363 5018 2468 5058 non
2500 5018 2594 5073 per
2621 5003 2922 5058 rudimenta
2953 5007 3004 5058 in
3046 5004 3249 5074 synodo
3289 5003 3570 5059 Sirmiensi

1993 5100 2281 5154 Catholicae
2319 5107 2506 5152 auctor
2551 5097 2706 5151 inisti
2734 5138 2748 5158 ,
2811 5096 2896 5151 ubi
2940 5097 3096 5152 tidem
3126 5107 3293 5163 tuam,
3325 5111 3482 5166 quam
3515 5097 3568 5150 in

1994 5191 2166 5245 Nicaea
2192 5188 2611 5257 conscripseras,
2641 5189 2845 5242 irritam
2870 5187 3064 5252 fecisti,
3089 5187 3215 5241 dum
3240 5188 3398 5256 regias
3422 5197 3568 5254 pote-

1997 5281 2116 5334 stati
2147 5279 2501 5334 i'amulareris.
2547 5281 2806 5334 Praeterea
2838 5279 2925 5347 qui
2955 5280 3110 5332 morti
3139 5293 3287 5332 esses
3317 5291 3571 5348 perquam

1997 5374 2222 5439 vicinus,
2253 5372 2330 5427 sic
2354 5373 2404 5426 in
2436 5372 2682 5440 laqueum
2707 5372 2972 5439 voraginis
3003 5370 3202 5425 baratri
3233 5369 3487 5434 incidisti,
3515 5377 3574 5422 ttt

1996 5463 2283 5517 excederes
2325 5476 2574 5531 tanquam
2618 5469 2856 5516 mortuus
2896 5476 2923 5512 a
2969 5461 3130 5515 corde
3158 5501 3170 5523 ,
3227 5470 3288 5515 ut
3319 5460 3568 5516 diceres:

1995 5553 2124 5619 Quis
2153 5554 2361 5620 ignorat
2395 5553 2601 5605 Patrem
2628 5551 2879 5618 majorem
2906 5565 3026 5606 esse
3051 5551 3273 5614 honore,
3291 5551 3572 5618 dignitate,

1995 5646 2237 5699 claritate
2257 5656 2308 5699 et
2337 5644 2822 5714 majestate?Quasi
2847 5643 2967 5698 dua:
2992 5644 3070 5698 vel
3094 5654 3240 5698 certe
3261 5653 3370 5698 tres
3390 5650 3580 5698 essent

1999 5739 2286 5805 claritates,
2334 5749 2420 5792 aut
2466 5737 2772 5805 Inajestatcs
2815 5738 2868 5792 in
2911 5737 3128 5805 singu'ip
3175 5737 3254 5791 his
3304 5736 3571 5803 personis,
