3958 6176
300 283 406 339 9,ιὸ

1554 272 1642 329 DE
1680 272 2049 329 TRlNiTATE
2089 271 2213 328 LIB.
2254 272 2315 331 ll.

3458 281 3565 334 (216

304 398 496 461 Patris,
524 403 577 452 et
597 394 719 449 Filii
750 401 804 448 ct
834 392 1065 461 Spiritus
1088 390 1279 445 sancti.
1311 386 1463 456 Quod
1494 388 1653 443 absit.
1676 386 1809 441 Nam
1838 387 1881 441 si
1914 390 1960 448 Α
1990 388 2069 439 det
2087 387 2223 440 vobis
2239 387 2473 457 spiritum
2494 388 2758 455 sapientia:
2776 395 2820 440 et
2834 387 3150 442 reveiatienis
3171 389 3435 459 (Ephem,
3458 394 3560 457 l7).

306 491 419 543 hac
448 500 635 541 eorum
678 484 756 539 sic
783 497 841 538 se
884 481 1237 550 blasphemia,
1268 480 1338 534 ita
1370 488 1427 533 ut
1446 480 1613 541 aiunt,
1640 477 1883 545 haberet,

304 594 469 649 quare
495 579 605 647 jam
635 590 741 630 non
766 582 877 629 tres
914 573 1045 628 deos
1075 572 1267 641 plurali
1297 584 1522 625 numero
1560 576 1884 636 nuncupant,

306 685 368 723 ac
399 668 612 736 publica
642 680 775 719 voce
810 665 951 719 circa
986 664 1228 733 proprias
1264 662 1344 716 vel
1377 662 1615 715 diversas
1641 662 1889 712 substan-

309 760 410 812 tias
439 771 567 811 suas
592 754 945 826 pollicentur?
975 753 1127 820 Quod
1158 750 1314 805 absit.
1350 751 1483 805 Dum
1510 751 1744 819 perlecte
1773 749 1889 801 uni-

311 859 420 903 tum
464 862 660 903 nomen
704 846 1023 909 divinitatis,
1053 842 1341 898 multifario
1380 841 1624 912 quamvis
1666 842 1889 907 dictum,

314 940 487 995 uniter
518 941 569 994 in
599 938 858 994 Trinitate
879 937 1155 992 consistat.

384 1029 752 1100 Interrogatio.
794 1030 899 1085 Sed
948 1040 1002 1083 ut
1046 1029 1278 1083 breviter
1322 1028 1439 1082 hinc
1473 1025 1588 1097 ipsa
1637 1026 1777 1081 dicta
1826 1026 1893 1081 de

316 1120 634 1174 auctoritate
666 1134 760 1188 per
787 1118 1025 1188 singulas
1064 1132 1319 1188 personas
1345 1117 1521 1173 uniter
1559 1132 1621 1171 ac
1647 1132 1891 1173 commu-

317 1212 455 1264 niter
485 1209 616 1262 mihi
647 1208 901 1264 oatendas
930 1209 1160 1278 postulo.

389 1300 693 1370 Responsio.
735 1298 872 1354 Audi
917 1300 1092 1353 uniter
1126 1299 1177 1354 in
1205 1298 1468 1354 Trinitate
1491 1297 1691 1352 dictum
1734 1314 1747 1351 :
1789 1296 1891 1352 Sa-

316 1391 455 1460 piens
485 1398 559 1444 est
592 1389 767 1457 Deus,
799 1399 845 1443 et
868 1390 1015 1458 [ortis
1044 1399 1089 1442 et
1130 1406 1375 1462 magnus,
1408 1390 1497 1459 qui
1515 1389 1663 1461 jubet
1708 1388 1825 1451 soli,
1848 1396 1894 1442 et

318 1500 415 1535 non
458 1484 656 1547 oritur;
698 1483 784 1552 qui
830 1482 999 1536 sidera
1044 1484 1311 1547 conclusit,
1360 1492 1406 1535 et
1455 1483 1674 1537 extendit
1714 1482 1897 1533 caelum

316 1574 741 1641 quemadmodum
772 1575 951 1645 pellem
981 1592 998 1639 ;
1038 1576 1126 1645 qui
1168 1576 1393 1628 ambulat
1421 1591 1577 1643 super
1608 1590 1749 1627 mare
1786 1585 1896 1627 tan-

316 1684 466 1734 quam
496 1682 648 1733 super
675 1668 836 1737 209
864 1669 1086 1731 aridam,
1128 1668 1215 1734 qui
1245 1668 1368 1735 facit
1397 1667 1673 1737 magnalia,
1703 1676 1750 1719 et
1780 1681 1895 1735 qua:

1992 478 2059 531 Et
2084 478 2190 532 alio
2222 478 2276 532 in
2304 478 2421 531 loco
2450 479 2528 533 sic
2555 488 2767 532 cautum
2797 478 3104 534 invenimus
3129 496 3143 535 :
3177 480 3281 535 Sed
3308 484 3566 552 accipietis

1986 571 2223 623 virtutem
2266 571 2702 635 supervenientth
2751 569 3011 639 Spiritum
3053 581 3284 625 sanctum
3331 574 3383 623 in
3429 574 3568 627 vobis

1990 660 2125 729 (Act.
2158 675 2195 725 ι,
2230 660 2306 729 8).
2338 660 2461 714 Sive
2502 660 2601 715 hoc
2640 676 2733 730 per
2776 672 3023 715 sanctum
3068 662 3365 727 Ilichaaam,
3396 663 3568 730 ipsum

1991 750 2271 803 Dominum
2307 749 2515 805 Patrem
2546 752 2729 818 accipe
2752 760 3138 819 protestantetn
3164 769 3183 805 :
3217 752 3335 805 Nisi
3365 769 3454 821 ego
3476 754 3573 805 atl-

1990 844 2231 913 impleam
2256 846 2489 899 virtutem
2519 846 2571 897 in
2605 845 2804 915 Spiritu
2834 862 2944 898 meo
2981 856 3177 911 sancto,
3207 856 3251 900 et
3272 847 3495 917 judicio,
3525 858 3574 899 et

1993 946 2236 1002 potestate
2278 935 2491 999 (Hic/ta:
2519 951 2599 1000 ιιι,
2630 936 2712 1002 δ).
2743 936 3008 991 Memento
3039 937 3160 990 hinc
3181 952 3302 991 esse
3330 947 3573 991 sanctum

1993 1026 2244 1096 Spiritum
2282 1028 2559 1096 sapientia:
2598 1036 2652 1081 et
2689 1027 2899 1082 virtutis
2940 1042 3059 1081 cum
3098 1027 3289 1094 Patre,
3330 1038 3384 1082 et
3418 1028 3456 1081 F
3462 1030 3573 1080 ilio.

1994 1117 2118 1171 Sive
2148 1117 2325 1171 uniter
2352 1116 2725 1173 sanctimonia:
2763 1117 3042 1170 Trinitatis
3062 1158 3078 1181 ,
3123 1117 3317 1170 dictam
3358 1119 3575 1185 percipe

1996 1212 2171 1265 Omnia
2206 1211 2468 1264 tn‘rabilia
2502 1210 2555 1265 itt
2582 1209 2752 1279 signis
2783 1219 2837 1263 et
2868 1210 3125 1279 prodigiis
3153 1220 3488 1278 operantem,
3520 1218 3578 1263 ut

1996 1302 2240 1368 superius
2262 1301 2483 1370 praedixi
2514 1319 2524 1351 ;
2561 1300 2826 1355 Sanctitas
2852 1310 2898 1354 et
2934 1300 3271 1355 sanctimonia
3306 1302 3358 1352 in
3389 1306 3576 1353 sancti-

1998 1394 2231 1460 ﬁcatione
2256 1397 2367 1464 ejus
2386 1392 2554 1463 (Psal.
2586 1409 2708 1457 xcv,
2729 1394 2807 1461 6).
2828 1394 2984 1447 Vides
3007 1394 3182 1461 itaque
3205 1392 3396 1447 essein
3421 1393 3579 1446 utris-

1999 1500 2101 1553 que
2140 1499 2297 1537 unam
2340 1484 2682 1551 sapientiam,
2707 1484 2818 1536 sive
2846 1485 3120 1548 virtutem,
3147 1492 3238 1537 aut
3268 1484 3460 1547 lucem,
3489 1492 3581 1537 aut

1997 1578 2357 1641 sanctitatem,
2388 1576 2466 1629 vel
2499 1576 2885 1643 operationem,
2910 1589 3008 1631 nec
3040 1590 3145 1629 non
3167 1583 3221 1629 et
3249 1576 3352 1629 alia
3387 1575 3573 1644 hujus-

1998 1668 2203 1722 cenrodt
2255 1666 2619 1735 multipliciter
2668 1667 2830 1731 dicta,
2869 1682 2989 1735 quae
3034 1681 3139 1720 non
3182 1674 3308 1720 sunt
3348 1666 3415 1718 ad
3466 1667 3580 1719 hate

315 1758 609 1829 investigari
639 1774 737 1810 non
766 1768 976 1828 possunt
1004 1758 1145 1827 (Job.
1181 1774 1257 1821 tx,
1283 1757 1336 1823 4,
1368 1756 1421 1821 7,
1451 1757 1507 1824 8,
1540 1757 1649 1825 ltt).
1686 1757 1752 1811 Et
1779 1772 1895 1827 qua:
1931 1746 1972 1804 Β
2000 1762 2246 1829 exempla
2279 1762 2448 1827 illata,
2472 1776 2592 1830 quae.
2622 1762 2750 1814 satis
2775 1761 2991 1829 longum
3024 1772 3107 1813 est
3135 1774 3229 1827 per
3264 1760 3429 1828 ipsam
3460 1758 3580 1811 Tri-

318 1853 371 1903 in
400 1849 694 1904 Salomone
718 1852 795 1904 ait
821 1868 833 1903 :
868 1849 1003 1904 Deus
1034 1852 1279 1921 sapientia
1306 1867 1397 1905 sua
1424 1852 1659 1921 fundavit
1689 1861 1897 1917 terram,

320 1940 523 2006 paravit
551 1948 720 1993 autem
743 1941 893 1995 ctelos
915 1942 1182 2010 prudentia
1214 1940 1399 2010 (Prov.
1432 1956 1511 2006 ιιι,
1546 1941 1651 2012 19).
1674 1942 1768 1997 Vel
1800 1942 1901 1999 hoc

320 2031 635 2098 Apostolum
662 2045 889 2100 agnosce
908 2031 1172 2086 dicentem
1202 2050 1214 2084 :
1242 2014 1497 2086 Christum
1525 2031 1619 2086 Dei
1666 2034 1902 2087 virtutem

318 2131 364 2174 et
389 2119 482 2175 Dei
504 2122 806 2191 sapientiam
832 2120 882 2191 (Ι
912 2122 1029 2176 Cor.
1046 2138 1083 2187 ι,
1109 2123 1225 2192 καί).
1250 2123 1351 2178 Sed
1375 2132 1427 2179 et
1449 2124 1560 2192 ipse
1584 2139 1766 2179 rursus
1787 2126 1861 2178 ait
1886 2142 1899 2177 :

324 2216 389 2270 Ut
420 2216 614 2271 habitet
643 2218 695 2269 in
737 2234 813 2270 me
840 2218 998 2271 virtus
1027 2217 1215 2271 Christi
1242 2216 1329 2286 (II
1361 2216 1480 2271 Cor.
1518 2233 1607 2280 xu,
1640 2218 1719 2286 9).
1754 2218 1817 2271 Et
1849 2219 1901 2273 in

322 2308 737 2377 psalmograplto
763 2310 1019 2376 scriptum
1048 2318 1130 2364 est
1155 2327 1165 2362 :
1199 2310 1538 2363 Ambulabunt
1561 2310 1621 2362 de
1650 2312 1832 2363 virtute
1852 2312 1903 2364 in

322 2400 553 2452 virtutem
584 2396 755 2469 (Psal.
788 2415 1011 2462 Lxxxnt,
1044 2402 1121 2468 8).
1150 2400 1265 2454 Non
1297 2410 1471 2455 tamen
1501 2401 1777 2468 pluraliter
1803 2416 1905 2453 sa-

324 2492 550 2558 pientias
574 2502 665 2545 aut
692 2492 914 2547 virtutes
942 2494 994 2546 in
1029 2493 1110 2547 his
1143 2494 1386 2562 personis
1411 2509 1533 2549 esse
1562 2495 1902 2563 signiﬁcavit,

324 2584 455 2639 sicut
490 2585 633 2640 idem
679 2586 793 2655 ipse
822 2586 1013 2654 repetit
1048 2604 1058 2637 :
1096 2582 1346 2640 Dominus
1378 2584 1516 2639 Deus
1548 2587 1781 2638 virtutum
1814 2603 1912 2639 no-

326 2678 515 2729 biscum
555 2677 725 2745 (Psal.
767 2694 890 2743 ην,
922 2678 1000 2747 8).
1033 2678 1138 2732 Sed
1172 2686 1227 2733 et
1270 2678 1371 2732 hoc
1400 2695 1411 2730 :
1448 2677 1677 2730 Laudato
1702 2693 1817 2731 eum
1851 2678 1902 2730 in

327 2766 645 2830 ﬁrmamento
676 2770 868 2821 virtutis
893 2770 1002 2834 ejus
1030 2766 1206 2834 (I’sal.
1233 2783 1316 2829 (τι,
1340 2766 1412 2835 l).
1445 2766 1513 2820 Et
1539 2769 1589 2820 in
1614 2768 1718 2820 alio
1744 2768 1860 2821 loco
1888 2785 1899 2819 :

332 2856 391 2909 In
419 2858 614 2912 lumine
634 2872 720 2914 tuo
749 2860 1024 2912 videbimus
1045 2861 1210 2913 lumen
1241 2859 1410 2924 (Psal.
1446 2874 1606 2925 xxxv,
1637 2859 1701 2913 lO
1730 2898 1746 2912 .
1773 2861 1901 2912 Nam

329 2958 377 3000 et
405 2950 469 3003 de
496 2966 725 3019 persona
756 2950 986 3020 Spiritus
1018 2952 1183 3006 sancti
1223 2951 1476 3005 Salomon
1509 2953 1558 3004 in
1599 2950 1904 3005 Proverbiis

330 3040 516 3094 eadem
549 3040 623 3095 ait
652 3058 667 3094 :
704 3040 817 3095 Lux
849 3042 1053 3096 Domini
1078 3043 1289 3111 spiritus
1317 3043 1579 3096 hominum
1601 3084 1616 3109 ,
1647 3043 1733 3113 qui
1764 3058 1906 3095 scru-

2006 1856 2224 1909 ni'atem
2258 1855 2436 1910 uniter
2466 1855 2606 1909 dicta
2638 1868 2911 1909 enarrare.
2958 1853 3229 1917 Sufficiat,
3264 1854 3362 1905 etsi
3393 1865 3581 1919 pauca,

2005 1945 2067 1997 ad
2088 1946 2481 2015 probationem,
2501 1960 2598 2013 pro
2615 1943 2795 1997 multis
2812 1944 2864 1997 in
2882 1943 3242 2013 cognitionem
3266 1941 3399 1997 lucis
3423 1940 3583 1994 fuisse

2006 2037 2245 2103 exposita
2278 2036 2619 2091 documenta.

2078 2127 2440 2198 Interrogatio.
2477 2128 2616 2196 Ergo
2660 2127 2706 2181 si
2757 2125 2935 2192 Pater,
2977 2135 3030 2182 et
3062 2126 3245 2191 Filius,
3272 2134 3327 2180 et
3358 2124 3583 2193 Spiritus

2006 2230 2223 2274 sanctus
2256 2220 2305 2274 in
2332 2220 2532 2274 deitate
2558 2220 2856 2275 divinitatis
2878 2236 3042 2273 uuunt
3073 2227 3217 2286 sunt,
3247 2217 3422 2272 adhuc
3452 2217 3585 2288 legis

2009 2312 2317 2366 testimonio
2348 2311 2478 2365 mihi
2500 2311 2798 2365 satisfacias
2826 2326 3029 2379 quieo.

2084 2402 2380 2465 Responsio.
2410 2400 2525 2455 Jam
2545 2398 2737 2455 audis’ti
2756 2402 3004 2470 superius
3024 2402 3406 2469 evangel'staut
3433 2398 3583 2453 Joan-

2010 2507 2129 2546 nem
2164 2497 2214 2545 ιιι
2256 2492 2490 2559 Epistula
2531 2506 2623 2545 sua
2660 2502 2765 2544 tam
2811 2492 3055 2546 absolute
3083 2499 3367 2545 tu-stantem
3405 2506 3419 2543 :
3466 2489 3586 2541 ’l'res

2008 2594 2120 2637 sunt
2148 2586 2235 2653 qui
2261 2584 2601 2637 testimonium
2642 2585 2767 2637 dant
2807 2585 2859 2637 in
2898 2585 3051 2647 catlo,
3078 2582 3253 2645 Pater,
3291 2581 3510 2635 Verbum
3538 2588 3587 2633 et

2012 2676 2236 2743 Spiritus
2265 2686 2470 2729 sanctus
2497 2692 2513 2729 :
2539 2686 2585 2729 et
2609 2678 2660 2728 in
2692 2676 2893 2729 Christo
2920 2676 3044 2729 Iesu
3074 2692 3232 2730 unum
3261 2685 3376 2727 sunt
3406 2672 3585 2745 (Joun.

2010 2782 2061 2831 v,
2096 2769 2172 2838 7).
2226 2768 2417 2838 Utique
2445 2770 2561 2823 sine
2588 2768 2750 2823 dubio
2780 2769 2830 2821 in
2872 2768 3131 2822 Trinitate
3164 2766 3457 2821 divinitatis
3493 2779 3586 2833 per

2008 2858 2184 2911 omnia
2214 2873 2377 2911 unum
2412 2866 2555 2919 sunt,
2588 2867 2642 2911 et
2683 2857 2735 2910 in
2765 2857 3069 2912 no‘ntinibus
3100 2869 3447 2925 personarum
3479 2864 3585 2908 tres

2008 2956 2151 3002 sunt.
2184 2948 2382 3017 Itaque.
2410 2949 2570 3018 210
2596 2957 2654 3001 ut
2680 2949 2817 3002 scias
2841 2949 2908 3003 de
2933 2948 3012 3002 his
3035 2964 3151 3017 qua:
3173 2946 3416 3016 superius
3440 2960 3587 3000 com-

2012 3038 2305 3106 prehendi,
2338 3040 2534 3093 nullam
2564 3039 2881 3094 divisionem
2923 3048 3011 3092 aut
3052 3037 3362 3092 distantiam
3395 3037 3447 3091 in
3481 3052 3581 3091 una

333 3140 463 3184 tatur
506 3134 750 3187 interiora
798 3136 965 3187 cordis
1014 3133 1192 3205 (Prov.
1226 3150 1315 3199 xx,
1344 3134 1459 3203 27).
1509 3134 1603 3190 Vel
1657 3135 1757 3188 hoc
1788 3155 1800 3190 :
1837 3133 1903 3189 Ut
1929 3117 1973 3176 (Σ
2008 3132 2205 3187 deitate
2226 3132 2537 3186 substantiae
2561 3132 3190 3202 plenitudinisi’atris,et
3206 3131 3323 3186 Filii
3345 3131 3588 3186 etsaucti

337 3223 480 3275 Pater
508 3224 645 3278 Deus
676 3225 874 3277 Domini
897 3228 1057 3278 nostri
1078 3226 1200 3279 Jestt
1225 3227 1430 3287 Christi,
1459 3225 1610 3279 Pater
1632 3226 1901 3290 claritatis,

2010 3227 2067 3295 Si
2090 3228 2242 3282 iritns
2276 3228 2466 3281 fecisse
2495 3242 2580 3281 me
2608 3227 2849 3281 memini.

1244 3380 1723 3486 LIBER
1800 3380 2697 3492 SECUNDUS.

957 3543 1045 3602 De
1091 3541 1375 3621 propriis
1415 3543 1744 3621 personis.
1800 3550 1856 3602 et
1918 3541 1989 3603 dc
2048 3544 2225 3604 unita
2286 3545 2530 3606 nomine
2588 3546 2955 3609 Trinitatis.

409 3663 711 3718 Ilrrrcticus.
752 3664 900 3719 Nunc
930 3679 1025 3734 per
1060 3668 1268 3735 singu‘a
1295 3668 1507 3719 nomina
1535 3680 1909 3735 personarum,

342 3767 393 3809 ut
422 3774 614 3811 nomen
647 3758 861 3812 deitatis
890 3759 1015 3812 mihi
1047 3774 1284 3827 exponas
1315 3759 1549 3828 postulo.

405 3854 734 3905 Athanasius.
759 3852 912 3905 Audi.
943 3852 995 3905 Si
1033 3852 1200 3906 Filius
1228 3854 1277 3905 in
1307 3854 1522 3906 nomine
1551 3852 1721 3905 Patris
1743 3852 1909 3915 venit,

341 3944 567 4011 nunquid
602 3945 716 4013 ipse
753 3952 836 3998 est
873 3944 1029 3999 Pater
1058 3944 1143 4011 qui
1191 3946 1302 3997 ait:
1338 3943 1447 4013 Ego
1474 3945 1581 3996 vini
1612 3945 1666 3997 in
1710 3945 1913 3999 nomine

340 4032 505 4086 Patris
528 4034 625 4085 mei
648 4031 825 4097 (Iona.
844 4049 894 4096 v,
920 4034 1007 4099 43)
1036 4052 1049 4087 :
1073 4034 1197 4087 dum
1219 4034 1392 4100 Pater,
1419 4034 1557 4087 Deus
1577 4033 1667 4097 sit,
1686 4034 1736 4086 in
1761 4048 1911 4096 citus

2020 3673 2176 3741 211
2210 3669 2459 3723 Dominus
2484 3670 2594 3737 ipse
2619 3669 2923 3739 expugnavit
2950 3685 3056 3729 cos,
3078 3678 3125 3722 et
3148 3680 3506 3723 rememoratus
3522 3682 3592 3725 est

2022 3763 2216 3814 dierum
2237 3772 2560 3826 atternorunt,
2591 3761 2679 3830 qui
2695 3761 2867 3813 eduxit
2886 3760 2950 3811 de
2971 3747 3101 3814 terra
3120 3770 3371 3829 pastorem
3387 3763 3551 3814 ovium
3575 3778 3593 3827 ;

2016 3865 2071 3908 et
2094 3854 2368 3921 subiunxit
2399 3869 2411 3904 :
2445 3851 2542 3906 Ubi
2563 3861 2634 3905 est
2656 3851 2742 3919 qui
2776 3852 2941 3917 posuit
2972 3852 3023 3903 in
3055 3852 3158 3904 illis
3186 3853 3420 3921 spiritum
3444 3870 3594 3906 suum

2017 3944 2206 4013 (Ibitl.,
2238 3942 2363 4012 ll)?
2392 3943 2552 3997 Vides
2582 3958 2709 4010 ergo
2738 3942 2806 3995 de
2836 3943 2984 3995 unito
3015 3952 3217 3995 natura:
3246 3942 3462 3996 deitatis
3501 3960 3592 3996 no-

2018 4037 2181 4097 mine,
2205 4034 2429 4103 gloriam
2458 4034 2627 4087 Patris
2649 4042 2702 4087 et
2732 4032 2848 4087 Filii
2870 4046 2991 4086 esse
3014 4032 3153 4087 hunc
3176 4034 3452 4087 hominum
3476 4034 3594 4100 Spi-

340 4124 550 4177 nomine
581 4122 749 4176 Filius
789 4125 937 4176 venit
978 4122 1297 4177 manifeste?
1332 4129 1401 4175 Ac
1433 4138 1526 4191 per
1553 4125 1655 4175 hoc
1685 4123 1738 4175 in
1765 4122 1902 4175 unita

2017 4137 2173 4180 r'tum
2193 4132 2453 4183 sanctum.
2475 4124 2756 4189 quieduxit
2774 4124 2911 4177 lilios
2932 4124 3089 4177 Israel
3108 4124 3175 4177 de
3191 4132 3330 4177 terra
3353 4123 3595 4192 {Egypti-

337 4225 519 4268 natura
568 4214 862 4268 divinitatis
911 4231 1073 4268 unum
1118 4229 1313 4269 nomen
1355 4224 1438 4269 est
1478 4214 1904 4281 comprobatum,

336 4306 467 4359 sicut
506 4314 562 4360 et
602 4307 715 4375 ipse
755 4305 912 4360 Pater
953 4305 1016 4359 ad
1057 4304 1417 4376 legislatoretn
1452 4306 1652 4361 Mnsem
1685 4313 1909 4359 testatus

336 4407 432 4460 est,
458 4396 648 4451 dicens
686 4415 699 4449 :
746 4396 959 4449 Attende
990 4396 1105 4460 illi,
1142 4405 1189 4449 et
1218 4412 1280 4449 ne
1309 4397 1467 4465 fueris
1493 4396 1786 4449 inobediens
1813 4395 1859 4448 ei
1890 4434 1904 4459 ,

334 4503 512 4541 nomen
536 4489 671 4541 enim
689 4480 856 4539 meum
876 4490 1015 4540 estin
1040 4486 1341 4558 illo(E.rod.
1369 4503 1522 4553 xxut,
1546 4488 1661 4556 21).
1690 4487 1769 4540 Ad
1798 4486 1910 4541 hac

336 4578 629 4643 patriarcha
664 4578 828 4632 David
861 4578 936 4632 sic
966 4579 1040 4630 ait
1067 4594 1082 4632 :
1114 4577 1414 4631 Benedictus
1454 4579 1542 4648 qui
1572 4579 1701 4632 venit
1728 4580 1781 4631 in
1816 4594 1911 4631 no-

336 4672 462 4723 mine
505 4668 717 4722 Domini
761 4668 934 4740 (Psal.
973 4683 1137 4735 cxvu,
1163 4669 1281 4739 '26).
1330 4669 1460 4723 Nam
1490 4679 1544 4725 et
1586 4671 1631 4721 si
1684 4669 1914 4738 Spiritus

341 4761 623 4815 Paraclitus
647 4761 701 4815 in
732 4762 948 4816 nomine
978 4759 1103 4815 Filii
1135 4762 1301 4826 venit,
1335 4770 1392 4815 ut
1421 4762 1534 4830 ipse
1563 4761 1715 4827 dicit,
1753 4762 1913 4829 Quem

339 4854 489 4904 mittet
518 4850 675 4905 Pa'er
702 4853 753 4905 in
776 4854 978 4906 nomine
1003 4869 1110 4907 meo
1141 4852 1323 4925 (Joan.
1364 4869 1479 4919 XIV,
1522 4853 1637 4921 26).
1672 4853 1911 4922 nunquid

342 4954 380 4993 rt
412 4943 521 5010 ip-e
552 4941 719 4997 Filius
746 4944 920 4997 dictus
946 4954 1046 5008 est,
1079 4958 1199 4999 cum
1228 4946 1346 4999 sine
1371 4945 1532 4999 dubio
1564 4960 1758 4998 nomen
1792 4944 1909 4998 Filii

342 5032 471 5089 Deus
492 5035 563 5090 sit
588 5038 640 5089 in
670 5048 773 5089 una
806 5036 1111 5105 pariterque
1141 5047 1327 5090 natura
1363 5036 1698 5090 divinitatis?
1725 5036 1779 5090 lu
1811 5036 1911 5093 hoc

336 5134 454 5193 ergo
471 5126 687 5181 nomine
703 5124 978 5180 evidenter
995 5126 1289 5181 Paraelitus
1305 5128 1465 5181 venit.
1478 5126 1602 5182 Ideo
1616 5142 1712 5197 per
1728 5126 1910 5195 singu-

336 5217 406 5268 las
428 5231 685 5287 personas
706 5216 998 5271 secundum
1027 5217 1374 5272 substantiam
1404 5225 1609 5273 natura
1631 5198 1911 5274 Trinitatis

336 5313 529 5365 unitum
558 5328 756 5366 nomen
780 5319 863 5366 est
880 5312 973 5366 tibi
1000 5312 1346 5366 declaratum.
1368 5312 1530 5368 Isaias
1552 5324 1768 5369 sanctus
1796 5315 1910 5371 ha-c

333 5405 624 5469 approbans
648 5404 809 5460 dicit:
828 5404 1335 5471 DescenditSpiritus
1356 5424 1387 5458 a
1404 5406 1581 5472 Deo,et
1602 5409 1780 5469 eduxit
1798 5424 1907 5476 eos;

334 5498 403 5548 sic
418 5499 635 5552 eduxisti
652 5500 897 5570 populum
911 5507 1052 5551 tuum
1064 5500 1229 5568 facere
1250 5499 1338 5551 tibi
1359 5515 1540 5553 nomen
1559 5499 1901 5570 gloria:(Isai.

335 5603 476 5651 ιιιιι,
507 5590 627 5659 li);
656 5589 748 5644 sed
782 5599 833 5644 et
871 5589 986 5657 ipse
1018 5587 1157 5643 idem
1190 5587 1389 5642 indicat
1424 5606 1438 5644 :
1481 5588 1550 5642 Et
1576 5591 1905 5645 irritaverant

336 5679 583 5747 Spiritum
612 5691 861 5752 sanctum,
881 5691 927 5736 et
953 5696 1216 5738 conversus
1241 5690 1313 5735 est
1338 5680 1442 5735 illis
1462 5685 1532 5735 ad
1550 5682 1898 5737 inimicitiam.

2013 4220 2153 4271 sicut
2182 4215 2436 4284 propheta
2455 4215 2584 4268 dicit
2609 4232 2621 4267 :
2644 4214 2734 4268 Sic
2752 4216 2970 4268 eduxisti
2993 4214 3235 4285 populum
3257 4224 3397 4268 tuum
3429 4217 3595 4285 facere

2013 4310 2101 4361 tibi
2130 4322 2308 4360 nomen
2338 4307 2538 4376 glorite,
2564 4308 2653 4376 qui
2678 4322 2947 4360 conversus
2974 4317 3046 4360 cst
3068 4307 3189 4374 ﬁliis
3208 4305 3376 4361 Israel
3403 4308 3470 4361 ad
3492 4308 3593 4362 ini-

2018 4400 2259 4452 micitiam
2290 4396 2441 4467 (lsai.
2475 4413 2605 4454 thu
2628 4438 2642 4460 ,
2680 4398 2776 4459 li,
2809 4398 2933 4465 lli)?
3584 4444 3589 4449 .

2089 4492 2456 4559 Interrogatio.
2492 4488 2660 4558 Rogo,
2686 4493 2727 4543 si
2762 4490 2967 4544 unitum
2992 4505 3186 4545 nomen
3215 4503 3293 4547 est
3328 4493 3598 4551 indcitate

2016 4582 2199 4648 gloriae
2227 4580 2528 4642 Trinitatis.
2548 4596 2643 4636 cur
2669 4582 3029 4651 unusquisque
3052 4582 3104 4636 in
3131 4596 3230 4637 suo
3251 4585 3467 4640 nomine
3491 4602 3596 4641 non

2017 4674 2263 4728 venerit?
2298 4674 2470 4727 Porro
2509 4674 2662 4742 quasi
2693 4674 2794 4727 hoc
2824 4674 2964 4741 quod
3000 4675 3204 4729 unitunt
3237 4691 3430 4731 nomen
3467 4678 3594 4732 sub-

2016 4765 2305 4819 stantivum
2340 4765 2405 4817 ad
2429 4764 2680 4820 deitatem
2709 4766 2885 4819 uniter
2907 4765 3033 4821 refe
3053 4775 3157 4831 tur,
3186 4767 3295 4836 jam
3322 4769 3597 4839 proprium

2017 4870 2139 4910 esse
2165 4870 2269 4910 non
2301 4856 2617 4910 ostenditur.

2092 4946 2399 5014 Responsio.
2431 4945 2624 5012 Utique
2652 4946 2703 5000 in
2739 4946 2839 4999 hoc
2866 4948 3139 5016 proprium
3162 4958 3265 5014 est,
3289 4948 3382 5003 sed
3409 4958 3459 5001 et
3482 4948 3599 5001 uni-

2020 5048 2130 5092 tum
2159 5053 2174 5091 :
2209 5051 2353 5099 nam,
2380 5046 2439 5091 ut
2462 5045 2642 5091 certus
2669 5038 2762 5102 sis,
2792 5040 3009 5094 nomina
3036 5040 3087 5095 in
3114 5041 3353 5109 personis
3381 5038 3637 5108 propria‘

2016 5138 2161 5191 sunt,
2195 5128 2289 5183 sed
2317 5144 2423 5182 non
2451 5130 2619 5184 unita.
2644 5128 2749 5185 Sed
2764 5131 2845 5186 ais
2861 5131 2992 5186 mihi
3023 5150 3037 5186 :
3062 5132 3169 5187 Cur
3196 5133 3246 5186 in
3265 5147 3364 5187 suo
3379 5132 3597 5184 nomine

2016 5221 2268 5291 proprio,
2311 5221 2452 5291 quod
2492 5229 2578 5277 est
2622 5223 2948 5289 nativitatis,
2978 5240 3083 5279 non
3124 5233 3301 5279 tamen
3330 5221 3503 5277 Patris
3530 5224 3595 5278 ad

2016 5314 2364 5369 indiscretum
2394 5314 2681 5382 deitatem,
2714 5316 2803 5370 ubi
2837 5316 3067 5371 refertur
3096 5333 3108 5369 :
3145 5316 3198 5369 ln
3239 5330 3338 5383 qua
3366 5314 3611 5370 invenie.

2012 5415 2100 5460 tur
2123 5407 2341 5461 unitatis
2376 5406 2470 5462 Dei
2500 5423 2721 5463 nomen.
2756 5407 2861 5463 Sed
2890 5409 2943 5462 in
2971 5421 3037 5462 eo
3058 5421 3189 5461 sane
3218 5406 3268 5459 in
3298 5420 3406 5474 quo
3437 5415 3491 5461 et
3517 5421 3609 5461 διι-

2012 5498 2191 5565 perius
2237 5497 2623 5565 comprehendi
2665 5512 2892 5566 persona
2923 5496 3087 5564 ipsius
3114 5494 3481 5552 tantummodo
3515 5496 3590 5566 gi:

2011 5589 2223 5659 gnentis
2248 5588 2593 5659 distinguitur
2615 5630 2630 5653 ,
2666 5590 2751 5643 hic
2789 5589 2900 5658 ipse
2924 5588 3090 5642 Filius
3112 5603 3222 5644 non
3248 5589 3425 5644 venit:
3450 5591 3593 5654 audi,

2012 5682 2136 5753 quia
2165 5682 2211 5737 si
2246 5683 2301 5737 in
2332 5679 2432 5739 hoc
2455 5681 2676 5738 nomine
2708 5689 2909 5736 tantum
2937 5678 3196 5748 venisset,
3230 5680 3370 5754 quod
3400 5680 3591 5739 dicitur
