4026 6176
371 266 473 321 ΞΠ

1707 264 1931 319 γιςιιιι
1971 262 2337 321 TAPSENSIS

3516 266 3621 321 248

370 379 560 440 Filius,
587 384 636 430 et
667 390 768 430 non
804 377 853 431 in
886 376 1178 431 substantia
1208 374 1423 430 deitatis
1453 374 1629 437 unita,
1667 375 1807 443 quod
1841 390 1931 427 no—
1966 380 2013 436 Α
2047 372 2313 428 Descendit
2354 374 2580 444 Spiritus
2625 391 2655 428 a
2690 374 2815 437 Deo,
2847 385 2892 428 et
2937 376 3109 429 eduxit
3139 393 3221 429 eos
3255 392 3271 428 :
3300 376 3372 429 sic
3396 377 3617 431 eduxisti

368 472 600 522 minatur
640 469 809 530 Deus,
840 470 1079 522 dicturus
1107 482 1228 523 eras
1257 466 1385 520 milii
1421 485 1433 518 :
1469 466 1582 520 Non
1614 478 1695 520 est
1733 468 1935 519 unitum

367 573 559 613 nomen
592 559 641 612 in
672 568 856 612 natura
883 558 1179 612 divinitatis
1201 557 1316 611 Filii
1345 571 1466 611 cum
1490 557 1667 621 Patre,
1695 556 1787 612 sed
1814 571 1935 625 pro-

364 652 567 718 prium;
602 662 657 705 ut
688 666 791 705 non
823 661 1028 706 tantum
1059 650 1272 704 nomina
1301 652 1510 718 propria
1532 651 1641 717 jam
1671 650 1723 704 in
1752 665 1934 718 perso-

362 742 444 794 nis
472 741 854 809 distingueres,
879 742 972 794 sed
1005 741 1209 795 unitum
1237 757 1432 795 nomen
1461 742 1513 794 in
1536 741 1733 795 deitate
1759 742 1931 795 Trini-

360 832 481 885 tatis
510 830 763 885 tantidem
796 846 889 898 per
916 832 1055 897 ipsas
1080 846 1338 897 personas
1378 846 1657 899 separares
1701 848 1713 884 :
1750 840 1806 884 ut
1840 840 1931 885 aut

360 924 559 973 unitam
588 921 941 974 substantiam
976 922 1026 973 itt
1054 921 1219 975 tribus
1248 921 1488 991 partibus
1518 920 1807 988 divideres,
1842 921 1929 976 vel

353 1019 501 1064 certe
533 1010 767 1079 s’ngulas
801 1024 1058 1079 personas
1096 1012 1145 1063 in
1196 1012 1417 1079 singulis
1461 1011 1571 1079 jam
1617 1010 1927 1065 substantiis

353 1098 503 1151 nobis
547 1101 844 1153 consistere
882 1099 1170 1155 indit-ares.
1214 1100 1319 1155 Sed
1368 1102 1521 1169 plane
1558 1101 1602 1154 si
1651 1099 1840 1163 Pater,
1873 1108 1927 1153 et

349 1190 546 1255 Filius,
573 1198 626 1245 et
654 1190 882 1258 Spiritus
907 1201 1119 1246 sanctus
1146 1191 1437 1244 secundum
1468 1190 1675 1258 singula
1709 1192 1921 1244 nomina

350 1297 699 1349 personarum
744 1282 977 1349 perfecte
1008 1283 1407 1350 distinguuntur
1432 1322 1447 1347 ,
1480 1280 1717 1349 nunquid
1762 1281 1839 1337 sic
1870 1291 1922 1333 et

346 1373 639 1427 secundum
678 1374 883 1427 unitam
927 1373 1183 1428 deitatem
1217 1372 1558 1441 plenitudinis
1591 1371 1792 1424 unitum
1825 1385 1922 1424 no-

349 1485 470 1520 tm-n
496 1467 559 1521 «in
584 1467 663 1520 liis
694 1468 934 1534 personis
971 1482 1065 1534 per
1096 1467 1330 1534 singulas
1360 1473 1560 1517 naturae
1590 1463 1920 1517 substantias

343 1560 633 1613 dividitur?
680 1560 862 1623 Absit,
914 1574 1034 1612 nam
1072 1559 1171 1613 etsi
1219 1568 1271 1610 ttt
1302 1557 1540 1621 (Ariane)
1572 1557 1658 1609 ubi
1704 1557 1917 1611 nomina

345 1660 546 1702 lttttltlm
596 1649 647 1702 in
694 1650 936 1717 personis
965 1649 1191 1703 deberes
1244 1648 1595 1715 distinguere,
1647 1648 1715 1701 ibi
1760 1647 1917 1701 simul

2040 466 2284 535 populum
2322 475 2465 520 tuum
2504 469 2663 538 213
2692 468 2858 535 facere
2892 468 2978 519 tibi
3019 484 3195 519 nomen
3236 469 3414 536 gioria:
3458 468 3609 537 (Istti.

2038 569 2187 617 um,
2222 556 2330 622 14).
2362 556 2515 610 Disce
2539 556 2648 624 jam
2682 558 2884 613 unitum
2920 572 3114 612 nomen
3146 570 3267 611 esse
3316 557 3374 611 in
3424 568 3613 612 natura

2035 646 2231 701 divinas
2254 648 2549 702 Trinitatis.

2104 736 2465 808 Interrogatio.
2494 737 2713 792 Declara
2741 751 2869 807 ergo
2896 732 3093 791 mibisi
3119 751 3279 793 verus
3320 748 3403 793 est
3424 737 3611 806 Filius,

2032 840 2123 881 aut
2151 844 2275 881 non.

2110 919 2404 989 Responsio.
2421 919 2608 973 Nonne
2627 919 2803 984 Pater,
2822 927 2877 972 ut
2895 932 2991 973 nos
3009 917 3451 985 intelligeremus,
3471 917 3608 970 hanc

2027 1012 2464 1081 signiﬁcationem
2492 1013 2686 1076 intulit,
2702 1019 2758 1064 ut
2773 1010 3019 1065 deitatem
3038 1009 3323 1061 nativitatis
3339 1010 3605 1076 propriam

2028 1105 2150 1159 Filii
2198 1106 2280 1159 sui
2309 1104 2376 1158 de
2425 1104 2715 1172 semetipso
2744 1101 3057 1162 insinuaret,
3090 1098 3273 1153 dicens
3302 1116 3313 1149 :
3347 1095 3430 1150 Et:
3461 1107 3605 1150 ute:o

2024 1205 2143 1248 ante
2190 1194 2457 1263 luciferum
2502 1192 2653 1262 genui
2699 1199 2747 1244 te
2790 1188 2963 1260 (Psal.
3010 1203 3129 1251 Clit,
3161 1187 3239 1253 5).
3274 1186 3457 1241 Unde?
3488 1186 3602 1239 Non

2024 1286 2146 1355 quia
2182 1286 2319 1340 Deus
2351 1286 2506 1339 Pater
2533 1293 2744 1338 uterum
2770 1292 2826 1337 ut
2852 1282 3013 1334 homo
3044 1279 3257 1344 habeat,
3283 1278 3370 1348 qui
3401 1280 3602 1332 incom-

2026 1378 2403 1445 preliensibilis
2427 1384 2509 1430 est
2540 1393 2555 1429 :
2589 1374 2681 1429 sed
2706 1373 2825 1427 ideo
2868 1372 2985 1425 huic
3012 1370 3079 1424 de
3112 1368 3312 1425 nostris
3358 1369 3601 1436 exempla

2027 1468 2398 1533 introducens,
2424 1467 2727 1536 signiﬁcans
2749 1465 3101 1533 comparavit,
3129 1478 3220 1531 per
3248 1461 3385 1530 quod
3418 1462 3599 1513 nativi-

2024 1568 2186 1612 tatem
2221 1556 2340 1612 Filii
2385 1558 2466 1612 sui
2515 1574 2691 1612 veram
2727 1557 2793 1612 de
2826 1557 3117 1623 semetipso
3145 1553 3298 1608 nobis
3330 1554 3594 1621 prOpriattt

2023 1654 2340 1708 insinuaret.
2363 1652 2655 1707 Considera
2685 1666 2813 1721 ergo
2844 1652 2895 1704 in
2921 1650 3023 1704 hoe
3050 1650 3169 1703 loco
3197 1657 3250 1702 et
3277 1657 3353 1711 tu,
3378 1647 3593 1711 Ariane,

341 1757 460 1793 cum
496 1743 623 1809 ipsis
654 1742 957 1796 nominibus
987 1751 1041 1796 ct
1074 1750 1289 1794 naturas
1311 1755 1404 1808 per
1430 1740 1628 1807 gradus
1651 1740 1912 1810 singulos,
1952 1738 1994 1797 Β
2021 1746 2248 1815 qualiter
2276 1746 2347 1798 sit
2388 1746 2610 1799 dictum.
2644 1743 2891 1813 Nunquid
2926 1744 3011 1797 hic
3045 1742 3213 1796 iactus
3252 1750 3365 1808 est,
3412 1741 3500 1809 qui
3530 1742 3594 1793 de

342 1833 423 1885 vel
458 1847 549 1899 per
579 1833 795 1887 ordines
826 1833 1068 1887 diversos
1090 1832 1381 1900 distinguas
1402 1873 1417 1897 ,
1452 1840 1505 1885 ιιι
1537 1840 1644 1885 tres
1674 1840 1914 1895 naturas,

348 1925 627 1994 majorem,
650 1926 951 1979 inferiorem
984 1936 1031 1979 et
1059 1938 1311 1992 perquam
1337 1924 1597 1978 minorem
1621 1923 1915 1978 secundum

346 2018 560 2070 nomina
592 2031 934 2084 personarum
959 2030 1077 2070 esse
1104 2014 1269 2077 dicas,
1303 2016 1461 2083 212
1486 2023 1540 2067 ut
1569 2028 1662 2083 per
1686 2014 1795 2082 ipsa
1822 2028 1918 2066 no-

341 2108 482 2159 tnina
515 2106 878 2172 discrepantes
912 2115 965 2159 et
1008 2104 1336 2159 substantias
1363 2119 1483 2159 esse
1528 2104 1788 2172 assignes,
1819 2117 1916 2157 cur

341 2198 651 2264 erubescis,
681 2206 735 2252 et
770 2212 875 2251 non
905 2199 1044 2251 sicut
1082 2206 1267 2264 gentis
1312 2194 1502 2265 plurali
1547 2212 1771 2249 numero
1805 2205 1913 2251 tres

336 2289 603 2353 dominos,
630 2289 906 2357 majorem,
934 2288 1241 2342 infeiiorcm
1269 2296 1320 2341 et
1347 2301 1596 2356 perquam
1622 2288 1907 2352 minorem,

334 2389 520 2433 contra
554 2381 752 2433 uuitam
784 2396 962 2433 veram
987 2390 1227 2433 naturam
1257 2378 1459 2445 publica
1488 2393 1615 2432 voce
1645 2377 1909 2446 proﬁteris

336 2473 473 2523 circa
490 2470 730 2525 diversas
746 2471 823 2524 vel
843 2471 1083 2537 dispares
1100 2470 1424 2524 substantias
1438 2485 1559 2523 suas
1576 2471 1903 2525 consistere:

335 2570 394 2614 ut
416 2564 556 2615 soles
580 2564 813 2630 proﬁteri
846 2578 1030 2629 unum,
1069 2579 1249 2617 verum
1269 2606 1282 2627 ,
1311 2563 1716 2631 sempiternum,
1746 2562 1907 2616 inini-

336 2653 589 2716 tiabilem,
624 2654 875 2708 infectum
895 2672 908 2719 ;
932 2668 983 2708 et
1004 2656 1226 2709 alterum
1251 2657 1581 2721 initialiilem,
1612 2655 1677 2709 de
1700 2666 1903 2709 creatu-

339 2746 411 2798 ris
444 2746 770 2812 profectum;
800 2754 855 2800 et
882 2746 1095 2799 tertium
1123 2744 1193 2800 de
1224 2746 1510 2808 ministris,
1542 2746 1691 2814 quasi
1724 2745 1905 2813 subjew

332 2846 505 2901 ctum,
545 2844 597 2889 ut
628 2836 770 2890 Patri
804 2836 1269 2905 incomparabilem
1297 2877 1313 2903 ,
1365 2836 1444 2890 vel
1497 2835 1903 2889 inenarrabilem

334 2932 571 2982 ascribas
602 2944 616 2993 ;
643 2928 758 2983 Filii
782 2942 957 2984 autem
991 2944 1097 2998 pra:
1126 2931 1337 2984 caeteris
1358 2928 1423 2984 de
1451 2928 1653 2984 factura
1686 2928 1901 2998 ignobili

332 3020 707 3087 procedentem
729 3021 1081 3076 substantiam
1114 3022 1451 3077 demonstres
1480 3037 1495 3085 ;
1533 3021 1787 3089 Spiritum
1809 3020 1903 3074 ad-

2025 1844 2177 1889 utero
2222 1835 2534 1888 substant'a:
2573 1832 2745 1887 Patris
2794 1831 3228 1887 inenarrabiliter
3277 1838 3430 1883 natus
3476 1829 3594 1882 eet?

2019 1926 2267 1997 Nunquid
2301 1927 2387 1981 ltic
2408 1928 2577 1981 factus
2606 1934 2687 1980 est
2716 1925 2815 1993 quis
2843 1925 2920 1978 sic
2950 1919 3250 1988 unigenitus
3272 1919 3340 1971 ab
3368 1932 3594 1983 evange-

2018 2018 2135 2072 lista
2164 2017 2317 2072 nobis
2346 2016 2693 2071 annuntiaturi
2714 2022 2816 2077 est,
2839 2012 3051 2066 dicente
3075 2028 3088 2062 :
3113 2011 3213 2076 Qui
3234 2025 3334 2062 non
3361 2007 3519 2059 (redit
3541 2007 3591 2057 in

2016 2126 2149 2170 eum,
2174 2112 2287 2181 jam
2316 2107 2586 2179 judicatus
2616 2115 2723 2169 est,
2755 2104 2875 2174 quia
2908 2120 3007 2156 non
3049 2101 3261 2152 credidit
3288 2102 3339 2152 in
3383 2098 3585 2149 nomine

2012 2203 2257 2273 unigeniti
2294 2200 2413 2254 Filii
2445 2200 2539 2253 Dei
2577 2197 2753 2268 (Jonn.
2786 2212 2876 2260 ιιι,
2926 2193 3036 2264 18).
3065 2192 3169 2248 Sed
3200 2200 3252 2245 et
3274 2191 3323 2243 in
3359 2186 3589 2257 Epistula

2013 2307 2106 2346 εειει
2142 2294 2255 2346 base
2295 2292 2482 2345 eadem
2529 2290 2728 2343 indicat
2759 2304 2773 2341 :
2820 2285 2884 2340 Et
2931 2300 3104 2339 sumus
3126 2324 3141 2349 ,
3174 2281 3365 2348 inquit,
3397 2280 3447 2332 in
3478 2294 3591 2331 vero

2012 2383 2150 2438 Filio
2176 2384 2266 2437 Dei
2289 2381 2415 2436 Jesu
2433 2381 2657 2446 Christo,
2670 2381 2755 2448 qui
2777 2389 2847 2433 est
2868 2377 2988 2449 (ait)
3011 2392 3177 2437 verus,
3196 2384 3239 2427 et
3262 2373 3361 2425 vita
3378 2379 3586 2432 (eterna,

2010 2486 2058 2529 et
2084 2477 2386 2530 resurrectio
2416 2484 2588 2528 nostra
2618 2473 2664 2544 (Ι
2699 2472 2857 2526 Joatt.
2887 2486 2939 2535 v,
2969 2468 3083 2537 ΞΟ).
3136 2467 3269 2521 Ecce
3320 2464 3482 2517 Italirs
3528 2478 3590 2516 ea:

2012 2579 2179 2633 utero,
2204 2583 2330 2622 ecce
2348 2568 2399 2620 in
2422 2566 2681 2636 unigenito
2706 2563 2819 2629 Dei,
2839 2576 2963 2616 ecce
2982 2562 3031 2613 in
3055 2573 3169 2612 vero
3192 2554 3330 2609 Filio
3349 2553 3442 2607 Dei
3462 2551 3589 2605 Iesu

2010 2655 2232 2719 Christo,
2250 2657 2333 2725 qui
2357 2665 2429 2708 est
2450 2655 2567 2725 (ait)
2586 2670 2751 2718 verus,
2771 2662 2817 2705 et
2837 2653 2939 2705 vita
2968 2660 3183 2710 wterna,
3210 2654 3255 2700 et
3284 2655 3588 2697 resurrectio

2010 2759 2204 2817 nostra,
2225 2750 2360 2803 sicut
2380 2748 2495 2817 ipse
2519 2748 2772 2801 Dominus
2794 2745 2859 2798 de
2880 2758 2938 2797 se
2962 2750 3185 2796 testatus
3216 2748 3297 2792 est
3317 2754 3331 2787 ς
3350 2733 3458 2805 Ego
3476 2750 3587 2787 sum

2008 2844 2087 2897 via
2108 2885 2121 2908 ,
2152 2843 2333 2895 veritas
2378 2851 2423 2894 et
2452 2843 2550 2893 vita
2586 2838 2770 2905 \Joan.
2802 2842 2911 2902 χιιι,
2941 2835 3018 2904 6).
3057 2833 3121 2886 Et
3149 2830 3399 2886 similiter
3427 2827 3586 2881 Isaias

2010 2933 2345 3003 prophetavit
2375 2951 2385 2985 :
2420 2930 2762 2988 Servientibus
2790 2944 2906 2981 vero
2949 2924 3074 2978 milii
3102 2920 3362 2976 vocabitur
3407 2933 3586 2970 nomen

2008 3042 2213 3089 novum,
2244 3026 2379 3093 quod
2419 3024 2739 3077 benedicetur
2767 3035 2921 3088 super
2948 3034 3147 3072 omnem
3176 3027 3380 3070 terram.
3408 3011 3471 3063 Et
3502 3010 3583 3063 le-

330 3127 479 3182 teque
493 3121 735 3169 sanctum
757 3113 823 3167 de
846 3113 1104 3167 ministris
1121 3113 1323 3181 angelis
1348 3114 1631 3167 habentem
1655 3113 1877 3167 substan
1929 3092 1972 3151 C
2008 3118 2234 3171 nedicent
2259 3092 2438 3169 Deum
2477 3130 2645 3167 uerum
2680 3130 2698 3177 ;
2725 3121 2772 3166 et
2800 3111 2889 3181 qui
2918 3117 3033 3163 sunt
3064 3122 3216 3175 super
3248 3113 3462 3166 terram,
3486 3104 3581 3171 ju-

333 3204 460 3257 tiam
489 3204 691 3259 indices
716 3205 737 3257 ?
767 3205 918 3259 Unde
940 3204 1005 3258 ad
1039 3205 1138 3258 hoc
1168 3215 1501 3259 revertamur
1524 3247 1538 3273 ,
1572 3206 1636 3258 de
1663 3221 1769 3274 quo
1811 3218 1903 3273 per

330 3294 563 3363 singulas
592 3308 852 3362 personas
881 3295 1126 3363 superius
1173 3295 1552 3349 tractabanius.
1608 3296 1711 3350 Sed
1756 3303 1810 3350 et
1857 3294 1902 3348 si

329 3384 559 3452 Spiritus
590 3384 881 3438 Paraclitus
932 3385 985 3439 in
1028 3400 1126 3438 suo
1155 3385 1369 3440 nomine
1400 3396 1602 3439 tantum
1632 3386 1901 3453 venisset,

330 3476 469 3547 quod
494 3476 689 3533 dicitur
717 3478 944 3546 Spiritus
976 3478 1286 3541 Paraclitus,
1318 3488 1369 3533 et
1400 3494 1503 3531 non
1528 3477 1581 3531 in
1609 3479 1751 3531 unita
1778 3481 1903 3533 sub-

329 3572 522 3625 stantia
547 3571 715 3625 Patris
744 3582 793 3625 et
824 3571 1123 3640 Filii,quod
1140 3572 1443 3625 nominatur
1460 3570 1599 3626 Dens
1619 3572 1753 3639 .jant
1782 3587 1904 3640 pro-

330 3665 500 3731 prium
529 3677 723 3717 nomen
746 3662 862 3731 ejus
895 3664 947 3718 in
978 3676 1203 3731 persona
1236 3677 1355 3717 esse
1385 3663 1680 3727 videretur,
1713 3673 1767 3718 et
1797 3678 1901 3715 non

330 3756 620 3810 secundum
649 3756 849 3809 unitam
893 3762 1135 3809 naturam
1163 3754 1373 3808 deitatis
1416 3754 1467 3807 in
1522 3754 1794 3823 utrisque,
1846 3764 1903 3807 ut

332 3857 536 3901 tantum
566 3849 935 3917 unusquisque
967 3847 1180 3901 nomina
1208 3846 1411 3916 singula
1445 3848 1495 3901 in
1527 3847 1768 3915 personis
1795 3847 1904 3900 suis

329 3938 628 3993 ostenderet
641 3938 873 4006 ,deitatis
885 3946 1060 3991 autem
1077 3939 1278 3991 unitum
1293 3953 1482 3992 nomen
1503 3954 1605 3991 non
1622 3938 1903 3992 indicaret.

335 4028 501 4082 Porro
532 4029 582 4082 in
610 4030 709 4083 hoc
729 4031 877 4083 unito
908 4028 1125 4083 nomine
1146 4029 1358 4083 deitatis
1383 4028 1551 4083 Patris
1581 4031 1723 4083 venit
1750 4044 1906 4084 verus

332 4118 518 4184 Filius,
546 4120 599 4173 in
622 4135 728 4189 quo
751 4120 946 4174 dicitur
973 4121 1138 4183 Deus,
1174 4120 1225 4173 in
1262 4134 1367 4188 quo
1410 4121 1671 4173 claritatis
1711 4135 1902 4174 nomen

330 4221 410 4264 est
431 4226 551 4266 cum
574 4211 749 4265 Patre.
778 4212 834 4266 In
871 4210 1022 4279 cujus
1050 4218 1253 4265 natura:
1282 4210 1497 4264 nomine
1524 4211 1669 4264 venit
1697 4219 1749 4265 et
1780 4211 1904 4278 Spi-

330 4303 465 4357 ritus
488 4303 779 4357 Paraclitus
803 4343 819 4370 ,
849 4304 973 4371 quia
1004 4304 1056 4356 in
1087 4303 1186 4357 hac
1216 4304 1325 4371 ipsa
1354 4312 1694 4357 sacrosancta
1723 4302 1905 4356 Trini-

330 4404 439 4450 tate
468 4394 569 4449 hoc
597 4410 788 4449 nomen
818 4394 1260 4458 substantialiter,
1290 4395 1404 4449 sive
1433 4397 1606 4449 uniter
1627 4394 1903 4457 consistit,

327 4488 465 4540 sicut
492 4486 734 4553 superius
762 4486 1006 4553 praedixi,
1034 4486 1187 4540 Patre
1214 4486 1281 4539 de
1304 4485 1440 4539 Filio
1473 4501 1571 4539 suo
1601 4486 1900 4539 indicante:

333 4578 531 4633 Nomen
559 4596 720 4632 meum
739 4589 815 4633 est
839 4580 891 4633 in
916 4580 1004 4632 illo
1032 4579 1223 4648 (Fxod.
1248 4594 1394 4642 χχιιι,
1417 4578 1531 4647 2|).
1556 4579 1618 4632 Et
1636 4578 1770 4632 Filio
1793 4579 1906 4632 haec

328 4671 468 4725 dicta
497 4671 849 4725 eonﬁrmante
883 4688 895 4723 :
930 4669 1042 4738 Ego
1064 4671 1174 4723 veni
1200 4672 1251 4722 in
1281 4671 1483 4723 nomine
1508 4669 1680 4724 Patris
1703 4671 1832 4733 mei,
1860 4680 1906 4723 et

330 4778 433 4815 non
456 4777 532 4814 me
552 4762 809 4832 recepistis
834 4777 851 4825 ;
895 4778 1010 4815 cum
1038 4771 1206 4814 autent
1233 4762 1367 4814 alius
1404 4762 1592 4815 venerit
1620 4760 1671 4813 in
1705 4762 1906 4814 nomine

327 4866 440 4913 suo,
486 4866 599 4903 eum
628 4850 879 4919 recipietis
929 4849 1107 4918 (Joan.
1156 4866 1207 4912 v,
1236 4849 1348 4919 45).
1384 4848 1488 4905 Sed
1529 4859 1581 4904 et
1606 4849 1673 4903 de
1704 4849 1905 4917 Spiritu

327 4949 512 4993 sancto
527 4940 643 5008 ipso
670 4954 880 4993 rursum
903 4950 1178 5008 repetente
1202 4958 1213 4993 :
1238 4941 1399 5005 Quem
1415 4942 1569 4993 mittet
1591 4939 1746 4994 Pater
1768 4956 1907 4995 meas

325 5033 379 5082 in
407 5030 609 5083 nomine
649 5046 756 5084 meo
787 5028 969 5099 (Joan.
1006 5047 1125 5096 xiv,
1154 5032 1267 5102 26).
1307 5031 1374 5086 Ει
1400 5032 1654 5102 deinceps
1684 5048 1805 5086 eum
1840 5033 1908 5087 de

328 5125 543 5178 nomine
564 5139 662 5177 suo
684 5123 806 5178 audi
829 5124 1118 5192 discipulos
1162 5126 1465 5180 hortantem
1496 5142 1508 5178 :
1544 5126 1731 5179 Omnia
1764 5141 1906 5194 quie-

327 5230 521 5284 cunque
545 5218 788 5285 petieritis
825 5234 858 5271 a
898 5216 1053 5272 Patre
1090 5219 1143 5271 in
1184 5220 1387 5272 nomine
1429 5236 1570 5285 meo,
1604 5220 1740 5271 dabit
1772 5218 1907 5272 vobis

328 5307 509 5377 (Joan.
543 5325 666 5375 xvi,
694 5310 810 5381 '23).
844 5310 951 5367 Sed
990 5311 1288 5379 apostolum
1331 5310 1553 5363 Paulum
1591 5310 1782 5364 eadem
1830 5320 1908 5362 te-

328 5414 557 5457 stantem
585 5422 599 5457 :
630 5404 734 5459 Sed
773 5403 934 5456 abluti
979 5404 1097 5457 estis
1122 5444 1137 5467 ,
1169 5403 1258 5455 sed
1288 5401 1591 5468 sanctiﬁcati
1620 5402 1740 5453 estis
1769 5442 1782 5465 ,
1817 5401 1908 5452 sed

327 5494 593 5563 justi/icati
631 5496 750 5549 estis
792 5496 843 5548 in
872 5496 1075 5548 nomine
1101 5492 1307 5545 Domini
1353 5492 1513 5544 nostri
1538 5492 1664 5543 Jesu
1694 5490 1903 5555 Christi,

330 5597 375 5639 et
404 5586 602 5652 Spiritu
630 5587 723 5641 Dei
750 5589 907 5642 nostri
937 5585 990 5645 (I
1013 5586 1128 5641 Cor.
1163 5601 1209 5640 γι
1230 5628 1242 5649 ,
1270 5586 1375 5653 Η).
1403 5585 1535 5639 Attdi
1559 5593 1610 5637 rt
1634 5584 1820 5638 Isaiam
1844 5586 1909 5639 de

334 5681 479 5734 unito
532 5680 743 5737 nomine
791 5681 976 5750 gloriae
1019 5683 1186 5737 sancti
1226 5679 1454 5750 Spiritus
1489 5678 1855 5734 declarantem
1892 5697 1901 5731 :

2006 3211 2191 3265 rabunt
2233 3228 2321 3278 per
2363 3207 2529 3263 Deum
2567 3209 2729 3261 uiuum
2761 3223 2780 3261 :
2815 3205 3168 3259 obliviscentur
3204 3199 3580 3254 tribulationem

2006 3304 2292 3371 pristinam,
2336 3316 2423 3353 nec
2450 3300 2683 3352 ascendet
2726 3300 2777 3350 in
2805 3314 2893 3349 cor
2917 3310 3093 3348 eorum
3123 3291 3272 3362 (Isai.
3306 3306 3427 3357 va,
3461 3287 3573 3357 15).

2015 3395 2168 3447 Vides
2228 3408 2421 3448 nomen
2458 3407 2654 3446 novum
2687 3404 2805 3444 esse
2833 3387 3281 3447 Christianorum,
3314 3380 3453 3450 quod
3485 3380 3579 3433 be-

2007 3484 2271 3539 nedicitur
2291 3500 2451 3551 super
2483 3492 2678 3537 terram
2707 3496 2737 3534 a
2777 3480 3021 3534 Domino.
3054 3477 3185 3531 Nam
3225 3476 3325 3543 ipsi
3365 3471 3582 3526 benedi-

2005 3585 2134 3629 cunt
2165 3575 2327 3627 Deum
2356 3589 2562 3637 verum,
2592 3573 2798 3627 Patrem
2852 3579 2907 3625 et.
2936 3569 3152 3634 Filium,
3186 3567 3293 3620 imo
3333 3574 3386 3619 et
3411 3563 3579 3631 Spiri-

2007 3676 2114 3718 tum
2146 3676 2384 3719 sanctum
2414 3683 2423 3716 :
2456 3675 2507 3718 et
2539 3663 2795 3733 jurabunt
2834 3676 2929 3729 per
2957 3661 3123 3714 Deum
3158 3659 3358 3709 vivum.
3394 3654 3457 3707 Et
3491 3654 3580 3721 ju-

2008 3757 2217 3823 ra'nnnt,
2250 3757 2339 3817 ait,
2373 3770 2464 3822 per
2498 3756 2663 3808 Deum
2690 3768 2898 3817 verum,
2922 3751 3062 3819 quod
3092 3758 3172 3802 est
3196 3746 3447 3801 divinitus
3470 3745 3580 3797 titti-

2008 3856 2115 3898 tum
2136 3861 2347 3900 nomen.
2370 3846 2534 3915 Rogo,
2557 3859 2672 3913 qnzn
2692 3852 2773 3897 est
2797 3851 2941 3895 tanta
2969 3838 3337 3893 hmreticorum
3356 3836 3577 3889 demen-

2009 3941 2097 3998 tia.
2124 3952 2304 3989 verum
2342 3934 2529 3988 Filium
2549 3943 2844 3989 creatorem
2864 3931 3082 3986 factura:
3100 3944 3209 3982 sua:
3235 3922 3579 3995 comparare?

2008 4033 2112 4083 Aut
2139 4045 2256 4098 qum
2282 4030 2494 4082 caecitas
2518 4036 2659 4081 tanta
2693 4034 2796 4091 est,
2822 4034 3021 4079 tantam
3051 4022 3288 4077 veritatis
3312 4018 3580 4088 probatio-

2009 4134 2128 4173 nem
2175 4118 2321 4173 falsis
2369 4118 2693 4187 argumnntis
2724 4113 3138 4185 blasphemare?
3182 4111 3306 4165 dum
3338 4107 3581 4163 centurio

2007 4212 2181 4265 adhuc
2194 4210 2405 4272 gentilis
2422 4210 2581 4263 homo
2592 4210 2659 4263 ad
2683 4219 2824 4261 tuam
2848 4205 3215 4261 confusionem
3234 4200 3579 4255 indicaverit:

2016 4303 2145 4358 Vere
2173 4303 2340 4357 Filius
2373 4303 2462 4356 Dei
2507 4312 2613 4357 erat
2646 4303 2739 4355 iste
2792 4299 3004 4371 (.llatth.
3034 4312 3206 4360 xxvu;
3248 4294 3412 4347 Marc.
3466 4289 3581 4359 xv).

2081 4396 2441 4467 Interrogatio.
2476 4396 2536 4448 Et
2559 4392 3004 4463 quemadmodum
3032 4390 3238 4444 unitum
3276 4399 3468 4440 nomen
3500 4392 3582 4437 est

2010 4492 2063 4544 in
2112 4501 2296 4543 natura
2344 4489 2654 4554 divinitatis,
2702 4488 2826 4541 dum
2854 4484 2990 4539 alter
3020 4483 3071 4536 in
3100 4479 3320 4535 alterius
3363 4476 3583 4531 nomine

2009 4585 2220 4637 venisse
2252 4582 2493 4636 videatur
2513 4583 2535 4633 ἱ)

2081 4672 2242 4745 214
2267 4673 2563 4739 Responsio.
2594 4671 2731 4725 Vere
2760 4682 2965 4722 veneno
2990 4662 3319 4719 suntinl'ecta
3335 4657 3584 4714 subtilius

2011 4782 2132 4820 eum
2151 4766 2273 4819 dolo
2296 4764 2409 4818 haec
2429 4764 2617 4817 obtusa
2639 4760 2797 4815 corda
2821 4756 3199 4827 interrogantis
3216 4762 3376 4821 atque
3399 4750 3585 4804 delen-

2012 4857 2205 4911 dentis.
2240 4855 2426 4909 Procul
2459 4853 2620 4907 dubio
2648 4852 2697 4903 in
2732 4854 2830 4903 hoc
2869 4864 2998 4903 sane
3026 4848 3162 4900 alins
3209 4854 3291 4898 est
3330 4842 3483 4896 Pater
3530 4838 3582 4892 ιιι

2010 4962 2235 5017 persona
2262 4947 2348 5014 qui
2379 4961 2499 4999 vere
2526 4944 2739 5013 genuit;
2772 4953 2827 4997 et
2867 4945 2917 4996 in
2964 4941 3063 4994 boe
3100 4940 3235 4992 alter
3257 4945 3337 4990 est
3361 4933 3527 4987 Filius
3553 4945 3582 4981 a

2011 5041 2167 5095 Patre
2197 5040 2247 5091 itt
2280 5051 2502 5106 persona
2533 5036 2621 5104 qui
2652 5049 2775 5089 vere
2789 5034 2857 5088 ab
2877 5047 2943 5087 eo
2965 5031 3174 5100 genitus
3195 5036 3299 5081 est.
3325 5023 3429 5078 Sed
3452 5030 3508 5075 et
3532 5021 3585 5074 in

2013 5134 2113 5187 hoc
2141 5132 2276 5184 alius
2298 5138 2382 5184 est
2416 5129 2467 5182 itt
2499 5143 2725 5196 persona
2755 5129 2987 5191 Spiritus
3018 5125 3105 5176 hic
3136 5116 3449 5190 principalis
3482 5114 3583 5168 Pa-

2010 5223 2249 5282 raclitus,
2273 5221 2363 5289 qui
2386 5221 2437 5274 itt
2460 5219 2775 5273 Pentecoste
2798 5218 2847 5269 in
2872 5215 3141 5282 apostolos
3162 5211 3365 5265 elfusus
3386 5216 3487 5261 est.
3520 5205 3584 5259 Et

1970 5340 1971 5343 η
2011 5312 2130 5367 ideo
2163 5311 2277 5365 haec
2315 5310 2583 5379 sigillatim
2626 5308 2764 5362 dicta
2807 5310 3109 5363 memento,
3144 5298 3447 5355 ut-uomina
3480 5295 3583 5349 εἰη-

2009 5404 2132 5472 gula
2167 5404 2219 5455 in
2251 5403 2494 5470 personis
2536 5415 2656 5455 esse
2685 5398 2953 5453 disdticta.
2992 5395 3152 5449 Vides
3193 5392 3315 5462 quia
3352 5391 3486 5443 alter
3516 5389 3589 5442 ab

2010 5495 2200 5555 altero,
2229 5493 2340 5546 sive
2370 5493 2504 5546 alius
2534 5492 2599 5545 ab
2623 5491 2749 5557 alio,
2784 5490 2836 5541 in
2866 5502 3090 5556 persona
3127 5494 3328 5537 tantum
3361 5480 3542 5535 diliert
3570 5519 3587 5540 ,

2011 5597 2063 5641 et
2120 5602 2222 5639 non
2277 5586 2327 5637 in
2375 5583 2703 5651 plenitudine
2738 5580 3033 5634 divinitatis
3080 5576 3245 5636 usite,
3302 5572 3437 5625 sicut
3475 5571 3592 5634 ipse

1976 5730 1977 5733 η
2015 5676 2266 5733 Dominus
2296 5677 2403 5731 ait:
2439 5674 2581 5730 Alius
2610 5683 2683 5731 est
2709 5665 3405 5747 qthestimouiumperhibet
3439 5664 3585 5730 mihi,
