3958 6176
257 286 360 344 ιιιει

1470 284 1553 339 DE
1593 283 1959 340 TRINITATE
1996 282 2127 338 LIB.
2172 282 2232 339 ll.

3397 294 3505 348 250

251 406 338 470 qui
366 420 446 457 me
469 403 605 456 misit
635 399 791 456 Pater
822 401 1000 472 (Joan.
1031 416 1059 454 v
1083 444 1098 466 ,
1151 401 1259 467 δέ).
1291 399 1395 455 Sed
1420 412 1472 455 et
1499 402 1603 454 alio
1633 402 1682 454 in
1707 400 1825 454 loco
1935 402 2035 454 hoc
2085 417 2278 456 nomen
2334 403 2509 457 uniter
2543 401 2957 458 ltonorilicatum
2990 405 3257 461 invenitur
3283 423 3404 462 esse
3450 415 3499 461 in

256 498 394 549 idem
429 500 541 564 ipse
575 508 863 564 personam
886 493 1055 547 sancti
1084 492 1317 560 Spiritus
1347 493 1583 547 iudieat:
1619 494 1828 562 Rogabo

254 586 462 639 Patrem
487 602 672 649 meum,
696 593 743 637 et
774 585 935 637 alium
962 582 1280 636 Paraclitum
1305 584 1461 637 mittet
1485 584 1620 636 vobis
1646 582 1826 653 (Joan.

254 695 363 747 ειν,
399 680 509 746 16).
542 678 690 732 Scito
717 676 877 729 alium
898 675 964 729 ab
985 675 1115 739 alio,
1146 675 1261 728 sive
1314 674 1540 729 alterum
1567 675 1633 726 ab
1659 675 1827 727 altero

249 770 297 823 in
331 784 563 839 persona
595 777 799 821 tantum
833 766 1073 831 differre,
1105 777 1159 820 et
1189 781 1293 819 non
1323 767 1375 819 in
1410 766 1555 819 unita
1586 766 1819 834 plenitu-

247 860 372 915 dine
413 859 712 914 divinitatis
744 859 895 911 usiae.
922 855 1053 910 Nam
1075 854 1119 909 si
1154 856 1443 910 secundum
1474 855 1684 908 nomina
1711 857 1824 908 sin-

244 952 363 1021 gula
401 963 755 1019 personarum
800 948 935 1000 alter
964 947 1031 999 ab
1058 946 1227 1000 altero
1258 946 1373 999 sine
1401 944 1564 999 dubio
1593 943 1693 999 dici
1726 958 1824 1012 po-

247 1050 368 1105 test,
402 1039 646 1110 nunquid
675 1038 755 1092 sic
777 1046 830 1091 et
854 1038 904 1091 in
934 1036 1079 1090 unita
1104 1036 1302 1090 deitate
1322 1036 1457 1090 alter
1480 1036 1623 1090 Deus
1651 1042 1823 1103 potest

248 1130 587 1199 pronuntiari
620 1129 800 1191 Pater,
830 1128 980 1196 quasi
1013 1126 1084 1179 sit
1112 1127 1163 1181 in
1198 1135 1384 1180 natura
1414 1126 1655 1181 diversus
1685 1141 1714 1179 a
1737 1128 1825 1182 Fi-

246 1223 347 1283 lio;
379 1227 435 1273 et
464 1218 601 1274 alter
622 1218 764 1273 Deus
786 1226 965 1286 potest
993 1216 1098 1270 dici
1128 1215 1293 1269 Filius
1320 1230 1349 1268 a
1370 1216 1544 1279 Patre,
1577 1218 1727 1285 quasi
1754 1219 1823 1271 sit

245 1315 291 1365 in
318 1311 529 1365 deitate
553 1310 727 1373 alter;
762 1318 815 1362 et
850 1308 987 1361 alius
1016 1306 1155 1361 Deus
1186 1314 1360 1374 potest
1392 1305 1624 1373 proﬁteri
1653 1306 1821 1373 Spiri-

248 1414 327 1456 tus
355 1410 602 1468 sanctus,
631 1400 781 1468 quasi
804 1398 873 1452 sit
903 1398 955 1451 in
990 1396 1289 1451 substantia
1315 1396 1653 1465 discrepante
1675 1413 1700 1448 a
1724 1397 1821 1450 Pa-

244 1504 323 1546 tre
373 1500 428 1547 et
450 1506 481 1544 a
506 1490 684 1545 Filio?
710 1490 893 1543 Absit:
925 1487 1050 1542 dum
1075 1488 1281 1541 unitum
1311 1501 1507 1541 nomen
1536 1487 1605 1540 sit
1635 1488 1686 1541 in
1718 1502 1819 1540 una

244 1600 365 1639 vera
398 1593 615 1646 natura,
645 1597 706 1635 ac
738 1596 834 1650 per
857 1582 958 1634 hoc
989 1594 1124 1634 unus
1152 1592 1313 1633 verus
1342 1588 1423 1633 est
1447 1579 1607 1633 Deus.

308 1674 682 1744 Interrogatio.
728 1672 795 1725 Et
831 1669 1099 1740 quomodo
1136 1670 1188 1723 in
1221 1669 1523 1725 nominibus
1562 1683 1819 1738 persona-

1931 493 2217 561 gentibus?
2243 494 2377 546 sicut
2410 508 2679 562 pra-sagus
2704 496 2934 562 Spiritus
2964 509 3179 551 sanctus
3212 514 3301 566 per
3342 499 3502 552 Mala-

1929 583 2102 636 chiam
2136 584 2448 650 prepltctam
2492 592 2713 637 testatur
2743 601 2756 637 :
2785 586 2918 651 Quia
2958 604 3196 656 magnum
3223 598 3291 639 est
3322 604 3500 639 nanum

1929 690 2093 726 meum
2131 674 2182 726 in
2232 676 2463 743 gentibus
2490 715 2505 738 ,
2539 676 2660 727 dicit
2715 675 2961 730 Dominus
3000 677 3131 730 Deus
3186 679 3499 747 onmipotcns

1927 762 2150 829 (Maior.
2183 779 2219 828 ι,
2252 756 2363 833 Η),
2396 764 2545 830 Quod
2569 764 2801 819 Joannes
2833 765 3064 833 Baptista
3088 767 3353 819 absolvit:
3388 768 3496 834 Ιίῖυο

1926 858 2133 927 quidem
2162 873 2245 911 vos
2287 858 2491 925 baptizo
2521 857 2571 909 in
2601 874 2733 925 aqua
2766 858 3103 924 paenitentiae,
3148 867 3257 923 post
3290 874 3367 910 me
3396 876 3495 909 an-

1926 960 2025 1002 tem
2070 951 2229 1002 veniet
2276 955 2365 1019 qui
2396 966 2482 1003 vos
2522 950 2792 1018 baptizabit
2840 948 3038 1019 Spiritu
3086 958 3261 1002 sancto
3306 962 3349 1002 et
3383 952 3496 1018 igne

1924 1038 2138 1107 (Matth.
2173 1053 2249 1103 ιιι,
2277 1038 2385 1107 ιι).

1995 1126 2362 1194 Interrogatio.
2397 1127 2616 1182 Declara
2660 1126 2791 1181 mihi
2828 1128 2871 1181 si
2903 1143 3095 1181 nomen
3125 1129 3297 1182 Patris
3320 1138 3400 1182 est
3433 1130 3485 1181 in

1921 1217 2057 1273 Filio
2078 1230 2130 1272 et
2154 1220 2203 1270 in
2232 1218 2430 1279 Spiritu
2461 1227 2667 1272 sancto.

1996 1309 2296 1378 Responsio.
2332 1307 2448 1361 Jam
2484 1308 2793 1377 frequenter
2823 1307 2891 1362 de
2919 1309 3238 1361 auctoritate
3259 1306 3493 1374 Scriptu-

1919 1415 2099 1454 rarum
2135 1400 2226 1452 tibi
2257 1408 2531 1453 ostensum
2564 1410 2669 1463 est,
2711 1401 2871 1453 Deum
2905 1400 3115 1452 Patrem
3150 1414 3242 1466 per
3283 1398 3493 1465 legisla-

1920 1499 2087 1544 torem
2118 1489 2319 1545 Mosem
2365 1498 2649 1543 testatum:
2695 1488 2805 1560 Ego
2845 1500 3012 1542 autem
3046 1487 3293 1541 Dominus
3334 1490 3492 1553 Deus,

1922 1582 2018 1634 hoc
2046 1592 2118 1635 est
2157 1598 2338 1635 nomen
2369 1598 2535 1634 nteant
2582 1582 2877 1634 memorial:
2925 1581 3286 1647 sempiternum
3320 1581 3370 1632 in
3401 1598 3492 1650 ge.

1918 1676 2209 1727 nerationcs
2229 1682 2273 1726 et
2293 1675 2554 1743 progenies
2577 1673 2772 1742 (Exod.
2807 1690 2893 1735 ιιι,
2926 1673 3035 1741 15).
3071 1673 3142 1727 De
3169 1673 3286 1726 Filii
3310 1682 3489 1726 autem

239 1782 354 1819 rum
380 1781 546 1819 unum
570 1764 638 1818 de
663 1777 772 1817 uno
792 1804 807 1828 ,
843 1770 935 1815 aut
968 1761 1195 1815 alterum
1225 1760 1293 1815 de
1322 1760 1492 1814 altero
1511 1750 1541 1826 ,’
1571 1758 1673 1815 hoc
1710 1768 1811 1824 est,
1847 1753 1892 1813 B
1922 1780 2144 1833 persona
2173 1768 2249 1819 sic
2277 1767 2379 1819 ait:
2418 1765 2620 1819 Nomen
2643 1784 2808 1819 meum
2834 1776 2907 1819 est
2928 1767 2977 1819 in
3005 1767 3093 1819 illo
3120 1764 3309 1829 (Exod.
3335 1780 3488 1827 χχιιι,

242 1854 431 1908 Filium
463 1855 533 1910 de
562 1854 722 1908 Patre
750 1866 869 1906 esse
897 1850 1164 1919 signiﬁcas
1184 1851 1209 1903 Ἰ

310 1944 618 2010 Responsio.
668 1943 881 2010 Ignoras
923 1956 1084 1994 unum
1132 1940 1342 1995 Patrem
1413 1939 1480 1995 de
1526 1941 1815 2011 semetipso

240 2036 489 2103 genuisse
519 2032 755 2087 Filium?
786 2031 917 2098 Quia
944 2046 1101 2085 nemo
1127 2030 1446 2098 sibimetipsi
1483 2040 1633 2099 pater
1662 2044 1814 2101 pater

238 2134 334 2176 est.
364 2124 429 2177 Et
463 2123 586 2191 quis
616 2119 929 2188 sibimetipSi
972 2121 1110 2174 ﬁlius
1140 2121 1281 2173 titius
1322 2120 1447 2175 est?
1482 2120 1615 2174 Dum
1660 2122 1815 2176 Pater

240 2231 339 2269 non
368 2216 439 2269 sit
459 2214 694 2282 genitus,
718 2221 770 2266 et
795 2213 956 2266 Filius
979 2226 1082 2265 non
1106 2212 1176 2267 sit
1202 2212 1470 2279 ingenitus
1495 2227 1508 2275 ;
1537 2212 1631 2266 sed
1658 2213 1812 2280 plane

238 2304 392 2358 Pater
423 2304 545 2358 Filii
577 2311 662 2359 est
693 2317 849 2371 quem
889 2301 1090 2370 genuit,
1113 2311 1167 2355 et
1198 2300 1359 2354 Filius
1388 2310 1470 2355 est
1498 2302 1691 2367 Patris,
1721 2302 1810 2370 qui

238 2408 363 2450 vere
402 2396 471 2449 de
497 2395 616 2463 ipso
640 2394 852 2463 genitus
874 2402 975 2446 est.
1007 2395 1342 2460 Quapropter
1369 2407 1473 2445 non
1507 2402 1564 2445 ut
1592 2392 1809 2459 quidam

236 2486 412 2539 solent
438 2483 875 2552 blasphemantes
902 2485 951 2535 in
981 2481 1317 2535 confessione
1339 2481 1678 2537 introducere
1704 2483 1810 2537 duo

237 2592 341 2629 non
371 2586 493 2629 nata
521 2574 805 2643 principia.
830 2585 884 2629 ut
912 2582 964 2627 et
1003 2572 1056 2626 in
1090 2581 1201 2627 toto
1234 2586 1333 2626 nec
1360 2572 1570 2627 Patrem
1601 2589 1808 2641 verum,

236 2684 334 2721 nec
362 2667 552 2721 Filium
592 2664 971 2735 proﬁteantur:
1011 2663 1135 2717 dum
1170 2663 1329 2717 Pater
1357 2664 1475 2718 sine
1517 2664 1653 2718 Filio
1693 2680 1807 2719 om-

233 2761 360 2811 nino
387 2757 491 2811 dici
523 2772 628 2812 non
661 2757 863 2825 possit;
892 2756 1013 2826 quia
1047 2771 1184 2809 unus
1206 2756 1271 2811 de
1298 2771 1424 2821 uno,
1452 2756 1501 2810 id
1528 2767 1611 2810 est
1645 2755 1809 2813 Filius

232 2852 297 2903 tle
322 2849 479 2903 Patre
505 2856 590 2902 est
613 2863 628 2913 ;
659 2856 711 2901 et
732 2862 868 2901 unus
893 2848 942 2900 in
968 2862 1071 2900 uno
1100 2845 1259 2901 Pater
1290 2848 1340 2899 in
1365 2846 1499 2901 Filio
1521 2858 1622 2914 est,
1650 2858 1704 2902 et
1730 2848 1812 2902 Fi-

231 2940 334 2993 lius
366 2941 417 2992 in
447 2940 607 2993 Patre
637 2947 737 2993 est.
766 2938 879 3003 Qua
916 2938 981 2991 de
1011 2952 1068 2991 re
1096 2937 1232 2991 alter
1266 2946 1347 2991 est
1375 2936 1428 2990 in
1461 2952 1689 3005 perSuna
1718 2938 1808 3007 qui

231 3047 361 3086 vere
398 3030 832 3085 inenarrabiliter
865 3030 1064 3099 genuit,
1102 3035 1155 3083 et
1190 3030 1326 3082 alius
1349 3029 1572 3099 aquue
1604 3031 1655 3085 in
1687 3046 1808 3101 per-

1919 1857 2035 1925 21).
2060 1856 2125 1910 Ει
2146 1857 2251 1910 alio
2273 1857 2323 1908 in
2355 1857 2474 1909 loco
2503 1857 2642 1910 idem
2674 1858 2786 1924 ipse
2814 1855 2967 1909 Pater
2991 1856 3219 1924 repetit:
3257 1855 3367 1924 Ego
3386 1856 3490 1908 Do-

1916 1948 2081 2000 minus
2099 1946 2342 2007 Deus,aui
2363 1962 2478 1999 t‘OCO
2504 1963 2683 1999 nomrn
2708 1955 2845 1997 tuum
2874 1945 3007 1997 Deus
3030 1944 3192 1998 Israel
3211 1942 3342 2013 (lsa.
3367 1960 3489 2013 XLV,

1912 2037 2004 2106 '5);
2036 2038 2173 2106 quod
2221 2038 2335 2105 ipse
2369 2036 2535 2091 Filius
2579 2036 2913 2090 Conﬂt‘mavil
2960 2036 3119 2106 216
3140 2035 3351 2088 dicens:
3385 2035 3491 2104 Ego

1913 2130 2026 2180 veni
2066 2129 2117 2180 in
2149 2128 2348 2180 nomine
2376 2127 2545 2180 Patris
2574 2129 2693 2190 ntei,
2724 2137 2769 2179 et
2792 2144 2890 2178 non
2920 2142 2997 2177 me
3026 2127 3283 2195 recepistis
3309 2124 3489 2195 (Joan.

1913 2232 1966 2282 v,
1999 2217 2111 2286 45).
2145 2219 2209 2272 Ει
2236 2218 2393 2272 David
2421 2218 2485 2271 ad
2530 2218 2640 2270 haec
2671 2219 2781 2271 ait:
2825 2216 3127 2270 Benedictus
3154 2218 3240 2285 qui
3270 2206 3402 2269 uenit
3437 2218 3490 2269 in

1914 2309 2113 2362 nomine
2155 2308 2357 2363 Domini
2387 2308 2559 2378 (Psal.
2583 2324 2750 2373 exvit,
2784 2308 2899 2374 26).
2926 2308 3055 2361 Nam
3084 2317 3138 2361 et
3167 2308 3234 2361 de
3264 2323 3488 2376 persona

1911 2400 2140 2469 Spiritus
2189 2400 2361 2453 sancti
2414 2400 2578 2453 Filius
2625 2408 2846 2453 testatus
2894 2408 2997 2462 est,
3048 2399 3271 2453 dicens:
3329 2399 3489 2463 Quem

1914 2493 2074 2545 mittet
2124 2491 2283 2545 Pater
2328 2491 2381 2543 in
2428 2491 2630 2543 nomine
2672 2506 2781 2543 meo
2810 2488 2988 2560 (Joan.
3025 2504 3135 2554 ιιιν,
3176 2488 3289 2556 26).
3330 2488 3489 2541 Vides

1915 2580 2106 2634 Filium
2158 2583 2207 2632 in
2260 2579 2360 2634 hoc
2411 2579 2625 2633 nomine
2670 2579 2879 2632 venisse
2920 2578 3058 2646 quod
3106 2586 3161 2631 et
3208 2578 3260 2630 in
3291 2574 3489 2629 deitate

1914 2672 2087 2727 Patris
2114 2674 2288 2725 uniter
2316 2685 2433 2725 esse
2476 2670 2805 2734 ostenditur;
2841 2677 2894 2721 et
2920 2668 3153 2737 Spiritus
3184 2677 3401 2721 sanctus
3433 2668 3485 2720 in

1912 2762 2013 2816 hoc
2046 2762 2258 2817 nomine
2284 2761 2496 2815 venisse
2522 2758 2800 2823 indicatur,
2837 2770 2888 2811 et
2920 2756 3068 2821 Filii;
3101 2754 3370 2825 apostolos
3392 2771 3488 2808 au-

1912 2864 2017 2908 tem
2065 2853 2259 2906 missos
2290 2850 2454 2904 fuisse
2501 2859 2553 2902 ut
2585 2850 2921 2912 baptizarent
2964 2861 3152 2899 omnes
3199 2854 3383 2915 gentes
3434 2847 3485 2899 in

1911 2945 2059 2997 unito
2089 2943 2169 2996 vel
2198 2942 2461 2997 communi
2494 2942 2709 2993 nomine
2733 2939 2968 3005 deitatis,
3001 2937 3143 3005 quod
3172 2945 3255 2991 est
3285 2946 3487 2989 uatum

1910 3035 2217 3098 invisibilis,
2254 3034 2424 3087 sancti
2454 3031 2720 3100 Spiritus,
2754 3032 2890 3085 sicut
2920 3031 3178 3099 scriptum
3212 3038 3331 3083 est:
3366 3028 3485 3082 No-

231 3135 361 3172 sana
393 3119 484 3188 qui
530 3121 598 3173 de
637 3120 752 3188 ipso
788 3128 939 3173 natus
967 3129 1067 3174 εει.
1099 3118 1237 3173 Sane
1273 3119 1444 3173 deitas
1470 3135 1653 3174 eovum
1676 3136 1798 3174 cum
1830 3106 1876 3167 C
1911 3126 1999 3180 lite
2025 3125 2325 3179 contristare
2354 3122 2607 3192 Spiritum
2644 3131 2876 3175 sanctum
2922 3120 3015 3173 Dei
3039 3161 3054 3183 ,
3092 3122 3143 3174 in
3170 3138 3267 3189 quo
3297 3121 3486 3189 signati

231 3215 296 3264 sit
326 3213 505 3273 unita,
533 3213 697 3281 215
724 3210 858 3265 alter
880 3210 964 3265 hic
993 3210 1130 3263 Dt-us
1151 3210 1219 3264 ab
1246 3210 1334 3263 illo
1357 3211 1463 3264 alio
1498 3210 1609 3265 Deo
1640 3212 1806 3265 verbo

232 3314 387 3358 tenus
411 3304 518 3358 dici
544 3320 649 3357 non
673 3311 863 3372 potest,
888 3303 1006 3373 quia
1033 3303 1233 3357 unitum
1258 3317 1447 3356 nomen
1466 3313 1547 3358 est
1567 3304 1681 3357 etin
1703 3305 1806 3373 plc-

234 3396 479 3451 nitudine
506 3396 819 3459 divinitatis,
850 3405 904 3450 et
941 3396 1062 3449 ideo
1090 3408 1226 3448 unus
1255 3402 1337 3448 est
1368 3394 1528 3449 Deus.
1582 3396 1721 3464 Ergo
1761 3397 1803 3450 si

233 3489 395 3542 Filius
426 3489 478 3541 in
513 3489 727 3542 nomine
764 3487 933 3541 Patris
953 3487 1128 3547 venit,
1170 3492 1225 3537 et
1254 3484 1485 3553 Spiritus
1513 3483 1807 3539 Paraclitus

233 3580 281 3631 in
323 3579 546 3633 nomine
599 3578 716 3632 Filii
761 3581 929 3644 venit,
970 3577 1107 3630 sicut
1133 3574 1298 3629 Filius
1340 3575 1407 3629 de
1452 3590 1516 3629 eo
1547 3584 1803 3630 testatur:

234 3670 395 3734 Quem
427 3667 588 3721 mittet
621 3666 778 3721 Pater
808 3666 860 3719 in
901 3666 1105 3719 nomine
1139 3681 1247 3717 meo
1282 3662 1462 3734 (Joan.
1513 3680 1622 3725 xiv,
1670 3665 1799 3733 26);

232 3772 336 3811 non
397 3757 497 3811 tibi
526 3757 736 3811 videtur
778 3756 897 3825 quia
924 3756 1116 3823 duplex
1154 3763 1207 3809 et
1238 3753 1321 3807 llic
1356 3755 1693 3807 contineatur
1724 3756 1805 3807 iu-

230 3850 501 3917 tellegtus,
533 3848 585 3901 id
608 3856 688 3902 est
710 3858 767 3901 ut
799 3847 850 3900 in
884 3846 1097 3899 nomine
1126 3860 1475 3914 personarum
1510 3853 1712 3899 tantum
1740 3849 1808 3899 sit

230 3943 525 4008 distinctio,
556 3942 609 3995 in
639 3941 835 3996 deitate
876 3950 1051 3995 autem
1083 3940 1224 3993 nulla
1253 3942 1321 3994 sit
1361 3939 1665 3994 discretio?

296 4033 680 4105 Interrogatio:
725 4034 788 4087 Et
818 4048 978 4101 quare
1018 4034 1069 4087 in
1110 4033 1323 4088 nomine
1352 4032 1596 4101 Spiritus
1636 4029 1805 4085 sancti

228 4141 385 4179 nemo
410 4127 625 4180 venisse
646 4126 951 4179 invenitur?
1655 4166 1668 4176 .

300 4219 592 4285 Responsio
615 4233 632 4269 :
666 4216 835 4270 Duces
858 4216 1008 4283 cmci,
1035 4230 1303 4284 nunquam
1336 4213 1438 4269 hoc
1465 4212 1800 4284 proverbium

225 4311 277 4363 in
309 4308 610 4377 Seripturis
657 4308 856 4361 sanctis
900 4308 983 4360 vel
1033 4307 1225 4359 divinis
1256 4304 1515 4358 audistis:
1550 4304 1663 4357 Non
1694 4304 1806 4373 glo-

226 4405 397 4459 rietur
437 4400 691 4473 gibbosus
720 4400 858 4453 sicut
897 4398 1110 4451 rectus?
1143 4397 1196 4451 ln
1227 4397 1381 4467 cujus
1412 4397 1562 4451 unito
1600 4405 1803 4449 natura:

226 4492 524 4547 divinitatis
551 4491 764 4545 nomine
793 4489 943 4542 missi
970 4500 1088 4543 sunt
1125 4488 1392 4557 apostoli?
1424 4487 1446 4539 Ι
1457 4497 1523 4555 te,
1555 4488 1807 4555 baptizata
1834 4459 1882 4519 Ῑ)

227 4599 402 4635 omnes
424 4591 597 4651 gentes
622 4582 675 4633 in
705 4582 928 4642 nomine,
948 4588 1000 4632 et
1030 4580 1107 4631 sic
1129 4588 1440 4647 prosecutus
1466 4587 1545 4631 est
1573 4592 1666 4646 per
1694 4578 1803 4630 sin-

224 4674 379 4741 gulas
393 4685 673 4741 personas,
706 4669 897 4735 Patris,
919 4668 1069 4731 Filii,
1086 4676 1129 4721 et
1153 4667 1378 4734 Spiritus
1402 4668 1565 4721 sancti
1590 4666 1802 4735 (Matth.

224 4777 412 4824 xsvm,
474 4760 593 4827 l9)?
628 4761 818 4816 Nonne
868 4763 1071 4813 unitum
1116 4759 1414 4813 divinitatis
1466 4758 1555 4810 Dei
1604 4771 1798 4810 nomen

224 4855 374 4920 prius
405 4852 567 4905 tacite
597 4852 771 4906 uniter
791 4850 1067 4921 praemisit,
1092 4860 1144 4903 et
1174 4850 1253 4903 sic
1276 4848 1326 4901 in
1354 4846 1661 4901 nominibus
1686 4862 1805 4914 per-

223 4959 486 4998 sonarum
516 4942 849 5010 apertissime
878 4942 1203 5004 declaravit,
1239 4938 1412 4993 Patris
1439 4978 1453 5000 ,
1497 4947 1549 4990 et
1592 4936 1705 4990 Filii
1728 4946 1805 5001 ,et

222 5036 463 5101 Spiritus
491 5033 701 5087 sancti?
744 5032 907 5086 Porro
929 5029 1167 5098 nunquid
1206 5038 1380 5099 potest
1400 5028 1573 5082 arceri
1612 5028 1679 5081 de
1702 5028 1804 5082 hoc

223 5122 610 5181 nnitorleitatis
643 5120 859 5174 nomine
897 5119 1131 5188 Spiritus
1161 5119 1420 5171 sanctus?
1442 5118 1546 5169 Aut
1568 5116 1802 5183 nunquid

221 5228 426 5288 potest.
462 5224 640 5267 contra
692 5213 929 5282 regulam
965 5212 1267 5265 traditionis
1299 5210 1617 5278 evangelica:
1665 5224 1796 5264 cen-

219 5325 382 5377 snrm,
421 5305 494 5361 de
549 5304 647 5357 hoc
675 5305 823 5357 unito
851 5303 1131 5357 Trinitatis
1161 5302 1377 5356 nomine
1429 5302 1599 5355 sancti
1629 5301 1802 5370 Spiri-

222 5414 305 5457 tus
337 5404 557 5457 sublata
593 5400 673 5452 vel
706 5399 861 5451 tacita
898 5412 1126 5465 persona
1166 5397 1431 5462 baptisma
1471 5397 1522 5449 in
1562 5396 1800 5450 Ecclesia

222 5495 521 5563 perlectum
551 5490 850 5547 celebrari?
883 5489 1057 5543 Absit.
1091 5488 1300 5555 Alioqui
1334 5486 1600 5553 quomodo
1624 5486 1677 5541 in
1702 5489 1802 5541 hoc

224 5604 419 5640 tioinen
456 5587 683 5651 dt'ilatis,
724 5582 913 5644 Patr‘s,
947 5590 1001 5635 et
1026 5581 1163 5646 Filii,
1194 5590 1248 5634 et
1281 5579 1450 5633 sancti
1484 5580 1716 5647 Spiritus
1750 5580 1801 5633 in

225 5680 326 5736 lide
360 5679 609 5748 baptismi
662 5678 839 5732 uniter
870 5674 1207 5730 credentibus
1237 5673 1419 5727 datum
1469 5672 1586 5727 est?
1614 5671 1803 5727 Nonne

1909 3217 2027 3271 estis
2056 3216 2107 3268 in
2148 3214 2232 3268 die
2267 3213 2625 3282 redemptionis
2667 3221 2845 3265 vestra:
2888 3212 3101 3281 (Ephes.
3131 3228 3202 3276 tv,
3237 3212 3368 3278 .30);
3403 3211 3486 3264 vrl

1910 3306 2044 3359 ltoc:
2078 3302 2142 3357 Et
2166 3318 2335 3355 ontnes
2366 3316 2523 3353 unum
2570 3301 2820 3369 Spiritum
2849 3302 3128 3371 potavimus
3158 3298 3209 3369 (ι
3241 3298 3357 3353 Cor.
3389 3316 3484 3365 xu,

1913 3392 2023 3462 l5).
2053 3393 2179 3447 Sive
2207 3393 2425 3445 unitatis
2448 3406 2641 3444 nomen
2667 3390 2933 3468 baptismo
2958 3404 3213 3461 operante
3234 3393 3443 3460 suscipe
3467 3434 3482 3456 ,

1905 3485 2163 3541 dicentis:
2196 3482 2261 3535 Et
2284 3500 2368 3536 vos
2394 3486 2533 3537 eritis
2560 3481 2683 3534 milii
2707 3483 2759 3534 in
2786 3482 2920 3549 ﬁlios
2949 3493 2995 3534 et
3036 3483 3193 3549 ﬁlias,
3223 3484 3345 3535 dicit
3381 3480 3486 3535 Do-

1908 3577 2079 3630 minus
2124 3577 2442 3646 omnipotens
2474 3573 2560 3645 (II
2597 3573 2714 3629 Cor.
2748 3589 2831 3639 v1,
2864 3574 2972 3642 18).
3006 3574 3101 3627 Vel
3134 3575 3231 3625 lioc
3256 3574 3440 3638 accipe
3469 3592 3481 3626 :

1912 3670 1994 3722 Ex
2023 3668 2127 3722 Deo
2148 3670 2254 3721 nati
2280 3679 2397 3721 sunt
2428 3668 2605 3738 (Joan.
2640 3683 2677 3733 ι,
2711 3666 2821 3735 14).
2849 3665 2955 3720 Nec
2987 3681 3089 3719 non
3119 3684 3129 3717 :
3163 3665 3225 3718 Et
3259 3667 3484 3732 baptize-

1910 3775 1992 3816 tur
2014 3763 2356 3830 unusquisque
2400 3771 2615 3814 vestrum
2648 3764 2697 3813 in
2729 3761 2933 3812 nomine
2973 3755 3097 3811 Jesu
3125 3757 3314 3810 Christi
3347 3759 3485 3825 (Act.

1912 3868 1970 3920 tl,
2002 3853 2117 3921 T8).
2154 3853 2216 3905 Et
2242 3851 2347 3904 alio
2374 3852 2422 3903 in
2454 3851 2570 3903 loco
2594 3866 2609 3903 :
2637 3848 2742 3903 Sed
2771 3849 2932 3901 abluti
2969 3849 3109 3911 estis,
3141 3848 3226 3898 sed
3255 3850 3484 3909 sancti/i-

1913 3946 2015 3996 cati
2043 3945 2182 4007 estis,
2216 3942 2303 3995 sed
2335 3941 2609 4012 justi/irati
2638 3940 2753 3991 estis
2783 3940 2833 3991 in
2862 3940 3063 3991 nomine
3096 3937 3295 3988 Domini
3324 3937 3487 3988 nostri

1908 4033 2033 4087 Iesu
2091 4033 2299 4095 Clu-isti,
2335 4032 2461 4084 etin
2504 4030 2683 4098 spiritu
2719 4029 2809 4081 Dei
2841 4028 2999 4080 nostri
3028 4026 3081 4098 (Ι
3113 4026 3227 4078 Cor.
3264 4042 3340 4088 vt,
3372 4026 3484 4095 Η).

1909 4127 2012 4181 Sed
2058 4134 2111 4179 et
2141 4131 2278 4192 quod
2315 4138 2385 4179 ex
2432 4124 2541 4177 Deo
2588 4130 2741 4174 natus
2781 4128 2882 4185 est,
2941 4118 3173 4172 Joannes
3222 4126 3484 4170 testatur:

1911 4217 1974 4270 In
2005 4233 2096 4270 sua
2127 4219 2277 4280 venit,
2298 4224 2344 4267 et
2362 4214 2439 4266 sui
2468 4229 2579 4265 eum
2620 4226 2719 4263 non
2745 4216 3076 4276 receperunt:
3111 4207 3366 4275 Quotquot
3391 4222 3485 4257 au-

1909 4318 2006 4362 tem
2033 4314 2326 4372 receperunt
2349 4319 2479 4367 eum,
2505 4303 2643 4355 dedit
2664 4302 2735 4353 eis
2756 4308 3049 4370 potestatem
3072 4299 3207 4366 ﬁlios
3233 4296 3324 4349 Dei
3347 4297 3482 4364 ﬁeri,

1912 4396 2224 4453 credentibus
2247 4397 2296 4447 in
2324 4394 2523 4446 nomine
2548 4394 2691 4461 ejus:
2721 4392 2807 4460 qui
2830 4406 2929 4441 non
2955 4405 3017 4441 ea:
3038 4388 3302 4457 sanguine,
3330 4404 3487 4455 nrquc

1909 4509 1972 4545 ea:
2000 4490 2255 4544 voluntate
2280 4488 2464 4552 carnis,
2482 4503 2636 4555 neque
2663 4501 2724 4538 ea:
2750 4483 3005 4537 voluntate
3032 4482 3160 4545 viri,
3190 4483 3279 4534 sed
3301 4497 3366 4533 ex
3383 4481 3487 4535 Deo

1911 4586 2022 4637 nati
2053 4582 2229 4649 (Joan.
2257 4598 2293 4641 ι,
2320 4580 2409 4647 Η)
2435 4588 2577 4633 ειιιιι.
2607 4579 2758 4631 Disce
2783 4590 2910 4644 ergo
2935 4574 3037 4627 hoc
3062 4575 3265 4625 unitum
3296 4586 3487 4626 nomen

1909 4684 2027 4725 esse
2056 4668 2437 4731 sempiternum
2462 4665 2512 4717 in
2543 4664 2738 4718 deitate
2770 4660 2964 4722 Patris,
2998 4666 3054 4710 et
3081 4658 3201 4710 Filii
3230 4666 3283 4709 et
3315 4659 3487 4711 sancti

1906 4761 2165 4830 Spiritus:
2199 4759 2337 4812 sicut
2363 4766 2416 4809 et
2447 4770 2605 4807 unum
2652 4752 2913 4821 baptisma
2946 4757 3031 4803 est
3062 4747 3211 4809 ﬁdei,
3235 4749 3376 4817 quod
3410 4750 3489 4801 vi-

1910 4860 2017 4904 tam
2064 4858 2317 4903 aeternam
2360 4845 2703 4902 credentibus
2732 4842 2934 4896 tribuit.
2968 4841 3102 4907 Quia
3142 4840 3281 4894 sicut
3325 4856 3489 4893 unum

1908 4956 2102 4997 nomen
2133 4950 2217 4994 est
2245 4941 2297 4993 in
2340 4947 2525 4992 natura
2555 4933 2849 4999 Trinitatis,
2879 4935 2947 4985 ita
2996 4941 3051 4985 et
3090 4947 3257 4985 unum
3287 4932 3488 4985 donum

1910 5048 2003 5103 per
2025 5033 2345 5100 baptismum
2378 5028 2690 5083 divinitatis.
2727 5026 3017 5090 Apostolus
3041 5025 3145 5077 ait:
3180 5023 3296 5077 Una
3326 5023 3486 5089 ﬁdes,

1906 5141 2061 5178 unum
2092 5124 2337 5192 baptisma
2381 5119 2600 5191 (Ephes.
2646 5133 2718 5182 tv,
2749 5116 2837 5185 5);
2885 5116 3088 5170 idcirco
3116 5117 3258 5183 quod
3292 5127 3483 5165 nomen

1907 5213 2082 5269 Patris
2106 5215 2177 5267 sit
2207 5215 2257 5266 in
2289 5210 2591 5275 div.nitate,
2622 5210 2721 5263 hoc
2751 5224 2941 5263 nomen
2973 5208 3037 5263 sit
3063 5216 3119 5258 et
3146 5204 3271 5258 Filii
3302 5203 3353 5255 in
3387 5218 3482 5254 na-

1910 5318 2025 5361 tura
2076 5304 2327 5367 deitatis,
2372 5304 2451 5357 sic
2489 5312 2544 5356 et
2585 5300 2755 5355 sancti
2795 5299 3027 5364 Spiritus
3058 5294 3348 5349 identidem
3385 5293 3487 5342 hoc

1912 5412 2104 5451 nomen
2149 5398 2216 5447 sit
2265 5395 2317 5447 in
2363 5392 2660 5445 substantia
2690 5391 2969 5445 claritatis.
3006 5386 3132 5439 Nam
3182 5384 3262 5435 vis
3308 5379 3487 5433 scire?

1916 5502 2034 5540 cum
2081 5487 2130 5538 in
2155 5484 2428 5538 divinitate
2466 5482 2638 5537 Patris
2668 5496 2887 5540 nmnen,
2921 5477 2971 5528 id
3003 5484 3085 5526 est
3114 5472 3206 5525 Dei
3238 5471 3354 5523 sive
3386 5469 3489 5521 lto-

1911 5576 2038 5630 tnini
2061 5618 2076 5644 ,
2109 5584 2199 5629 aut
2230 5574 2459 5643 Spiritus
2497 5571 2773 5635 nominas,
2811 5568 3015 5620 unitum
3050 5576 3243 5617 nomen
3283 5571 3340 5616 et
3369 5560 3487 5615 Filii

1909 5680 1963 5723 et
1993 5669 2158 5725 sancti
2204 5667 2433 5737 Spiritus
2483 5666 2533 5718 in
2586 5663 2685 5718 hoc
2733 5660 2958 5714 indicas.
3016 5653 3140 5709 Ideo
3194 5655 3496 5709 secundum
