  <div class='ocr_page' id='page_1' title='image "/cluster/home/n/w/nwhite01/storage/ocr_20150623/62/hvd.32044054758693/131.png"; bbox 0 0 3958 6176; ppageno 0'>
   <div class='ocr_carea' id='block_1_1' title="bbox 1398 156 1422 184">
    <p class='ocr_par' dir='ltr' id='par_1_1' title="bbox 1398 156 1422 184">
     <span class='ocr_line' id='line_1_1' title="bbox 1398 156 1422 184; baseline 0 0"><span class='ocrx_word' id='word_1_1' title='bbox 1398 156 1422 184; x_wconf 75' lang='grc' dir='ltr'><strong><em>ο</em></strong></span> 
     </span>
    </p>
   </div>
   <div class='ocr_carea' id='block_1_2' title="bbox 392 265 495 323">
    <p class='ocr_par' dir='ltr' id='par_1_2' title="bbox 392 265 495 323">
     <span class='ocr_line' id='line_1_2' title="bbox 392 265 495 323; baseline -0.019 -1"><span class='ocrx_word' id='word_1_2' title='bbox 392 265 495 323; x_wconf 75' lang='grc'><strong>251</strong></span> 
     </span>
    </p>
   </div>
   <div class='ocr_carea' id='block_1_3' title="bbox 1695 265 2331 330">
    <p class='ocr_par' dir='ltr' id='par_1_3' title="bbox 1695 265 2331 330">
     <span class='ocr_line' id='line_1_3' title="bbox 1695 265 2331 330; baseline 0.014 -12"><span class='ocrx_word' id='word_1_3' title='bbox 1695 265 1916 325; x_wconf 78' lang='grc' dir='ltr'>νιοιιιι</span> <span class='ocrx_word' id='word_1_4' title='bbox 1955 269 2331 330; x_wconf 79' lang='lat' dir='ltr'><strong>TAPSENSIS</strong></span> 
     </span>
    </p>
   </div>
   <div class='ocr_carea' id='block_1_4' title="bbox 3553 270 3665 327">
    <p class='ocr_par' dir='ltr' id='par_1_4' title="bbox 3553 270 3665 327">
     <span class='ocr_line' id='line_1_4' title="bbox 3553 270 3665 327; baseline 0.009 -2"><span class='ocrx_word' id='word_1_5' title='bbox 3553 270 3665 327; x_wconf 69' lang='lat'><strong>252</strong></span> 
     </span>
    </p>
   </div>
   <div class='ocr_carea' id='block_1_5' title="bbox 399 379 3666 461">
    <p class='ocr_par' dir='ltr' id='par_1_5' title="bbox 399 379 3666 461">
     <span class='ocr_line' id='line_1_5' title="bbox 399 379 3666 461; baseline 0.001 -26"><span class='ocrx_word' id='word_1_6' title='bbox 399 380 570 450; x_wconf 82' lang='lat' dir='ltr'><strong>ipsam</strong></span> <span class='ocrx_word' id='word_1_7' title='bbox 619 381 1003 461; x_wconf 69' lang='lat' dir='ltr'><strong>plenitudinem</strong></span> <span class='ocrx_word' id='word_1_8' title='bbox 1056 390 1259 437; x_wconf 74' lang='lat' dir='ltr'><strong>naturae</strong></span> <span class='ocrx_word' id='word_1_9' title='bbox 1305 380 1600 436; x_wconf 68' lang='lat' dir='ltr'><strong>divinitatis</strong></span> <span class='ocrx_word' id='word_1_10' title='bbox 1630 380 1759 436; x_wconf 90' lang='lat' dir='ltr'><strong>dum</strong></span> <span class='ocrx_word' id='word_1_11' title='bbox 1798 382 1968 439; x_wconf 81' lang='lat' dir='ltr'><strong>refers</strong></span> <span class='ocrx_word' id='word_1_12' title='bbox 1996 384 2046 443; x_wconf 79' lang='grc' dir='ltr'><strong>Α</strong></span> <span class='ocrx_word' id='word_1_13' title='bbox 2145 382 2449 454; x_wconf 72' lang='lat' dir='ltr'><strong>Responsio.</strong></span> <span class='ocrx_word' id='word_1_14' title='bbox 2499 380 2667 437; x_wconf 88' lang='lat' dir='ltr'><strong>Plane</strong></span> <span class='ocrx_word' id='word_1_15' title='bbox 2714 379 2884 435; x_wconf 89' lang='lat' dir='ltr'><strong>divisa</strong></span> <span class='ocrx_word' id='word_1_16' title='bbox 2915 387 3000 435; x_wconf 87' lang='lat' dir='ltr'><strong>est</strong></span> <span class='ocrx_word' id='word_1_17' title='bbox 3039 381 3092 434; x_wconf 94' lang='lat' dir='ltr'><strong>in</strong></span> <span class='ocrx_word' id='word_1_18' title='bbox 3120 379 3426 434; x_wconf 82' lang='lat' dir='ltr'><strong>nominibus</strong></span> <span class='ocrx_word' id='word_1_19' title='bbox 3457 389 3666 438; x_wconf 87' lang='lat' dir='ltr'><strong>tantum</strong></span> 
     </span>
    </p>
   </div>
   <div class='ocr_carea' id='block_1_6' title="bbox 401 472 1974 541">
    <p class='ocr_par' dir='ltr' id='par_1_6' title="bbox 401 472 1974 541">
     <span class='ocr_line' id='line_1_6' title="bbox 401 472 1974 541; baseline 0.001 -16"><span class='ocrx_word' id='word_1_20' title='bbox 401 475 630 537; x_wconf 88' lang='lat' dir='ltr'><strong>unitum,</strong></span> <span class='ocrx_word' id='word_1_21' title='bbox 662 490 853 530; x_wconf 85' lang='lat' dir='ltr'><strong>nomen</strong></span> <span class='ocrx_word' id='word_1_22' title='bbox 879 490 973 541; x_wconf 89' lang='lat' dir='ltr'><strong>per</strong></span> <span class='ocrx_word' id='word_1_23' title='bbox 994 474 1169 527; x_wconf 87' lang='lat' dir='ltr'><strong>omnia</strong></span> <span class='ocrx_word' id='word_1_24' title='bbox 1201 475 1253 526; x_wconf 91' lang='lat' dir='ltr'><strong>in</strong></span> <span class='ocrx_word' id='word_1_25' title='bbox 1288 474 1372 527; x_wconf 92' lang='lat' dir='ltr'><strong>his</strong></span> <span class='ocrx_word' id='word_1_26' title='bbox 1398 487 1520 527; x_wconf 80' lang='lat' dir='ltr'><strong>esse</strong></span> <span class='ocrx_word' id='word_1_27' title='bbox 1541 473 1807 528; x_wconf 73' lang='lat' dir='ltr'><strong>ostendis.</strong></span> <span class='ocrx_word' id='word_1_28' title='bbox 1830 472 1974 528; x_wconf 84' lang='lat' dir='ltr'><strong>Sane</strong></span> 
     </span>
    </p>
   </div>
   <div class='ocr_carea' id='block_1_7' title="bbox 401 564 1976 636">
    <p class='ocr_par' dir='ltr' id='par_1_7' title="bbox 401 564 1976 636">
     <span class='ocr_line' id='line_1_7' title="bbox 401 564 1976 636; baseline -0.001 -18"><span class='ocrx_word' id='word_1_29' title='bbox 401 564 489 619; x_wconf 86' lang='lat' dir='ltr'><strong>hic</strong></span> <span class='ocrx_word' id='word_1_30' title='bbox 510 566 800 620; x_wconf 88' lang='lat' dir='ltr'><strong>secundum</strong></span> <span class='ocrx_word' id='word_1_31' title='bbox 824 581 1077 636; x_wconf 85' lang='lat' dir='ltr'><strong>personas</strong></span> <span class='ocrx_word' id='word_1_32' title='bbox 1100 566 1371 635; x_wconf 85' lang='lat' dir='ltr'><strong>paulisper</strong></span> <span class='ocrx_word' id='word_1_33' title='bbox 1393 566 1609 620; x_wconf 84' lang='lat' dir='ltr'><strong>tacitum</strong></span> <span class='ocrx_word' id='word_1_34' title='bbox 1630 565 1846 621; x_wconf 84' lang='lat' dir='ltr'><strong>deitatis</strong></span> <span class='ocrx_word' id='word_1_35' title='bbox 1866 565 1976 619; x_wconf 86' lang='lat' dir='ltr'><strong>uni-</strong></span> 
     </span>
    </p>
   </div>
   <div class='ocr_carea' id='block_1_8' title="bbox 400 655 1977 726">
    <p class='ocr_par' dir='ltr' id='par_1_8' title="bbox 400 655 1977 726">
     <span class='ocr_line' id='line_1_8' title="bbox 400 655 1977 726; baseline 0.001 -17"><span class='ocrx_word' id='word_1_36' title='bbox 400 663 511 709; x_wconf 90' lang='lat' dir='ltr'><strong>tum</strong></span> <span class='ocrx_word' id='word_1_37' title='bbox 536 670 728 711; x_wconf 85' lang='lat' dir='ltr'><strong>nomen</strong></span> <span class='ocrx_word' id='word_1_38' title='bbox 757 665 860 711; x_wconf 90' lang='lat' dir='ltr'><strong>est.</strong></span> <span class='ocrx_word' id='word_1_39' title='bbox 889 655 1020 709; x_wconf 89' lang='lat' dir='ltr'><strong>Dum</strong></span> <span class='ocrx_word' id='word_1_40' title='bbox 1047 663 1223 708; x_wconf 89' lang='lat' dir='ltr'><strong>autem</strong></span> <span class='ocrx_word' id='word_1_41' title='bbox 1255 655 1494 726; x_wconf 87' lang='lat' dir='ltr'><strong>singulas</strong></span> <span class='ocrx_word' id='word_1_42' title='bbox 1516 670 1773 723; x_wconf 83' lang='lat' dir='ltr'><strong>personas</strong></span> <span class='ocrx_word' id='word_1_43' title='bbox 1801 655 1977 711; x_wconf 88' lang='lat' dir='ltr'><strong>nomi-</strong></span> 
     </span>
    </p>
   </div>
   <div class='ocr_carea' id='block_1_9' title="bbox 401 744 1974 816">
    <p class='ocr_par' dir='ltr' id='par_1_9' title="bbox 401 744 1974 816">
     <span class='ocr_line' id='line_1_9' title="bbox 401 744 1974 816; baseline 0.001 -16"><span class='ocrx_word' id='word_1_44' title='bbox 401 746 578 800; x_wconf 87' lang='lat' dir='ltr'><strong>nando</strong></span> <span class='ocrx_word' id='word_1_45' title='bbox 612 746 903 816; x_wconf 85' lang='lat' dir='ltr'><strong>percurris,</strong></span> <span class='ocrx_word' id='word_1_46' title='bbox 956 745 1169 799; x_wconf 89' lang='lat' dir='ltr'><strong>nomina</strong></span> <span class='ocrx_word' id='word_1_47' title='bbox 1219 747 1430 816; x_wconf 90' lang='lat' dir='ltr'><strong>propria</strong></span> <span class='ocrx_word' id='word_1_48' title='bbox 1474 746 1651 801; x_wconf 88' lang='lat' dir='ltr'><strong>inesse</strong></span> <span class='ocrx_word' id='word_1_49' title='bbox 1702 744 1974 815; x_wconf 72' lang='lat' dir='ltr'><strong>designes.</strong></span> 
     </span>
    </p>
   </div>
   <div class='ocr_carea' id='block_1_10' title="bbox 406 836 1978 908">
    <p class='ocr_par' dir='ltr' id='par_1_10' title="bbox 406 836 1978 908">
     <span class='ocr_line' id='line_1_10' title="bbox 406 836 1978 908; baseline -0.001 -17"><span class='ocrx_word' id='word_1_50' title='bbox 406 836 559 892; x_wconf 84' lang='lat' dir='ltr'><strong>Unde</strong></span> <span class='ocrx_word' id='word_1_51' title='bbox 587 846 799 906; x_wconf 75' lang='lat' dir='ltr'><strong>oportet</strong></span> <span class='ocrx_word' id='word_1_52' title='bbox 840 837 998 907; x_wconf 78' lang='lat'><strong>217</strong></span> <span class='ocrx_word' id='word_1_53' title='bbox 1040 852 1138 892; x_wconf 90' lang='lat' dir='ltr'><strong>nos</strong></span> <span class='ocrx_word' id='word_1_54' title='bbox 1189 853 1374 893; x_wconf 84' lang='lat' dir='ltr'><strong>rursus</strong></span> <span class='ocrx_word' id='word_1_55' title='bbox 1416 837 1482 893; x_wconf 88' lang='lat' dir='ltr'><strong>ad</strong></span> <span class='ocrx_word' id='word_1_56' title='bbox 1524 838 1801 908; x_wconf 83' lang='lat' dir='ltr'><strong>superiora</strong></span> <span class='ocrx_word' id='word_1_57' title='bbox 1840 838 1978 892; x_wconf 75' lang='lat' dir='ltr'><strong>dicta</strong></span> 
     </span>
    </p>
   </div>
   <div class='ocr_carea' id='block_1_11' title="bbox 404 930 1980 998">
    <p class='ocr_par' dir='ltr' id='par_1_11' title="bbox 404 930 1980 998">
     <span class='ocr_line' id='line_1_11' title="bbox 404 930 1980 998; baseline 0.002 -16"><span class='ocrx_word' id='word_1_58' title='bbox 404 944 715 992; x_wconf 90' lang='lat' dir='ltr'><strong>recurrere,</strong></span> <span class='ocrx_word' id='word_1_59' title='bbox 747 930 790 983; x_wconf 90' lang='lat' dir='ltr'><strong>si</strong></span> <span class='ocrx_word' id='word_1_60' title='bbox 824 940 997 998; x_wconf 79' lang='lat' dir='ltr'><strong>potest</strong></span> <span class='ocrx_word' id='word_1_61' title='bbox 1026 931 1078 985; x_wconf 90' lang='lat' dir='ltr'><strong>in</strong></span> <span class='ocrx_word' id='word_1_62' title='bbox 1113 932 1262 985; x_wconf 90' lang='lat' dir='ltr'><strong>unito</strong></span> <span class='ocrx_word' id='word_1_63' title='bbox 1292 933 1505 987; x_wconf 88' lang='lat' dir='ltr'><strong>nomine</strong></span> <span class='ocrx_word' id='word_1_64' title='bbox 1546 940 1751 987; x_wconf 70' lang='lat' dir='ltr'><strong>natura:</strong></span> <span class='ocrx_word' id='word_1_65' title='bbox 1780 931 1980 987; x_wconf 84' lang='lat' dir='ltr'><strong>divini-</strong></span> 
     </span>
    </p>
   </div>
   <div class='ocr_carea' id='block_1_12' title="bbox 408 1019 1984 1091">
    <p class='ocr_par' dir='ltr' id='par_1_12' title="bbox 408 1019 1984 1091">
     <span class='ocr_line' id='line_1_12' title="bbox 408 1019 1984 1091; baseline 0.004 -20"><span class='ocrx_word' id='word_1_66' title='bbox 408 1020 531 1073; x_wconf 91' lang='lat' dir='ltr'><strong>tatis</strong></span> <span class='ocrx_word' id='word_1_67' title='bbox 556 1021 638 1075; x_wconf 91' lang='lat' dir='ltr'><strong>vel</strong></span> <span class='ocrx_word' id='word_1_68' title='bbox 666 1019 945 1075; x_wconf 70' lang='lat' dir='ltr'><strong>Trinitatis</strong></span> <span class='ocrx_word' id='word_1_69' title='bbox 971 1020 1175 1089; x_wconf 83' lang='lat' dir='ltr'><strong>aliquid</strong></span> <span class='ocrx_word' id='word_1_70' title='bbox 1206 1023 1494 1091; x_wconf 89' lang='lat' dir='ltr'><strong>superaddi</strong></span> <span class='ocrx_word' id='word_1_71' title='bbox 1527 1022 1613 1079; x_wconf 89' lang='lat' dir='ltr'><strong>vel</strong></span> <span class='ocrx_word' id='word_1_72' title='bbox 1636 1023 1825 1079; x_wconf 88' lang='lat' dir='ltr'><strong>minui.</strong></span> <span class='ocrx_word' id='word_1_73' title='bbox 1851 1022 1984 1078; x_wconf 79' lang='lat' dir='ltr'><strong>Res-</strong></span> 
     </span>
    </p>
   </div>
   <div class='ocr_carea' id='block_1_13' title="bbox 409 1110 1984 1178">
    <p class='ocr_par' dir='ltr' id='par_1_13' title="bbox 409 1110 1984 1178">
     <span class='ocr_line' id='line_1_13' title="bbox 409 1110 1984 1178; baseline 0.005 -17"><span class='ocrx_word' id='word_1_74' title='bbox 409 1112 584 1178; x_wconf 81' lang='lat' dir='ltr'><strong>ponde</strong></span> <span class='ocrx_word' id='word_1_75' title='bbox 633 1110 788 1166; x_wconf 87' lang='lat' dir='ltr'><strong>mihi.</strong></span> <span class='ocrx_word' id='word_1_76' title='bbox 835 1113 890 1166; x_wconf 94' lang='lat' dir='ltr'><strong>In</strong></span> <span class='ocrx_word' id='word_1_77' title='bbox 922 1112 1023 1168; x_wconf 91' lang='lat' dir='ltr'><strong>hoc</strong></span> <span class='ocrx_word' id='word_1_78' title='bbox 1058 1113 1180 1168; x_wconf 92' lang='lat' dir='ltr'><strong>loco</strong></span> <span class='ocrx_word' id='word_1_79' title='bbox 1215 1128 1402 1169; x_wconf 88' lang='lat' dir='ltr'><strong>omnes</strong></span> <span class='ocrx_word' id='word_1_80' title='bbox 1442 1113 1677 1169; x_wconf 69' lang='lat' dir='ltr'><strong>eontusaa</strong></span> <span class='ocrx_word' id='word_1_81' title='bbox 1708 1123 1832 1169; x_wconf 92' lang='lat' dir='ltr'><strong>sunt</strong></span> <span class='ocrx_word' id='word_1_82' title='bbox 1858 1128 1984 1169; x_wconf 86' lang='lat' dir='ltr'><strong>sen-</strong></span> 
     </span>
    </p>
   </div>
   <div class='ocr_carea' id='block_1_14' title="bbox 412 1202 1987 1259">
    <p class='ocr_par' dir='ltr' id='par_1_14' title="bbox 412 1202 1987 1259">
     <span class='ocr_line' id='line_1_14' title="bbox 412 1202 1987 1259; baseline 0.001 -4"><span class='ocrx_word' id='word_1_83' title='bbox 412 1203 593 1257; x_wconf 65' lang='lat' dir='ltr'><strong>tentia</strong></span> <span class='ocrx_word' id='word_1_84' title='bbox 615 1202 1011 1259; x_wconf 66' lang='lat' dir='ltr'><strong>haereticorum.</strong></span> <span class='ocrx_word' id='word_1_85' title='bbox 1045 1202 1311 1259; x_wconf 77' lang='lat' dir='ltr'><strong>Praeterea</strong></span> <span class='ocrx_word' id='word_1_86' title='bbox 1341 1205 1433 1259; x_wconf 92' lang='lat' dir='ltr'><strong>ubi</strong></span> <span class='ocrx_word' id='word_1_87' title='bbox 1466 1204 1645 1259; x_wconf 89' lang='lat' dir='ltr'><strong>nullus</strong></span> <span class='ocrx_word' id='word_1_88' title='bbox 1672 1218 1770 1258; x_wconf 90' lang='lat' dir='ltr'><strong>nec</strong></span> <span class='ocrx_word' id='word_1_89' title='bbox 1799 1216 1987 1257; x_wconf 85' lang='lat' dir='ltr'><strong>nume-</strong></span> 
     </span>
    </p>
   </div>
   <div class='ocr_carea' id='block_1_15' title="bbox 414 1292 1989 1365">
    <p class='ocr_par' dir='ltr' id='par_1_15' title="bbox 414 1292 1989 1365">
     <span class='ocr_line' id='line_1_15' title="bbox 414 1292 1989 1365; baseline 0.003 -21"><span class='ocrx_word' id='word_1_90' title='bbox 414 1306 526 1359; x_wconf 85' lang='lat' dir='ltr'><strong>rus,</strong></span> <span class='ocrx_word' id='word_1_91' title='bbox 558 1292 652 1347; x_wconf 82' lang='lat' dir='ltr'><strong>sed</strong></span> <span class='ocrx_word' id='word_1_92' title='bbox 686 1308 785 1348; x_wconf 89' lang='lat' dir='ltr'><strong>nec</strong></span> <span class='ocrx_word' id='word_1_93' title='bbox 828 1294 1002 1364; x_wconf 89' lang='lat' dir='ltr'><strong>aliqua</strong></span> <span class='ocrx_word' id='word_1_94' title='bbox 1034 1293 1332 1349; x_wconf 80' lang='lat' dir='ltr'><strong>diﬂerentia</strong></span> <span class='ocrx_word' id='word_1_95' title='bbox 1374 1295 1428 1349; x_wconf 91' lang='lat' dir='ltr'><strong>in</strong></span> <span class='ocrx_word' id='word_1_96' title='bbox 1458 1296 1604 1349; x_wconf 84' lang='lat' dir='ltr'><strong>unita</strong></span> <span class='ocrx_word' id='word_1_97' title='bbox 1656 1292 1989 1365; x_wconf 86' lang='lat' dir='ltr'><strong>plenitudine</strong></span> 
     </span>
    </p>
   </div>
   <div class='ocr_carea' id='block_1_16' title="bbox 416 1381 1985 1457">
    <p class='ocr_par' dir='ltr' id='par_1_16' title="bbox 416 1381 1985 1457">
     <span class='ocr_line' id='line_1_16' title="bbox 416 1381 1985 1457; baseline 0.005 -26"><span class='ocrx_word' id='word_1_98' title='bbox 416 1381 651 1445; x_wconf 82' lang='lat' dir='ltr'><strong>deitatis,</strong></span> <span class='ocrx_word' id='word_1_99' title='bbox 684 1383 860 1437; x_wconf 79' lang='lat' dir='ltr'><strong>Patris</strong></span> <span class='ocrx_word' id='word_1_100' title='bbox 887 1394 942 1438; x_wconf 89' lang='lat' dir='ltr'><strong>et</strong></span> <span class='ocrx_word' id='word_1_101' title='bbox 973 1384 1092 1438; x_wconf 86' lang='lat' dir='ltr'><strong>Filii</strong></span> <span class='ocrx_word' id='word_1_102' title='bbox 1120 1396 1174 1440; x_wconf 89' lang='lat' dir='ltr'><strong>et</strong></span> <span class='ocrx_word' id='word_1_103' title='bbox 1213 1387 1385 1440; x_wconf 86' lang='lat' dir='ltr'><strong>sancti</strong></span> <span class='ocrx_word' id='word_1_104' title='bbox 1414 1385 1648 1457; x_wconf 87' lang='lat' dir='ltr'><strong>Spiritus</strong></span> <span class='ocrx_word' id='word_1_105' title='bbox 1679 1385 1946 1440; x_wconf 84' lang='lat' dir='ltr'><strong>invenitur</strong></span> <span class='ocrx_word' id='word_1_106' title='bbox 1967 1423 1985 1451; x_wconf 86' lang='lat'><strong>,</strong></span> 
     </span>
    </p>
   </div>
   <div class='ocr_carea' id='block_1_17' title="bbox 413 1474 1986 1541">
    <p class='ocr_par' dir='ltr' id='par_1_17' title="bbox 413 1474 1986 1541">
     <span class='ocr_line' id='line_1_17' title="bbox 413 1474 1986 1541; baseline 0.005 -19"><span class='ocrx_word' id='word_1_107' title='bbox 413 1474 539 1526; x_wconf 84' lang='lat' dir='ltr'><strong>dum</strong></span> <span class='ocrx_word' id='word_1_108' title='bbox 568 1487 702 1527; x_wconf 92' lang='lat' dir='ltr'><strong>unus</strong></span> <span class='ocrx_word' id='word_1_109' title='bbox 732 1474 783 1528; x_wconf 92' lang='lat' dir='ltr'><strong>in</strong></span> <span class='ocrx_word' id='word_1_110' title='bbox 810 1474 1031 1528; x_wconf 88' lang='lat' dir='ltr'><strong>alterius</strong></span> <span class='ocrx_word' id='word_1_111' title='bbox 1061 1476 1276 1530; x_wconf 91' lang='lat' dir='ltr'><strong>nomine</strong></span> <span class='ocrx_word' id='word_1_112' title='bbox 1302 1474 1554 1532; x_wconf 84' lang='lat' dir='ltr'><strong>distincte</strong></span> <span class='ocrx_word' id='word_1_113' title='bbox 1584 1475 1638 1531; x_wconf 92' lang='lat' dir='ltr'><strong>in</strong></span> <span class='ocrx_word' id='word_1_114' title='bbox 1665 1474 1945 1531; x_wconf 85' lang='lat' dir='ltr'><strong>divinitate</strong></span> <span class='ocrx_word' id='word_1_115' title='bbox 1967 1512 1986 1541; x_wconf 86' lang='lat'><strong>,</strong></span> 
     </span>
    </p>
   </div>
   <div class='ocr_carea' id='block_1_18' title="bbox 414 1557 1673 1620">
    <p class='ocr_par' dir='ltr' id='par_1_18' title="bbox 414 1557 1673 1620">
     <span class='ocr_line' id='line_1_18' title="bbox 414 1557 1673 1620; baseline 0.004 -3"><span class='ocrx_word' id='word_1_116' title='bbox 414 1572 469 1617; x_wconf 86' lang='lat' dir='ltr'><strong>et</strong></span> <span class='ocrx_word' id='word_1_117' title='bbox 492 1572 669 1618; x_wconf 89' lang='lat' dir='ltr'><strong>tamen</strong></span> <span class='ocrx_word' id='word_1_118' title='bbox 703 1565 880 1617; x_wconf 88' lang='lat' dir='ltr'><strong>uniter</strong></span> <span class='ocrx_word' id='word_1_119' title='bbox 918 1567 1241 1620; x_wconf 85' lang='lat' dir='ltr'><strong>continetur.</strong></span> <span class='ocrx_word' id='word_1_120' title='bbox 1664 1557 1673 1564; x_wconf 22' lang='lat' dir='ltr'><strong>i</strong></span> 
     </span>
    </p>
   </div>
   <div class='ocr_carea' id='block_1_19' title="bbox 486 1654 1991 1729">
    <p class='ocr_par' dir='ltr' id='par_1_19' title="bbox 486 1654 1991 1729">
     <span class='ocr_line' id='line_1_19' title="bbox 486 1654 1991 1729; baseline 0.003 -23"><span class='ocrx_word' id='word_1_121' title='bbox 486 1654 845 1726; x_wconf 83' lang='lat' dir='ltr'><strong>Interrogatio.</strong></span> <span class='ocrx_word' id='word_1_122' title='bbox 875 1656 1051 1711; x_wconf 89' lang='lat' dir='ltr'><strong>Pande</strong></span> <span class='ocrx_word' id='word_1_123' title='bbox 1074 1657 1252 1728; x_wconf 88' lang='lat' dir='ltr'><strong>itaque</strong></span> <span class='ocrx_word' id='word_1_124' title='bbox 1272 1658 1399 1713; x_wconf 90' lang='lat' dir='ltr'><strong>mihi</strong></span> <span class='ocrx_word' id='word_1_125' title='bbox 1414 1658 1683 1729; x_wconf 91' lang='lat' dir='ltr'><strong>quomodo</strong></span> <span class='ocrx_word' id='word_1_126' title='bbox 1700 1667 1810 1716; x_wconf 88' lang='lat' dir='ltr'><strong>tres</strong></span> <span class='ocrx_word' id='word_1_127' title='bbox 1828 1672 1991 1713; x_wconf 90' lang='lat' dir='ltr'><strong>unum</strong></span> 
     </span>
    </p>
   </div>
   <div class='ocr_carea' id='block_1_20' title="bbox 417 1755 1183 1811">
    <p class='ocr_par' dir='ltr' id='par_1_20' title="bbox 417 1755 1183 1811">
     <span class='ocr_line' id='line_1_20' title="bbox 417 1755 1183 1811; baseline 0.004 -11"><span class='ocrx_word' id='word_1_128' title='bbox 417 1755 565 1811; x_wconf 90' lang='lat' dir='ltr'><strong>sunt,</strong></span> <span class='ocrx_word' id='word_1_129' title='bbox 592 1756 683 1803; x_wconf 90' lang='lat' dir='ltr'><strong>aut</strong></span> <span class='ocrx_word' id='word_1_130' title='bbox 709 1764 869 1803; x_wconf 90' lang='lat' dir='ltr'><strong>unum</strong></span> <span class='ocrx_word' id='word_1_131' title='bbox 900 1757 1008 1803; x_wconf 88' lang='lat' dir='ltr'><strong>tres</strong></span> <span class='ocrx_word' id='word_1_132' title='bbox 1038 1761 1183 1804; x_wconf 85' lang='lat' dir='ltr'><strong>sunt.</strong></span> 
     </span>
    </p>
   </div>
   <div class='ocr_carea' id='block_1_21' title="bbox 486 1835 1995 1911">
    <p class='ocr_par' dir='ltr' id='par_1_21' title="bbox 486 1835 1995 1911">
     <span class='ocr_line' id='line_1_21' title="bbox 486 1835 1995 1911; baseline 0.003 -22"><span class='ocrx_word' id='word_1_133' title='bbox 486 1835 789 1907; x_wconf 76' lang='lat' dir='ltr'><strong>Responsio.</strong></span> <span class='ocrx_word' id='word_1_134' title='bbox 816 1838 1081 1894; x_wconf 78' lang='lat' dir='ltr'><strong>Memento</strong></span> <span class='ocrx_word' id='word_1_135' title='bbox 1119 1842 1240 1910; x_wconf 89' lang='lat' dir='ltr'><strong>quia</strong></span> <span class='ocrx_word' id='word_1_136' title='bbox 1274 1841 1453 1909; x_wconf 89' lang='lat' dir='ltr'><strong>Pater,</strong></span> <span class='ocrx_word' id='word_1_137' title='bbox 1485 1854 1534 1897; x_wconf 91' lang='lat' dir='ltr'><strong>et</strong></span> <span class='ocrx_word' id='word_1_138' title='bbox 1565 1841 1756 1908; x_wconf 86' lang='lat' dir='ltr'><strong>Filius,</strong></span> <span class='ocrx_word' id='word_1_139' title='bbox 1792 1851 1848 1896; x_wconf 87' lang='lat' dir='ltr'><strong>et</strong></span> <span class='ocrx_word' id='word_1_140' title='bbox 1874 1841 1995 1911; x_wconf 86' lang='lat' dir='ltr'><strong>Spi-</strong></span> 
     </span>
    </p>
   </div>
   <div class='ocr_carea' id='block_1_22' title="bbox 417 1927 1995 2000">
    <p class='ocr_par' dir='ltr' id='par_1_22' title="bbox 417 1927 1995 2000">
     <span class='ocr_line' id='line_1_22' title="bbox 417 1927 1995 2000; baseline 0.004 -21"><span class='ocrx_word' id='word_1_141' title='bbox 417 1927 548 1981; x_wconf 87' lang='lat' dir='ltr'><strong>ritus</strong></span> <span class='ocrx_word' id='word_1_142' title='bbox 580 1937 796 1983; x_wconf 81' lang='lat' dir='ltr'><strong>sanctus</strong></span> <span class='ocrx_word' id='word_1_143' title='bbox 839 1939 946 1983; x_wconf 91' lang='lat' dir='ltr'><strong>tres</strong></span> <span class='ocrx_word' id='word_1_144' title='bbox 968 1941 1088 1984; x_wconf 90' lang='lat' dir='ltr'><strong>sunt</strong></span> <span class='ocrx_word' id='word_1_145' title='bbox 1114 1972 1129 1996; x_wconf 92' lang='lat'><strong>,</strong></span> <span class='ocrx_word' id='word_1_146' title='bbox 1156 1933 1243 2000; x_wconf 91' lang='lat' dir='ltr'><strong>qui</strong></span> <span class='ocrx_word' id='word_1_147' title='bbox 1276 1932 1326 1985; x_wconf 92' lang='lat' dir='ltr'><strong>in</strong></span> <span class='ocrx_word' id='word_1_148' title='bbox 1359 1949 1460 1985; x_wconf 92' lang='lat' dir='ltr'><strong>una</strong></span> <span class='ocrx_word' id='word_1_149' title='bbox 1495 1944 1683 1987; x_wconf 89' lang='lat' dir='ltr'><strong>natura</strong></span> <span class='ocrx_word' id='word_1_150' title='bbox 1717 1932 1995 1986; x_wconf 85' lang='lat' dir='ltr'><strong>Trinitatis</strong></span> 
     </span>
    </p>
   </div>
   <div class='ocr_carea' id='block_1_23' title="bbox 419 2016 1884 2087">
    <p class='ocr_par' dir='ltr' id='par_1_23' title="bbox 419 2016 1884 2087">
     <span class='ocr_line' id='line_1_23' title="bbox 419 2016 1884 2087; baseline 0.006 -21"><span class='ocrx_word' id='word_1_151' title='bbox 419 2016 740 2071; x_wconf 73' lang='lat' dir='ltr'><strong>consistunt.</strong></span> <span class='ocrx_word' id='word_1_152' title='bbox 767 2017 892 2072; x_wconf 86' lang='lat' dir='ltr'><strong>Ideo</strong></span> <span class='ocrx_word' id='word_1_153' title='bbox 922 2028 1030 2074; x_wconf 89' lang='lat' dir='ltr'><strong>tres</strong></span> <span class='ocrx_word' id='word_1_154' title='bbox 1059 2037 1219 2075; x_wconf 91' lang='lat' dir='ltr'><strong>unum</strong></span> <span class='ocrx_word' id='word_1_155' title='bbox 1243 2031 1389 2087; x_wconf 90' lang='lat' dir='ltr'><strong>sunt,</strong></span> <span class='ocrx_word' id='word_1_156' title='bbox 1420 2023 1533 2076; x_wconf 87' lang='lat' dir='ltr'><strong>sive</strong></span> <span class='ocrx_word' id='word_1_157' title='bbox 1562 2038 1725 2076; x_wconf 90' lang='lat' dir='ltr'><strong>unum</strong></span> <span class='ocrx_word' id='word_1_158' title='bbox 1758 2032 1884 2076; x_wconf 90' lang='lat' dir='ltr'><strong>tres.</strong></span> 
     </span>
    </p>
   </div>
   <div class='ocr_carea' id='block_1_24' title="bbox 488 2101 1993 2177">
    <p class='ocr_par' dir='ltr' id='par_1_24' title="bbox 488 2101 1993 2177">
     <span class='ocr_line' id='line_1_24' title="bbox 488 2101 1993 2177; baseline 0.006 -21"><span class='ocrx_word' id='word_1_159' title='bbox 488 2101 851 2177; x_wconf 82' lang='lat' dir='ltr'><strong>Interrogatio.</strong></span> <span class='ocrx_word' id='word_1_160' title='bbox 886 2106 1144 2164; x_wconf 86' lang='lat' dir='ltr'><strong>Nimirum</strong></span> <span class='ocrx_word' id='word_1_161' title='bbox 1173 2110 1339 2164; x_wconf 89' lang='lat' dir='ltr'><strong>divisa</strong></span> <span class='ocrx_word' id='word_1_162' title='bbox 1370 2123 1453 2167; x_wconf 88' lang='lat' dir='ltr'><strong>est</strong></span> <span class='ocrx_word' id='word_1_163' title='bbox 1482 2112 1595 2167; x_wconf 67' lang='lat' dir='ltr'><strong>haec</strong></span> <span class='ocrx_word' id='word_1_164' title='bbox 1623 2113 1894 2177; x_wconf 85' lang='lat' dir='ltr'><strong>Trinitas,</strong></span> <span class='ocrx_word' id='word_1_165' title='bbox 1927 2127 1993 2165; x_wconf 89' lang='lat' dir='ltr'><strong>an</strong></span> 
     </span>
    </p>
   </div>
   <div class='ocr_carea' id='block_1_25' title="bbox 422 2194 1077 2254">
    <p class='ocr_par' dir='ltr' id='par_1_25' title="bbox 422 2194 1077 2254">
     <span class='ocr_line' id='line_1_25' title="bbox 422 2194 1077 2254; baseline 0.011 -7"><span class='ocrx_word' id='word_1_166' title='bbox 422 2194 687 2249; x_wconf 84' lang='lat' dir='ltr'><strong>indivisa?</strong></span> <span class='ocrx_word' id='word_1_167' title='bbox 726 2198 890 2251; x_wconf 87' lang='lat' dir='ltr'><strong>dicito</strong></span> <span class='ocrx_word' id='word_1_168' title='bbox 926 2201 1077 2254; x_wconf 85' lang='lat' dir='ltr'><strong>mihi.</strong></span> 
     </span>
    </p>
   </div>
   <div class='ocr_carea' id='block_1_26' title="bbox 438 2288 750 2304">
    <p class='ocr_par' dir='ltr' id='par_1_26' title="bbox 438 2288 750 2304">
     <span class='ocr_line' id='line_1_26' title="bbox 438 2288 750 2304; baseline 0.013 -4"><span class='ocrx_word' id='word_1_169' title='bbox 438 2288 557 2301; x_wconf 73' lang='lat'><strong>—.-</strong></span> <span class='ocrx_word' id='word_1_170' title='bbox 566 2289 750 2304; x_wconf 57' lang='lat' dir='ltr'><strong>dv—o-</strong></span> 
     </span>
    </p>
   </div>
   <div class='ocr_carea' id='block_1_27' title="bbox 761 2296 1111 2310">
    <p class='ocr_par' dir='ltr' id='par_1_27' title="bbox 761 2296 1111 2310">
     <span class='ocr_line' id='line_1_27' title="bbox 761 2296 1111 2310; baseline 0 -1"><span class='ocrx_word' id='word_1_171' title='bbox 761 2296 1111 2310; x_wconf 74' lang='lat'><strong>—-——</strong></span> 
     </span>
    </p>
   </div>
   <div class='ocr_carea' id='block_1_28' title="bbox 2078 470 3377 545">
    <p class='ocr_par' dir='ltr' id='par_1_28' title="bbox 2078 470 3377 545">
     <span class='ocr_line' id='line_1_28' title="bbox 2078 470 3377 545; baseline -0.005 -15"><span class='ocrx_word' id='word_1_172' title='bbox 2078 488 2458 545; x_wconf 88' lang='lat' dir='ltr'><strong>personarum,</strong></span> <span class='ocrx_word' id='word_1_173' title='bbox 2489 472 2548 527; x_wconf 90' lang='lat' dir='ltr'><strong>in</strong></span> <span class='ocrx_word' id='word_1_174' title='bbox 2576 472 2778 526; x_wconf 88' lang='lat' dir='ltr'><strong>deitate</strong></span> <span class='ocrx_word' id='word_1_175' title='bbox 2806 479 2984 526; x_wconf 87' lang='lat' dir='ltr'><strong>autem</strong></span> <span class='ocrx_word' id='word_1_176' title='bbox 3018 470 3244 524; x_wconf 86' lang='lat' dir='ltr'><strong>indivisa</strong></span> <span class='ocrx_word' id='word_1_177' title='bbox 3274 480 3377 526; x_wconf 89' lang='lat' dir='ltr'><strong>est.</strong></span> 
     </span>
    </p>
   </div>
   <div class='ocr_carea' id='block_1_29' title="bbox 2149 562 3670 636">
    <p class='ocr_par' dir='ltr' id='par_1_29' title="bbox 2149 562 3670 636">
     <span class='ocr_line' id='line_1_29' title="bbox 2149 562 3670 636; baseline 0 -17"><span class='ocrx_word' id='word_1_178' title='bbox 2149 564 2511 636; x_wconf 85' lang='lat' dir='ltr'><strong>Interrogatio.</strong></span> <span class='ocrx_word' id='word_1_179' title='bbox 2546 562 2760 620; x_wconf 85' lang='lat' dir='ltr'><strong>Edicito</strong></span> <span class='ocrx_word' id='word_1_180' title='bbox 2790 562 2921 619; x_wconf 88' lang='lat' dir='ltr'><strong>mihi</strong></span> <span class='ocrx_word' id='word_1_181' title='bbox 2959 562 3230 635; x_wconf 89' lang='lat' dir='ltr'><strong>quomodo</strong></span> <span class='ocrx_word' id='word_1_182' title='bbox 3280 564 3670 634; x_wconf 82' lang='lat' dir='ltr'><strong>interpretatur</strong></span> 
     </span>
    </p>
   </div>
   <div class='ocr_carea' id='block_1_30' title="bbox 2078 657 2275 713">
    <p class='ocr_par' dir='ltr' id='par_1_30' title="bbox 2078 657 2275 713">
     <span class='ocr_line' id='line_1_30' title="bbox 2078 657 2275 713; baseline 0 0"><span class='ocrx_word' id='word_1_183' title='bbox 2078 657 2275 713; x_wconf 86' lang='lat' dir='ltr'><strong>unitas.</strong></span> 
     </span>
    </p>
   </div>
   <div class='ocr_carea' id='block_1_31' title="bbox 2155 744 3675 818">
    <p class='ocr_par' dir='ltr' id='par_1_31' title="bbox 2155 744 3675 818">
     <span class='ocr_line' id='line_1_31' title="bbox 2155 744 3675 818; baseline -0.001 -16"><span class='ocrx_word' id='word_1_184' title='bbox 2155 749 2471 815; x_wconf 74' lang='lat' dir='ltr'><strong>Responsio.</strong></span> <span class='ocrx_word' id='word_1_185' title='bbox 2519 746 2707 804; x_wconf 82' lang='lat' dir='ltr'><strong>Nescis</strong></span> <span class='ocrx_word' id='word_1_186' title='bbox 2733 747 2857 818; x_wconf 82' lang='lat' dir='ltr'><strong>quis</strong></span> <span class='ocrx_word' id='word_1_187' title='bbox 2885 762 2989 802; x_wconf 85' lang='lat' dir='ltr'><strong>una</strong></span> <span class='ocrx_word' id='word_1_188' title='bbox 3015 755 3099 803; x_wconf 89' lang='lat' dir='ltr'><strong>est</strong></span> <span class='ocrx_word' id='word_1_189' title='bbox 3119 745 3317 812; x_wconf 88' lang='lat' dir='ltr'><strong>Patris,</strong></span> <span class='ocrx_word' id='word_1_190' title='bbox 3359 754 3413 802; x_wconf 92' lang='lat' dir='ltr'><strong>et</strong></span> <span class='ocrx_word' id='word_1_191' title='bbox 3438 744 3587 811; x_wconf 81' lang='lat' dir='ltr'><strong>Filii,</strong></span> <span class='ocrx_word' id='word_1_192' title='bbox 3618 753 3675 802; x_wconf 84' lang='lat' dir='ltr'><strong>et</strong></span> 
     </span>
    </p>
   </div>
   <div class='ocr_carea' id='block_1_32' title="bbox 2080 836 2847 911">
    <p class='ocr_par' dir='ltr' id='par_1_32' title="bbox 2080 836 2847 911">
     <span class='ocr_line' id='line_1_32' title="bbox 2080 836 2847 911; baseline -0.008 -13"><span class='ocrx_word' id='word_1_193' title='bbox 2080 840 2316 911; x_wconf 84' lang='lat' dir='ltr'><strong>Spiritus</strong></span> <span class='ocrx_word' id='word_1_194' title='bbox 2346 840 2519 895; x_wconf 86' lang='lat' dir='ltr'><strong>sancti</strong></span> <span class='ocrx_word' id='word_1_195' title='bbox 2549 836 2847 893; x_wconf 75' lang='lat' dir='ltr'><strong>divinitas?</strong></span> 
     </span>
    </p>
   </div>
   <div class='ocr_carea' id='block_1_33' title="bbox 2158 927 3675 1001">
    <p class='ocr_par' dir='ltr' id='par_1_33' title="bbox 2158 927 3675 1001">
     <span class='ocr_line' id='line_1_33' title="bbox 2158 927 3675 1001; baseline -0.003 -16"><span class='ocrx_word' id='word_1_196' title='bbox 2158 930 2524 1001; x_wconf 77' lang='lat' dir='ltr'><strong>Interrogatio.</strong></span> <span class='ocrx_word' id='word_1_197' title='bbox 2542 929 2679 996; x_wconf 88' lang='lat' dir='ltr'><strong>Quid</strong></span> <span class='ocrx_word' id='word_1_198' title='bbox 2729 927 3047 998; x_wconf 76' lang='lat' dir='ltr'><strong>intelligitur</strong></span> <span class='ocrx_word' id='word_1_199' title='bbox 3078 928 3130 982; x_wconf 94' lang='lat' dir='ltr'><strong>in</strong></span> <span class='ocrx_word' id='word_1_200' title='bbox 3162 927 3265 984; x_wconf 86' lang='lat' dir='ltr'><strong>hoc</strong></span> <span class='ocrx_word' id='word_1_201' title='bbox 3290 928 3408 983; x_wconf 89' lang='lat' dir='ltr'><strong>loco</strong></span> <span class='ocrx_word' id='word_1_202' title='bbox 3434 936 3627 983; x_wconf 80' lang='lat' dir='ltr'><strong>natura</strong></span> <span class='ocrx_word' id='word_1_203' title='bbox 3649 928 3675 981; x_wconf 65' lang='grc' dir='ltr'><strong><em>ἲ</em></strong></span> 
     </span>
    </p>
   </div>
   <div class='ocr_carea' id='block_1_34' title="bbox 2156 1016 3672 1093">
    <p class='ocr_par' dir='ltr' id='par_1_34' title="bbox 2156 1016 3672 1093">
     <span class='ocr_line' id='line_1_34' title="bbox 2156 1016 3672 1093; baseline -0.005 -15"><span class='ocrx_word' id='word_1_204' title='bbox 2156 1022 2459 1093; x_wconf 76' lang='lat' dir='ltr'><strong>Responsio.</strong></span> <span class='ocrx_word' id='word_1_205' title='bbox 2503 1020 2615 1075; x_wconf 82' lang='lat' dir='ltr'><strong>Hoc</strong></span> <span class='ocrx_word' id='word_1_206' title='bbox 2640 1018 2781 1088; x_wconf 91' lang='lat' dir='ltr'><strong>quod</strong></span> <span class='ocrx_word' id='word_1_207' title='bbox 2811 1019 3044 1073; x_wconf 90' lang='lat' dir='ltr'><strong>sentitur</strong></span> <span class='ocrx_word' id='word_1_208' title='bbox 3062 1017 3282 1084; x_wconf 84' lang='lat' dir='ltr'><strong>veritas,</strong></span> <span class='ocrx_word' id='word_1_209' title='bbox 3309 1033 3372 1072; x_wconf 89' lang='lat' dir='ltr'><strong>ac</strong></span> <span class='ocrx_word' id='word_1_210' title='bbox 3410 1016 3672 1082; x_wconf 80' lang='lat' dir='ltr'><strong>deatitas,</strong></span> 
     </span>
    </p>
   </div>
   <div class='ocr_carea' id='block_1_35' title="bbox 2085 1108 3671 1179">
    <p class='ocr_par' dir='ltr' id='par_1_35' title="bbox 2085 1108 3671 1179">
     <span class='ocr_line' id='line_1_35' title="bbox 2085 1108 3671 1179; baseline -0.006 -8"><span class='ocrx_word' id='word_1_211' title='bbox 2085 1115 2199 1171; x_wconf 86' lang='lat' dir='ltr'><strong>sive</strong></span> <span class='ocrx_word' id='word_1_212' title='bbox 2223 1110 2518 1169; x_wconf 87' lang='lat' dir='ltr'><strong>substantia</strong></span> <span class='ocrx_word' id='word_1_213' title='bbox 2537 1150 2556 1178; x_wconf 92' lang='lat'><strong>,</strong></span> <span class='ocrx_word' id='word_1_214' title='bbox 2600 1109 2670 1165; x_wconf 90' lang='lat' dir='ltr'><strong>de</strong></span> <span class='ocrx_word' id='word_1_215' title='bbox 2693 1124 2796 1179; x_wconf 89' lang='lat' dir='ltr'><strong>qua</strong></span> <span class='ocrx_word' id='word_1_216' title='bbox 2822 1108 2991 1163; x_wconf 72' lang='lat' dir='ltr'><strong>Graeci</strong></span> <span class='ocrx_word' id='word_1_217' title='bbox 3019 1108 3204 1163; x_wconf 89' lang='lat' dir='ltr'><strong>dicunt</strong></span> <span class='ocrx_word' id='word_1_218' title='bbox 3232 1110 3351 1165; x_wconf 79' lang='lat' dir='ltr'><strong>asia</strong></span> <span class='ocrx_word' id='word_1_219' title='bbox 3373 1150 3390 1176; x_wconf 92' lang='lat'><strong>,</strong></span> <span class='ocrx_word' id='word_1_220' title='bbox 3437 1124 3558 1179; x_wconf 73' lang='lat' dir='ltr'><strong>qua:</strong></span> <span class='ocrx_word' id='word_1_221' title='bbox 3585 1118 3671 1163; x_wconf 89' lang='lat' dir='ltr'><strong>est</strong></span> 
     </span>
    </p>
   </div>
   <div class='ocr_carea' id='block_1_36' title="bbox 2085 1199 3207 1270">
    <p class='ocr_par' dir='ltr' id='par_1_36' title="bbox 2085 1199 3207 1270">
     <span class='ocr_line' id='line_1_36' title="bbox 2085 1199 3207 1270; baseline -0.007 -9"><span class='ocrx_word' id='word_1_222' title='bbox 2085 1204 2369 1261; x_wconf 84' lang='lat' dir='ltr'><strong>manifeste</strong></span> <span class='ocrx_word' id='word_1_223' title='bbox 2403 1202 2548 1257; x_wconf 87' lang='lat' dir='ltr'><strong>unita</strong></span> <span class='ocrx_word' id='word_1_224' title='bbox 2579 1200 2857 1270; x_wconf 84' lang='lat' dir='ltr'><strong>plenitudo</strong></span> <span class='ocrx_word' id='word_1_225' title='bbox 2887 1199 3207 1255; x_wconf 88' lang='lat' dir='ltr'><strong>divinitatis.</strong></span> 
     </span>
    </p>
   </div>
   <div class='ocr_carea' id='block_1_37' title="bbox 2161 1287 3234 1365">
    <p class='ocr_par' dir='ltr' id='par_1_37' title="bbox 2161 1287 3234 1365">
     <span class='ocr_line' id='line_1_37' title="bbox 2161 1287 3234 1365; baseline -0.007 -16"><span class='ocrx_word' id='word_1_226' title='bbox 2161 1292 2525 1365; x_wconf 82' lang='lat' dir='ltr'><strong>Interrogatio.</strong></span> <span class='ocrx_word' id='word_1_227' title='bbox 2557 1289 2694 1357; x_wconf 91' lang='lat' dir='ltr'><strong>Quid</strong></span> <span class='ocrx_word' id='word_1_228' title='bbox 2724 1300 2805 1344; x_wconf 77' lang='lat' dir='ltr'><strong>est</strong></span> <span class='ocrx_word' id='word_1_229' title='bbox 2827 1302 2934 1343; x_wconf 88' lang='lat' dir='ltr'><strong>una</strong></span> <span class='ocrx_word' id='word_1_230' title='bbox 2958 1287 3234 1343; x_wconf 75' lang='lat' dir='ltr'><strong>Trinitas?</strong></span> 
     </span>
    </p>
   </div>
   <div class='ocr_carea' id='block_1_38' title="bbox 2163 1379 3673 1454">
    <p class='ocr_par' dir='ltr' id='par_1_38' title="bbox 2163 1379 3673 1454">
     <span class='ocr_line' id='line_1_38' title="bbox 2163 1379 3673 1454; baseline -0.003 -14"><span class='ocrx_word' id='word_1_231' title='bbox 2163 1384 2467 1454; x_wconf 77' lang='lat' dir='ltr'><strong>Responsio.</strong></span> <span class='ocrx_word' id='word_1_232' title='bbox 2512 1381 2703 1451; x_wconf 83' lang='lat' dir='ltr'><strong>Utique</strong></span> <span class='ocrx_word' id='word_1_233' title='bbox 2728 1380 2851 1448; x_wconf 86' lang='lat' dir='ltr'><strong>quia</strong></span> <span class='ocrx_word' id='word_1_234' title='bbox 2884 1393 2986 1434; x_wconf 89' lang='lat' dir='ltr'><strong>una</strong></span> <span class='ocrx_word' id='word_1_235' title='bbox 3033 1388 3117 1435; x_wconf 81' lang='lat' dir='ltr'><strong>est</strong></span> <span class='ocrx_word' id='word_1_236' title='bbox 3155 1380 3206 1433; x_wconf 91' lang='lat' dir='ltr'><strong>in</strong></span> <span class='ocrx_word' id='word_1_237' title='bbox 3259 1379 3377 1448; x_wconf 83' lang='lat' dir='ltr'><strong>ipsa</strong></span> <span class='ocrx_word' id='word_1_238' title='bbox 3403 1379 3673 1435; x_wconf 88' lang='lat' dir='ltr'><strong>Trinitate</strong></span> 
     </span>
    </p>
   </div>
   <div class='ocr_carea' id='block_1_39' title="bbox 2092 1470 3672 1547">
    <p class='ocr_par' dir='ltr' id='par_1_39' title="bbox 2092 1470 3672 1547">
     <span class='ocr_line' id='line_1_39' title="bbox 2092 1470 3672 1547; baseline -0.004 -16"><span class='ocrx_word' id='word_1_239' title='bbox 2092 1475 2370 1547; x_wconf 89' lang='lat' dir='ltr'><strong>plenitudo</strong></span> <span class='ocrx_word' id='word_1_240' title='bbox 2398 1472 2729 1537; x_wconf 88' lang='lat' dir='ltr'><strong>divinitatis;</strong></span> <span class='ocrx_word' id='word_1_241' title='bbox 2763 1471 2833 1525; x_wconf 91' lang='lat' dir='ltr'><strong>ita</strong></span> <span class='ocrx_word' id='word_1_242' title='bbox 2860 1478 2917 1524; x_wconf 90' lang='lat' dir='ltr'><strong>et</strong></span> <span class='ocrx_word' id='word_1_243' title='bbox 2956 1470 3176 1525; x_wconf 89' lang='lat' dir='ltr'><strong>unitatis</strong></span> <span class='ocrx_word' id='word_1_244' title='bbox 3220 1482 3424 1524; x_wconf 72' lang='lat' dir='ltr'><strong>natura:</strong></span> <span class='ocrx_word' id='word_1_245' title='bbox 3473 1486 3672 1526; x_wconf 90' lang='lat' dir='ltr'><strong>nomen</strong></span> 
     </span>
    </p>
   </div>
   <div class='ocr_carea' id='block_1_40' title="bbox 2094 1562 3671 1633">
    <p class='ocr_par' dir='ltr' id='par_1_40' title="bbox 2094 1562 3671 1633">
     <span class='ocr_line' id='line_1_40' title="bbox 2094 1562 3671 1633; baseline -0.003 -10"><span class='ocrx_word' id='word_1_246' title='bbox 2094 1570 2272 1623; x_wconf 88' lang='lat' dir='ltr'><strong>uniter</strong></span> <span class='ocrx_word' id='word_1_247' title='bbox 2290 1568 2341 1621; x_wconf 89' lang='lat' dir='ltr'><strong>in</strong></span> <span class='ocrx_word' id='word_1_248' title='bbox 2367 1566 2631 1620; x_wconf 84' lang='lat' dir='ltr'><strong>Trinitate</strong></span> <span class='ocrx_word' id='word_1_249' title='bbox 2658 1563 2958 1620; x_wconf 87' lang='lat' dir='ltr'><strong>consistere</strong></span> <span class='ocrx_word' id='word_1_250' title='bbox 2978 1562 3301 1627; x_wconf 84' lang='lat' dir='ltr'><strong>declaratur,</strong></span> <span class='ocrx_word' id='word_1_251' title='bbox 3330 1574 3385 1618; x_wconf 90' lang='lat' dir='ltr'><strong>et</strong></span> <span class='ocrx_word' id='word_1_252' title='bbox 3406 1564 3520 1633; x_wconf 90' lang='lat' dir='ltr'><strong>ipsa</strong></span> <span class='ocrx_word' id='word_1_253' title='bbox 3547 1563 3671 1618; x_wconf 82' lang='lat' dir='ltr'><strong>Tri-</strong></span> 
     </span>
    </p>
   </div>
   <div class='ocr_carea' id='block_1_41' title="bbox 2076 1652 3675 1726">
    <p class='ocr_par' dir='ltr' id='par_1_41' title="bbox 2076 1652 3675 1726">
     <span class='ocr_line' id='line_1_41' title="bbox 2076 1652 3675 1726; baseline -0.003 -14"><span class='ocrx_word' id='word_1_254' title='bbox 2076 1660 2236 1715; x_wconf 87' lang='lat' dir='ltr'><strong>.nitas</strong></span> <span class='ocrx_word' id='word_1_255' title='bbox 2276 1658 2499 1726; x_wconf 76' lang='lat' dir='ltr'><strong>adaeque</strong></span> <span class='ocrx_word' id='word_1_256' title='bbox 2529 1671 2625 1725; x_wconf 88' lang='lat' dir='ltr'><strong>per</strong></span> <span class='ocrx_word' id='word_1_257' title='bbox 2648 1654 2856 1724; x_wconf 83' lang='lat' dir='ltr'><strong>singula</strong></span> <span class='ocrx_word' id='word_1_258' title='bbox 2901 1652 3113 1707; x_wconf 91' lang='lat' dir='ltr'><strong>nomina</strong></span> <span class='ocrx_word' id='word_1_259' title='bbox 3158 1669 3511 1723; x_wconf 87' lang='lat' dir='ltr'><strong>personarum</strong></span> <span class='ocrx_word' id='word_1_260' title='bbox 3554 1670 3675 1722; x_wconf 87' lang='lat' dir='ltr'><strong>per-</strong></span> 
     </span>
    </p>
   </div>
   <div class='ocr_carea' id='block_1_42' title="bbox 2024 1743 3678 1813">
    <p class='ocr_par' dir='ltr' id='par_1_42' title="bbox 2024 1743 3678 1813">
     <span class='ocr_line' id='line_1_42' title="bbox 2024 1743 3678 1813; baseline -0.003 -9"><span class='ocrx_word' id='word_1_261' title='bbox 2024 1752 2067 1811; x_wconf 85' lang='lat' dir='ltr'><strong>B</strong></span> <span class='ocrx_word' id='word_1_262' title='bbox 2099 1752 2232 1804; x_wconf 79' lang='lat' dir='ltr'><strong>tecte</strong></span> <span class='ocrx_word' id='word_1_263' title='bbox 2253 1748 2674 1803; x_wconf 88' lang='lat' dir='ltr'><strong>demonstratur.</strong></span> <span class='ocrx_word' id='word_1_264' title='bbox 2697 1743 2930 1799; x_wconf 90' lang='lat' dir='ltr'><strong>Omnino</strong></span> <span class='ocrx_word' id='word_1_265' title='bbox 2956 1744 3041 1799; x_wconf 90' lang='lat' dir='ltr'><strong>hic</strong></span> <span class='ocrx_word' id='word_1_266' title='bbox 3064 1744 3171 1813; x_wconf 86' lang='lat' dir='ltr'><strong>jam</strong></span> <span class='ocrx_word' id='word_1_267' title='bbox 3198 1744 3429 1798; x_wconf 89' lang='lat' dir='ltr'><strong>breviter</strong></span> <span class='ocrx_word' id='word_1_268' title='bbox 3456 1756 3539 1799; x_wconf 88' lang='lat' dir='ltr'><strong>est</strong></span> <span class='ocrx_word' id='word_1_269' title='bbox 3560 1745 3678 1799; x_wconf 83' lang='lat' dir='ltr'><strong>dic-</strong></span> 
     </span>
    </p>
   </div>
   <div class='ocr_carea' id='block_1_43' title="bbox 2100 1834 3676 1906">
    <p class='ocr_par' dir='ltr' id='par_1_43' title="bbox 2100 1834 3676 1906">
     <span class='ocr_line' id='line_1_43' title="bbox 2100 1834 3676 1906; baseline -0.004 -12"><span class='ocrx_word' id='word_1_270' title='bbox 2100 1851 2232 1903; x_wconf 91' lang='lat' dir='ltr'><strong>tum,</strong></span> <span class='ocrx_word' id='word_1_271' title='bbox 2260 1836 2401 1906; x_wconf 91' lang='lat' dir='ltr'><strong>quod</strong></span> <span class='ocrx_word' id='word_1_272' title='bbox 2442 1836 2688 1903; x_wconf 87' lang='lat' dir='ltr'><strong>superius</strong></span> <span class='ocrx_word' id='word_1_273' title='bbox 2715 1851 2836 1889; x_wconf 90' lang='lat' dir='ltr'><strong>cum</strong></span> <span class='ocrx_word' id='word_1_274' title='bbox 2882 1835 3071 1904; x_wconf 81' lang='lat' dir='ltr'><strong>grandi</strong></span> <span class='ocrx_word' id='word_1_275' title='bbox 3118 1834 3321 1888; x_wconf 84' lang='lat' dir='ltr'><strong>cautela</strong></span> <span class='ocrx_word' id='word_1_276' title='bbox 3371 1834 3676 1888; x_wconf 88' lang='lat' dir='ltr'><strong>secundum</strong></span> 
     </span>
    </p>
   </div>
   <div class='ocr_carea' id='block_1_44' title="bbox 2100 1923 3681 1999">
    <p class='ocr_par' dir='ltr' id='par_1_44' title="bbox 2100 1923 3681 1999">
     <span class='ocr_line' id='line_1_44' title="bbox 2100 1923 3681 1999; baseline -0.004 -15"><span class='ocrx_word' id='word_1_277' title='bbox 2100 1929 2297 1999; x_wconf 77' lang='lat' dir='ltr'><strong>Slylum</strong></span> <span class='ocrx_word' id='word_1_278' title='bbox 2326 1926 2617 1993; x_wconf 64' lang='lat' dir='ltr'><strong>Scriptum</strong></span> <span class='ocrx_word' id='word_1_279' title='bbox 2643 1924 2842 1992; x_wconf 67' lang='lat' dir='ltr'><strong>regula:</strong></span> <span class='ocrx_word' id='word_1_280' title='bbox 2869 1923 3147 1977; x_wconf 75' lang='lat' dir='ltr'><strong>catholicae</strong></span> <span class='ocrx_word' id='word_1_281' title='bbox 3170 1934 3251 1977; x_wconf 92' lang='lat' dir='ltr'><strong>est</strong></span> <span class='ocrx_word' id='word_1_282' title='bbox 3277 1924 3589 1989; x_wconf 84' lang='lat' dir='ltr'><strong>collectum,</strong></span> <span class='ocrx_word' id='word_1_283' title='bbox 3618 1932 3681 1977; x_wconf 89' lang='lat' dir='ltr'><strong>ut</strong></span> 
     </span>
    </p>
   </div>
   <div class='ocr_carea' id='block_1_45' title="bbox 2098 2013 3680 2082">
    <p class='ocr_par' dir='ltr' id='par_1_45' title="bbox 2098 2013 3680 2082">
     <span class='ocr_line' id='line_1_45' title="bbox 2098 2013 3680 2082; baseline -0.004 -10"><span class='ocrx_word' id='word_1_284' title='bbox 2098 2018 2236 2072; x_wconf 82' lang='lat' dir='ltr'><strong>sicut</strong></span> <span class='ocrx_word' id='word_1_285' title='bbox 2262 2019 2312 2069; x_wconf 88' lang='lat' dir='ltr'><strong>in</strong></span> <span class='ocrx_word' id='word_1_286' title='bbox 2341 2014 2617 2073; x_wconf 70' lang='lat' dir='ltr'><strong>divinitate</strong></span> <span class='ocrx_word' id='word_1_287' title='bbox 2662 2013 2935 2067; x_wconf 83' lang='lat' dir='ltr'><strong>conﬁteris</strong></span> <span class='ocrx_word' id='word_1_288' title='bbox 2967 2026 3087 2067; x_wconf 88' lang='lat' dir='ltr'><strong>esse</strong></span> <span class='ocrx_word' id='word_1_289' title='bbox 3116 2013 3359 2076; x_wconf 77' lang='lat' dir='ltr'><strong>Patrem,</strong></span> <span class='ocrx_word' id='word_1_290' title='bbox 3390 2013 3467 2067; x_wconf 89' lang='lat' dir='ltr'><strong>sic</strong></span> <span class='ocrx_word' id='word_1_291' title='bbox 3512 2013 3680 2082; x_wconf 82' lang='lat' dir='ltr'><strong>proli-</strong></span> 
     </span>
    </p>
   </div>
   <div class='ocr_carea' id='block_1_46' title="bbox 2100 2102 3274 2171">
    <p class='ocr_par' dir='ltr' id='par_1_46' title="bbox 2100 2102 3274 2171">
     <span class='ocr_line' id='line_1_46' title="bbox 2100 2102 3274 2171; baseline -0.004 -10"><span class='ocrx_word' id='word_1_292' title='bbox 2100 2107 2263 2162; x_wconf 90' lang='lat' dir='ltr'><strong>tearis</strong></span> <span class='ocrx_word' id='word_1_293' title='bbox 2282 2120 2401 2160; x_wconf 89' lang='lat' dir='ltr'><strong>esse</strong></span> <span class='ocrx_word' id='word_1_294' title='bbox 2431 2104 2620 2158; x_wconf 88' lang='lat' dir='ltr'><strong>Filium</strong></span> <span class='ocrx_word' id='word_1_295' title='bbox 2646 2111 2700 2156; x_wconf 88' lang='lat' dir='ltr'><strong>et</strong></span> <span class='ocrx_word' id='word_1_296' title='bbox 2729 2102 2982 2171; x_wconf 78' lang='lat' dir='ltr'><strong>Spiritum</strong></span> <span class='ocrx_word' id='word_1_297' title='bbox 3012 2115 3274 2157; x_wconf 85' lang='lat' dir='ltr'><strong>sanctum.</strong></span> 
     </span>
    </p>
   </div>
   <div class='ocr_carea' id='block_1_47' title="bbox 1391 2350 2712 2465">
    <p class='ocr_par' dir='ltr' id='par_1_47' title="bbox 1391 2350 2712 2465">
     <span class='ocr_line' id='line_1_47' title="bbox 1391 2350 2712 2465; baseline -0.01 1"><span class='ocrx_word' id='word_1_298' title='bbox 1391 2359 1869 2465; x_wconf 82' lang='lat' dir='ltr'><strong>LIBER</strong></span> <span class='ocrx_word' id='word_1_299' title='bbox 1960 2350 2712 2462; x_wconf 83' lang='lat' dir='ltr'><strong>TERTIUS.</strong></span> 
     </span>
    </p>
   </div>
   <div class='ocr_carea' id='block_1_48' title="bbox 1058 2508 3049 2595">
    <p class='ocr_par' dir='ltr' id='par_1_48' title="bbox 1058 2508 3049 2595">
     <span class='ocr_line' id='line_1_48' title="bbox 1058 2508 3049 2595; baseline -0.003 -21"><span class='ocrx_word' id='word_1_300' title='bbox 1058 2516 1142 2575; x_wconf 84' lang='lat' dir='ltr'><strong>De</strong></span> <span class='ocrx_word' id='word_1_301' title='bbox 1171 2518 1597 2595; x_wconf 80' lang='lat' dir='ltr'><strong>assumptione.</strong></span> <span class='ocrx_word' id='word_1_302' title='bbox 1626 2517 1909 2585; x_wconf 83' lang='lat' dir='ltr'><strong>hominis,</strong></span> <span class='ocrx_word' id='word_1_303' title='bbox 1944 2523 2167 2575; x_wconf 86' lang='lat' dir='ltr'><strong>contra</strong></span> <span class='ocrx_word' id='word_1_304' title='bbox 2198 2509 2641 2573; x_wconf 82' lang='lat' dir='ltr'><strong>Marcellinum</strong></span> <span class='ocrx_word' id='word_1_305' title='bbox 2672 2508 3049 2569; x_wconf 75' lang='lat' dir='ltr'><strong>hwreticum.</strong></span> 
     </span>
    </p>
   </div>
   <div class='ocr_carea' id='block_1_49' title="bbox 494 2638 2000 2709">
    <p class='ocr_par' dir='ltr' id='par_1_49' title="bbox 494 2638 2000 2709">
     <span class='ocr_line' id='line_1_49' title="bbox 494 2638 2000 2709; baseline 0.001 -19"><span class='ocrx_word' id='word_1_306' title='bbox 494 2639 657 2709; x_wconf 76' lang='lat'><strong>218</strong></span> <span class='ocrx_word' id='word_1_307' title='bbox 713 2638 1490 2706; x_wconf 70' lang='lat' dir='ltr'><strong>Ilazreticns.Quemadmodum</strong></span> <span class='ocrx_word' id='word_1_308' title='bbox 1541 2639 1594 2694; x_wconf 90' lang='lat' dir='ltr'><strong>in</strong></span> <span class='ocrx_word' id='word_1_309' title='bbox 1648 2654 1751 2693; x_wconf 88' lang='lat' dir='ltr'><strong>una</strong></span> <span class='ocrx_word' id='word_1_310' title='bbox 1802 2638 2000 2693; x_wconf 87' lang='lat' dir='ltr'><strong>deitate</strong></span> 
     </span>
    </p>
   </div>
   <div class='ocr_carea' id='block_1_50' title="bbox 426 2726 2000 2799">
    <p class='ocr_par' dir='ltr' id='par_1_50' title="bbox 426 2726 2000 2799">
     <span class='ocr_line' id='line_1_50' title="bbox 426 2726 2000 2799; baseline 0.003 -19"><span class='ocrx_word' id='word_1_311' title='bbox 426 2726 719 2796; x_wconf 73' lang='lat' dir='ltr'><strong>eademque</strong></span> <span class='ocrx_word' id='word_1_312' title='bbox 771 2745 927 2783; x_wconf 89' lang='lat' dir='ltr'><strong>unam</strong></span> <span class='ocrx_word' id='word_1_313' title='bbox 977 2732 1337 2799; x_wconf 68' lang='lat' dir='ltr'><strong>mqualitatem</strong></span> <span class='ocrx_word' id='word_1_314' title='bbox 1388 2731 1664 2785; x_wconf 86' lang='lat' dir='ltr'><strong>conﬁteris</strong></span> <span class='ocrx_word' id='word_1_315' title='bbox 1712 2729 1835 2784; x_wconf 85' lang='lat' dir='ltr'><strong>Filii</strong></span> <span class='ocrx_word' id='word_1_316' title='bbox 1881 2745 2000 2785; x_wconf 84' lang='lat' dir='ltr'><strong>esse</strong></span> 
     </span>
    </p>
   </div>
   <div class='ocr_carea' id='block_1_51' title="bbox 2107 2627 3684 2703">
    <p class='ocr_par' dir='ltr' id='par_1_51' title="bbox 2107 2627 3684 2703">
     <span class='ocr_line' id='line_1_51' title="bbox 2107 2627 3684 2703; baseline -0.001 -17"><span class='ocrx_word' id='word_1_317' title='bbox 2107 2634 2359 2703; x_wconf 84' lang='lat' dir='ltr'><strong>gentium.</strong></span> <span class='ocrx_word' id='word_1_318' title='bbox 2406 2629 2679 2684; x_wconf 84' lang='lat' dir='ltr'><strong>Christum</strong></span> <span class='ocrx_word' id='word_1_319' title='bbox 2712 2628 2937 2681; x_wconf 83' lang='lat' dir='ltr'><strong>turmam</strong></span> <span class='ocrx_word' id='word_1_320' title='bbox 2972 2628 3062 2681; x_wconf 87' lang='lat' dir='ltr'><strong>Dei</strong></span> <span class='ocrx_word' id='word_1_321' title='bbox 3111 2627 3285 2683; x_wconf 80' lang='lat' dir='ltr'><strong>Patris</strong></span> <span class='ocrx_word' id='word_1_322' title='bbox 3325 2643 3447 2684; x_wconf 88' lang='lat' dir='ltr'><strong>esse</strong></span> <span class='ocrx_word' id='word_1_323' title='bbox 3494 2644 3684 2698; x_wconf 81' lang='lat' dir='ltr'><strong>neges.</strong></span> 
     </span>
    </p>
   </div>
   <div class='ocr_carea' id='block_1_52' title="bbox 2107 2722 3677 2794">
    <p class='ocr_par' dir='ltr' id='par_1_52' title="bbox 2107 2722 3677 2794">
     <span class='ocr_line' id='line_1_52' title="bbox 2107 2722 3677 2794; baseline -0.002 -14"><span class='ocrx_word' id='word_1_324' title='bbox 2107 2726 2158 2780; x_wconf 79' lang='lat' dir='ltr'><strong>Si</strong></span> <span class='ocrx_word' id='word_1_325' title='bbox 2185 2741 2311 2794; x_wconf 83' lang='lat' dir='ltr'><strong>ergo</strong></span> <span class='ocrx_word' id='word_1_326' title='bbox 2340 2723 2505 2779; x_wconf 85' lang='lat' dir='ltr'><strong>forma</strong></span> <span class='ocrx_word' id='word_1_327' title='bbox 2537 2724 2654 2793; x_wconf 90' lang='lat' dir='ltr'><strong>ejus</strong></span> <span class='ocrx_word' id='word_1_328' title='bbox 2701 2732 2814 2789; x_wconf 73' lang='lat' dir='ltr'><strong>est,</strong></span> <span class='ocrx_word' id='word_1_329' title='bbox 2858 2726 3033 2792; x_wconf 87' lang='lat' dir='ltr'><strong>itaque</strong></span> <span class='ocrx_word' id='word_1_330' title='bbox 3065 2722 3231 2777; x_wconf 84' lang='lat' dir='ltr'><strong>forma</strong></span> <span class='ocrx_word' id='word_1_331' title='bbox 3264 2739 3358 2778; x_wconf 90' lang='lat' dir='ltr'><strong>sua</strong></span> <span class='ocrx_word' id='word_1_332' title='bbox 3389 2727 3677 2793; x_wconf 84' lang='lat' dir='ltr'><strong>incompa-</strong></span> 
     </span>
    </p>
   </div>
   <div class='ocr_carea' id='block_1_53' title="bbox 427 2814 2002 2908">
    <p class='ocr_par' dir='ltr' id='par_1_53' title="bbox 427 2819 1998 2892">
     <span class='ocr_line' id='line_1_53' title="bbox 427 2819 1998 2892; baseline 0.004 -21"><span class='ocrx_word' id='word_1_333' title='bbox 427 2834 545 2872; x_wconf 86' lang='lat' dir='ltr'><strong>eum</strong></span> <span class='ocrx_word' id='word_1_334' title='bbox 577 2819 732 2874; x_wconf 87' lang='lat' dir='ltr'><strong>Patre</strong></span> <span class='ocrx_word' id='word_1_335' title='bbox 757 2864 771 2887; x_wconf 92' lang='lat'><strong>,</strong></span> <span class='ocrx_word' id='word_1_336' title='bbox 803 2836 922 2875; x_wconf 91' lang='lat' dir='ltr'><strong>cum</strong></span> <span class='ocrx_word' id='word_1_337' title='bbox 956 2823 1070 2891; x_wconf 89' lang='lat' dir='ltr'><strong>ipse</strong></span> <span class='ocrx_word' id='word_1_338' title='bbox 1098 2824 1165 2878; x_wconf 92' lang='lat' dir='ltr'><strong>de</strong></span> <span class='ocrx_word' id='word_1_339' title='bbox 1196 2839 1254 2877; x_wconf 86' lang='lat' dir='ltr'><strong>se</strong></span> <span class='ocrx_word' id='word_1_340' title='bbox 1294 2825 1652 2879; x_wconf 86' lang='lat' dir='ltr'><strong>testimonium</strong></span> <span class='ocrx_word' id='word_1_341' title='bbox 1686 2823 1998 2892; x_wconf 87' lang='lat' dir='ltr'><strong>perhibeat:</strong></span> 
     </span>
    </p>
   </div>
   <div class='ocr_carea' id='block_1_54' title="bbox 2117 2814 3676 2908">
    <p class='ocr_par' dir='ltr' id='par_1_54' title="bbox 2117 2814 3676 2886">
     <span class='ocr_line' id='line_1_54' title="bbox 2117 2814 3676 2886; baseline 0.001 -17"><span class='ocrx_word' id='word_1_342' title='bbox 2117 2817 2345 2871; x_wconf 65' lang='lat' dir='ltr'><strong>rabiliter</strong></span> <span class='ocrx_word' id='word_1_343' title='bbox 2372 2817 2537 2885; x_wconf 78' lang='lat' dir='ltr'><strong>major</strong></span> <span class='ocrx_word' id='word_1_344' title='bbox 2567 2833 2683 2871; x_wconf 87' lang='lat' dir='ltr'><strong>esse</strong></span> <span class='ocrx_word' id='word_1_345' title='bbox 2715 2832 2821 2869; x_wconf 89' lang='lat' dir='ltr'><strong>non</strong></span> <span class='ocrx_word' id='word_1_346' title='bbox 2853 2826 3059 2886; x_wconf 80' lang='lat' dir='ltr'><strong>potest;</strong></span> <span class='ocrx_word' id='word_1_347' title='bbox 3094 2830 3160 2870; x_wconf 85' lang='lat' dir='ltr'><strong>ne</strong></span> <span class='ocrx_word' id='word_1_348' title='bbox 3183 2831 3287 2869; x_wconf 90' lang='lat' dir='ltr'><strong>non</strong></span> <span class='ocrx_word' id='word_1_349' title='bbox 3310 2814 3545 2881; x_wconf 82' lang='lat' dir='ltr'><strong>Christo,</strong></span> <span class='ocrx_word' id='word_1_350' title='bbox 3574 2815 3676 2870; x_wconf 89' lang='lat' dir='ltr'><strong>sed</strong></span> 
     </span>
    </p>
   </div>
   <div class='ocr_carea' id='block_1_55' title="bbox 430 2908 1726 2986">
    <p class='ocr_par' dir='ltr' id='par_1_55' title="bbox 430 2908 1726 2986">
     <span class='ocr_line' id='line_1_55' title="bbox 430 2908 1726 2986; baseline 0.006 -25"><span class='ocrx_word' id='word_1_351' title='bbox 430 2908 533 2975; x_wconf 86' lang='lat' dir='ltr'><strong>Qui</strong></span> <span class='ocrx_word' id='word_1_352' title='bbox 558 2912 692 2965; x_wconf 80' lang='lat' dir='ltr'><strong>misit</strong></span> <span class='ocrx_word' id='word_1_353' title='bbox 721 2929 817 2976; x_wconf 84' lang='lat' dir='ltr'><strong>me,</strong></span> <span class='ocrx_word' id='word_1_354' title='bbox 849 2914 1013 2983; x_wconf 87' lang='lat' dir='ltr'><strong>major</strong></span> <span class='ocrx_word' id='word_1_355' title='bbox 1044 2931 1119 2967; x_wconf 86' lang='lat' dir='ltr'><strong>me</strong></span> <span class='ocrx_word' id='word_1_356' title='bbox 1139 2924 1212 2968; x_wconf 83' lang='lat' dir='ltr'><strong>est</strong></span> <span class='ocrx_word' id='word_1_357' title='bbox 1239 2912 1418 2985; x_wconf 80' lang='lat' dir='ltr'><strong>(Joan.</strong></span> <span class='ocrx_word' id='word_1_358' title='bbox 1450 2930 1564 2979; x_wconf 76' lang='lat' dir='ltr'><strong>XIV,</strong></span> <span class='ocrx_word' id='word_1_359' title='bbox 1593 2913 1726 2986; x_wconf 73' lang='lat'><strong>28)?</strong></span> 
     </span>
    </p>
   </div>
   <div class='ocr_carea' id='block_1_56' title="bbox 503 3000 2003 3073">
    <p class='ocr_par' dir='ltr' id='par_1_56' title="bbox 503 3000 2003 3073">
     <span class='ocr_line' id='line_1_56' title="bbox 503 3000 2003 3073; baseline 0.005 -23"><span class='ocrx_word' id='word_1_360' title='bbox 503 3000 836 3055; x_wconf 75' lang='lat' dir='ltr'><strong>Athanasius.</strong></span> <span class='ocrx_word' id='word_1_361' title='bbox 882 3001 1017 3056; x_wconf 85' lang='lat' dir='ltr'><strong>Proh</strong></span> <span class='ocrx_word' id='word_1_362' title='bbox 1042 3003 1229 3057; x_wconf 87' lang='lat' dir='ltr'><strong>dolor!</strong></span> <span class='ocrx_word' id='word_1_363' title='bbox 1280 3005 1324 3057; x_wconf 85' lang='lat' dir='ltr'><strong>si</strong></span> <span class='ocrx_word' id='word_1_364' title='bbox 1372 3004 1451 3057; x_wconf 90' lang='lat' dir='ltr'><strong>sic</strong></span> <span class='ocrx_word' id='word_1_365' title='bbox 1503 3005 1755 3073; x_wconf 76' lang='lat' dir='ltr'><strong>intelligis</strong></span> <span class='ocrx_word' id='word_1_366' title='bbox 1805 3003 2003 3057; x_wconf 88' lang='lat' dir='ltr'><strong>dictum</strong></span> 
     </span>
    </p>
   </div>
   <div class='ocr_carea' id='block_1_57' title="bbox 431 3084 2000 3163">
    <p class='ocr_par' dir='ltr' id='par_1_57' title="bbox 431 3084 2000 3163">
     <span class='ocr_line' id='line_1_57' title="bbox 431 3084 2000 3163; baseline 0.004 -23"><span class='ocrx_word' id='word_1_367' title='bbox 431 3084 618 3156; x_wconf 79' lang='lat' dir='ltr'><strong>fuisse,</strong></span> <span class='ocrx_word' id='word_1_368' title='bbox 652 3091 765 3157; x_wconf 81' lang='lat' dir='ltr'><strong>ipse</strong></span> <span class='ocrx_word' id='word_1_369' title='bbox 793 3106 850 3144; x_wconf 89' lang='lat' dir='ltr'><strong>se</strong></span> <span class='ocrx_word' id='word_1_370' title='bbox 876 3091 983 3159; x_wconf 86' lang='lat' dir='ltr'><strong>jam</strong></span> <span class='ocrx_word' id='word_1_371' title='bbox 1022 3093 1163 3161; x_wconf 88' lang='lat' dir='ltr'><strong>apud</strong></span> <span class='ocrx_word' id='word_1_372' title='bbox 1198 3103 1248 3147; x_wconf 90' lang='lat' dir='ltr'><strong>te</strong></span> <span class='ocrx_word' id='word_1_373' title='bbox 1280 3092 1595 3163; x_wconf 84' lang='lat' dir='ltr'><strong>impugnare</strong></span> <span class='ocrx_word' id='word_1_374' title='bbox 1620 3093 1963 3163; x_wconf 82' lang='lat' dir='ltr'><strong>cognoscitur</strong></span> <span class='ocrx_word' id='word_1_375' title='bbox 1986 3133 2000 3157; x_wconf 95' lang='lat'><strong>,</strong></span> 
     </span>
    </p>
   </div>
   <div class='ocr_carea' id='block_1_58' title="bbox 432 3181 2007 3252">
    <p class='ocr_par' dir='ltr' id='par_1_58' title="bbox 432 3181 2007 3252">
     <span class='ocr_line' id='line_1_58' title="bbox 432 3181 2007 3252; baseline 0.003 -19"><span class='ocrx_word' id='word_1_376' title='bbox 432 3196 551 3233; x_wconf 76' lang='lat' dir='ltr'><strong>rum</strong></span> <span class='ocrx_word' id='word_1_377' title='bbox 605 3181 710 3235; x_wconf 91' lang='lat' dir='ltr'><strong>alio</strong></span> <span class='ocrx_word' id='word_1_378' title='bbox 758 3182 808 3235; x_wconf 92' lang='lat' dir='ltr'><strong>in</strong></span> <span class='ocrx_word' id='word_1_379' title='bbox 842 3183 957 3236; x_wconf 87' lang='lat' dir='ltr'><strong>loco</strong></span> <span class='ocrx_word' id='word_1_380' title='bbox 1003 3185 1176 3238; x_wconf 80' lang='lat' dir='ltr'><strong>dicat:</strong></span> <span class='ocrx_word' id='word_1_381' title='bbox 1217 3183 1324 3252; x_wconf 85' lang='lat' dir='ltr'><strong>Ego</strong></span> <span class='ocrx_word' id='word_1_382' title='bbox 1356 3195 1401 3238; x_wconf 85' lang='lat' dir='ltr'><strong>et</strong></span> <span class='ocrx_word' id='word_1_383' title='bbox 1442 3184 1596 3239; x_wconf 86' lang='lat' dir='ltr'><strong>Pater</strong></span> <span class='ocrx_word' id='word_1_384' title='bbox 1621 3202 1778 3238; x_wconf 80' lang='lat' dir='ltr'><strong>unum</strong></span> <span class='ocrx_word' id='word_1_385' title='bbox 1832 3201 2007 3238; x_wconf 88' lang='lat' dir='ltr'><strong>sumus</strong></span> 
     </span>
    </p>
   </div>
   <div class='ocr_carea' id='block_1_59' title="bbox 434 3270 2009 3342">
    <p class='ocr_par' dir='ltr' id='par_1_59' title="bbox 434 3270 2009 3342">
     <span class='ocr_line' id='line_1_59' title="bbox 434 3270 2009 3342; baseline 0.004 -22"><span class='ocrx_word' id='word_1_386' title='bbox 434 3270 613 3337; x_wconf 83' lang='lat' dir='ltr'><strong>(Joan.</strong></span> <span class='ocrx_word' id='word_1_387' title='bbox 642 3287 693 3335; x_wconf 69' lang='grc' dir='ltr'><strong>Χ,</strong></span> <span class='ocrx_word' id='word_1_388' title='bbox 722 3270 835 3340; x_wconf 79' lang='grc'><strong>50).</strong></span> <span class='ocrx_word' id='word_1_389' title='bbox 878 3273 1013 3339; x_wconf 87' lang='lat' dir='ltr'><strong>Quid</strong></span> <span class='ocrx_word' id='word_1_390' title='bbox 1053 3274 1215 3342; x_wconf 81' lang='lat' dir='ltr'><strong>ergo?</strong></span> <span class='ocrx_word' id='word_1_391' title='bbox 1244 3276 1288 3329; x_wconf 82' lang='lat' dir='ltr'><strong>si</strong></span> <span class='ocrx_word' id='word_1_392' title='bbox 1318 3277 1491 3329; x_wconf 88' lang='lat' dir='ltr'><strong>minor</strong></span> <span class='ocrx_word' id='word_1_393' title='bbox 1520 3284 1653 3340; x_wconf 85' lang='lat' dir='ltr'><strong>erat,</strong></span> <span class='ocrx_word' id='word_1_394' title='bbox 1685 3274 1827 3329; x_wconf 81' lang='lat' dir='ltr'><strong>Patri</strong></span> <span class='ocrx_word' id='word_1_395' title='bbox 1856 3289 1916 3327; x_wconf 89' lang='lat' dir='ltr'><strong>se</strong></span> <span class='ocrx_word' id='word_1_396' title='bbox 1954 3283 2009 3329; x_wconf 87' lang='lat' dir='ltr'><strong>et</strong></span> 
     </span>
    </p>
   </div>
   <div class='ocr_carea' id='block_1_60' title="bbox 435 3359 2007 3436">
    <p class='ocr_par' dir='ltr' id='par_1_60' title="bbox 435 3359 2007 3436">
     <span class='ocr_line' id='line_1_60' title="bbox 435 3359 2007 3436; baseline 0.006 -25"><span class='ocrx_word' id='word_1_397' title='bbox 435 3360 488 3411; x_wconf 90' lang='lat' dir='ltr'><strong>in</strong></span> <span class='ocrx_word' id='word_1_398' title='bbox 518 3359 631 3428; x_wconf 81' lang='lat' dir='ltr'><strong>ipsa</strong></span> <span class='ocrx_word' id='word_1_399' title='bbox 662 3363 985 3430; x_wconf 87' lang='lat' dir='ltr'><strong>sempiterna</strong></span> <span class='ocrx_word' id='word_1_400' title='bbox 1015 3374 1201 3418; x_wconf 89' lang='lat' dir='ltr'><strong>natura</strong></span> <span class='ocrx_word' id='word_1_401' title='bbox 1231 3382 1334 3420; x_wconf 90' lang='lat' dir='ltr'><strong>non</strong></span> <span class='ocrx_word' id='word_1_402' title='bbox 1359 3368 1619 3421; x_wconf 84' lang='lat' dir='ltr'><strong>debuerat</strong></span> <span class='ocrx_word' id='word_1_403' title='bbox 1645 3381 1961 3436; x_wconf 88' lang='lat' dir='ltr'><strong>comparare</strong></span> <span class='ocrx_word' id='word_1_404' title='bbox 1984 3367 2007 3420; x_wconf 86' lang='lat'><strong>?</strong></span> 
     </span>
    </p>
   </div>
   <div class='ocr_carea' id='block_1_61' title="bbox 444 3453 2011 3529">
    <p class='ocr_par' dir='ltr' id='par_1_61' title="bbox 444 3453 2011 3529">
     <span class='ocr_line' id='line_1_61' title="bbox 444 3453 2011 3529; baseline 0.006 -25"><span class='ocrx_word' id='word_1_405' title='bbox 444 3456 545 3504; x_wconf 80' lang='lat' dir='ltr'><strong>Aut</strong></span> <span class='ocrx_word' id='word_1_406' title='bbox 572 3453 861 3522; x_wconf 89' lang='lat' dir='ltr'><strong>quomodo,</strong></span> <span class='ocrx_word' id='word_1_407' title='bbox 896 3458 938 3509; x_wconf 91' lang='lat' dir='ltr'><strong>si</strong></span> <span class='ocrx_word' id='word_1_408' title='bbox 968 3458 1148 3524; x_wconf 89' lang='lat' dir='ltr'><strong>dispar</strong></span> <span class='ocrx_word' id='word_1_409' title='bbox 1175 3469 1310 3521; x_wconf 88' lang='lat' dir='ltr'><strong>erat,</strong></span> <span class='ocrx_word' id='word_1_410' title='bbox 1338 3468 1392 3513; x_wconf 92' lang='lat' dir='ltr'><strong>ct</strong></span> <span class='ocrx_word' id='word_1_411' title='bbox 1418 3459 1469 3512; x_wconf 90' lang='lat' dir='ltr'><strong>in</strong></span> <span class='ocrx_word' id='word_1_412' title='bbox 1500 3461 1610 3529; x_wconf 89' lang='lat' dir='ltr'><strong>ipsa</strong></span> <span class='ocrx_word' id='word_1_413' title='bbox 1651 3460 1849 3515; x_wconf 87' lang='lat' dir='ltr'><strong>deitatc</strong></span> <span class='ocrx_word' id='word_1_414' title='bbox 1870 3458 2011 3514; x_wconf 88' lang='lat' dir='ltr'><strong>divi-</strong></span> 
     </span>
    </p>
   </div>
   <div class='ocr_carea' id='block_1_62' title="bbox 441 3551 2005 3627">
    <p class='ocr_par' dir='ltr' id='par_1_62' title="bbox 441 3551 2005 3627">
     <span class='ocr_line' id='line_1_62' title="bbox 441 3551 2005 3627; baseline 0.005 -24"><span class='ocrx_word' id='word_1_415' title='bbox 441 3551 619 3606; x_wconf 80' lang='lat' dir='ltr'><strong>nitatis</strong></span> <span class='ocrx_word' id='word_1_416' title='bbox 646 3568 752 3605; x_wconf 91' lang='lat' dir='ltr'><strong>non</strong></span> <span class='ocrx_word' id='word_1_417' title='bbox 781 3565 895 3608; x_wconf 89' lang='lat' dir='ltr'><strong>erat</strong></span> <span class='ocrx_word' id='word_1_418' title='bbox 924 3556 1063 3610; x_wconf 72' lang='lat' dir='ltr'><strong>Patri</strong></span> <span class='ocrx_word' id='word_1_419' title='bbox 1092 3558 1405 3627; x_wconf 69' lang='lat' dir='ltr'><strong>comqualis,</strong></span> <span class='ocrx_word' id='word_1_420' title='bbox 1428 3556 1555 3612; x_wconf 89' lang='lat' dir='ltr'><strong>dicit</strong></span> <span class='ocrx_word' id='word_1_421' title='bbox 1581 3575 1595 3612; x_wconf 92' lang='lat'><strong>:</strong></span> <span class='ocrx_word' id='word_1_422' title='bbox 1624 3559 1725 3623; x_wconf 88' lang='lat' dir='ltr'><strong>Qui</strong></span> <span class='ocrx_word' id='word_1_423' title='bbox 1756 3575 1833 3611; x_wconf 89' lang='lat' dir='ltr'><strong>me</strong></span> <span class='ocrx_word' id='word_1_424' title='bbox 1853 3559 2005 3621; x_wconf 75' lang='lat' dir='ltr'><strong>videt,</strong></span> 
     </span>
    </p>
   </div>
   <div class='ocr_carea' id='block_1_63' title="bbox 440 3653 2007 3729">
    <p class='ocr_par' dir='ltr' id='par_1_63' title="bbox 440 3653 2007 3729">
     <span class='ocr_line' id='line_1_63' title="bbox 440 3653 2007 3729; baseline 0.005 -24"><span class='ocrx_word' id='word_1_425' title='bbox 440 3653 570 3709; x_wconf 85' lang='lat' dir='ltr'><strong>videt</strong></span> <span class='ocrx_word' id='word_1_426' title='bbox 598 3663 643 3707; x_wconf 87' lang='lat' dir='ltr'><strong>et</strong></span> <span class='ocrx_word' id='word_1_427' title='bbox 670 3654 875 3709; x_wconf 81' lang='lat' dir='ltr'><strong>Patrem</strong></span> <span class='ocrx_word' id='word_1_428' title='bbox 905 3673 1071 3711; x_wconf 83' lang='lat' dir='ltr'><strong>meum</strong></span> <span class='ocrx_word' id='word_1_429' title='bbox 1105 3657 1280 3727; x_wconf 83' lang='lat' dir='ltr'><strong>(Joan.</strong></span> <span class='ocrx_word' id='word_1_430' title='bbox 1309 3676 1415 3726; x_wconf 75' lang='lat' dir='ltr'><strong>xlv,</strong></span> <span class='ocrx_word' id='word_1_431' title='bbox 1443 3661 1542 3727; x_wconf 87' lang='lat'><strong>9)?</strong></span> <span class='ocrx_word' id='word_1_432' title='bbox 1567 3661 1663 3726; x_wconf 88' lang='lat' dir='ltr'><strong>Qui</strong></span> <span class='ocrx_word' id='word_1_433' title='bbox 1697 3662 1878 3729; x_wconf 85' lang='lat' dir='ltr'><strong>utique</strong></span> <span class='ocrx_word' id='word_1_434' title='bbox 1895 3662 2007 3715; x_wconf 90' lang='lat' dir='ltr'><strong>evi-</strong></span> 
     </span>
    </p>
   </div>
   <div class='ocr_carea' id='block_1_64' title="bbox 443 3744 2012 3822">
    <p class='ocr_par' dir='ltr' id='par_1_64' title="bbox 443 3744 2012 3822">
     <span class='ocr_line' id='line_1_64' title="bbox 443 3744 2012 3822; baseline 0.006 -25"><span class='ocrx_word' id='word_1_435' title='bbox 443 3744 650 3810; x_wconf 88' lang='lat' dir='ltr'><strong>denter,</strong></span> <span class='ocrx_word' id='word_1_436' title='bbox 685 3747 729 3800; x_wconf 88' lang='lat' dir='ltr'><strong>si</strong></span> <span class='ocrx_word' id='word_1_437' title='bbox 757 3763 863 3801; x_wconf 91' lang='lat' dir='ltr'><strong>non</strong></span> <span class='ocrx_word' id='word_1_438' title='bbox 894 3758 1037 3803; x_wconf 88' lang='lat' dir='ltr'><strong>esset</strong></span> <span class='ocrx_word' id='word_1_439' title='bbox 1065 3750 1116 3804; x_wconf 92' lang='lat' dir='ltr'><strong>in</strong></span> <span class='ocrx_word' id='word_1_440' title='bbox 1149 3749 1232 3803; x_wconf 91' lang='lat' dir='ltr'><strong>bis</strong></span> <span class='ocrx_word' id='word_1_441' title='bbox 1264 3766 1369 3804; x_wconf 88' lang='lat' dir='ltr'><strong>una</strong></span> <span class='ocrx_word' id='word_1_442' title='bbox 1398 3753 1681 3807; x_wconf 86' lang='lat' dir='ltr'><strong>invisibilis</strong></span> <span class='ocrx_word' id='word_1_443' title='bbox 1706 3753 1883 3822; x_wconf 70' lang='lat' dir='ltr'><strong>imago</strong></span> <span class='ocrx_word' id='word_1_444' title='bbox 1912 3768 2012 3807; x_wconf 90' lang='lat' dir='ltr'><strong>na-</strong></span> 
     </span>
    </p>
   </div>
   <div class='ocr_carea' id='block_1_65' title="bbox 443 3838 2009 3912">
    <p class='ocr_par' dir='ltr' id='par_1_65' title="bbox 443 3838 2009 3912">
     <span class='ocr_line' id='line_1_65' title="bbox 443 3838 2009 3912; baseline 0.006 -23"><span class='ocrx_word' id='word_1_445' title='bbox 443 3846 575 3893; x_wconf 72' lang='lat' dir='ltr'><strong>turae</strong></span> <span class='ocrx_word' id='word_1_446' title='bbox 626 3838 901 3906; x_wconf 89' lang='lat' dir='ltr'><strong>veritatis,</strong></span> <span class='ocrx_word' id='word_1_447' title='bbox 936 3857 1204 3911; x_wconf 88' lang='lat' dir='ltr'><strong>nunquam</strong></span> <span class='ocrx_word' id='word_1_448' title='bbox 1252 3857 1473 3911; x_wconf 71' lang='lat' dir='ltr'><strong>prorsus</strong></span> <span class='ocrx_word' id='word_1_449' title='bbox 1503 3859 1834 3912; x_wconf 70' lang='lat' dir='ltr'><strong>praesumens</strong></span> <span class='ocrx_word' id='word_1_450' title='bbox 1873 3846 2009 3899; x_wconf 91' lang='lat' dir='ltr'><strong>indi-</strong></span> 
     </span>
    </p>
   </div>
   <div class='ocr_carea' id='block_1_66' title="bbox 440 3932 2015 4002">
    <p class='ocr_par' dir='ltr' id='par_1_66' title="bbox 440 3932 2015 4002">
     <span class='ocr_line' id='line_1_66' title="bbox 440 3932 2015 4002; baseline 0.006 -18"><span class='ocrx_word' id='word_1_451' title='bbox 440 3942 631 3995; x_wconf 82' lang='lat' dir='ltr'><strong>casset,</strong></span> <span class='ocrx_word' id='word_1_452' title='bbox 678 3932 775 3995; x_wconf 81' lang='lat' dir='ltr'><strong>Qui</strong></span> <span class='ocrx_word' id='word_1_453' title='bbox 822 3949 899 3986; x_wconf 86' lang='lat' dir='ltr'><strong>me</strong></span> <span class='ocrx_word' id='word_1_454' title='bbox 927 3934 1086 4001; x_wconf 83' lang='lat' dir='ltr'><strong>videt,</strong></span> <span class='ocrx_word' id='word_1_455' title='bbox 1118 3937 1248 3989; x_wconf 76' lang='lat' dir='ltr'><strong>videt</strong></span> <span class='ocrx_word' id='word_1_456' title='bbox 1272 3945 1319 3990; x_wconf 88' lang='lat' dir='ltr'><strong>et</strong></span> <span class='ocrx_word' id='word_1_457' title='bbox 1355 3935 1559 3990; x_wconf 84' lang='lat' dir='ltr'><strong>Pa&#39;rem</strong></span> <span class='ocrx_word' id='word_1_458' title='bbox 1588 3953 1775 3992; x_wconf 86' lang='lat' dir='ltr'><strong>meum.</strong></span> <span class='ocrx_word' id='word_1_459' title='bbox 1823 3937 1930 3993; x_wconf 74' lang='lat' dir='ltr'><strong>Sed</strong></span> <span class='ocrx_word' id='word_1_460' title='bbox 1956 3947 2015 4002; x_wconf 81' lang='lat' dir='ltr'><strong>et</strong></span> 
     </span>
    </p>
   </div>
   <div class='ocr_carea' id='block_1_67' title="bbox 442 4021 2013 4099">
    <p class='ocr_par' dir='ltr' id='par_1_67' title="bbox 442 4021 2013 4099">
     <span class='ocr_line' id='line_1_67' title="bbox 442 4021 2013 4099; baseline 0.006 -26"><span class='ocrx_word' id='word_1_461' title='bbox 442 4021 754 4090; x_wconf 84' lang='lat' dir='ltr'><strong>Apostolum</strong></span> <span class='ocrx_word' id='word_1_462' title='bbox 777 4024 897 4077; x_wconf 90' lang='lat' dir='ltr'><strong>audi</strong></span> <span class='ocrx_word' id='word_1_463' title='bbox 921 4025 1186 4080; x_wconf 88' lang='lat' dir='ltr'><strong>dicentem</strong></span> <span class='ocrx_word' id='word_1_464' title='bbox 1205 4026 1269 4080; x_wconf 92' lang='lat' dir='ltr'><strong>de</strong></span> <span class='ocrx_word' id='word_1_465' title='bbox 1285 4027 1520 4081; x_wconf 88' lang='lat' dir='ltr'><strong>Christo:</strong></span> <span class='ocrx_word' id='word_1_466' title='bbox 1545 4028 1833 4094; x_wconf 76' lang='lat' dir='ltr'><strong>Quicnmin</strong></span> <span class='ocrx_word' id='word_1_467' title='bbox 1850 4032 2013 4099; x_wconf 80' lang='lat' dir='ltr'><strong>forma</strong></span> 
     </span>
    </p>
   </div>
   <div class='ocr_carea' id='block_1_68' title="bbox 442 4112 2013 4188">
    <p class='ocr_par' dir='ltr' id='par_1_68' title="bbox 442 4112 2013 4188">
     <span class='ocr_line' id='line_1_68' title="bbox 442 4112 2013 4188; baseline 0.004 -22"><span class='ocrx_word' id='word_1_468' title='bbox 442 4112 539 4167; x_wconf 88' lang='lat' dir='ltr'><strong>Dei</strong></span> <span class='ocrx_word' id='word_1_469' title='bbox 574 4123 702 4169; x_wconf 79' lang='lat' dir='ltr'><strong>esset</strong></span> <span class='ocrx_word' id='word_1_470' title='bbox 724 4156 740 4181; x_wconf 87' lang='lat'><strong>,</strong></span> <span class='ocrx_word' id='word_1_471' title='bbox 770 4134 871 4170; x_wconf 87' lang='lat' dir='ltr'><strong>non</strong></span> <span class='ocrx_word' id='word_1_472' title='bbox 902 4118 1141 4185; x_wconf 83' lang='lat' dir='ltr'><strong>rapinam</strong></span> <span class='ocrx_word' id='word_1_473' title='bbox 1167 4120 1441 4172; x_wconf 81' lang='lat' dir='ltr'><strong>arbitratus</strong></span> <span class='ocrx_word' id='word_1_474' title='bbox 1464 4129 1661 4174; x_wconf 81' lang='lat' dir='ltr'><strong>estesse</strong></span> <span class='ocrx_word' id='word_1_475' title='bbox 1697 4138 1749 4173; x_wconf 87' lang='lat' dir='ltr'><strong>se</strong></span> <span class='ocrx_word' id='word_1_476' title='bbox 1768 4122 2013 4188; x_wconf 78' lang='lat' dir='ltr'><strong>teqnalent</strong></span> 
     </span>
    </p>
   </div>
   <div class='ocr_carea' id='block_1_69' title="bbox 2102 2907 3691 2978">
    <p class='ocr_par' dir='ltr' id='par_1_69' title="bbox 2102 2907 3691 2978">
     <span class='ocr_line' id='line_1_69' title="bbox 2102 2907 3691 2978; baseline -0.001 -15"><span class='ocrx_word' id='word_1_477' title='bbox 2102 2910 2395 2978; x_wconf 88' lang='lat' dir='ltr'><strong>semetipso</strong></span> <span class='ocrx_word' id='word_1_478' title='bbox 2440 2909 2595 2963; x_wconf 73' lang='lat' dir='ltr'><strong>Pater</strong></span> <span class='ocrx_word' id='word_1_479' title='bbox 2626 2908 2797 2977; x_wconf 87' lang='lat' dir='ltr'><strong>major</strong></span> <span class='ocrx_word' id='word_1_480' title='bbox 2826 2910 2930 2974; x_wconf 87' lang='lat' dir='ltr'><strong>sit,</strong></span> <span class='ocrx_word' id='word_1_481' title='bbox 2964 2907 3087 2976; x_wconf 80' lang='lat' dir='ltr'><strong>quia</strong></span> <span class='ocrx_word' id='word_1_482' title='bbox 3138 2907 3307 2961; x_wconf 81' lang='lat' dir='ltr'><strong>forma</strong></span> <span class='ocrx_word' id='word_1_483' title='bbox 3338 2924 3431 2962; x_wconf 60' lang='lat' dir='ltr'><strong>sua</strong></span> <span class='ocrx_word' id='word_1_484' title='bbox 3462 2923 3492 2961; x_wconf 93' lang='lat' dir='ltr'><strong>a</strong></span> <span class='ocrx_word' id='word_1_485' title='bbox 3530 2908 3691 2962; x_wconf 85' lang='lat' dir='ltr'><strong>vobis</strong></span> 
     </span>
    </p>
   </div>
   <div class='ocr_carea' id='block_1_70' title="bbox 2108 2999 3691 3069">
    <p class='ocr_par' dir='ltr' id='par_1_70' title="bbox 2108 2999 3691 3069">
     <span class='ocr_line' id='line_1_70' title="bbox 2108 2999 3691 3069; baseline -0.002 -14"><span class='ocrx_word' id='word_1_486' title='bbox 2108 3002 2278 3069; x_wconf 87' lang='lat' dir='ltr'><strong>major</strong></span> <span class='ocrx_word' id='word_1_487' title='bbox 2312 3016 2432 3056; x_wconf 86' lang='lat' dir='ltr'><strong>esse</strong></span> <span class='ocrx_word' id='word_1_488' title='bbox 2462 3001 2674 3056; x_wconf 89' lang='lat' dir='ltr'><strong>dicitur.</strong></span> <span class='ocrx_word' id='word_1_489' title='bbox 2710 3001 2860 3068; x_wconf 85' lang='lat' dir='ltr'><strong>Quod</strong></span> <span class='ocrx_word' id='word_1_490' title='bbox 2914 3000 3029 3055; x_wconf 83' lang='lat' dir='ltr'><strong>ﬁeri</strong></span> <span class='ocrx_word' id='word_1_491' title='bbox 3077 3000 3225 3054; x_wconf 89' lang='lat' dir='ltr'><strong>nullo</strong></span> <span class='ocrx_word' id='word_1_492' title='bbox 3271 2999 3432 3054; x_wconf 89' lang='lat' dir='ltr'><strong>modo</strong></span> <span class='ocrx_word' id='word_1_493' title='bbox 3466 3010 3651 3069; x_wconf 77' lang='lat' dir='ltr'><strong>petest</strong></span> <span class='ocrx_word' id='word_1_494' title='bbox 3673 3039 3691 3062; x_wconf 92' lang='lat'><strong>,</strong></span> 
     </span>
    </p>
   </div>
   <div class='ocr_carea' id='block_1_71' title="bbox 2105 3090 3690 3162">
    <p class='ocr_par' dir='ltr' id='par_1_71' title="bbox 2105 3090 3690 3162">
     <span class='ocr_line' id='line_1_71' title="bbox 2105 3090 3690 3162; baseline -0.002 -14"><span class='ocrx_word' id='word_1_495' title='bbox 2105 3094 2230 3148; x_wconf 85' lang='lat' dir='ltr'><strong>dum</strong></span> <span class='ocrx_word' id='word_1_496' title='bbox 2263 3109 2420 3149; x_wconf 90' lang='lat' dir='ltr'><strong>nemo</strong></span> <span class='ocrx_word' id='word_1_497' title='bbox 2447 3093 2737 3161; x_wconf 87' lang='lat' dir='ltr'><strong>semetipso</strong></span> <span class='ocrx_word' id='word_1_498' title='bbox 2785 3094 2958 3162; x_wconf 83' lang='lat' dir='ltr'><strong>major</strong></span> <span class='ocrx_word' id='word_1_499' title='bbox 2985 3094 3074 3147; x_wconf 89' lang='lat' dir='ltr'><strong>sit.</strong></span> <span class='ocrx_word' id='word_1_500' title='bbox 3107 3091 3212 3147; x_wconf 87' lang='lat' dir='ltr'><strong>Sed</strong></span> <span class='ocrx_word' id='word_1_501' title='bbox 3256 3107 3322 3146; x_wconf 90' lang='lat' dir='ltr'><strong>ne</strong></span> <span class='ocrx_word' id='word_1_502' title='bbox 3353 3090 3491 3145; x_wconf 77' lang='lat' dir='ltr'><strong>forte</strong></span> <span class='ocrx_word' id='word_1_503' title='bbox 3520 3094 3690 3147; x_wconf 89' lang='lat' dir='ltr'><strong>etiam</strong></span> 
     </span>
    </p>
   </div>
   <div class='ocr_carea' id='block_1_72' title="bbox 2110 3181 3695 3253">
    <p class='ocr_par' dir='ltr' id='par_1_72' title="bbox 2110 3181 3695 3253">
     <span class='ocr_line' id='line_1_72' title="bbox 2110 3181 3695 3253; baseline 0.001 -17"><span class='ocrx_word' id='word_1_504' title='bbox 2110 3184 2210 3239; x_wconf 92' lang='lat' dir='ltr'><strong>hoc</strong></span> <span class='ocrx_word' id='word_1_505' title='bbox 2262 3198 2589 3253; x_wconf 67' lang='lat' dir='ltr'><strong>praesumas,</strong></span> <span class='ocrx_word' id='word_1_506' title='bbox 2641 3183 2836 3239; x_wconf 81' lang='lat' dir='ltr'><strong>Ariane</strong></span> <span class='ocrx_word' id='word_1_507' title='bbox 2857 3225 2871 3247; x_wconf 92' lang='lat'><strong>,</strong></span> <span class='ocrx_word' id='word_1_508' title='bbox 2904 3182 3167 3237; x_wconf 85' lang='lat' dir='ltr'><strong>dicendo:</strong></span> <span class='ocrx_word' id='word_1_509' title='bbox 3218 3181 3377 3235; x_wconf 87' lang='lat' dir='ltr'><strong>Pater</strong></span> <span class='ocrx_word' id='word_1_510' title='bbox 3408 3181 3458 3235; x_wconf 91' lang='lat' dir='ltr'><strong>in</strong></span> <span class='ocrx_word' id='word_1_511' title='bbox 3492 3192 3695 3237; x_wconf 86' lang='lat' dir='ltr'><strong>natura</strong></span> 
     </span>
    </p>
   </div>
   <div class='ocr_carea' id='block_1_73' title="bbox 2108 3273 3693 3347">
    <p class='ocr_par' dir='ltr' id='par_1_73' title="bbox 2108 3273 3693 3347">
     <span class='ocr_line' id='line_1_73' title="bbox 2108 3273 3693 3347; baseline -0.001 -18"><span class='ocrx_word' id='word_1_512' title='bbox 2108 3278 2324 3330; x_wconf 83' lang='lat' dir='ltr'><strong>deitatis</strong></span> <span class='ocrx_word' id='word_1_513' title='bbox 2371 3292 2555 3347; x_wconf 90' lang='lat' dir='ltr'><strong>parem</strong></span> <span class='ocrx_word' id='word_1_514' title='bbox 2603 3291 2707 3330; x_wconf 89' lang='lat' dir='ltr'><strong>non</strong></span> <span class='ocrx_word' id='word_1_515' title='bbox 2756 3277 2916 3330; x_wconf 91' lang='lat' dir='ltr'><strong>habet</strong></span> <span class='ocrx_word' id='word_1_516' title='bbox 2957 3275 3141 3328; x_wconf 65' lang='lat' dir='ltr'><strong>forma:</strong></span> <span class='ocrx_word' id='word_1_517' title='bbox 3174 3273 3291 3328; x_wconf 88' lang='lat' dir='ltr'><strong>Filii</strong></span> <span class='ocrx_word' id='word_1_518' title='bbox 3322 3274 3693 3343; x_wconf 85' lang='lat' dir='ltr'><strong>comparatio-</strong></span> 
     </span>
    </p>
   </div>
   <div class='ocr_carea' id='block_1_74' title="bbox 2109 3364 3693 3437">
    <p class='ocr_par' dir='ltr' id='par_1_74' title="bbox 2109 3364 3693 3437">
     <span class='ocr_line' id='line_1_74' title="bbox 2109 3364 3693 3437; baseline -0.002 -14"><span class='ocrx_word' id='word_1_519' title='bbox 2109 3384 2230 3423; x_wconf 87' lang='lat' dir='ltr'><strong>nem</strong></span> <span class='ocrx_word' id='word_1_520' title='bbox 2263 3386 2274 3420; x_wconf 89' lang='lat'><strong>:</strong></span> <span class='ocrx_word' id='word_1_521' title='bbox 2327 3382 2486 3422; x_wconf 90' lang='lat' dir='ltr'><strong>nemo</strong></span> <span class='ocrx_word' id='word_1_522' title='bbox 2530 3368 2582 3423; x_wconf 88' lang='lat' dir='ltr'><strong>ei</strong></span> <span class='ocrx_word' id='word_1_523' title='bbox 2627 3368 2786 3437; x_wconf 77' lang='lat' dir='ltr'><strong>digne</strong></span> <span class='ocrx_word' id='word_1_524' title='bbox 2815 3367 3210 3435; x_wconf 88' lang='lat' dir='ltr'><strong>comparandus</strong></span> <span class='ocrx_word' id='word_1_525' title='bbox 3250 3372 3353 3419; x_wconf 90' lang='lat' dir='ltr'><strong>est.</strong></span> <span class='ocrx_word' id='word_1_526' title='bbox 3390 3364 3453 3419; x_wconf 86' lang='lat' dir='ltr'><strong>Et</strong></span> <span class='ocrx_word' id='word_1_527' title='bbox 3493 3368 3693 3435; x_wconf 86' lang='lat' dir='ltr'><strong>utquid</strong></span> 
     </span>
    </p>
   </div>
   <div class='ocr_carea' id='block_1_75' title="bbox 2111 3458 3696 3527">
    <p class='ocr_par' dir='ltr' id='par_1_75' title="bbox 2111 3458 3696 3527">
     <span class='ocr_line' id='line_1_75' title="bbox 2111 3458 3696 3527; baseline -0.003 -16"><span class='ocrx_word' id='word_1_528' title='bbox 2111 3474 2391 3513; x_wconf 83' lang='lat' dir='ltr'><strong>coruscum</strong></span> <span class='ocrx_word' id='word_1_529' title='bbox 2420 3458 2566 3513; x_wconf 88' lang='lat' dir='ltr'><strong>Pauli</strong></span> <span class='ocrx_word' id='word_1_530' title='bbox 2596 3459 2821 3527; x_wconf 79' lang='lat' dir='ltr'><strong>apostoli</strong></span> <span class='ocrx_word' id='word_1_531' title='bbox 2857 3458 3152 3513; x_wconf 82' lang='lat' dir='ltr'><strong>intenantis</strong></span> <span class='ocrx_word' id='word_1_532' title='bbox 3181 3459 3450 3526; x_wconf 86' lang='lat' dir='ltr'><strong>eloquium</strong></span> <span class='ocrx_word' id='word_1_533' title='bbox 3479 3460 3696 3522; x_wconf 72' lang='lat' dir='ltr'><strong>renuis,</strong></span> 
     </span>
    </p>
   </div>
   <div class='ocr_carea' id='block_1_76' title="bbox 2114 3553 3700 3625">
    <p class='ocr_par' dir='ltr' id='par_1_76' title="bbox 2114 3553 3700 3625">
     <span class='ocr_line' id='line_1_76' title="bbox 2114 3553 3700 3625; baseline -0.002 -16"><span class='ocrx_word' id='word_1_534' title='bbox 2114 3556 2371 3610; x_wconf 86' lang='lat' dir='ltr'><strong>dicentis:</strong></span> <span class='ocrx_word' id='word_1_535' title='bbox 2416 3554 2667 3614; x_wconf 83' lang='lat' dir='ltr'><strong>Christus.</strong></span> <span class='ocrx_word' id='word_1_536' title='bbox 2695 3556 2779 3624; x_wconf 81' lang='lat' dir='ltr'><strong>qui</strong></span> <span class='ocrx_word' id='word_1_537' title='bbox 2828 3556 2949 3607; x_wconf 85' lang='lat' dir='ltr'><strong>dum</strong></span> <span class='ocrx_word' id='word_1_538' title='bbox 2978 3555 3029 3607; x_wconf 86' lang='lat' dir='ltr'><strong>in</strong></span> <span class='ocrx_word' id='word_1_539' title='bbox 3058 3558 3222 3625; x_wconf 73' lang='lat' dir='ltr'><strong>forma</strong></span> <span class='ocrx_word' id='word_1_540' title='bbox 3256 3553 3347 3606; x_wconf 86' lang='lat' dir='ltr'><strong>Dei</strong></span> <span class='ocrx_word' id='word_1_541' title='bbox 3388 3565 3514 3607; x_wconf 47' lang='lat' dir='ltr'><strong>esset</strong></span> <span class='ocrx_word' id='word_1_542' title='bbox 3537 3593 3552 3610; x_wconf 90' lang='lat'><strong>.</strong></span> <span class='ocrx_word' id='word_1_543' title='bbox 3589 3571 3700 3607; x_wconf 79' lang='lat' dir='ltr'><strong>non</strong></span> 
     </span>
    </p>
   </div>
   <div class='ocr_carea' id='block_1_77' title="bbox 2112 3648 3695 3722">
    <p class='ocr_par' dir='ltr' id='par_1_77' title="bbox 2112 3648 3695 3722">
     <span class='ocr_line' id='line_1_77' title="bbox 2112 3648 3695 3722; baseline 0 -17"><span class='ocrx_word' id='word_1_544' title='bbox 2112 3656 2348 3721; x_wconf 83' lang='lat' dir='ltr'><strong>rapinam</strong></span> <span class='ocrx_word' id='word_1_545' title='bbox 2374 3654 2649 3705; x_wconf 84' lang='lat' dir='ltr'><strong>arbitratus</strong></span> <span class='ocrx_word' id='word_1_546' title='bbox 2663 3663 2733 3705; x_wconf 81' lang='lat' dir='ltr'><strong>est</strong></span> <span class='ocrx_word' id='word_1_547' title='bbox 2761 3669 2867 3705; x_wconf 82' lang='lat' dir='ltr'><strong>esse</strong></span> <span class='ocrx_word' id='word_1_548' title='bbox 2883 3668 2935 3706; x_wconf 84' lang='lat' dir='ltr'><strong>se</strong></span> <span class='ocrx_word' id='word_1_549' title='bbox 2955 3648 3199 3722; x_wconf 66' lang='lat' dir='ltr'><strong>aqualem</strong></span> <span class='ocrx_word' id='word_1_550' title='bbox 3237 3651 3341 3705; x_wconf 88' lang='lat' dir='ltr'><strong>Deo</strong></span> <span class='ocrx_word' id='word_1_551' title='bbox 3372 3651 3602 3722; x_wconf 79' lang='lat' dir='ltr'><strong>(Philip.</strong></span> <span class='ocrx_word' id='word_1_552' title='bbox 3632 3670 3695 3717; x_wconf 84' lang='lat' dir='ltr'><strong>Il,</strong></span> 
     </span>
    </p>
   </div>
   <div class='ocr_carea' id='block_1_78' title="bbox 2114 3742 3703 3813">
    <p class='ocr_par' dir='ltr' id='par_1_78' title="bbox 2114 3742 3703 3813">
     <span class='ocr_line' id='line_1_78' title="bbox 2114 3742 3703 3813; baseline -0.003 -12"><span class='ocrx_word' id='word_1_553' title='bbox 2114 3746 2205 3809; x_wconf 84' lang='lat'><strong>6)?</strong></span> <span class='ocrx_word' id='word_1_554' title='bbox 2236 3746 2329 3801; x_wconf 84' lang='lat' dir='ltr'><strong>Vel</strong></span> <span class='ocrx_word' id='word_1_555' title='bbox 2358 3744 2458 3799; x_wconf 90' lang='lat' dir='ltr'><strong>hoc</strong></span> <span class='ocrx_word' id='word_1_556' title='bbox 2505 3743 2764 3813; x_wconf 81' lang='lat' dir='ltr'><strong>intelligo,</strong></span> <span class='ocrx_word' id='word_1_557' title='bbox 2796 3744 2918 3811; x_wconf 89' lang='lat' dir='ltr'><strong>quia</strong></span> <span class='ocrx_word' id='word_1_558' title='bbox 2965 3758 3123 3797; x_wconf 90' lang='lat' dir='ltr'><strong>nemo</strong></span> <span class='ocrx_word' id='word_1_559' title='bbox 3152 3743 3468 3810; x_wconf 81' lang='lat' dir='ltr'><strong>sibimetipsi</strong></span> <span class='ocrx_word' id='word_1_560' title='bbox 3504 3742 3703 3797; x_wconf 67' lang='lat' dir='ltr'><strong>formae</strong></span> 
     </span>
    </p>
   </div>
   <div class='ocr_carea' id='block_1_79' title="bbox 2111 3833 3699 3906">
    <p class='ocr_par' dir='ltr' id='par_1_79' title="bbox 2111 3833 3699 3906">
     <span class='ocr_line' id='line_1_79' title="bbox 2111 3833 3699 3906; baseline -0.003 -14"><span class='ocrx_word' id='word_1_561' title='bbox 2111 3837 2333 3906; x_wconf 62' lang='lat' dir='ltr'><strong>aequalis</strong></span> <span class='ocrx_word' id='word_1_562' title='bbox 2363 3845 2726 3903; x_wconf 88' lang='lat' dir='ltr'><strong>comparetur,</strong></span> <span class='ocrx_word' id='word_1_563' title='bbox 2757 3849 2878 3888; x_wconf 92' lang='lat' dir='ltr'><strong>cum</strong></span> <span class='ocrx_word' id='word_1_564' title='bbox 2911 3833 3078 3888; x_wconf 79' lang='lat' dir='ltr'><strong>forma</strong></span> <span class='ocrx_word' id='word_1_565' title='bbox 3109 3834 3333 3902; x_wconf 75' lang='lat' dir='ltr'><strong>aequalis</strong></span> <span class='ocrx_word' id='word_1_566' title='bbox 3358 3834 3409 3886; x_wconf 91' lang='lat' dir='ltr'><strong>in</strong></span> <span class='ocrx_word' id='word_1_567' title='bbox 3438 3848 3541 3887; x_wconf 90' lang='lat' dir='ltr'><strong>una</strong></span> <span class='ocrx_word' id='word_1_568' title='bbox 3570 3851 3699 3901; x_wconf 88' lang='lat' dir='ltr'><strong>pcr-</strong></span> 
     </span>
    </p>
   </div>
   <div class='ocr_carea' id='block_1_80' title="bbox 2114 3925 3701 3995">
    <p class='ocr_par' dir='ltr' id='par_1_80' title="bbox 2114 3925 3701 3995">
     <span class='ocr_line' id='line_1_80' title="bbox 2114 3925 3701 3995; baseline -0.003 -12"><span class='ocrx_word' id='word_1_569' title='bbox 2114 3943 2245 3983; x_wconf 86' lang='lat' dir='ltr'><strong>sona</strong></span> <span class='ocrx_word' id='word_1_570' title='bbox 2278 3926 2527 3995; x_wconf 86' lang='lat' dir='ltr'><strong>(Sabelli)</strong></span> <span class='ocrx_word' id='word_1_571' title='bbox 2565 3926 2669 3980; x_wconf 88' lang='lat' dir='ltr'><strong>diei</strong></span> <span class='ocrx_word' id='word_1_572' title='bbox 2696 3940 2800 3977; x_wconf 90' lang='lat' dir='ltr'><strong>non</strong></span> <span class='ocrx_word' id='word_1_573' title='bbox 2833 3927 3035 3995; x_wconf 86' lang='lat' dir='ltr'><strong>possit,</strong></span> <span class='ocrx_word' id='word_1_574' title='bbox 3069 3925 3195 3979; x_wconf 90' lang='lat' dir='ltr'><strong>dum</strong></span> <span class='ocrx_word' id='word_1_575' title='bbox 3230 3926 3375 3978; x_wconf 87' lang='lat' dir='ltr'><strong>unita</strong></span> <span class='ocrx_word' id='word_1_576' title='bbox 3409 3926 3701 3991; x_wconf 67' lang='lat' dir='ltr'><strong>inqualitas</strong></span> 
     </span>
    </p>
   </div>
   <div class='ocr_carea' id='block_1_81' title="bbox 2117 4008 3706 4090">
    <p class='ocr_par' dir='ltr' id='par_1_81' title="bbox 2117 4008 3706 4090">
     <span class='ocr_line' id='line_1_81' title="bbox 2117 4008 3706 4090; baseline -0.003 -14"><span class='ocrx_word' id='word_1_577' title='bbox 2117 4024 2171 4077; x_wconf 92' lang='lat' dir='ltr'><strong>in</strong></span> <span class='ocrx_word' id='word_1_578' title='bbox 2220 4022 2465 4090; x_wconf 86' lang='lat' dir='ltr'><strong>utrisque</strong></span> <span class='ocrx_word' id='word_1_579' title='bbox 2493 4020 2784 4083; x_wconf 85' lang='lat' dir='ltr'><strong>consistat;</strong></span> <span class='ocrx_word' id='word_1_580' title='bbox 2856 4027 2909 4072; x_wconf 84' lang='lat' dir='ltr'><strong>et</strong></span> <span class='ocrx_word' id='word_1_581' title='bbox 2957 4019 3070 4073; x_wconf 61' lang='lat' dir='ltr'><strong>haec</strong></span> <span class='ocrx_word' id='word_1_582' title='bbox 3101 4008 3246 4071; x_wconf 86' lang='lat' dir='ltr'><strong>unita</strong></span> <span class='ocrx_word' id='word_1_583' title='bbox 3277 4018 3557 4086; x_wconf 64' lang='lat' dir='ltr'><strong>inqualitas</strong></span> <span class='ocrx_word' id='word_1_584' title='bbox 3589 4034 3706 4072; x_wconf 86' lang='lat' dir='ltr'><strong>non</strong></span> 
     </span>
    </p>
   </div>
   <div class='ocr_carea' id='block_1_82' title="bbox 2116 4110 3781 4179">
    <p class='ocr_par' dir='ltr' id='par_1_82' title="bbox 2116 4110 3781 4179">
     <span class='ocr_line' id='line_1_82' title="bbox 2116 4110 3781 4179; baseline -0.002 -10"><span class='ocrx_word' id='word_1_585' title='bbox 2116 4123 2319 4169; x_wconf 86' lang='lat' dir='ltr'><strong>tantum</strong></span> <span class='ocrx_word' id='word_1_586' title='bbox 2350 4114 2400 4165; x_wconf 92' lang='lat' dir='ltr'><strong>in</strong></span> <span class='ocrx_word' id='word_1_587' title='bbox 2430 4111 2702 4165; x_wconf 87' lang='lat' dir='ltr'><strong>voluntate</strong></span> <span class='ocrx_word' id='word_1_588' title='bbox 2753 4110 3055 4165; x_wconf 77' lang='lat' dir='ltr'><strong>concordia:</strong></span> <span class='ocrx_word' id='word_1_589' title='bbox 3097 4110 3187 4173; x_wconf 89' lang='lat' dir='ltr'><strong>sit,</strong></span> <span class='ocrx_word' id='word_1_590' title='bbox 3219 4110 3312 4163; x_wconf 86' lang='lat' dir='ltr'><strong>sed</strong></span> <span class='ocrx_word' id='word_1_591' title='bbox 3354 4110 3461 4163; x_wconf 90' lang='lat' dir='ltr'><strong>imo</strong></span> <span class='ocrx_word' id='word_1_592' title='bbox 3490 4110 3541 4162; x_wconf 90' lang='lat' dir='ltr'><strong>in</strong></span> <span class='ocrx_word' id='word_1_593' title='bbox 3579 4110 3702 4165; x_wconf 53' lang='lat' dir='ltr'><strong>dci«</strong></span> <span class='ocrx_word' id='word_1_594' title='bbox 3774 4174 3781 4179; x_wconf 91' lang='lat'>_</span> 
     </span>
    </p>
   </div>
   <div class='ocr_carea' id='block_1_83' title="bbox 444 4202 3707 4282">
    <p class='ocr_par' dir='ltr' id='par_1_83' title="bbox 444 4202 3707 4282">
     <span class='ocr_line' id='line_1_83' title="bbox 444 4202 3707 4282; baseline 0 -22"><span class='ocrx_word' id='word_1_595' title='bbox 444 4206 584 4274; x_wconf 86' lang='lat' dir='ltr'><strong>Deo,</strong></span> <span class='ocrx_word' id='word_1_596' title='bbox 614 4213 704 4262; x_wconf 82' lang='lat' dir='ltr'><strong>sed</strong></span> <span class='ocrx_word' id='word_1_597' title='bbox 744 4212 1067 4281; x_wconf 79' lang='lat' dir='ltr'><strong>semetipsum</strong></span> <span class='ocrx_word' id='word_1_598' title='bbox 1091 4210 1389 4271; x_wconf 76' lang='lat' dir='ltr'><strong>exinanivit,</strong></span> <span class='ocrx_word' id='word_1_599' title='bbox 1435 4212 1652 4281; x_wconf 84' lang='lat' dir='ltr'><strong>formam</strong></span> <span class='ocrx_word' id='word_1_600' title='bbox 1698 4213 1829 4265; x_wconf 86' lang='lat' dir='ltr'><strong>servi</strong></span> <span class='ocrx_word' id='word_1_601' title='bbox 1871 4214 2011 4265; x_wconf 81' lang='lat' dir='ltr'><strong>arci—</strong></span> <span class='ocrx_word' id='word_1_602' title='bbox 2042 4223 2092 4282; x_wconf 81' lang='grc' dir='ltr'>ι)</span> <span class='ocrx_word' id='word_1_603' title='bbox 2120 4220 2257 4273; x_wconf 83' lang='lat' dir='ltr'><strong>tate,</strong></span> <span class='ocrx_word' id='word_1_604' title='bbox 2289 4209 2415 4261; x_wconf 90' lang='lat' dir='ltr'><strong>dum</strong></span> <span class='ocrx_word' id='word_1_605' title='bbox 2448 4207 2563 4261; x_wconf 61' lang='lat' dir='ltr'><strong>haec</strong></span> <span class='ocrx_word' id='word_1_606' title='bbox 2603 4206 2772 4261; x_wconf 81' lang='lat' dir='ltr'><strong>forma</strong></span> <span class='ocrx_word' id='word_1_607' title='bbox 2801 4202 3019 4275; x_wconf 81' lang='lat' dir='ltr'><strong>:rqualis</strong></span> <span class='ocrx_word' id='word_1_608' title='bbox 3047 4206 3267 4260; x_wconf 89' lang='lat' dir='ltr'><strong>omnino</strong></span> <span class='ocrx_word' id='word_1_609' title='bbox 3323 4205 3374 4259; x_wconf 92' lang='lat' dir='ltr'><strong>in</strong></span> <span class='ocrx_word' id='word_1_610' title='bbox 3407 4217 3560 4275; x_wconf 88' lang='lat' dir='ltr'><strong>parte</strong></span> <span class='ocrx_word' id='word_1_611' title='bbox 3592 4222 3707 4261; x_wconf 91' lang='lat' dir='ltr'><strong>non</strong></span> 
     </span>
    </p>
   </div>
   <div class='ocr_carea' id='block_1_84' title="bbox 443 4302 2014 4372">
    <p class='ocr_par' dir='ltr' id='par_1_84' title="bbox 443 4302 2014 4372">
     <span class='ocr_line' id='line_1_84' title="bbox 443 4302 2014 4372; baseline 0.004 -20"><span class='ocrx_word' id='word_1_612' title='bbox 443 4303 604 4369; x_wconf 86' lang='lat' dir='ltr'><strong>piens,</strong></span> <span class='ocrx_word' id='word_1_613' title='bbox 633 4302 686 4353; x_wconf 85' lang='lat' dir='ltr'><strong>in</strong></span> <span class='ocrx_word' id='word_1_614' title='bbox 729 4302 1119 4357; x_wconf 80' lang='lat' dir='ltr'><strong>similitudinem</strong></span> <span class='ocrx_word' id='word_1_615' title='bbox 1160 4302 1424 4356; x_wconf 82' lang='lat' dir='ltr'><strong>hominum</strong></span> <span class='ocrx_word' id='word_1_616' title='bbox 1458 4305 1625 4372; x_wconf 80' lang='lat' dir='ltr'><strong>factus</strong></span> <span class='ocrx_word' id='word_1_617' title='bbox 1647 4343 1662 4365; x_wconf 92' lang='lat'><strong>,</strong></span> <span class='ocrx_word' id='word_1_618' title='bbox 1710 4313 1756 4356; x_wconf 82' lang='lat' dir='ltr'><strong>et</strong></span> <span class='ocrx_word' id='word_1_619' title='bbox 1786 4303 2014 4358; x_wconf 83' lang='lat' dir='ltr'><strong>iuventus</strong></span> 
     </span>
    </p>
   </div>
   <div class='ocr_carea' id='block_1_85' title="bbox 443 4391 2019 4462">
    <p class='ocr_par' dir='ltr' id='par_1_85' title="bbox 443 4391 2019 4462">
     <span class='ocr_line' id='line_1_85' title="bbox 443 4391 2019 4462; baseline 0.003 -20"><span class='ocrx_word' id='word_1_620' title='bbox 443 4400 496 4443; x_wconf 85' lang='lat' dir='ltr'><strong>nt</strong></span> <span class='ocrx_word' id='word_1_621' title='bbox 532 4391 720 4455; x_wconf 84' lang='lat' dir='ltr'><strong>homo;</strong></span> <span class='ocrx_word' id='word_1_622' title='bbox 751 4391 986 4447; x_wconf 86' lang='lat' dir='ltr'><strong>obediens</strong></span> <span class='ocrx_word' id='word_1_623' title='bbox 1032 4409 1189 4462; x_wconf 84' lang='lat' dir='ltr'><strong>usque</strong></span> <span class='ocrx_word' id='word_1_624' title='bbox 1218 4394 1285 4445; x_wconf 89' lang='lat' dir='ltr'><strong>ad</strong></span> <span class='ocrx_word' id='word_1_625' title='bbox 1331 4402 1540 4446; x_wconf 88' lang='lat' dir='ltr'><strong>mortem</strong></span> <span class='ocrx_word' id='word_1_626' title='bbox 1564 4434 1578 4455; x_wconf 93' lang='lat'><strong>,</strong></span> <span class='ocrx_word' id='word_1_627' title='bbox 1610 4401 1817 4445; x_wconf 84' lang='lat' dir='ltr'><strong>mortem</strong></span> <span class='ocrx_word' id='word_1_628' title='bbox 1848 4403 2019 4447; x_wconf 84' lang='lat' dir='ltr'><strong>autem</strong></span> 
     </span>
    </p>
   </div>
   <div class='ocr_carea' id='block_1_86' title="bbox 443 4480 2015 4552">
    <p class='ocr_par' dir='ltr' id='par_1_86' title="bbox 443 4480 2015 4552">
     <span class='ocr_line' id='line_1_86' title="bbox 443 4480 2015 4552; baseline 0.004 -20"><span class='ocrx_word' id='word_1_629' title='bbox 443 4483 607 4535; x_wconf 73' lang='lat' dir='ltr'><strong>crucis</strong></span> <span class='ocrx_word' id='word_1_630' title='bbox 636 4480 861 4552; x_wconf 81' lang='lat' dir='ltr'><strong>(Philip.</strong></span> <span class='ocrx_word' id='word_1_631' title='bbox 893 4498 949 4552; x_wconf 87' lang='lat' dir='ltr'><strong>tt,</strong></span> <span class='ocrx_word' id='word_1_632' title='bbox 983 4484 1061 4552; x_wconf 85' lang='lat'><strong>6).</strong></span> <span class='ocrx_word' id='word_1_633' title='bbox 1106 4484 1207 4549; x_wconf 82' lang='lat' dir='ltr'><strong>Qui</strong></span> <span class='ocrx_word' id='word_1_634' title='bbox 1234 4493 1413 4539; x_wconf 90' lang='lat' dir='ltr'><strong>autem</strong></span> <span class='ocrx_word' id='word_1_635' title='bbox 1456 4485 1508 4538; x_wconf 89' lang='lat' dir='ltr'><strong>in</strong></span> <span class='ocrx_word' id='word_1_636' title='bbox 1555 4484 1724 4538; x_wconf 83' lang='lat' dir='ltr'><strong>forma</strong></span> <span class='ocrx_word' id='word_1_637' title='bbox 1764 4484 1859 4539; x_wconf 89' lang='lat' dir='ltr'><strong>Dei</strong></span> <span class='ocrx_word' id='word_1_638' title='bbox 1896 4492 2015 4548; x_wconf 85' lang='lat' dir='ltr'><strong>est,</strong></span> 
     </span>
    </p>
   </div>
   <div class='ocr_carea' id='block_1_87' title="bbox 446 4574 2024 4645">
    <p class='ocr_par' dir='ltr' id='par_1_87' title="bbox 446 4574 2024 4645">
     <span class='ocr_line' id='line_1_87' title="bbox 446 4574 2024 4645; baseline -0.001 -16"><span class='ocrx_word' id='word_1_639' title='bbox 446 4577 619 4629; x_wconf 87' lang='lat' dir='ltr'><strong>minor</strong></span> <span class='ocrx_word' id='word_1_640' title='bbox 640 4590 761 4630; x_wconf 89' lang='lat' dir='ltr'><strong>esse</strong></span> <span class='ocrx_word' id='word_1_641' title='bbox 790 4591 893 4631; x_wconf 91' lang='lat' dir='ltr'><strong>non</strong></span> <span class='ocrx_word' id='word_1_642' title='bbox 922 4585 1118 4645; x_wconf 82' lang='lat' dir='ltr'><strong>potest.</strong></span> <span class='ocrx_word' id='word_1_643' title='bbox 1162 4576 1343 4644; x_wconf 75' lang='lat' dir='ltr'><strong>Rogo,</strong></span> <span class='ocrx_word' id='word_1_644' title='bbox 1368 4576 1640 4644; x_wconf 89' lang='lat' dir='ltr'><strong>quomodo</strong></span> <span class='ocrx_word' id='word_1_645' title='bbox 1671 4575 1828 4629; x_wconf 87' lang='lat' dir='ltr'><strong>Pater</strong></span> <span class='ocrx_word' id='word_1_646' title='bbox 1851 4574 2024 4645; x_wconf 87' lang='lat' dir='ltr'><strong>major</strong></span> 
     </span>
    </p>
   </div>
   <div class='ocr_carea' id='block_1_88' title="bbox 444 4666 2014 4734">
    <p class='ocr_par' dir='ltr' id='par_1_88' title="bbox 444 4666 2014 4734">
     <span class='ocr_line' id='line_1_88' title="bbox 444 4666 2014 4734; baseline 0.004 -20"><span class='ocrx_word' id='word_1_647' title='bbox 444 4666 771 4734; x_wconf 54' lang='lat' dir='ltr'><strong>praeponitur</strong></span> <span class='ocrx_word' id='word_1_648' title='bbox 783 4668 938 4732; x_wconf 86' lang='lat' dir='ltr'><strong>Filio,</strong></span> <span class='ocrx_word' id='word_1_649' title='bbox 963 4676 1017 4721; x_wconf 92' lang='lat' dir='ltr'><strong>et</strong></span> <span class='ocrx_word' id='word_1_650' title='bbox 1041 4666 1209 4720; x_wconf 86' lang='lat' dir='ltr'><strong>Filius</strong></span> <span class='ocrx_word' id='word_1_651' title='bbox 1231 4666 1407 4721; x_wconf 87' lang='lat' dir='ltr'><strong>minor</strong></span> <span class='ocrx_word' id='word_1_652' title='bbox 1427 4666 1675 4721; x_wconf 87' lang='lat' dir='ltr'><strong>subditur</strong></span> <span class='ocrx_word' id='word_1_653' title='bbox 1698 4667 1873 4732; x_wconf 88' lang='lat' dir='ltr'><strong>Patri,</strong></span> <span class='ocrx_word' id='word_1_654' title='bbox 1895 4682 2014 4723; x_wconf 88' lang='lat' dir='ltr'><strong>cum</strong></span> 
     </span>
    </p>
   </div>
   <div class='ocr_carea' id='block_1_89' title="bbox 458 4758 2020 4827">
    <p class='ocr_par' dir='ltr' id='par_1_89' title="bbox 458 4758 2020 4827">
     <span class='ocr_line' id='line_1_89' title="bbox 458 4758 2020 4827; baseline 0.003 -18"><span class='ocrx_word' id='word_1_655' title='bbox 458 4759 627 4812; x_wconf 82' lang='lat' dir='ltr'><strong>forma</strong></span> <span class='ocrx_word' id='word_1_656' title='bbox 660 4759 752 4813; x_wconf 89' lang='lat' dir='ltr'><strong>Dei</strong></span> <span class='ocrx_word' id='word_1_657' title='bbox 802 4773 906 4813; x_wconf 89' lang='lat' dir='ltr'><strong>una</strong></span> <span class='ocrx_word' id='word_1_658' title='bbox 937 4758 1169 4827; x_wconf 78' lang='lat' dir='ltr'><strong>perfecta</strong></span> <span class='ocrx_word' id='word_1_659' title='bbox 1199 4758 1295 4824; x_wconf 90' lang='lat' dir='ltr'><strong>sit;</strong></span> <span class='ocrx_word' id='word_1_660' title='bbox 1325 4765 1381 4813; x_wconf 87' lang='lat' dir='ltr'><strong>et</strong></span> <span class='ocrx_word' id='word_1_661' title='bbox 1409 4760 1459 4812; x_wconf 91' lang='lat' dir='ltr'><strong>in</strong></span> <span class='ocrx_word' id='word_1_662' title='bbox 1491 4768 1641 4827; x_wconf 87' lang='lat' dir='ltr'><strong>parte</strong></span> <span class='ocrx_word' id='word_1_663' title='bbox 1678 4758 1897 4825; x_wconf 82' lang='lat' dir='ltr'><strong>:equalis</strong></span> <span class='ocrx_word' id='word_1_664' title='bbox 1917 4799 1932 4822; x_wconf 91' lang='lat'><strong>,</strong></span> <span class='ocrx_word' id='word_1_665' title='bbox 1963 4768 2020 4812; x_wconf 91' lang='lat' dir='ltr'><strong>et</strong></span> 
     </span>
    </p>
   </div>
   <div class='ocr_carea' id='block_1_90' title="bbox 446 4850 2022 4920">
    <p class='ocr_par' dir='ltr' id='par_1_90' title="bbox 446 4850 2022 4920">
     <span class='ocr_line' id='line_1_90' title="bbox 446 4850 2022 4920; baseline 0.003 -20"><span class='ocrx_word' id='word_1_666' title='bbox 446 4850 497 4901; x_wconf 90' lang='lat' dir='ltr'><strong>iu</strong></span> <span class='ocrx_word' id='word_1_667' title='bbox 532 4860 683 4918; x_wconf 81' lang='lat' dir='ltr'><strong>parte</strong></span> <span class='ocrx_word' id='word_1_668' title='bbox 725 4850 1018 4906; x_wconf 86' lang='lat' dir='ltr'><strong>divinitatis</strong></span> <span class='ocrx_word' id='word_1_669' title='bbox 1059 4851 1338 4920; x_wconf 67' lang='lat' dir='ltr'><strong>inequalis</strong></span> <span class='ocrx_word' id='word_1_670' title='bbox 1380 4851 1488 4905; x_wconf 87' lang='lat' dir='ltr'><strong>diei</strong></span> <span class='ocrx_word' id='word_1_671' title='bbox 1544 4867 1649 4905; x_wconf 88' lang='lat' dir='ltr'><strong>non</strong></span> <span class='ocrx_word' id='word_1_672' title='bbox 1683 4850 1887 4919; x_wconf 63' lang='lat' dir='ltr'><strong>possit?</strong></span> <span class='ocrx_word' id='word_1_673' title='bbox 1918 4852 2022 4905; x_wconf 85' lang='lat' dir='ltr'><strong>uti-</strong></span> 
     </span>
    </p>
   </div>
   <div class='ocr_carea' id='block_1_91' title="bbox 446 4940 2025 5013">
    <p class='ocr_par' dir='ltr' id='par_1_91' title="bbox 446 4940 2025 5013">
     <span class='ocr_line' id='line_1_91' title="bbox 446 4940 2025 5013; baseline 0.003 -23"><span class='ocrx_word' id='word_1_674' title='bbox 446 4955 553 5007; x_wconf 90' lang='lat' dir='ltr'><strong>que</strong></span> <span class='ocrx_word' id='word_1_675' title='bbox 577 4943 667 5008; x_wconf 88' lang='lat' dir='ltr'><strong>qui</strong></span> <span class='ocrx_word' id='word_1_676' title='bbox 696 4950 788 4994; x_wconf 91' lang='lat' dir='ltr'><strong>aut</strong></span> <span class='ocrx_word' id='word_1_677' title='bbox 813 4950 955 4996; x_wconf 91' lang='lat' dir='ltr'><strong>totus</strong></span> <span class='ocrx_word' id='word_1_678' title='bbox 976 4942 1028 4996; x_wconf 93' lang='lat' dir='ltr'><strong>in</strong></span> <span class='ocrx_word' id='word_1_679' title='bbox 1060 4950 1171 4996; x_wconf 90' lang='lat' dir='ltr'><strong>toto</strong></span> <span class='ocrx_word' id='word_1_680' title='bbox 1202 4952 1342 4997; x_wconf 89' lang='lat' dir='ltr'><strong>totus</strong></span> <span class='ocrx_word' id='word_1_681' title='bbox 1364 4943 1435 4996; x_wconf 89' lang='lat' dir='ltr'><strong>sit</strong></span> <span class='ocrx_word' id='word_1_682' title='bbox 1456 4943 1617 5013; x_wconf 79' lang='lat'><strong>219</strong></span> <span class='ocrx_word' id='word_1_683' title='bbox 1641 4940 1868 5010; x_wconf 73' lang='lat' dir='ltr'><strong>mqualis</strong></span> <span class='ocrx_word' id='word_1_684' title='bbox 1891 4942 1941 5007; x_wconf 67' lang='grc'><strong>⁸,</strong></span> <span class='ocrx_word' id='word_1_685' title='bbox 1966 4949 2025 4995; x_wconf 91' lang='lat' dir='ltr'><strong>nt</strong></span> 
     </span>
    </p>
   </div>
   <div class='ocr_carea' id='block_1_92' title="bbox 448 5029 2019 5098">
    <p class='ocr_par' dir='ltr' id='par_1_92' title="bbox 448 5029 2019 5098">
     <span class='ocr_line' id='line_1_92' title="bbox 448 5029 2019 5098; baseline 0.002 -15"><span class='ocrx_word' id='word_1_686' title='bbox 448 5029 587 5098; x_wconf 86' lang='lat' dir='ltr'><strong>apud</strong></span> <span class='ocrx_word' id='word_1_687' title='bbox 615 5045 711 5084; x_wconf 88' lang='lat' dir='ltr'><strong>nos</strong></span> <span class='ocrx_word' id='word_1_688' title='bbox 731 5031 1069 5087; x_wconf 81' lang='lat' dir='ltr'><strong>manifestum</strong></span> <span class='ocrx_word' id='word_1_689' title='bbox 1085 5042 1201 5096; x_wconf 86' lang='lat' dir='ltr'><strong>est;</strong></span> <span class='ocrx_word' id='word_1_690' title='bbox 1232 5042 1324 5088; x_wconf 87' lang='lat' dir='ltr'><strong>aut</strong></span> <span class='ocrx_word' id='word_1_691' title='bbox 1351 5043 1493 5088; x_wconf 89' lang='lat' dir='ltr'><strong>totus</strong></span> <span class='ocrx_word' id='word_1_692' title='bbox 1535 5034 1587 5087; x_wconf 92' lang='lat' dir='ltr'><strong>in</strong></span> <span class='ocrx_word' id='word_1_693' title='bbox 1618 5040 1730 5086; x_wconf 89' lang='lat' dir='ltr'><strong>toto</strong></span> <span class='ocrx_word' id='word_1_694' title='bbox 1747 5042 1889 5087; x_wconf 87' lang='lat' dir='ltr'><strong>totus</strong></span> <span class='ocrx_word' id='word_1_695' title='bbox 1910 5047 2019 5086; x_wconf 92' lang='lat' dir='ltr'><strong>non</strong></span> 
     </span>
    </p>
   </div>
   <div class='ocr_carea' id='block_1_93' title="bbox 448 5119 2015 5193">
    <p class='ocr_par' dir='ltr' id='par_1_93' title="bbox 448 5119 2015 5193">
     <span class='ocr_line' id='line_1_93' title="bbox 448 5119 2015 5193; baseline 0.003 -19"><span class='ocrx_word' id='word_1_696' title='bbox 448 5119 540 5185; x_wconf 83' lang='lat' dir='ltr'><strong>sit,</strong></span> <span class='ocrx_word' id='word_1_697' title='bbox 562 5120 656 5176; x_wconf 88' lang='lat' dir='ltr'><strong>sed</strong></span> <span class='ocrx_word' id='word_1_698' title='bbox 688 5120 847 5175; x_wconf 89' lang='lat' dir='ltr'><strong>simul</strong></span> <span class='ocrx_word' id='word_1_699' title='bbox 877 5122 928 5174; x_wconf 92' lang='lat' dir='ltr'><strong>in</strong></span> <span class='ocrx_word' id='word_1_700' title='bbox 949 5130 1063 5176; x_wconf 91' lang='lat' dir='ltr'><strong>toto</strong></span> <span class='ocrx_word' id='word_1_701' title='bbox 1091 5123 1164 5177; x_wconf 87' lang='lat' dir='ltr'><strong>sit</strong></span> <span class='ocrx_word' id='word_1_702' title='bbox 1195 5124 1497 5192; x_wconf 64' lang='lat' dir='ltr'><strong>inaequalis,</strong></span> <span class='ocrx_word' id='word_1_703' title='bbox 1522 5133 1580 5177; x_wconf 92' lang='lat' dir='ltr'><strong>ut</strong></span> <span class='ocrx_word' id='word_1_704' title='bbox 1612 5123 1750 5191; x_wconf 86' lang='lat' dir='ltr'><strong>apud</strong></span> <span class='ocrx_word' id='word_1_705' title='bbox 1782 5137 1896 5177; x_wconf 89' lang='lat' dir='ltr'><strong>vos.</strong></span> <span class='ocrx_word' id='word_1_706' title='bbox 1916 5123 2015 5193; x_wconf 84' lang='lat' dir='ltr'><strong>lgi-</strong></span> 
     </span>
    </p>
   </div>
   <div class='ocr_carea' id='block_1_94' title="bbox 450 5212 2019 5282">
    <p class='ocr_par' dir='ltr' id='par_1_94' title="bbox 450 5212 2019 5282">
     <span class='ocr_line' id='line_1_94' title="bbox 450 5212 2019 5282; baseline 0.002 -16"><span class='ocrx_word' id='word_1_707' title='bbox 450 5222 537 5267; x_wconf 91' lang='lat' dir='ltr'><strong>tur</strong></span> <span class='ocrx_word' id='word_1_708' title='bbox 561 5212 699 5282; x_wconf 88' lang='lat' dir='ltr'><strong>elige</strong></span> <span class='ocrx_word' id='word_1_709' title='bbox 721 5212 813 5267; x_wconf 86' lang='lat' dir='ltr'><strong>tibi</strong></span> <span class='ocrx_word' id='word_1_710' title='bbox 845 5228 1006 5267; x_wconf 89' lang='lat' dir='ltr'><strong>unum</strong></span> <span class='ocrx_word' id='word_1_711' title='bbox 1037 5213 1104 5269; x_wconf 88' lang='lat' dir='ltr'><strong>de</strong></span> <span class='ocrx_word' id='word_1_712' title='bbox 1134 5214 1365 5279; x_wconf 87' lang='lat' dir='ltr'><strong>duobus,</strong></span> <span class='ocrx_word' id='word_1_713' title='bbox 1396 5226 1488 5269; x_wconf 88' lang='lat' dir='ltr'><strong>aut</strong></span> <span class='ocrx_word' id='word_1_714' title='bbox 1512 5231 1615 5269; x_wconf 87' lang='lat' dir='ltr'><strong>una</strong></span> <span class='ocrx_word' id='word_1_715' title='bbox 1640 5222 1723 5269; x_wconf 90' lang='lat' dir='ltr'><strong>est</strong></span> <span class='ocrx_word' id='word_1_716' title='bbox 1751 5215 1802 5268; x_wconf 90' lang='lat' dir='ltr'><strong>in</strong></span> <span class='ocrx_word' id='word_1_717' title='bbox 1835 5214 1918 5269; x_wconf 90' lang='lat' dir='ltr'><strong>his</strong></span> <span class='ocrx_word' id='word_1_718' title='bbox 1938 5214 2019 5269; x_wconf 91' lang='lat' dir='ltr'><strong>di-</strong></span> 
     </span>
    </p>
   </div>
   <div class='ocr_carea' id='block_1_95' title="bbox 450 5303 2017 5373">
    <p class='ocr_par' dir='ltr' id='par_1_95' title="bbox 450 5303 2017 5373">
     <span class='ocr_line' id='line_1_95' title="bbox 450 5303 2017 5373; baseline 0.003 -19"><span class='ocrx_word' id='word_1_719' title='bbox 450 5303 686 5359; x_wconf 81' lang='lat' dir='ltr'><strong>vinitatis</strong></span> <span class='ocrx_word' id='word_1_720' title='bbox 714 5303 897 5371; x_wconf 67' lang='lat' dir='ltr'><strong>gloria:</strong></span> <span class='ocrx_word' id='word_1_721' title='bbox 921 5304 1219 5372; x_wconf 68' lang='lat' dir='ltr'><strong>aequalitas,</strong></span> <span class='ocrx_word' id='word_1_722' title='bbox 1252 5315 1342 5358; x_wconf 81' lang='lat' dir='ltr'><strong>aut</strong></span> <span class='ocrx_word' id='word_1_723' title='bbox 1366 5320 1470 5358; x_wconf 89' lang='lat' dir='ltr'><strong>una</strong></span> <span class='ocrx_word' id='word_1_724' title='bbox 1497 5304 1832 5373; x_wconf 76' lang='lat' dir='ltr'><strong>intequalitas</strong></span> <span class='ocrx_word' id='word_1_725' title='bbox 1851 5346 1864 5368; x_wconf 90' lang='lat'><strong>,</strong></span> <span class='ocrx_word' id='word_1_726' title='bbox 1891 5305 2017 5359; x_wconf 90' lang='lat' dir='ltr'><strong>dum</strong></span> 
     </span>
    </p>
   </div>
   <div class='ocr_carea' id='block_1_96' title="bbox 451 5394 2022 5463">
    <p class='ocr_par' dir='ltr' id='par_1_96' title="bbox 451 5394 2022 5463">
     <span class='ocr_line' id='line_1_96' title="bbox 451 5394 2022 5463; baseline 0.001 -16"><span class='ocrx_word' id='word_1_727' title='bbox 451 5395 620 5449; x_wconf 82' lang='lat' dir='ltr'><strong>turma</strong></span> <span class='ocrx_word' id='word_1_728' title='bbox 656 5409 750 5449; x_wconf 83' lang='lat' dir='ltr'><strong>sua</strong></span> <span class='ocrx_word' id='word_1_729' title='bbox 794 5405 952 5449; x_wconf 84' lang='lat' dir='ltr'><strong>nemo</strong></span> <span class='ocrx_word' id='word_1_730' title='bbox 977 5394 1048 5449; x_wconf 88' lang='lat' dir='ltr'><strong>sit</strong></span> <span class='ocrx_word' id='word_1_731' title='bbox 1078 5394 1251 5463; x_wconf 83' lang='lat' dir='ltr'><strong>major</strong></span> <span class='ocrx_word' id='word_1_732' title='bbox 1292 5394 1374 5450; x_wconf 88' lang='lat' dir='ltr'><strong>vel</strong></span> <span class='ocrx_word' id='word_1_733' title='bbox 1402 5395 1605 5450; x_wconf 91' lang='lat' dir='ltr'><strong>minor.</strong></span> <span class='ocrx_word' id='word_1_734' title='bbox 1639 5395 1794 5449; x_wconf 82' lang='lat' dir='ltr'><strong>Aliud</strong></span> <span class='ocrx_word' id='word_1_735' title='bbox 1826 5403 1944 5460; x_wconf 87' lang='lat' dir='ltr'><strong>est,</strong></span> <span class='ocrx_word' id='word_1_736' title='bbox 1977 5396 2022 5450; x_wconf 92' lang='lat' dir='ltr'><strong>si</strong></span> 
     </span>
    </p>
   </div>
   <div class='ocr_carea' id='block_1_97' title="bbox 456 5485 2022 5553">
    <p class='ocr_par' dir='ltr' id='par_1_97' title="bbox 456 5485 2022 5553">
     <span class='ocr_line' id='line_1_97' title="bbox 456 5485 2022 5553; baseline 0 -14"><span class='ocrx_word' id='word_1_737' title='bbox 456 5497 641 5542; x_wconf 67' lang='lat' dir='ltr'><strong>contra</strong></span> <span class='ocrx_word' id='word_1_738' title='bbox 694 5486 1062 5542; x_wconf 87' lang='lat' dir='ltr'><strong>auctoritatem</strong></span> <span class='ocrx_word' id='word_1_739' title='bbox 1114 5485 1408 5541; x_wconf 85' lang='lat' dir='ltr'><strong>beatissimi</strong></span> <span class='ocrx_word' id='word_1_740' title='bbox 1457 5485 1736 5553; x_wconf 56' lang='lat' dir='ltr'><strong>Apodoti.</strong></span> <span class='ocrx_word' id='word_1_741' title='bbox 1783 5485 2022 5542; x_wconf 88' lang='lat' dir='ltr'><strong>doctoris</strong></span> 
     </span>
    </p>
   </div>
   <div class='ocr_carea' id='block_1_98' title="bbox 2118 4299 3712 4367">
    <p class='ocr_par' dir='ltr' id='par_1_98' title="bbox 2118 4299 3712 4367">
     <span class='ocr_line' id='line_1_98' title="bbox 2118 4299 3712 4367; baseline 0.001 -13"><span class='ocrx_word' id='word_1_742' title='bbox 2118 4300 2409 4354; x_wconf 82' lang='lat' dir='ltr'><strong>d;vidatur.</strong></span> <span class='ocrx_word' id='word_1_743' title='bbox 2442 4299 2573 4366; x_wconf 87' lang='lat' dir='ltr'><strong>Quia</strong></span> <span class='ocrx_word' id='word_1_744' title='bbox 2604 4299 2692 4352; x_wconf 90' lang='lat' dir='ltr'><strong>ubi</strong></span> <span class='ocrx_word' id='word_1_745' title='bbox 2717 4316 2815 4353; x_wconf 86' lang='lat' dir='ltr'><strong>una</strong></span> <span class='ocrx_word' id='word_1_746' title='bbox 2857 4299 3129 4367; x_wconf 77' lang='lat' dir='ltr'><strong>:equalitas</strong></span> <span class='ocrx_word' id='word_1_747' title='bbox 3159 4307 3257 4365; x_wconf 85' lang='lat' dir='ltr'><strong>est,</strong></span> <span class='ocrx_word' id='word_1_748' title='bbox 3311 4300 3380 4354; x_wconf 91' lang='lat' dir='ltr'><strong>ibi</strong></span> <span class='ocrx_word' id='word_1_749' title='bbox 3411 4299 3712 4356; x_wconf 82' lang='lat' dir='ltr'><strong>diversitas</strong></span> 
     </span>
    </p>
   </div>
   <div class='ocr_carea' id='block_1_99' title="bbox 2132 4390 3711 4457">
    <p class='ocr_par' dir='ltr' id='par_1_99' title="bbox 2132 4390 3711 4457">
     <span class='ocr_line' id='line_1_99' title="bbox 2132 4390 3711 4457; baseline 0.001 -13"><span class='ocrx_word' id='word_1_750' title='bbox 2132 4391 2277 4444; x_wconf 90' lang='lat' dir='ltr'><strong>nulla</strong></span> <span class='ocrx_word' id='word_1_751' title='bbox 2326 4398 2435 4445; x_wconf 76' lang='lat' dir='ltr'><strong>est:</strong></span> <span class='ocrx_word' id='word_1_752' title='bbox 2469 4390 2552 4443; x_wconf 86' lang='lat' dir='ltr'><strong>vel</strong></span> <span class='ocrx_word' id='word_1_753' title='bbox 2577 4390 2666 4443; x_wconf 91' lang='lat' dir='ltr'><strong>ubi</strong></span> <span class='ocrx_word' id='word_1_754' title='bbox 2695 4406 2795 4443; x_wconf 85' lang='lat' dir='ltr'><strong>una</strong></span> <span class='ocrx_word' id='word_1_755' title='bbox 2819 4390 3089 4457; x_wconf 62' lang='lat' dir='ltr'><strong>aequalitas</strong></span> <span class='ocrx_word' id='word_1_756' title='bbox 3114 4398 3229 4453; x_wconf 76' lang='lat' dir='ltr'><strong>est,</strong></span> <span class='ocrx_word' id='word_1_757' title='bbox 3261 4391 3397 4444; x_wconf 87' lang='lat' dir='ltr'><strong>alter</strong></span> <span class='ocrx_word' id='word_1_758' title='bbox 3417 4391 3574 4445; x_wconf 88' lang='lat' dir='ltr'><strong>alteri</strong></span> <span class='ocrx_word' id='word_1_759' title='bbox 3596 4408 3711 4446; x_wconf 90' lang='lat' dir='ltr'><strong>non</strong></span> 
     </span>
    </p>
   </div>
   <div class='ocr_carea' id='block_1_100' title="bbox 2119 4479 3710 4549">
    <p class='ocr_par' dir='ltr' id='par_1_100' title="bbox 2119 4479 3710 4549">
     <span class='ocr_line' id='line_1_100' title="bbox 2119 4479 3710 4549; baseline 0.002 -15"><span class='ocrx_word' id='word_1_760' title='bbox 2119 4481 2465 4549; x_wconf 72' lang='lat' dir='ltr'><strong>anteponitur</strong></span> <span class='ocrx_word' id='word_1_761' title='bbox 2490 4521 2504 4545; x_wconf 90' lang='lat'><strong>,</strong></span> <span class='ocrx_word' id='word_1_762' title='bbox 2547 4480 2642 4534; x_wconf 85' lang='lat' dir='ltr'><strong>sed</strong></span> <span class='ocrx_word' id='word_1_763' title='bbox 2684 4495 2782 4535; x_wconf 91' lang='lat' dir='ltr'><strong>nec</strong></span> <span class='ocrx_word' id='word_1_764' title='bbox 2822 4479 3191 4548; x_wconf 86' lang='lat' dir='ltr'><strong>pr:rponitur,</strong></span> <span class='ocrx_word' id='word_1_765' title='bbox 3224 4497 3324 4535; x_wconf 91' lang='lat' dir='ltr'><strong>nec</strong></span> <span class='ocrx_word' id='word_1_766' title='bbox 3372 4482 3710 4549; x_wconf 64' lang='lat' dir='ltr'><strong>subjicitur;</strong></span> 
     </span>
    </p>
   </div>
   <div class='ocr_carea' id='block_1_101' title="bbox 2123 4574 3713 4645">
    <p class='ocr_par' dir='ltr' id='par_1_101' title="bbox 2123 4574 3713 4645">
     <span class='ocr_line' id='line_1_101' title="bbox 2123 4574 3713 4645; baseline 0.001 -17"><span class='ocrx_word' id='word_1_767' title='bbox 2123 4576 2249 4629; x_wconf 92' lang='lat' dir='ltr'><strong>dum</strong></span> <span class='ocrx_word' id='word_1_768' title='bbox 2271 4576 2418 4629; x_wconf 89' lang='lat' dir='ltr'><strong>unita</strong></span> <span class='ocrx_word' id='word_1_769' title='bbox 2441 4575 2718 4645; x_wconf 68' lang='lat' dir='ltr'><strong>aequalitas</strong></span> <span class='ocrx_word' id='word_1_770' title='bbox 2745 4575 3034 4629; x_wconf 83' lang='lat' dir='ltr'><strong>indiscreta</strong></span> <span class='ocrx_word' id='word_1_771' title='bbox 3060 4574 3150 4639; x_wconf 92' lang='lat' dir='ltr'><strong>sit,</strong></span> <span class='ocrx_word' id='word_1_772' title='bbox 3175 4590 3296 4642; x_wconf 74' lang='lat' dir='ltr'><strong>qua:</strong></span> <span class='ocrx_word' id='word_1_773' title='bbox 3318 4584 3401 4629; x_wconf 86' lang='lat' dir='ltr'><strong>est</strong></span> <span class='ocrx_word' id='word_1_774' title='bbox 3421 4576 3713 4644; x_wconf 87' lang='lat' dir='ltr'><strong>plenitudo</strong></span> 
     </span>
    </p>
   </div>
   <div class='ocr_carea' id='block_1_102' title="bbox 2129 4664 3714 4733">
    <p class='ocr_par' dir='ltr' id='par_1_102' title="bbox 2129 4664 3714 4733">
     <span class='ocr_line' id='line_1_102' title="bbox 2129 4664 3714 4733; baseline 0.001 -14"><span class='ocrx_word' id='word_1_775' title='bbox 2129 4664 2437 4721; x_wconf 88' lang='lat' dir='ltr'><strong>divinitatis.</strong></span> <span class='ocrx_word' id='word_1_776' title='bbox 2472 4664 2717 4732; x_wconf 86' lang='lat' dir='ltr'><strong>Nunquid</strong></span> <span class='ocrx_word' id='word_1_777' title='bbox 2744 4666 2869 4733; x_wconf 89' lang='lat' dir='ltr'><strong>quia</strong></span> <span class='ocrx_word' id='word_1_778' title='bbox 2897 4666 3156 4730; x_wconf 71' lang='lat' dir='ltr'><strong>nequa&#39;em</strong></span> <span class='ocrx_word' id='word_1_779' title='bbox 3191 4664 3401 4719; x_wconf 88' lang='lat' dir='ltr'><strong>Patrem</strong></span> <span class='ocrx_word' id='word_1_780' title='bbox 3434 4675 3486 4719; x_wconf 82' lang='lat' dir='ltr'><strong>et</strong></span> <span class='ocrx_word' id='word_1_781' title='bbox 3506 4665 3714 4721; x_wconf 86' lang='lat' dir='ltr'><strong>Filium</strong></span> 
     </span>
    </p>
   </div>
   <div class='ocr_carea' id='block_1_103' title="bbox 2129 4754 3719 4827">
    <p class='ocr_par' dir='ltr' id='par_1_103' title="bbox 2129 4754 3719 4827">
     <span class='ocr_line' id='line_1_103' title="bbox 2129 4754 3719 4827; baseline -0.001 -16"><span class='ocrx_word' id='word_1_782' title='bbox 2129 4757 2184 4811; x_wconf 88' lang='lat' dir='ltr'><strong>in</strong></span> <span class='ocrx_word' id='word_1_783' title='bbox 2208 4756 2424 4821; x_wconf 89' lang='lat' dir='ltr'><strong>deitate,</strong></span> <span class='ocrx_word' id='word_1_784' title='bbox 2439 4754 2732 4811; x_wconf 90' lang='lat' dir='ltr'><strong>secundum</strong></span> <span class='ocrx_word' id='word_1_785' title='bbox 2754 4757 3125 4809; x_wconf 85' lang='lat' dir='ltr'><strong>auctoritatem</strong></span> <span class='ocrx_word' id='word_1_786' title='bbox 3147 4756 3516 4823; x_wconf 65' lang='lat' dir='ltr'><strong>evangelicam</strong></span> <span class='ocrx_word' id='word_1_787' title='bbox 3539 4769 3719 4827; x_wconf 87' lang='lat' dir='ltr'><strong>atque</strong></span> 
     </span>
    </p>
   </div>
   <div class='ocr_carea' id='block_1_104' title="bbox 2127 4848 3719 4916">
    <p class='ocr_par' dir='ltr' id='par_1_104' title="bbox 2127 4848 3719 4916">
     <span class='ocr_line' id='line_1_104' title="bbox 2127 4848 3719 4916; baseline 0.001 -14"><span class='ocrx_word' id='word_1_788' title='bbox 2127 4849 2473 4916; x_wconf 87' lang='lat' dir='ltr'><strong>apostolicam</strong></span> <span class='ocrx_word' id='word_1_789' title='bbox 2500 4848 2729 4902; x_wconf 90' lang='lat' dir='ltr'><strong>dicimus</strong></span> <span class='ocrx_word' id='word_1_790' title='bbox 2750 4887 2767 4913; x_wconf 92' lang='lat'><strong>,</strong></span> <span class='ocrx_word' id='word_1_791' title='bbox 2811 4848 3044 4913; x_wconf 85' lang='lat' dir='ltr'><strong>aliquam</strong></span> <span class='ocrx_word' id='word_1_792' title='bbox 3076 4857 3455 4915; x_wconf 83' lang='lat' dir='ltr'><strong>comparantes</strong></span> <span class='ocrx_word' id='word_1_793' title='bbox 3486 4864 3719 4904; x_wconf 83' lang='lat' dir='ltr'><strong>mensu-</strong></span> 
     </span>
    </p>
   </div>
   <div class='ocr_carea' id='block_1_105' title="bbox 2128 4938 3718 5009">
    <p class='ocr_par' dir='ltr' id='par_1_105' title="bbox 2128 4938 3718 5009">
     <span class='ocr_line' id='line_1_105' title="bbox 2128 4938 3718 5009; baseline 0.001 -15"><span class='ocrx_word' id='word_1_794' title='bbox 2128 4954 2242 4994; x_wconf 89' lang='lat' dir='ltr'><strong>ram</strong></span> <span class='ocrx_word' id='word_1_795' title='bbox 2274 4939 2326 4993; x_wconf 86' lang='lat' dir='ltr'><strong>in</strong></span> <span class='ocrx_word' id='word_1_796' title='bbox 2357 4938 2438 4993; x_wconf 84' lang='lat' dir='ltr'><strong>bis</strong></span> <span class='ocrx_word' id='word_1_797' title='bbox 2486 4954 2607 4994; x_wconf 89' lang='lat' dir='ltr'><strong>esse</strong></span> <span class='ocrx_word' id='word_1_798' title='bbox 2647 4939 2942 5009; x_wconf 65' lang='lat' dir='ltr'><strong>(haeretice)</strong></span> <span class='ocrx_word' id='word_1_799' title='bbox 2972 4938 3281 5007; x_wconf 88' lang='lat' dir='ltr'><strong>posuimus;</strong></span> <span class='ocrx_word' id='word_1_800' title='bbox 3313 4938 3440 4993; x_wconf 90' lang='lat' dir='ltr'><strong>dum</strong></span> <span class='ocrx_word' id='word_1_801' title='bbox 3493 4940 3718 4995; x_wconf 82' lang='lat' dir='ltr'><strong>incom-</strong></span> 
     </span>
    </p>
   </div>
   <div class='ocr_carea' id='block_1_106' title="bbox 2133 5030 3720 5101">
    <p class='ocr_par' dir='ltr' id='par_1_106' title="bbox 2133 5030 3720 5101">
     <span class='ocr_line' id='line_1_106' title="bbox 2133 5030 3720 5101; baseline 0.003 -18"><span class='ocrx_word' id='word_1_802' title='bbox 2133 5030 2390 5101; x_wconf 90' lang='lat' dir='ltr'><strong>parabilis</strong></span> <span class='ocrx_word' id='word_1_803' title='bbox 2417 5031 2486 5084; x_wconf 87' lang='lat' dir='ltr'><strong>sit</strong></span> <span class='ocrx_word' id='word_1_804' title='bbox 2529 5031 2644 5085; x_wconf 69' lang='lat' dir='ltr'><strong>haec</strong></span> <span class='ocrx_word' id='word_1_805' title='bbox 2690 5030 2833 5084; x_wconf 88' lang='lat' dir='ltr'><strong>unita</strong></span> <span class='ocrx_word' id='word_1_806' title='bbox 2890 5031 3170 5101; x_wconf 72' lang='lat' dir='ltr'><strong>aequalitas</strong></span> <span class='ocrx_word' id='word_1_807' title='bbox 3200 5031 3538 5085; x_wconf 87' lang='lat' dir='ltr'><strong>divinitatis?</strong></span> <span class='ocrx_word' id='word_1_808' title='bbox 3573 5033 3720 5099; x_wconf 82' lang='lat' dir='ltr'><strong>Quia</strong></span> 
     </span>
    </p>
   </div>
   <div class='ocr_carea' id='block_1_107' title="bbox 2118 5122 3720 5193">
    <p class='ocr_par' dir='ltr' id='par_1_107' title="bbox 2118 5122 3720 5193">
     <span class='ocr_line' id='line_1_107' title="bbox 2118 5122 3720 5193; baseline -0.001 -13"><span class='ocrx_word' id='word_1_809' title='bbox 2118 5123 2188 5180; x_wconf 86' lang='lat' dir='ltr'><strong>de</strong></span> <span class='ocrx_word' id='word_1_810' title='bbox 2211 5132 2280 5186; x_wconf 86' lang='lat' dir='ltr'><strong>te,</strong></span> <span class='ocrx_word' id='word_1_811' title='bbox 2302 5123 2465 5189; x_wconf 85' lang='lat' dir='ltr'><strong>Deus,</strong></span> <span class='ocrx_word' id='word_1_812' title='bbox 2492 5123 2749 5178; x_wconf 85' lang='lat' dir='ltr'><strong>senserim</strong></span> <span class='ocrx_word' id='word_1_813' title='bbox 2772 5138 2930 5193; x_wconf 85' lang='lat' dir='ltr'><strong>quam</strong></span> <span class='ocrx_word' id='word_1_814' title='bbox 2949 5124 3013 5177; x_wconf 86' lang='lat' dir='ltr'><strong>ad</strong></span> <span class='ocrx_word' id='word_1_815' title='bbox 3029 5123 3284 5192; x_wconf 86' lang='lat' dir='ltr'><strong>liquidum</strong></span> <span class='ocrx_word' id='word_1_816' title='bbox 3302 5122 3524 5177; x_wconf 74' lang='lat' dir='ltr'><strong>dixerim</strong></span> <span class='ocrx_word' id='word_1_817' title='bbox 3544 5167 3560 5189; x_wconf 96' lang='lat'><strong>,</strong></span> <span class='ocrx_word' id='word_1_818' title='bbox 3580 5126 3720 5178; x_wconf 86' lang='lat' dir='ltr'><strong>dum</strong></span> 
     </span>
    </p>
   </div>
   <div class='ocr_carea' id='block_1_108' title="bbox 2120 5213 3723 5280">
    <p class='ocr_par' dir='ltr' id='par_1_108' title="bbox 2120 5213 3723 5280">
     <span class='ocr_line' id='line_1_108' title="bbox 2120 5213 3723 5280; baseline 0 -11"><span class='ocrx_word' id='word_1_819' title='bbox 2120 5213 2190 5269; x_wconf 90' lang='lat' dir='ltr'><strong>de</strong></span> <span class='ocrx_word' id='word_1_820' title='bbox 2219 5227 2271 5268; x_wconf 93' lang='lat' dir='ltr'><strong>te</strong></span> <span class='ocrx_word' id='word_1_821' title='bbox 2293 5257 2308 5279; x_wconf 87' lang='lat'><strong>,</strong></span> <span class='ocrx_word' id='word_1_822' title='bbox 2360 5215 2518 5278; x_wconf 86' lang='lat' dir='ltr'><strong>Deus,</strong></span> <span class='ocrx_word' id='word_1_823' title='bbox 2543 5213 2897 5280; x_wconf 89' lang='lat' dir='ltr'><strong>credendum,</strong></span> <span class='ocrx_word' id='word_1_824' title='bbox 2922 5223 2977 5269; x_wconf 92' lang='lat' dir='ltr'><strong>et</strong></span> <span class='ocrx_word' id='word_1_825' title='bbox 3008 5229 3115 5269; x_wconf 91' lang='lat' dir='ltr'><strong>non</strong></span> <span class='ocrx_word' id='word_1_826' title='bbox 3154 5214 3545 5268; x_wconf 79' lang='lat' dir='ltr'><strong>deﬁniendum.</strong></span> <span class='ocrx_word' id='word_1_827' title='bbox 3581 5215 3723 5269; x_wconf 77' lang='lat' dir='ltr'><strong>Mihi</strong></span> 
     </span>
    </p>
   </div>
   <div class='ocr_carea' id='block_1_109' title="bbox 2121 5304 3721 5374">
    <p class='ocr_par' dir='ltr' id='par_1_109' title="bbox 2121 5304 3721 5374">
     <span class='ocr_line' id='line_1_109' title="bbox 2121 5304 3721 5374; baseline -0.002 -9"><span class='ocrx_word' id='word_1_828' title='bbox 2121 5309 2264 5365; x_wconf 84' lang='lat' dir='ltr'><strong>enim</strong></span> <span class='ocrx_word' id='word_1_829' title='bbox 2302 5306 2525 5363; x_wconf 89' lang='lat' dir='ltr'><strong>credere</strong></span> <span class='ocrx_word' id='word_1_830' title='bbox 2550 5304 2754 5374; x_wconf 89' lang='lat' dir='ltr'><strong>jussum</strong></span> <span class='ocrx_word' id='word_1_831' title='bbox 2796 5316 2908 5371; x_wconf 66' lang='lat' dir='ltr'><strong>est,</strong></span> <span class='ocrx_word' id='word_1_832' title='bbox 2950 5322 3054 5361; x_wconf 86' lang='lat' dir='ltr'><strong>non</strong></span> <span class='ocrx_word' id='word_1_833' title='bbox 3087 5305 3359 5361; x_wconf 88' lang='lat' dir='ltr'><strong>discutere</strong></span> <span class='ocrx_word' id='word_1_834' title='bbox 3386 5306 3721 5374; x_wconf 87' lang='lat' dir='ltr'><strong>permissum</strong></span> 
     </span>
    </p>
   </div>
   <div class='ocr_carea' id='block_1_110' title="bbox 2125 5397 3726 5467">
    <p class='ocr_par' dir='ltr' id='par_1_110' title="bbox 2125 5397 3726 5467">
     <span class='ocr_line' id='line_1_110' title="bbox 2125 5397 3726 5467; baseline -0.003 -11"><span class='ocrx_word' id='word_1_835' title='bbox 2125 5409 2228 5456; x_wconf 86' lang='lat' dir='ltr'><strong>est.</strong></span> <span class='ocrx_word' id='word_1_836' title='bbox 2259 5400 2384 5455; x_wconf 86' lang='lat' dir='ltr'><strong>Ideo</strong></span> <span class='ocrx_word' id='word_1_837' title='bbox 2403 5398 2650 5453; x_wconf 83' lang='lat' dir='ltr'><strong>Christus</strong></span> <span class='ocrx_word' id='word_1_838' title='bbox 2674 5397 2767 5452; x_wconf 90' lang='lat' dir='ltr'><strong>Dei</strong></span> <span class='ocrx_word' id='word_1_839' title='bbox 2798 5397 2999 5464; x_wconf 77' lang='lat' dir='ltr'><strong>forma,</strong></span> <span class='ocrx_word' id='word_1_840' title='bbox 3022 5399 3104 5453; x_wconf 88' lang='lat' dir='ltr'><strong>vel</strong></span> <span class='ocrx_word' id='word_1_841' title='bbox 3137 5398 3312 5467; x_wconf 87' lang='lat' dir='ltr'><strong>imago</strong></span> <span class='ocrx_word' id='word_1_842' title='bbox 3338 5413 3460 5451; x_wconf 85' lang='lat' dir='ltr'><strong>vera</strong></span> <span class='ocrx_word' id='word_1_843' title='bbox 3486 5397 3583 5451; x_wconf 91' lang='lat' dir='ltr'><strong>Dei</strong></span> <span class='ocrx_word' id='word_1_844' title='bbox 3614 5398 3726 5451; x_wconf 84' lang='lat' dir='ltr'><strong>Pa-</strong></span> 
     </span>
    </p>
   </div>
   <div class='ocr_carea' id='block_1_111' title="bbox 2130 5489 3724 5559">
    <p class='ocr_par' dir='ltr' id='par_1_111' title="bbox 2130 5489 3724 5559">
     <span class='ocr_line' id='line_1_111' title="bbox 2130 5489 3724 5559; baseline 0.001 -15"><span class='ocrx_word' id='word_1_845' title='bbox 2130 5492 2226 5544; x_wconf 88' lang='lat' dir='ltr'><strong>tris</strong></span> <span class='ocrx_word' id='word_1_846' title='bbox 2272 5489 2579 5557; x_wconf 71' lang='lat' dir='ltr'><strong>invisibitis,</strong></span> <span class='ocrx_word' id='word_1_847' title='bbox 2630 5489 2751 5558; x_wconf 88' lang='lat' dir='ltr'><strong>quia</strong></span> <span class='ocrx_word' id='word_1_848' title='bbox 2783 5504 2884 5543; x_wconf 88' lang='lat' dir='ltr'><strong>una</strong></span> <span class='ocrx_word' id='word_1_849' title='bbox 2914 5498 2996 5545; x_wconf 89' lang='lat' dir='ltr'><strong>est</strong></span> <span class='ocrx_word' id='word_1_850' title='bbox 3034 5489 3085 5545; x_wconf 89' lang='lat' dir='ltr'><strong>in</strong></span> <span class='ocrx_word' id='word_1_851' title='bbox 3120 5489 3203 5544; x_wconf 85' lang='lat' dir='ltr'><strong>bis</strong></span> <span class='ocrx_word' id='word_1_852' title='bbox 3227 5489 3395 5545; x_wconf 79' lang='lat' dir='ltr'><strong>forma</strong></span> <span class='ocrx_word' id='word_1_853' title='bbox 3424 5499 3480 5544; x_wconf 89' lang='lat' dir='ltr'><strong>et</strong></span> <span class='ocrx_word' id='word_1_854' title='bbox 3515 5490 3724 5559; x_wconf 65' lang='lat' dir='ltr'><strong>gloriae</strong></span> 
     </span>
    </p>
   </div>
   <div class='ocr_carea' id='block_1_112' title="bbox 517 5616 3722 5692">
    <p class='ocr_par' dir='ltr' id='par_1_112' title="bbox 517 5616 3722 5692">
     <span class='ocr_line' id='line_1_112' title="bbox 517 5616 3722 5692; baseline 0.002 -20"><span class='ocrx_word' id='word_1_855' title='bbox 517 5622 546 5655; x_wconf 62' lang='lat'><strong>¥</strong></span> <span class='ocrx_word' id='word_1_856' title='bbox 576 5620 787 5674; x_wconf 81' lang='lat' dir='ltr'><strong>Phrasis</strong></span> <span class='ocrx_word' id='word_1_857' title='bbox 810 5620 995 5675; x_wconf 79' lang='lat' dir='ltr'><strong>vitiosa</strong></span> <span class='ocrx_word' id='word_1_858' title='bbox 1027 5637 1123 5678; x_wconf 88' lang='lat' dir='ltr'><strong>nec</strong></span> <span class='ocrx_word' id='word_1_859' title='bbox 1139 5620 1203 5677; x_wconf 75' lang='lat' dir='ltr'><strong>fat</strong></span> <span class='ocrx_word' id='word_1_860' title='bbox 1222 5620 1292 5677; x_wconf 86' lang='lat' dir='ltr'><strong>ite</strong></span> <span class='ocrx_word' id='word_1_861' title='bbox 1316 5616 1671 5677; x_wconf 76' lang='lat' dir='ltr'><strong>medicabilis.</strong></span> <span class='ocrx_word' id='word_1_862' title='bbox 1703 5618 1903 5675; x_wconf 80' lang='lat' dir='ltr'><strong>Sensus</strong></span> <span class='ocrx_word' id='word_1_863' title='bbox 1923 5619 2069 5675; x_wconf 85' lang='lat' dir='ltr'><strong>idem</strong></span> <span class='ocrx_word' id='word_1_864' title='bbox 2112 5619 2324 5676; x_wconf 80' lang='lat' dir='ltr'><strong>videtur</strong></span> <span class='ocrx_word' id='word_1_865' title='bbox 2348 5634 2469 5676; x_wconf 88' lang='lat' dir='ltr'><strong>esse</strong></span> <span class='ocrx_word' id='word_1_866' title='bbox 2511 5632 2573 5675; x_wconf 91' lang='lat' dir='ltr'><strong>ac</strong></span> <span class='ocrx_word' id='word_1_867' title='bbox 2600 5616 2645 5675; x_wconf 89' lang='lat' dir='ltr'><strong>si</strong></span> <span class='ocrx_word' id='word_1_868' title='bbox 2667 5618 2925 5690; x_wconf 86' lang='lat' dir='ltr'><strong>scriptum</strong></span> <span class='ocrx_word' id='word_1_869' title='bbox 2950 5630 3129 5677; x_wconf 87' lang='lat' dir='ltr'><strong>esset:</strong></span> <span class='ocrx_word' id='word_1_870' title='bbox 3166 5619 3349 5692; x_wconf 74' lang='lat' dir='ltr'><strong>Utique</strong></span> <span class='ocrx_word' id='word_1_871' title='bbox 3374 5630 3463 5675; x_wconf 85' lang='lat' dir='ltr'><strong>aut</strong></span> <span class='ocrx_word' id='word_1_872' title='bbox 3492 5631 3639 5680; x_wconf 80' lang='lat' dir='ltr'><strong>totus</strong></span> <span class='ocrx_word' id='word_1_873' title='bbox 3664 5627 3722 5679; x_wconf 81' lang='lat' dir='ltr'><strong>in</strong></span> 
     </span>
    </p>
   </div>
   <div class='ocr_carea' id='block_1_113' title="bbox 471 5692 1013 5753">
    <p class='ocr_par' dir='ltr' id='par_1_113' title="bbox 471 5692 1013 5753">
     <span class='ocr_line' id='line_1_113' title="bbox 471 5692 1013 5753; baseline 0.007 -12"><span class='ocrx_word' id='word_1_874' title='bbox 471 5698 575 5743; x_wconf 84' lang='lat' dir='ltr'><strong>toto</strong></span> <span class='ocrx_word' id='word_1_875' title='bbox 596 5700 690 5753; x_wconf 84' lang='lat' dir='ltr'><strong>est,</strong></span> <span class='ocrx_word' id='word_1_876' title='bbox 721 5700 825 5745; x_wconf 90' lang='lat' dir='ltr'><strong>etc.</strong></span> <span class='ocrx_word' id='word_1_877' title='bbox 860 5692 1013 5748; x_wconf 75' lang='lat' dir='ltr'><strong>Eutr.</strong></span> 
     </span>
    </p>
   </div>
  </div>
