3958 6176
200 338 310 397 255

1462 327 1551 382 DE
1587 324 1956 383 TRINITATE
1994 326 2120 383 LIB.
2162 328 2244 385 Ill.

3354 331 3461 389 25$

201 452 513 525 agit-lites;
537 461 724 503 nonne
749 444 1011 514 scriptum
1038 448 1124 499 est
1151 458 1165 494 :
1196 439 1376 494 Omnis
1407 441 1672 508 plenitudo
1699 440 1783 493 di-
1811 446 1860 505 Α
1888 451 1945 497 et
1968 442 2036 498 de
2064 441 2221 499 Patre
2242 445 2454 500 venitur
2472 444 2539 499 ad
2568 442 2780 501 Filium.
2812 443 3083 519 Nunquid,
3107 453 3166 501 ut
3188 444 3299 514 jam
3327 461 3458 517 pm-

203 543 433 602 sim'totis
456 537 800 610 corporaliter
827 536 1021 589 habitat
1066 535 1121 586 in
1171 532 1282 601 ipso
1330 529 1469 599 (Col.
1501 546 1563 599 tt,
1592 530 1689 600 9)?
1729 528 1799 586 Si-

208 636 413 709 aliqnid
434 634 617 690 minus
644 642 754 697 est.
797 631 891 686 ubi
934 628 1113 684 omnis
1142 626 1417 696 plenitudo
1444 626 1570 680 est?
1602 629 1705 680 Aut
1744 626 1790 682 si

210 728 412 801 aliquid
437 726 614 791 deest,
641 723 734 779 ubi
766 730 936 776 totum
956 728 1040 776 est
1065 718 1227 791 ω
1257 715 1515 787 plenum?
1547 715 1791 783 Nunquid

214 822 269 877 in
300 833 415 888 quo
453 815 634 871 omnis
683 811 961 880 plenitudo
988 808 1281 865 divinitatis
1309 805 1662 874 corporaliter
1692 806 1789 860 ha-

215 913 370 974 bitat,
386 906 442 962 id
466 917 574 971 est,
598 907 750 958 utsic
772 902 1002 965 dicatur,
1024 899 1272 961 dealiter,
1300 896 1430 966 quid
1451 895 1790 965 potestinve-

216 1002 316 1055 uiri
347 1003 403 1053 in
438 999 556 1067 ipso
585 994 797 1050 minus?
819 991 1085 1060 Nunquid,
1110 1005 1143 1045 ο
1169 990 1450 1056 haeretice,
1478 988 1669 1059 plurali
1694 1002 1789 1041 nu-

220 1103 364 1145 rnero
395 1085 792 1158 plettitudines,
824 1091 917 1136 aut
945 1080 1259 1137 divinitates
1279 1124 1294 1149 ,
1324 1090 1419 1135 aut
1448 1079 1670 1144 formas,
1702 1087 1827 1137 aut,

221 1181 516 1249 iatagines,
546 1187 639 1231 aut
675 1174 1010 1245 cqualitates
1056 1173 1114 1227 in
1158 1172 1241 1226 bis
1282 1170 1530 1241 personis
1557 1184 1587 1224 a
1613 1182 1796 1224 sacro-

219 1280 400 1326 sancta
436 1266 716 1335 Scriptura
745 1262 850 1318 dici
898 1260 1155 1326 invenies,
1186 1273 1305 1313 cum
1337 1260 1481 1313 unita
1505 1257 1577 1313 sit
1603 1258 1785 1313 Deitas

219 1359 575 1419 mrum!
622 1355 871 1425 Nunquid
915 1362 1045 1422 quot
1088 1345 1509 1421 significationes
1548 1350 1800 1405 dicuntur

218 1455 279 1510 sd
298 1454 537 1524 gloriam
561 1448 799 1513 deitstis,
824 1444 1152 1514 totidemque
1169 1451 1294 1499 sunt
1312 1450 1366 1498 et
1391 1442 1601 1512 species
1624 1441 1802 1497 diver-

216 1548 426 1606 sitatis?
454 1545 638 1602 Absit.
673 1544 804 1597 Dom
849 1540 967 1594 haec
993 1540 1243 1594 universa
1280 1536 1347 1592 ad
1390 1535 1646 1591 deitatem
1678 1535 1796 1591 uni-

218 1651 320 1694 tsrn
366 1634 690 1694 substantia
733 1630 1030 1687 divinitatis
1070 1634 1201 1684 ustas
1232 1628 1375 1683 dicta
1412 1626 1792 1687 declarentur.

216 1727 569 1789 illadaccedit
590 1724 658 1780 ad
686 1704 903 1779 causam
925 1738 943 1777 :
968 1719 1211 1789 Nunquid
1238 1718 1326 1773 ubi
1352 1717 1499 1772 unita
1526 1715 1803 1787 plenitudo

1895 532 2026 601 disi,
2057 535 2245 603 plurali
2275 550 2500 590 numero
2529 535 2882 604 plenitudines
2929 537 2980 591 in
3025 537 3128 592 hoc
3173 536 3293 593 loco
3321 536 3465 593 desi-

1895 626 2098 698 gnavit,
2119 642 2154 682 o
2169 626 2420 683 haeretice
2433 671 2451 698 ,
2472 628 2599 684 dum
2614 628 2754 684 unita
2776 631 2846 683 sit
2862 628 3134 698 plenitudo
3148 629 3464 695 divinitatis,

1894 732 2015 787 qua
2057 718 2221 772 vitam
2260 726 2515 773 aeternam
2564 728 2815 787 operatur
2856 719 3241 774 credentibus?
3273 718 3467 787 Utique

1896 821 2084 861 attines
2109 807 2395 863 credentes
2415 809 2485 864 de
2514 809 2612 863 hac
2639 810 2751 879 ipsa
2775 811 2918 864 unita
2947 809 3275 879 plenitudine
3294 809 3470 864 Patris

1897 908 1953 952 et
1981 896 2127 963 Filii,
2157 898 2262 951 imo
2291 907 2346 952 et
2365 899 2534 953 sancti
2557 900 2789 967 Spiritus
2816 900 3140 969 accepimus,
3169 908 3227 955 et
3253 914 3468 969 semper

1897 999 1980 1045 est
2008 990 2249 1057 plenum,
2289 989 2413 1059 quia
2443 990 2574 1045 nihil
2605 991 2673 1045 de
2701 990 2983 1046 indiscreta
3012 990 3271 1046 Trinitate
3294 989 3469 1044 deita-

1902 1080 1970 1134 tis
1992 1088 2076 1134 est
2098 1079 2293 1133 minus.
2318 1080 2396 1135 Ac
2419 1094 2512 1148 per
2541 1078 2643 1134 hoc
2674 1096 2773 1133 una
2801 1089 2887 1135 est
2911 1081 3210 1149 cqualitas,
3240 1095 3359 1148 qua:
3387 1089 3471 1134 est

1902 1171 2275 1225 inenarrabilis
2301 1174 2625 1241 sempiterna
2645 1171 2878 1228 claritas.
2910 1172 3050 1228 Sane
3074 1173 3127 1227 in
3158 1172 3242 1225 his
3270 1174 3472 1227 diutius

1901 1263 2269 1329 immoremur,
2292 1275 2347 1318 et
2359 1265 2699 1321 excusatione
2713 1267 2981 1335 exquisita
3006 1265 3189 1322 tandiu
3211 1267 3469 1335 prolixam

1901 1352 2197 1409 orationem
2216 1353 2521 1423 fecerimus,
2550 1366 2608 1410 ut
2625 1355 2693 1411 de
2714 1358 3010 1426 quaestione
3038 1358 3148 1413 Arii
3171 1372 3476 1427 proponen-

1902 1453 2001 1504 tes.
2030 1459 2135 1499 non
2169 1454 2419 1514 tanquam
2449 1445 2763 1502 cavillantes
2779 1447 2975 1516 fugisse
2997 1448 3292 1502 videamur.
3320 1447 3478 1502 Denis-

1900 1551 2005 1606 que
2025 1535 2213 1590 Isaiam
2233 1536 2449 1590 audiant
2464 1536 2723 1592 adversus
2744 1537 2989 1606 dogmata
3014 1537 3304 1606 iniquitatis
3327 1538 3475 1605 ipso-

1902 1641 2020 1681 rum
2051 1624 2187 1682 hanc
2210 1627 2530 1682 sententiam
2558 1627 2913 1698 irrogantem:
2940 1629 3142 1684 Stultus
3168 1630 3477 1683 enimstulta

1905 1720 2151 1789 loquitur,
2178 1728 2226 1773 et
2250 1735 2337 1773 eor
2362 1721 2473 1791 ejus
2501 1736 2630 1775 sane
2657 1722 2916 1794 intelligit,
2947 1732 2995 1776 et
3033 1732 3346 1776 consummat
3373 1724 3476 1776 ini-

219 1820 522 1876 :livinitatis
546 1827 653 1885 est,
679 1827 806 1886 pars
833 1815 1047 1869 diversa
1092 1812 1173 1867 vel
1203 1811 1382 1867 excisa
1415 1810 1470 1865 in
1497 1817 1649 1879 parte
1675 1809 1802 1864 inae-
1832 1810 1879 1871 B
1905 1825 2025 1879 qua,
2051 1819 2097 1862 et
2120 1809 2343 1877 loquitur
2364 1813 2431 1863 ad
2454 1811 2729 1865 Dominum
2752 1828 2996 1877 errorem,
3027 1813 3094 1865 ad
3113 1813 3479 1881 disperdendas

218 1911 392 1981 qualis
428 1909 488 1965 in
528 1922 593 1965 ea
630 1907 753 1963 est?
779 1906 913 1959 Dum
956 1902 1225 1972 plenitudo
1256 1901 1454 1956 nullam
1490 1899 1802 1954 diminutio-

222 2002 303 2057 sis
340 2011 553 2072 partem
602 1997 851 2052 admittat
900 1995 1000 2050 sibi
1057 1993 1273 2064 proprie
1319 1993 1643 2061 comparari,
1675 2005 1799 2045 cum

224 2095 392 2149 form
418 2092 518 2147 Dei
542 2104 758 2145 omnem
783 2086 1168 2158 plenitudinem
1200 2085 1252 2139 in
1270 2099 1330 2140 se
1358 2084 1631 2139 contineat
1659 2081 1797 2136 divi-

226 2186 436 2250 nitatis,
448 2190 511 2237 et
531 2184 645 2252 ipsa
673 2188 1013 2235 sacrosancta
1028 2172 1669 2244 indiscretioaaqualitatis
1688 2173 1807 2227 nul-

225 2277 326 2330 lam
348 2275 586 2344 patiatur
608 2269 967 2326 differentiam
994 2264 1318 2335 majestatis,
1349 2267 1487 2319 sicut
1507 2265 1621 2333 ipse
1643 2270 1808 2318 testa-

224 2378 342 2417 tur:
376 2362 492 2432 Ego
533 2362 587 2414 in
627 2358 805 2421 Patre,
836 2366 883 2411 et
918 2354 1071 2409 Pater
1116 2360 1169 2408 in
1199 2370 1275 2407 me
1306 2352 1486 2426 (Joan.
1533 2368 1651 2416 xrv,
1681 2350 1805 2420 10);

222 2454 319 2506 sed
343 2461 402 2506 et
442 2450 610 2505 Isaias
651 2449 764 2502 haec
790 2445 1147 2515 comprobans
1174 2445 1340 2499 dicit:
1372 2442 1626 2508 Quoniam
1664 2442 1719 2495 in
1762 2451 1810 2495 te

222 2552 294 2598 est
326 2542 468 2598 Deus
484 2582 505 2610 ,
532 2551 582 2595 et
608 2557 713 2596 non
736 2547 809 2593 est
843 2538 981 2592 Deus
1006 2546 1189 2608 prater
1219 2546 1265 2589 te
1287 2553 1307 2601 ;
1334 2544 1390 2589 tu
1415 2535 1548 2587 enim
1571 2548 1623 2587 es
1648 2533 1804 2597 Deus,

221 2648 268 2688 et
293 2635 666 2697 audebantur,
679 2630 814 2685 Deus
841 2628 1005 2683 Israel
1027 2628 1267 2684 Salvator
1292 2642 1323 2678 a
1354 2625 1463 2679 Deo
1495 2621 1653 2695 (lsai.
1684 2636 1808 2688 XLV,

225 2728 312 2789 ts.
346 2723 567 2794 15).Vel
596 2723 663 2777 ad
689 2723 792 2775 hoc
816 2720 1132 2789 Apostolum
1152 2717 1278 2772 audi
1304 2725 1630 2771 teStantem:
1661 2714 1803 2780 Quo-

223 2819 364 2869 niam
392 2814 539 2871 Deus
563 2822 672 2869 erat
698 2813 752 2865 in
781 2811 1015 2876 Christo,
1057 2809 1305 2862 mundum
1349 2805 1687 2860 reconcilians
1713 2805 1809 2858 sibi

223 2905 308 2976 (Il
332 2905 455 2962 Cor.
488 2921 544 2970 v,
577 2905 689 2973 l9).
720 2902 881 2957 Vides
925 2902 1179 2977 quoniam
1206 2900 1382 2954 omnis
1430 2896 1703 2967 plenitudo
1728 2895 1811 2949 di-

224 2998 464 3053 xinitatis
490 2995 667 3050 Patris
708 2995 761 3049 in
796 2993 931 3048 Filio
956 3002 1073 3058 est,
1103 2998 1159 3047 et
1186 3000 1331 3045 totus
1360 2990 1528 3045 Filius
1558 2990 1610 3042 in
1651 2987 1811 3043 Patre

226 3092 339 3147 est?
367 3090 497 3144 ideo
524 3087 704 3142 unitas
721 3094 807 3142 est
829 3086 883 3140 in
914 3086 994 3138 bis
1014 3081 1257 3154 personis
1277 3082 1606 3151 sempiterna
1627 3094 1809 3150 mqua-

1905 1902 2104 1954 animas
2122 1903 2418 1967 esurientes,
2438 1912 2488 1955 et
2502 1902 2698 1956 animos
2718 1904 2939 1958 sitientes
2964 1904 3139 1958 inanes
3159 1905 3331 1971 faciet.
3344 1906 3478 1958 Con-

1904 1992 2077 2045 silium
2102 1992 2239 2045 enim
2264 1994 2515 2045 malorum
2534 1994 2708 2062 inique
2736 1995 2973 2063 cogitavit
2992 1996 3285 2065 disperdere
3310 1995 3480 2049 humi-

1906 2084 1977 2136 les
2003 2083 2054 2136 in
2079 2082 2396 2137 sermonibus
2418 2084 2629 2153 iniquis,
2669 2093 2717 2137 et
2747 2086 2995 2155 dissipare
3024 2086 3173 2139 verba
3210 2086 3481 2139 humilium

1906 2176 1959 2229 in
1974 2176 2175 2245 judicio
2198 2173 2350 2245 (Isai.
2376 2190 2543 2239 usu,
2568 2175 2644 2245 6).
2677 2175 2808 2231 Nam
2840 2177 2910 2244 pii
2939 2178 3254 2246 sapientiam
3278 2178 3481 2246 cog'taa

1908 2277 2126 2334 verunt,
2150 2278 2203 2337 et
2233 2268 2334 2321 hoc
2362 2268 2647 2323 consilium
2674 2269 2940 2335 manebit,
2971 2270 3115 2323 unde
3143 2280 3354 2338 oportet
3383 2284 3482 2324 nos

1908 2358 2159 2415 universa
2210 2359 2503 2415 secundum
2554 2361 2790 2430 regulam
2819 2362 3175 2429 evangelicum
3208 2364 3477 2427 limantes,

1909 2449 1993 2505 vel
2021 2450 2404 2520 distinguentes
2426 2449 2491 2504 ad
2513 2465 2727 2505 causam
2759 2452 3094 2521 cogitationis
3114 2451 3482 2507 contradicen-

1912 2543 1979 2597 tis
2007 2543 2264 2598 accedere
2292 2544 2343 2597 in
2374 2543 2649 2611 superiore
2674 2544 2901 2599 dicentis
2926 2562 2937 2596 :
2975 2544 3074 2612 Qui
3105 2561 3184 2598 nte
3204 2546 3341 2598 misit
3374 2560 3483 2597 ma-

1903 2636 1992 2704 jor
2022 2651 2100 2688 me
2124 2644 2197 2687 est
2225 2632 2531 2703 (Joan.stv,
2551 2636 2670 2704 20).
2688 2636 3070 2691 Animadverte
3088 2651 3247 2690 causa
3276 2650 3483 2689 assum-

1913 2727 1984 2793 pti
2015 2725 2249 2779 hominis
2286 2725 2484 2779 dictum
2518 2728 2705 2795 fuisse,
2738 2729 2880 2782 sicut
2906 2730 3161 2796 scriptam
3193 2738 3275 2783 est
3301 2746 3312 2779 :
3343 2726 3483 2779 Misit

1911 2816 1974 2869 de
1993 2832 2192 2869 summo
2228 2826 2274 2870 et
2297 2818 2491 2884 accepit
2520 2834 2616 2881 me,
2651 2819 2924 2885 assumpsit
2953 2835 3031 2871 me
3069 2818 3132 2871 de
3158 2818 3484 2872 multitudine

1910 2920 2161 2974 aquarum
2189 2904 2360 2972 (Psal.
2386 2920 2515 2973 xvn,
2546 2905 2658 2977 17).
2689 2906 2777 2973 Et,
2812 2906 3000 2960 Beatus
3024 2924 3171 2975 quem
3200 2909 3395 2978 elegisti
3434 2918 3483 2961 et

1911 2997 2231 3066 nssnmpsisti
2263 2995 2434 3064 (Psal.
2453 3011 2600 3060 utv,
2632 2996 2709 3066 ti).
2750 2997 2858 3051 Nec
2881 3012 2985 3050 non
3017 2995 3288 3062 Dominus,
3311 3008 3481 3051 autem

1912 3088 2186 3154 assumpsit
2214 3104 2292 3139 me
2341 3091 2357 3155 (
2385 3085 2529 3143 Prol.
2555 3103 2706 3150 xm,
2740 3086 2849 3153 10).
2896 3087 3274 3155 Nunquitlnam
3322 3087 3485 3141 homo

228 3185 366 3247 litae,
381 3182 508 3251 quia
525 3190 609 3235 est
636 3180 896 3235 immensa
918 3178 1109 3238 deitas,
1135 3178 1274 3232 sicut
1293 3172 1799 3243 evangelistadixit:
1832 3169 1877 3231 C
1912 3178 2079 3232 Deum
2103 3181 2411 3245 assumpsit,
2443 3188 2499 3233 et
2523 3194 2629 3233 non
2661 3180 2802 3234 Deus
2834 3180 3141 3235 hominem?
3192 3180 3334 3233 Deus
3384 3180 3486 3231 uti-

229 3272 447 3343 Propter
474 3274 573 3327 Itoc
621 3271 788 3343 magis
815 3268 1107 3341 quarebant
1136 3284 1253 3322 eum
1287 3267 1464 3321 Judaei
1487 3266 1766 3329 interﬁcere
1788 3279 1808 3317 :

228 3366 465 3434 quoniam
525 3379 631 3418 non
674 3366 841 3417 solum
869 3363 1088 3416 solt'ei'at
1149 3358 1435 3426 sabbatum,
1482 3358 1569 3412 sed
1600 3368 1649 3411 et
1674 3357 1809 3425 quod

232 3453 435 3507 Patrem
465 3468 619 3509 suum
648 3453 844 3506 dicebat
895 3450 1081 3516 Deum,
1112 3450 1359 3520 aqualem
1384 3464 1438 3502 se
1462 3450 1658 3519 faciens
1702 3447 1809 3502 Deo

232 3545 406 3614 (1m.
454 3560 520 3610 v,
568 3542 681 3615 18).
738 3543 828 3599 Vel
875 3542 978 3597 tale
1004 3542 1209 3597 dictum
1240 3541 1460 3611 accipe:
1496 3538 1575 3594 Tu
1599 3556 1715 3594 cum
1742 3556 1810 3594 sis

234 3641 377 3692 bona
398 3677 417 3705 ,
467 3639 717 3706 aequalem
763 3647 811 3690 te
840 3636 970 3707 facit
1002 3633 1109 3689 Deo
1139 3633 1324 3705 (Joan.
1354 3649 1420 3698 ι,
1449 3634 1565 3703 35).
1616 3633 1722 3688 Sed
1752 3640 1808 3686 et

234 3731 366 3785 hoc:
400 3730 475 3785 Ut
498 3745 673 3783 omnes
698 3728 1035 3796 honori/iectu
1065 3727 1280 3791 Filium,
1310 3727 1441 3778 sicut
1465 3724 1810 3793 honoriﬁcam

233 3821 469 3887 Putrem;
492 3823 735 3890 quoniam
757 3820 844 3886 qui
883 3836 983 3872 non
1014 3817 1313 3885 lttnoriﬁcat
1331 3815 1554 3879 Filium,
1584 3832 1684 3869 non
1713 3815 1810 3869 Ito-

235 3913 468 3979 noriﬁcat
514 3910 749 3975 Patrem,
778 3909 865 3979 qui
912 3910 1047 3962 misit
1073 3924 1185 3962 euut
1210 3905 1388 3977 (Joan.
1423 3921 1475 3971 v,
1503 3905 1619 3974 25).
1665 3905 1814 3959 Scito

235 4020 393 4058 etiam
419 4014 478 4061 et
502 4004 763 4073 aequalem
793 4004 846 4057 in
886 4001 969 4056 his
998 4016 1119 4057 esse
1145 4001 1405 4055 honorem
1431 3998 1667 4054 deitatis.
1708 3998 1815 4054 De-

236 4099 391 4165 sique
412 4099 590 4167 ipsum
616 4094 738 4149 audi
764 4094 830 4149 sd
854 4094 1063 4148 Patrem
1093 4094 1451 4149 clamantem:
1496 4092 1682 4145 Omnia
1705 4107 1816 4145 mea

237 4198 319 4240 tu
337 4196 477 4255 ms,
502 4195 555 4241 et
577 4194 668 4240 tua
695 4201 804 4240 mea
823 4194 936 4239 sunt
980 4184 1160 4258 (Jenn.
1188 4198 1319 4249 xvtt,
1348 4183 1465 4253 10).
1493 4183 1599 4238 Sed
1621 4190 1677 4237 et
1705 4182 1815 4237 alio

235 4281 289 4333 in
317 4278 439 4333 loco
468 4277 611 4332 idem
640 4276 757 4346 ipse
790 4276 1017 4345 repetit:
1052 4276 1241 4330 Omnia
1277 4290 1392 4343 quat
1433 4274 1608 4331 Patris
1650 4287 1771 4332 sunt
1795 4314 1812 4341 ,

236 4387 344 4425 alea
371 4379 492 4425 sunt
515 4368 693 4441 (least.
722 4384 831 4436 ιη,
861 4369 971 4439 15).
1010 4368 1067 4425 Si
1112 4368 1179 4425 ad
1221 4367 1556 4423 divinitatem
1600 4367 1772 4423 refers
1795 4405 1814 4432 ,

239 4476 396 4515 totum
426 4469 575 4527 sunt,
616 4461 663 4515 si
686 4461 751 4515 ad
779 4459 1145 4530 operationem
1183 4459 1408 4515 iactura:
1436 4457 1664 4522 indicas.
1692 4458 1815 4512 uni-

1917 3284 2020 3340 que
2043 3271 2335 3337 hominem,
2373 3286 2478 3324 non
2509 3272 2669 3325 homo
2692 3272 2855 3325 Deum
2889 3260 3176 3339 assumpsit
3206 3287 3219 3323 :
3251 3286 3371 3323 nam
3387 3270 3487 3323 etsi

1912 3363 2198 3429 assumpsit
2228 3360 2294 3416 de
2334 3362 2495 3416 llaria
2526 3362 2769 3431 Virgine,
2809 3378 2916 3416 non
2939 3364 3081 3431 quod
3111 3378 3327 3429 semper
3363 3372 3488 3415 ante

1913 3453 2073 3521 222
2114 3453 2533 3518 assumptionem
2584 3453 2820 3507 hominis
2863 3468 2966 3506 una
3023 3468 3141 3507 cum
3185 3453 3343 3506 Patre
3391 3451 3489 3505 fuit

1912 3544 2110 3606 amisit,
2141 3541 2235 3595 sed
2266 3558 2442 3612 neque
2462 3543 2629 3599 deitas
2675 3544 2792 3612 ejus
2820 3546 2870 3599 in
2898 3546 3114 3599 homine
3140 3552 3485 3613 augmentum

1913 3643 2006 3688 aut
2029 3634 2403 3689 detrimentum
2428 3636 2590 3689 ullum
2624 3636 2879 3690 sustinuit
2908 3680 2922 3704 ,
2963 3650 3085 3689 cum
3119 3637 3238 3690 talis
3286 3636 3339 3689 in
3388 3635 3488 3688 ho-

1916 3740 1965 3777 m
1990 3738 2056 3778 ne
2082 3723 2239 3779 fuerit
2273 3725 2521 3793 prtesenti
2561 3734 2833 3794 tempore.
2868 3726 3038 3794 qualis
3068 3735 3122 3779 et
3156 3725 3207 3779 in
3238 3727 3357 3778 sinu
3393 3726 3491 3778 Pa-

1915 3816 2011 3870 tris
2055 3831 2266 3885 semper
2313 3828 2438 3871 ante
2478 3800 2898 3886 assumptionem
2931 3816 3164 3871 hominis
3214 3832 3314 3869 una
3366 3832 3487 3869 cum

1918 3908 2073 3962 Patre
2102 3908 2266 3963 luisse
2287 3910 2652 3977 Cognoscitur.
2697 3908 2801 3963 Sed
2831 3924 2862 3962 e
2888 3908 3106 3963 diverso
3136 3908 3271 3963 dicis
3313 3910 3441 3962 mihi
3473 3926 3489 3963 :

1915 3999 2374 4065 Quemadmodum
2416 4001 2688 4054 hominem
2731 4002 2875 4055 Deus
2912 4001 3237 4069 assumpsit?
3278 4002 3492 4070 Ignoras

1915 4092 2102 4147 laniatu
2134 4092 2483 4160 prophetas~e
2511 4108 2524 4143 :
2558 4088 2693 4145 Ecce
2718 4093 2859 4161 virgo
2888 4092 2941 4145 in
2969 4102 3111 4144 utero
3149 4092 3417 4159 concipiet,
3447 4102 3493 4144 et

1915 4185 2073 4253 pariet
2108 4183 2292 4251 ﬁlium,
2324 4193 2367 4235 et
2406 4183 2611 4237 vocabis
2643 4198 2827 4236 nomen
2849 4185 2960 4254 ejus
2992 4181 3331 4244 Emmanuel;
3358 4181 3494 4249 quod

1914 4276 2281 4345 interpretatur
2318 4274 2598 4328 Nobiscum
2631 4273 2766 4328 Deus
2805 4272 2971 4344 (Isai.
3000 4288 3104 4339 νη,
3145 4270 3265 4342 ll).
3308 4270 3415 4326 Sed
3444 4279 3493 4326 et

1917 4368 2203 4434 Apostolus
2237 4365 2349 4419 haec
2390 4364 2675 4419 conﬁrmat
2717 4363 2904 4420 dicens
2951 4364 3175 4420 formam
3228 4362 3348 4430 Dei,
3389 4362 3494 4417 lor-

1919 4474 2057 4511 mam
2081 4457 2221 4512 servi
2250 4455 2553 4523 suscepisse
2593 4455 2825 4527 (Philip.
2853 4472 2919 4524 ll,
2952 4456 3064 4524 79).

240 4563 321 4607 ter
372 4552 513 4607 facta
568 4552 688 4606 haec
753 4552 930 4606 omnia
993 4551 1271 4618 Scriptura
1325 4548 1505 4604 divina
1559 4557 1804 4604 te~tatur.
1838 4540 1890 4600 Ι)
1984 4548 2286 4602 llwreticus.
2328 4548 2665 4617 Quapropter
2692 4550 2971 4602 nohiscum
3004 4546 3190 4602 Deus?

240 4642 332 4698 Vel
376 4644 430 4698 in
480 4643 585 4698 hoc
632 4643 870 4711 intellige
913 4644 1293 4713 evangelistam
1339 4642 1599 4697 Joannem
1629 4640 1815 4695 dicen-

238 4744 377 4791 ιο-ιιιε
420 4736 610 4788 Omnes
664 4735 728 4788 de
758 4734 1075 4805 plenitudine
1123 4735 1237 4804 ejus
1277 4733 1601 4803 accepimus.
1652 4733 1808 4802 221

235 4838 282 4878 et
312 4828 530 4895 gratiam
562 4843 653 4895 pro
683 4829 847 4896 gratia
872 4826 1050 4897 (Joan.
1078 4842 1113 4889 I,
1147 4826 1261 4895 16).
1301 4825 1451 4893 Quod
1483 4826 1594 4892 ipse
1628 4824 1811 4877 Domi-

236 4934 338 4971 nus
358 4918 581 4973 absolvit
610 4936 623 4970 :
650 4919 795 4973 Sicut
817 4920 948 4971 enim
971 4917 1122 4971 Pater
1143 4918 1353 4971 suscitat
1379 4926 1606 4968 mortuos
1629 4925 1675 4968 et
1696 4914 1819 4967 vivi-

236 5008 379 5075 ﬁrat,
401 5009 475 5063 sic
494 5018 541 5061 et
567 5007 731 5063 Filius
758 5025 884 5079 quos
906 5009 1011 5061 vult
1033 5008 1251 5076 viviﬁcat
1274 5005 1455 5077 (Joan.
1480 5023 1532 5069 ν,
1556 5004 1669 5073 21).
1693 5003 1819 5059 Sive

237 5099 379 5154 hoc:
414 5098 572 5153 Pater
599 5117 740 5154 meus
779 5116 936 5166 usque
965 5099 1115 5152 modo
1142 5107 1404 5169 operatur,
1440 5106 1486 5151 et
1520 5112 1611 5167 ego
1641 5108 1821 5164 operor

236 5190 428 5261 (Issa.
460 5193 548 5259 l7)
604 5190 669 5245 Et
696 5192 803 5246 alio
832 5192 885 5245 in
920 5191 1037 5246 loco
1064 5190 1204 5245 idem
1246 5188 1361 5257 ipse
1386 5189 1620 5244 indicat:
1658 5187 1819 5252 Qua:-

235 5298 435 5351 ωιτη
450 5284 582 5335 enim
614 5280 770 5336 Pater
800 5282 945 5350 facit,
974 5281 1148 5335 eadem
1175 5288 1222 5334 et
1250 5280 1374 5350 facit
1400 5280 1633 5332 similiter
1650 5276 1819 5332 Filius

237 5371 426 5443 (Ibit,
462 5373 576 5439 19).
608 5373 764 5429 Disce
795 5372 934 5427 hanc
960 5372 1161 5426 unitam
1196 5384 1319 5427 esse
1350 5371 1714 5440 operationem
1762 5370 1815 5424 in

236 5476 426 5518 natura
475 5464 793 5529 divinitatis,
840 5476 959 5531 quae
1005 5462 1345 5519 credentibus
1368 5462 1531 5516 vitam
1560 5470 1816 5517 :cternam

235 5558 443 5612 tribuit.
477 5556 738 5623 Et,Netuo
764 5558 895 5610 venit
920 5556 988 5609 ad
1017 5573 1117 5625 me,
1142 5556 1243 5609 nisi
1270 5554 1428 5609 Pater
1457 5555 1681 5609 adducat
1702 5571 1816 5609 eum

240 5646 419 5713 (leas.
451 5663 523 5711 vr,
545 5646 661 5716 41).
695 5645 784 5714 Ει,
810 5646 973 5700 Nemo
999 5646 1223 5700 tradituri
1250 5645 1459 5700 Patrem
1496 5646 1597 5699 nisi
1623 5662 1714 5716 per
1736 5661 1816 5698 me

242 5739 424 5805 (least.
447 5756 562 5807 xm,
589 5740 671 5809 6).
696 5740 851 5796 Disce
868 5742 988 5811 quia
1013 5752 1108 5810 per
1132 5738 1325 5795 Filium
1351 5739 1456 5795 itur
1481 5737 1549 5792 ad
1574 5737 1814 5803 Patrem,

1988 4639 2318 4693 Athanasius.
2354 4639 2489 4706 Quid
2516 4639 2661 4694 aliud
2695 4640 3008 4708 intelligitur
3029 4656 3186 4708 quam
3202 4638 3341 4708 quod
3361 4638 3498 4693 Deus
3524 4680 3535 4693 ,ν

1917 4745 2075 4786 verus
2130 4731 2397 4785 hominem
2432 4745 2617 4784 verum
2657 4728 2724 4783 de
2755 4729 2912 4783 Maria
2947 4729 3162 4799 Virgine
3201 4746 3297 4799 pro
3327 4728 3498 4784 saluto

1917 4822 2269 4892 assumpserit
2297 4822 2517 4876 nostra?
2543 4823 2672 4889 Qua:
2696 4832 2871 4876 tamen
2896 4821 3061 4876 Maria
3090 4838 3151 4876 es
3184 4823 3325 4878 tribu
3358 4822 3495 4877 lude

1919 4926 2105 4969 semen
2129 4913 2287 4966 traxit
2310 4911 2495 4966 David.

1994 5004 2300 5060 llazreticus.
2340 5003 2440 5071 Qui
2463 5003 2572 5071 jam
2605 5018 2706 5058 nec
2736 5002 2897 5057 homo
2918 5002 3191 5059 solitarius
3218 5004 3335 5058 sine
3366 5002 3479 5058 Deo

1920 5096 2014 5151 sed
2063 5111 2162 5150 nec
2207 5096 2480 5150 solitarius
2519 5095 2636 5151 sine
2674 5094 2892 5151 homine
2932 5111 3091 5165 quem
3129 5095 3367 5164 suscepit
3393 5093 3496 5148 dici

1922 5194 2121 5256 potest,
2174 5186 2314 5240 unde
2344 5184 2512 5241 Filius
2542 5186 2635 5242 Dei
2679 5195 2733 5240 ct
2776 5186 2941 5242 Filius
2969 5185 3205 5241 hominis
3234 5184 3498 5255 vocitatus

1923 5279 2043 5333 eSt‘l

1996 5368 2327 5422 Athanasius.
2396 5367 2547 5424 Sit-ut
2596 5367 2839 5423 claritate
2886 5365 3208 5437 evangelica:
3255 5376 3497 5418 censura:

1923 5470 2135 5515 cautum
2151 5469 2251 5525 est,
2277 5457 2380 5514 Fili
2395 5458 2580 5526 David,
2604 5461 2836 5513 miserere
2849 5457 3099 5529 nteitLuc.
3114 5471 3261 5521 xvttt,
3274 5455 3363 5516 58.
3378 5453 3494 5523 39).

1923 5551 2075 5618 Quod
2110 5550 2214 5606 Vas
2243 5551 2522 5606 electionis
2548 5553 2779 5605 hrevitor
2801 5548 3056 5610 absolvit,
3102 5545 3200 5611 Qui
3230 5546 3395 5614 factus
3422 5553 3498 5599 est

1924 5644 1970 5696 ei
2001 5659 2064 5695 ea:
2091 5643 2280 5697 semine
2307 5642 2472 5696 David
2495 5642 2774 5696 secundum
2800 5652 3003 5692 carnem
3028 5635 3207 5707 (llam.
3236 5650 3271 5699 ι,
3297 5635 3377 5705 5).
3406 5634 3494 5701 Et,

1922 5736 2009 5803 qui
2047 5735 2435 5803 praedestinatus
2464 5743 2536 5789 est
2580 5731 2629 5785 F
2631 5734 2748 5786 ilius
2782 5730 2876 5783 Dei
2912 5729 2967 5783 in
3009 5728 3190 5782 uirtute
3218 5728 3497 5784 secundum
