3958 6176
438 346 543 402 255

1754 333 1978 390 VlGlLlI
2016 329 2390 389 TAPSENSIS

3585 324 3695 381 256

439 461 689 528 Spiritum
715 457 1130 525 sanctiﬁcationis
1171 472 1234 511 ea:
1264 453 1627 510 resurrectione
1660 458 2001 503 mortuorum.
2039 452 2082 506 A
2116 446 2229 510 fieri
2256 452 2440 514 potest,
2475 442 2695 511 transfer
2723 440 2929 495 calicem
2959 439 3110 493 istum
3152 454 3184 490 a
3223 453 3301 491 me
3351 436 3542 505 (Marc.
3573 452 3691 502 xiv,

440 556 575 607 Ecce
621 549 912 605 secundum
962 548 1258 612 hominem,
1309 560 1433 599 ecce
1475 542 1767 597 secundum
1812 539 1998 593 Deum.

437 643 608 698 Unam
658 651 832 694 tamen
880 652 1161 706 personam
1195 636 1395 703 duplici
1440 632 1833 702 signiﬁcatione
1885 642 2009 683 esse

440 731 695 794 ostendit,
726 730 863 783 sicut
890 728 1030 782 idem
1061 728 1174 794 ipse
1202 726 1304 781 alio
1333 728 1386 779 in
1415 726 1532 780 loco
1563 722 1761 791 repetit
1802 739 1815 775 :
1860 720 2007 774 Unus

432 826 565 876 enim
595 822 747 876 Deus.
780 822 843 874 Et
869 836 971 874 non
1013 821 1066 874 in
1096 820 1196 872 alia
1226 831 1453 886 persona
1483 816 1599 869 haec
1626 814 1856 868 dicendo
1898 814 2006 865 dis-

440 914 597 968 tinxit
620 931 633 965 :
687 912 827 966 Unus
846 920 919 965 est
942 912 1190 964 mediator
1208 908 1301 962 Dei
1321 919 1367 962 et
1388 907 1667 971 hominum,
1688 904 1842 957 homo
1857 903 2007 957 Chri-

432 1018 539 1057 stus
569 1002 721 1056 Iesus
749 1002 803 1071 (1
827 1002 963 1055 Tim.
996 1018 1053 1067 ιι,
1083 1001 1157 1069 5).
1200 1000 1352 1054 Sicut
1378 998 1636 1064 scriptum
1675 1004 1757 1050 est
1787 1013 1801 1049 :
1836 993 2006 1046 Ilomo

433 1103 530 1158 est,
559 1102 605 1147 et
626 1094 738 1163 quis
760 1094 985 1161 agnoscit
1008 1088 1129 1144 eum
1164 1089 1371 1161 (Jcrem.
1408 1104 1535 1153 xvii,
1563 1086 1657 1156 9)?
1696 1085 1857 1139 Vides
1884 1084 2008 1154 quia

431 1184 727 1238 mediator?
764 1184 871 1237 Nec
906 1184 1013 1250 jam
1045 1183 1181 1235 Deus
1218 1189 1419 1234 tantum
1463 1194 1597 1248 pure
1638 1178 1757 1231 sine
1791 1170 2011 1230 homine

435 1288 594 1340 quem
624 1273 909 1341 assumpsit
930 1273 1030 1326 dici
1061 1281 1370 1339 potest,nec
1392 1272 1552 1323 homo
1577 1270 1692 1323 sine
1714 1268 1845 1322 Deo.
1873 1267 2008 1321 Con-

439 1366 616 1417 sidera
645 1365 767 1434 quia
789 1364 981 1431 duplex
1012 1374 1095 1417 est
1129 1362 1180 1415 in
1213 1377 1312 1416 una
1337 1375 1563 1429 persona
1595 1359 1903 1414 mediatoris
1933 1358 2008 1412 si-

430 1456 724 1520 gniﬁcatio,
766 1455 906 1508 Deus
927 1463 981 1507 et
1010 1453 1171 1506 homo
1203 1469 1217 1506 :
1259 1452 1385 1506 dum
1428 1451 1497 1506 de
1527 1451 1636 1505 Deo
1665 1451 1806 1504 Deus
1833 1452 1922 1513 sit,
1951 1459 2007 1503 et

436 1547 730 1599 secundum
757 1559 974 1599 carnem
999 1544 1139 1597 idem
1170 1544 1281 1613 ipse
1310 1543 1449 1595 Illius
1480 1542 1712 1596 hominis
1752 1541 1842 1594 sit.
1885 1540 2007 1593 Ideo

434 1650 592 1690 verus
616 1636 773 1698 Deus,
798 1644 853 1688 et
890 1634 1049 1688 homo
1081 1648 1237 1688 verus
1259 1641 1340 1686 est
1369 1632 1454 1685 hic
1478 1631 1757 1696 mediator,
1786 1631 1923 1684 sicut
1954 1639 2008 1684 et

431 1728 602 1781 forma
628 1726 741 1788 Dei,
757 1737 812 1782 et
832 1727 1001 1781 forma
1024 1725 1275 1779 hominis.
1300 1724 1452 1779 Unde
1472 1723 1868 1791 receptissimus
1892 1738 2007 1791 pro-

2112 536 2231 603 ‘56),
2263 536 2307 588 si
2349 535 2465 588 hinc
2494 535 2739 586 universa
2766 530 3035 587 divinitati
3060 537 3190 585 sunt
3218 528 3563 598 imputanda?
3585 529 3694 582 Ab-

2110 628 2197 680 sit.
2253 626 2388 679 Cum
2441 624 2527 677 hic
2576 624 2739 677 homo
2785 636 2911 677 vere
2940 636 3039 690 pro
3068 621 3225 673 nobis
3248 633 3434 687 passus
3462 620 3533 672 sit
3599 620 3690 685 qui

2110 728 2356 770 naturam
2384 714 2451 769 de
2487 714 2707 783 Virgine
2739 726 2806 768 ex
2835 711 3227 767 radicetnostra
3265 711 3478 763 inlirma
3528 708 3698 779 225

2110 809 2164 862 in
2188 823 2246 862 se
2267 806 2474 860 habuit.
2514 804 2641 860 Ideo
2666 814 2879 859 nostras
2910 802 3249 857 inﬁrmitates
3289 802 3564 865 mortalis,
3607 802 3695 853 vel

2111 899 2381 967 passibilis
2412 898 2573 951 homo
2595 911 2721 951 vere
2742 896 3021 958 sustinuit,
3052 894 3141 963 qui
3178 901 3301 961 post
3332 892 3643 960 passionem
3664 905 3695 943 a

2112 990 2222 1043 Deo
2250 1004 2435 1043 rursus
2458 1003 2583 1042 vere
2614 995 2923 1054 assumptus
2955 994 3057 1040 est.
3107 984 3260 1051 Quod
3292 983 3405 1050 ipse
3430 982 3697 1035 Dominus

2110 1078 2341 1133 absolvit
2364 1094 2379 1136 :
2406 1076 2524 1148 Ego
2547 1094 2681 1144 pono
2701 1077 2925 1129 animam
2941 1091 3122 1139 meam,
3149 1084 3206 1126 ut
3228 1074 3411 1126 iterum
3435 1072 3694 1139 accipiam

2111 1185 2243 1223 eam.
2285 1169 2451 1222 Nemo
2482 1169 2617 1222 tollit
2647 1184 2759 1220 eam
2787 1185 2819 1219 ts
2850 1184 2948 1231 me,
2990 1167 3077 1220 sed
3116 1182 3207 1237 ego
3234 1181 3370 1235 pono
3399 1180 3514 1217 eam
3551 1179 3587 1214 a
3616 1179 3697 1214 me

2114 1258 2294 1328 (Joan.
2327 1275 2384 1323 ι,
2418 1257 2529 1328 17).
2574 1258 2755 1327 Itaque
2782 1256 3041 1325 intellige,
3072 1258 3193 1325 quia
3232 1255 3376 1324 prius
3408 1254 3495 1308 hic
3524 1254 3695 1307 homo

2113 1350 2165 1403 in
2198 1349 2475 1404 nativitate
2504 1349 2572 1402 de
2602 1348 2762 1403 Mai-ia
2797 1348 3015 1417 Virgine
3053 1354 3361 1415 assumptus
3405 1353 3509 1402 est.
3552 1352 3611 1398 et
3640 1344 3696 1397 in

2113 1443 2365 1510 passione
2392 1441 2739 1510 permittente
2781 1448 3045 1508 potestate
3072 1439 3189 1507 ejus
3228 1436 3453 1492 traditus
3488 1444 3602 1499 est,
3641 1443 3698 1489 et

2113 1542 2230 1600 post
2266 1534 2569 1601 passionem
2597 1532 2775 1586 denuo
2803 1538 3114 1599 assumptus
3155 1530 3222 1583 ab
3263 1530 3379 1597 ipso
3407 1529 3493 1582 vel
3534 1542 3698 1581 acte.

2114 1636 2232 1691 ptus
2257 1632 2362 1689 est,
2394 1624 2531 1676 sicut
2557 1621 2813 1690 scriptum
2843 1629 2964 1675 est:
3000 1620 3139 1673 Nam
3160 1619 3255 1673 etsi
3305 1619 3590 1684 cruciﬁxus
3620 1628 3699 1671 est

2109 1728 2175 1765 ex
2198 1712 2499 1778 inﬁrmitate
2525 1720 2731 1776 nostra,
2762 1712 2853 1764 sed
2875 1711 2993 1763 vivit
3029 1725 3091 1763 sa:
3111 1710 3295 1763 virtute
3316 1708 3414 1763 Dei
3457 1706 3509 1777 (1
3516 1706 3544 1759 1
3572 1706 3696 1762 Cor.

434 1818 717 1887 phetarum
730 1818 993 1873 Jeremias
1015 1818 1081 1871 ad
1105 1820 1217 1871 haec
1239 1817 1367 1871 dicit
1391 1833 1405 1869 :
1439 1815 1542 1868 llic
1570 1825 1639 1869 est
1666 1815 1802 1868 Deus
1822 1827 2004 1881 noster,

2119 1819 2234 1869 xm,
2264 1803 2340 1874 l).
2382 1804 2563 1859 Vides.
2594 1802 2695 1870 Qui
2725 1801 3020 1856 secundum
3050 1800 3413 1854 inﬁrmitatem
3450 1807 3696 1851 nostram

430 1922 478 1965 et
508 1928 606 1963 non
633 1910 966 1963 testimabitur
989 1910 1124 1963 alius
1150 1909 1336 1977 absque
1364 1908 1454 1961 illo
1477 1923 1494 1959 :
1518 1908 1605 1977 qui
1625 1906 1879 1959 adinvenit
1903 1920 2011 1958 om-

2116 1896 2274 1948 homo
2305 1910 2430 1951 vere
2457 1894 2744 1950 crucifixus
2774 1902 2875 1958 est,
2898 1903 2954 1949 et
2983 1893 3277 1948 secundum
3308 1894 3566 1945 virtutem
3598 1891 3697 1944 Dei

433 2018 547 2055 nem
573 2003 704 2053 viam
734 2002 979 2068 scientiaz,
1020 2010 1067 2053 et
1096 2000 1232 2053 dedit
1271 2015 1378 2052 eam
1408 1997 1570 2051 Jacob
1608 2012 1768 2066 puero
1806 2014 1921 2062 suo,
1961 2011 2004 2051 et

2113 1987 2263 2039 vivit.
2324 1986 2567 2055 Denique
2620 1985 2899 2041 considera
2931 1984 3097 2038 Deum
3151 1999 3245 2052 pro
3288 1982 3697 2051 dispensatione

439 2090 605 2143 Israel
633 2090 816 2143 dilecto
843 2106 955 2143 suo.
999 2089 1122 2142 Post
1152 2088 1261 2143 hwc
1280 2090 1334 2143 in
1361 2088 1505 2141 terris
1530 2088 1663 2141 visus
1690 2097 1784 2151 est,
1817 2098 1863 2141 et
1892 2104 2009 2140 cum

432 2181 721 2233 hominibus
743 2190 1063 2233 conversatus
1085 2188 1157 2233 est
1184 2178 1500 2248 (Barnchttt,
1519 2176 1632 2247 56).
1660 2179 1817 2248 223
1850 2178 2009 2231 Vides

438 2284 587 2336 ergo,
618 2284 652 2321 o
679 2267 947 2333 hmretice,
969 2269 1131 2321 Deum
1155 2284 1250 2337 per
1264 2269 1628 2336 operationem
1655 2282 1825 2331 suam,
1851 2267 1903 2321 id
1924 2276 2007 2321 est

439 2360 734 2425 hominem,
769 2359 931 2413 fuisse
955 2360 1213 2428 agnitum.
1243 2359 1297 2413 Si
1326 2374 1451 2412 vero
1482 2358 1618 2413 hanc
1643 2367 1848 2412 tantum
1882 2374 2008 2427 pro.

430 2450 699 2504 bationem
732 2450 1127 2517 Scripturarum
1174 2464 1280 2503 non
1320 2449 1539 2517 accipis,
1580 2449 1923 2519 interrogabo
1953 2459 2007 2504 te

430 2541 499 2596 de
529 2541 823 2595 mediatore
855 2554 995 2603 meo,
1031 2540 1138 2593 imo
1163 2541 1399 2593 omnium
1422 2550 1685 2595 nostrum.
1718 2540 2005 2610 Responde

430 2631 563 2687 inihi
591 2632 742 2700 cujus
779 2644 939 2685 causa
968 2630 1221 2699 scriptum
1250 2631 1335 2685 vel
1364 2631 1674 2686 distinctum
1706 2633 2004 2699 invenitur;

434 2732 612 2776 utrum
641 2723 755 2791 Dei,
788 2738 856 2777 an
890 2722 1143 2786 hominis,
1174 2725 1263 2792 qui
1296 2722 1539 2787 esurivit,
1568 2734 1657 2777 aut
1679 2724 1874 2790 sitivit,
1915 2735 2009 2779 aut

435 2815 759 2883 lacrymatus
784 2823 887 2879 est,
910 2823 964 2868 et
990 2813 1041 2867 in
1071 2817 1257 2883 agonia
1281 2815 1483 2882 positus
1508 2816 1821 2885 sanguinem
1846 2817 2008 2870 suda-

432 2908 528 2970 vit,
552 2915 607 2959 t-t
628 2905 693 2959 ad
718 2915 1046 2975 postremum
1063 2905 1358 2975 passionem
1380 2907 1568 2960 mortis
1590 2922 1714 2962 vere
1731 2908 2012 2963 sustinuit?

431 2997 487 3048 Si
521 2997 682 3050 Deum
714 2996 924 3064 proprie
943 2998 1111 3050 sumis
1133 2995 1358 3050 dicendo
1379 2996 1492 3050 haec
1520 2998 1761 3052 universa
1794 3013 2007 3066 perpes-

430 3103 547 3140 sum
588 3088 770 3156 fuisse,
811 3088 1046 3141 occurrit
1085 3087 1175 3141 tibi
1214 3087 1372 3142 Isaias
1410 3088 1822 3142 contradicens:
1867 3090 2006 3143 Deus

2113 2078 2347 2131 hominis
2370 2078 2475 2142 sui,
2507 2094 2663 2145 quem
2700 2076 3011 2145 assumpsit,
3054 2076 3288 2129 locutum
3319 2076 3487 2127 fuisse
3517 2090 3529 2125 :
3568 2073 3695 2127 Sol-

2109 2170 2205 2222 vite
2230 2170 2473 2238 templum
2502 2170 2617 2233 hoc,
2658 2180 2705 2223 et
2743 2169 2797 2220 in
2836 2168 2995 2220 tribus
3033 2167 3212 2219 diebus
3254 2163 3515 2218 suscitabo
3555 2163 3697 2215 illud

2115 2262 2292 2332 (Joan.
2320 2278 2379 2328 ιι,
2406 2262 2517 2332 i9).
2548 2262 2735 2316 Nonne
2756 2262 2822 2315 de
2851 2260 3050 2326 templo
3079 2257 3324 2328 corporis
3350 2258 3432 2311 sui
3477 2258 3697 2311 locutus

2110 2368 2194 2410 est
2220 2356 2354 2423 haec,
2376 2356 2517 2425 quod
2550 2364 2669 2423 post
2694 2354 2928 2408 triduum
2951 2353 3065 2423 ipse
3083 2351 3358 2407 suscitavit
3374 2366 3403 2403 a
3425 2348 3698 2403 mortuis?

2110 2448 2353 2516 Nunquid
2386 2448 2546 2501 homo
2573 2448 2662 2517 qui
2694 2447 2882 2501 orabat
2939 2457 2992 2499 ut
3020 2445 3159 2499 calix
3187 2444 3253 2498 ah
3281 2444 3373 2497 illo
3405 2446 3691 2504 transiret,

2108 2551 2289 2593 eontra
2317 2554 2376 2594 se
2403 2539 2613 2594 dicebat
2643 2556 2655 2592 :
2688 2538 2997 2593 Potestatem
3026 2538 3186 2591 habeo
3217 2537 3436 2603 ponendi
3462 2537 3694 2588 animam

2110 2648 2292 2696 meam,
2361 2643 2408 2685 et
2461 2641 2760 2701 potestatem
2807 2629 2967 2684 habeo
3010 2645 3186 2683 rursus
3225 2628 3520 2681 assumendi
3578 2643 3693 2680 eam

2112 2720 2291 2790 (Joan.
2328 2738 2385 2788 ι,
2415 2723 2544 2792 18)2
2587 2722 2749 2777 Vides
2775 2723 2894 2791 quia
2929 2722 3014 2775 ubi
3040 2722 3215 2774 omnis
3237 2729 3495 2789 potestas,
3536 2721 3687 2772 nulla

2109 2815 2161 2869 in
2194 2816 2393 2871 deitate
2423 2816 2713 2870 auctoritas
2756 2814 2943 2867 mortis
2973 2814 3092 2867 est?
3133 2812 3227 2867 Ubi
3252 2822 3426 2865 autem
3463 2811 3694 2865 inﬁrmi-

2113 2917 2193 2959 tas
2250 2911 2492 2973 corporis
2545 2914 2649 2971 est,
2689 2904 2759 2958 ibi
2809 2903 3028 2969 tristitia
3072 2902 3251 2957 cordis
3282 2912 3384 2956 est.
3438 2902 3691 2969 Nunquid

2111 2996 2272 3047 homo
2298 2994 2590 3060 solitarius,
2621 2994 2847 3049 Pbotine
2873 3009 2905 3047 ο
2934 2993 3208 3057 hmretice,
3240 2992 3355 3046 sine
3384 2991 3497 3045 Deo
3518 3005 3694 3060 aquas

2110 3086 2163 3138 in
2192 3086 2369 3139 vinum
2400 3086 2705 3139 transtulit?
2742 3095 2831 3139 aut
2862 3083 3185 3140 conﬁdentia
3229 3100 3322 3138 sua
3352 3100 3501 3138 mare
3534 3085 3693 3153 pedi-

433 3192 668 3242 (vernus,
706 3176 843 3230 Deus
862 3178 946 3245 qui
972 3176 1089 3244 fecit
1111 3186 1332 3229 extrema
1359 3186 1529 3241 terrae,
1560 3194 1661 3231 non
1687 3180 1893 3245 esuriet,
1920 3197 2010 3235 ne-
2032 3162 2076 3223 C
2116 3176 2213 3227 lius
2238 3175 2567 3229 ambulavit?
2595 3175 2843 3245 Nunquid
2874 3176 3036 3229 homo
3065 3177 3155 3243 qui
3187 3186 3414 3229 mortem
3447 3176 3697 3231 timuisse

431 3284 528 3335 que
557 3266 824 3329 laborabit,
860 3283 952 3320 nec
989 3278 1062 3320 est
1098 3267 1323 3320 inventio
1346 3270 1633 3336 prudentia:
1676 3272 1823 3340 ejus;
1875 3272 2006 3327 dans

430 3356 771 3409 esurientibus
799 3356 985 3422 cibum,
1019 3367 1064 3410 et
1095 3358 1438 3410 laborantibus
1470 3358 1701 3412 virtutem
1729 3360 1879 3430 (lsai.
1913 3379 2002 3432 ιιι,

430 3445 549 3505 9.8).
597 3446 702 3500 Sed
730 3455 783 3501 et
820 3455 1036 3502 sanctus
1060 3447 1323 3502 Jeremias
1352 3448 1551 3503 iudicat
1578 3467 1590 3503 :
1629 3449 1879 3521 Nunquid
1907 3454 2007 3506 eris

434 3546 487 3587 ut
517 3536 667 3588 homo
698 3536 971 3601 dormiens,
1011 3547 1055 3590 et
1080 3538 1208 3590 sicut
1239 3538 1315 3590 uir
1350 3540 1435 3606 qui
1486 3554 1589 3592 non
1640 3550 1800 3608 potest
1834 3544 2006 3596 salvus

431 3626 543 3692 ﬁeri
576 3624 785 3695 (Jerem.
811 3641 917 3688 xiv,
948 3626 1039 3693 9)?
1065 3626 1222 3681 Vides
1248 3629 1368 3696 quia
1395 3629 1530 3681 Deus
1554 3645 1657 3683 non
1681 3632 1881 3685 esuriet
1904 3647 2005 3685 un-

432 3732 616 3784 qnnn,
644 3717 733 3785 qui
763 3717 1008 3770 universa
1037 3734 1099 3771 ex
1127 3718 1291 3772 nihilo
1314 3720 1607 3773 constituit.
1637 3721 1741 3776 Sed
1772 3737 1870 3776 nec
1893 3723 2004 3777 dei-

431 3816 510 3860 tas
540 3808 659 3875 ejus
688 3807 917 3876 aliquam
952 3810 1254 3875 passionem
1280 3809 1559 3876 sustinuit,
1587 3826 1706 3864 cum
1733 3812 1799 3866 ad
1836 3814 2002 3881 ipsius

435 3906 621 3950 nutum
656 3899 906 3952 universa
937 3910 1189 3967 regantur
1213 3910 1267 3953 et
1290 3900 1648 3954 vivilicentur.
1671 3902 2005 3971 Quapropter

429 3991 605 4045 omnis
653 4000 889 4059 potestas
925 3992 1197 4060 signoruni
1239 3992 1322 4047 vel
1364 3993 1729 4061 prodigiorum
1761 3995 1872 4048 Deo
1919 3996 1999 4047 fa-

431 4080 593 4135 cienti
641 4089 725 4135 est
771 4079 1109 4145 aseribenda,
1159 4091 1213 4135 et
1246 4082 1421 4135 omnis
1451 4082 1742 4137 necessitas
1771 4083 2001 4138 tristitia:

432 4170 695 4239 passionis
726 4170 932 4225 homini
963 4180 1047 4225 est
1073 4172 1407 4240 imputanda,
1441 4173 1581 4227 sicut
1608 4174 1851 4241 legimus,
1882 4190 2006 4244 pro-

434 4262 595 4330 pheta
628 4262 838 4317 dicente
864 4281 875 4315 :
905 4262 1074 4316 Homo
1096 4264 1147 4316 in
1170 4264 1321 4333 plaga
1347 4265 1562 4332 positus,
1593 4266 1754 4318 sciens
1778 4265 1910 4333 ferre
1930 4268 2006 4319 in-

428 4354 698 4419 ﬁrmitates
725 4369 744 4406 :
772 4354 1010 4422 quoniam
1048 4363 1279 4407 aversata
1310 4362 1382 4406 est
1412 4354 1568 4422 facies
1594 4357 1727 4424 ejus,
1768 4363 1815 4409 et
1848 4354 2003 4408 deho-

431 4453 629 4496 nestata
650 4454 741 4510 est,
775 4460 862 4496 nec
878 4444 1074 4508 aliquid
1100 4446 1351 4496 wstimata
1364 4454 1451 4497 est.
1482 4443 1528 4496 Η
1538 4446 1581 4497 ic
1605 4454 1809 4514 peccata
1832 4457 2004 4498 nostra

2110 3266 2392 3319 videbatur
2457 3266 2573 3320 sine
2622 3265 2731 3321 Deo
2781 3276 3020 3321 mortuos
3048 3268 3344 3322 suscitasse
3375 3266 3698 3320 invenitur?

2109 3358 2356 3427 Nunquid
2379 3357 2597 3413 Simeon
2625 3360 2939 3428 phantasma
2970 3360 3109 3413 ulnis
3136 3359 3396 3427 gestavit?
3424 3358 3681 3427 Nunquid

2110 3463 2205 3515 per
2247 3449 2536 3515 potentiam
2588 3449 2819 3503 hominis
2863 3450 3086 3504 solitarii
3127 3460 3269 3505 terra
3317 3449 3699 3505 contremuit?

2107 3547 2198 3592 aut
2227 3552 2387 3607 rupes
2417 3548 2473 3592 et
2508 3552 2635 3593 saxa
2672 3553 2794 3594 sese
2839 3540 3102 3595 illidentia
3127 3540 3513 3596 dissiluerunt?
3542 3541 3698 3593 Nun-

2106 3630 2232 3697 quid
2261 3630 2423 3684 liomo
2445 3629 2562 3684 sine
2587 3631 2696 3685 Deo
2726 3630 3001 3685 dtemones
3030 3631 3362 3699 increpabat,
3394 3640 3485 3684 aut
3513 3632 3697 3684 virtu-

2109 3729 2186 3773 tes
2215 3719 2473 3773 faciebat?
2500 3718 2747 3787 Nunquid
2780 3718 2942 3774 homo
2971 3721 3087 3774 sine
3114 3721 3223 3775 Deo
3250 3722 3422 3775 ventis
3455 3722 3698 3789 impera-

2108 3809 2216 3873 bat,
2239 3818 2293 3864 et
2314 3808 2548 3878 placidas
2570 3809 2799 3873 aequoris
2812 3809 2983 3863 undas
3003 3809 3412 3877 compescebati
3438 3809 3696 3879 Nunquid

2107 3901 2266 3956 homo
2282 3901 2554 3956 solitarius
2574 3916 2602 3955 a
2620 3902 2847 3956 mortuis
2860 3916 3139 3971 resurgere
3154 3902 3324 3972 potuit
3343 3938 3356 3954 .
3383 3904 3475 3955 aut
3499 3902 3550 3955 in
3576 3918 3699 3957 me-

2107 3993 2196 4046 dio
2215 3986 2605 4061 discipulorum
2624 3992 2804 4062 januis
2828 3991 3023 4046 clausis
3042 3988 3351 4046 stetitinter
3372 3991 3512 4055 illos,
3529 4001 3583 4044 et
3600 3990 3699 4044 do-

2104 4082 2215 4135 cuit
2245 4096 2340 4137 eos
2358 4080 2428 4136 de
2455 4097 2620 4152 regno
2639 4082 2769 4136 Dei?
2796 4081 3043 4149 Nunquid
3063 4080 3222 4135 homo
3237 4081 3506 4134 solitarius
3528 4096 3699 4150 super

2105 4189 2296 4229 omnes
2315 4174 2483 4230 caelos
2511 4174 2803 4229 ascendere
2830 4188 2860 4227 a
2886 4174 3179 4242 semetipso
3205 4176 3323 4228 sine
3354 4174 3462 4229 Deo
3486 4174 3700 4228 valuit?

2108 4267 2232 4321 llazc
2261 4274 2453 4321 cuncta
2480 4265 2747 4320 mirabilia
2778 4265 2917 4319 facta
2941 4278 3061 4319 eum
3085 4265 3227 4318 Deus
3248 4278 3404 4318 causa
3428 4265 3699 4331 assumpti

2106 4356 2339 4412 hominis
2365 4357 2447 4411 sui
2468 4356 2537 4411 sit
2550 4364 2820 4425 operatus,
2837 4356 2958 4410 ideo
2971 4356 3147 4410 omnis
3165 4364 3399 4424 potestas
3414 4354 3700 4422 signorum

2105 4455 2159 4499 et
2181 4446 2538 4515 prodigiorum
2566 4447 2675 4501 Deo
2699 4445 2911 4499 facienti
2939 4454 3024 4500 est
3050 4445 3389 4511 ascrihenda,
3421 4453 3477 4496 et
3506 4444 3699 4497 omnis

433 4543 621 4601 portat,
654 4542 699 4584 et
731 4550 822 4601 pro
849 4535 989 4586 nobis
1020 4535 1155 4587 dolet
1186 4532 1336 4602 (Isai.
1373 4549 1491 4598 LIII,
1522 4538 1601 4603 5).
1636 4536 1698 4587 Et
1716 4535 1796 4590 sic
1818 4550 2001 4605 prose-
2031 4527 2079 4586 Ι)
2103 4538 2263 4608 225
2310 4536 2589 4590 inﬁrmitas
2644 4536 2906 4606 passionis
2964 4535 3166 4590 homini
3219 4544 3301 4589 est
3352 4534 3700 4603 imputanda.

430 4633 588 4675 cutus
614 4633 695 4677 est
727 4641 740 4675 :
772 4623 841 4676 Et
871 4622 1123 4677 Dominus
1155 4626 1364 4678 tradidit
1396 4642 1510 4678 eum
1550 4643 1641 4693 pro
1669 4628 1885 4695 peccatis
1910 4646 2000 4683 no-

430 4715 547 4764 stris
562 4729 579 4764 :
600 4724 643 4765 et
660 4714 767 4779 ipse
786 4716 904 4783 quia
919 4715 1048 4767 male
1070 4723 1313 4770 tractatus
1332 4725 1405 4770 est
1427 4733 1525 4770 non
1539 4719 1737 4786 aperuit
1753 4737 1807 4773 os
1829 4736 1994 4775 suum.

434 4803 500 4857 Ut
529 4806 633 4858 ouis
652 4808 720 4858 ad
746 4808 1042 4861 occisionem
1068 4809 1250 4862 ductus
1274 4819 1345 4861 est
1372 4825 1387 4873 ;
1415 4818 1462 4860 et
1492 4811 1623 4862 sicut
1643 4826 1804 4879 agnus
1828 4828 2000 4866 coram

430 4895 668 4947 tondente
688 4912 741 4947 se
764 4897 872 4949 sine
901 4912 1032 4964 voce,
1063 4900 1134 4950 sic
1159 4915 1255 4952 non
1278 4900 1474 4966 aperuit
1499 4915 1553 4951 os
1576 4915 1725 4952 suum
1754 4900 1807 4953 in
1831 4900 2002 4955 humi-

430 4988 590 5041 litate.
622 4987 752 5041 Nam
783 4989 908 5057 quid
936 4992 1165 5059 amplius
1192 5006 1347 5061 quim
1372 4991 1512 5059 quod
1537 4994 1649 5061 ipse
1676 4991 1836 5047 homo
1857 4993 1924 5048 de
1944 5008 2002 5047 se

431 5088 655 5133 testatur
682 5094 696 5132 :
730 5080 863 5144 Quid
887 5096 965 5131 nte
993 5085 1217 5148 quarritis
1247 5084 1498 5149 occidere,
1529 5083 1784 5137 hominem
1813 5087 1900 5153 qui
1926 5102 2002 5139 ve-

433 5171 634 5223 ritatem
664 5170 859 5223 locutus
884 5187 998 5223 sum
1025 5174 1161 5225 vobis
1201 5173 1377 5241 (Joan.
1413 5191 1527 5239 vm,
1558 5175 1627 5230 ιο
1651 5178 1667 5242 )
1694 5176 1715 5230 2
1754 5176 2002 5245 Nunquid

438 5260 502 5312 ad
535 5260 785 5313 deitatem
820 5260 1047 5328 pertinet
1093 5264 1193 5315 hoc
1227 5262 1419 5315 Jictuin
1454 5280 1468 5317 :
1513 5264 1693 5318 Tristis
1729 5276 1803 5318 est
1831 5268 2005 5319 anima

432 5369 543 5406 mea
585 5368 739 5420 usque
783 5353 850 5405 ad
888 5360 1095 5405 ntortem
1146 5352 1363 5422 (Matth.
1397 5370 1547 5421 xxvn,
1583 5356 1718 5424 58)?
1756 5356 2004 5427 Nunquid

433 5461 590 5499 causa
621 5448 709 5500 Dei
740 5448 995 5514 scriptum
1025 5455 1108 5499 est
1133 5463 1144 5497 :
1183 5445 1314 5512 Quia
1344 5455 1539 5513 oportet
1564 5446 1758 5501 Filium
1786 5450 2003 5502 hominis

431 5541 594 5589 multa
622 5540 729 5606 pati
757 5555 789 5591 a
818 5537 1115 5603 senioribus,
1145 5548 1190 5589 et
1222 5537 1531 5606 principibus
1570 5540 1918 5606 sacerdotum,
1950 5548 1999 5592 et

431 5629 627 5691 scribis,
660 5638 703 5681 et
731 5632 913 5693 occidi,
937 5638 982 5682 et
1012 5630 1157 5682 tertia
1182 5630 1262 5681 die
1287 5643 1548 5698 resurgere
1577 5628 1731 5699 (Luc.
1769 5646 1848 5693 Ix,
1879 5630 1997 5699 ‘22).

435 5715 680 5783 Nunquid
722 5733 877 5772 causa
915 5720 1004 5774 Dei
1057 5719 1172 5775 hinc
1210 5720 1380 5774 oratio
1421 5721 1641 5775 οίΐρι-ιιιι
1677 5738 1691 5775 :
1734 5717 1912 5787 Pater,
1955 5723 1999 5774 si

2108 4630 2249 4685 Sane
2272 4629 2358 4682 hic
2383 4629 2677 4683 secundum
2712 4627 3033 4681 invisibilem
3076 4626 3289 4680 deitatis
3328 4636 3607 4690 naturam,
3640 4634 3701 4680 et

2108 4735 2213 4775 non
2248 4721 2479 4773 hominis
2516 4720 2657 4773 dicta
2692 4720 2904 4786 accipe,
2946 4720 3171 4772 dicentis
3203 4736 3218 4771 :
3254 4718 3353 4784 Qui
3394 4733 3471 4769 me
3516 4716 3657 4768 videt
3681 4756 3702 4780 ,

2105 4811 2302 4863 videtet
2326 4809 2535 4862 Patrem
2554 4827 2716 4864 meum
2755 4810 2937 4880 (Joan.
2978 4826 3087 4874 xu,
3136 4810 3212 4877 9).
3253 4808 3355 4863 Sed
3402 4816 3457 4862 et
3496 4807 3609 4861 alio
3638 4807 3697 4861 iu

2110 4902 2227 4955 loco
2260 4902 2397 4953 idem
2429 4902 2541 4967 ipse
2566 4900 2760 4968 repetit
2788 4919 2800 4953 :
2833 4900 2996 4953 Nemo
3031 4902 3152 4953 vidit
3187 4899 3421 4960 Patrem,
3457 4898 3556 4949 nisi
3591 4896 3700 4948 Fi-

2111 4995 2227 5046 It'us.
2258 4992 2417 5043 Nemo
2438 4993 2528 5043 scit
2551 4988 2771 5056 Filium,
2791 4993 2891 5044 nisi
2915 4990 3069 5044 Pater
3092 4991 3303 5057 (Matth.
3333 5006 3401 5054 ut,
3419 4988 3534 5058 27).
3561 4987 3698 5044 Sive

2106 5078 2209 5134 hoc
2242 5096 2255 5133 :
2293 5080 2455 5134 Nemo
2485 5082 2608 5133 vidit
2642 5081 2805 5134 Deum
2844 5093 2890 5134 et
2930 5082 3053 5134 vixit
3102 5080 3300 5149 (Exod.
3341 5096 3528 5143 xxxiii,
3568 5078 3685 5144 20).

2104 5173 2207 5225 Sed
2238 5181 2292 5226 ct
2318 5174 2603 5241 Apostolus
2627 5174 2690 5227 ad
2715 5174 2827 5228 haec
2857 5184 3081 5227 testatur
3111 5189 3123 5225 :
3160 5174 3259 5237 Qui
3286 5183 3357 5224 est
3389 5174 3553 5239 imago
3587 5171 3696 5230 De!

2105 5264 2375 5316 invisibilis
2419 5263 2553 5327 (Col.
2598 5264 2782 5333 1,15).
2835 5265 2985 5330 Quod
3038 5264 3152 5330 ipse
3196 5263 3353 5316 Pater
3402 5261 3696 5317 invisibilis

2107 5353 2333 5406 absolvit
2368 5371 2379 5404 :
2414 5351 2683 5405 Faciamus
2712 5354 2967 5406 hominem
3001 5357 3067 5405 ad
3111 5354 3380 5424 imaginem
3425 5362 3471 5405 et
3501 5352 3696 5405 simili-

2108 5445 2336 5496 tudinem
2361 5454 2586 5497 nostram
2617 5443 2767 5512 (Gen.
2799 5462 2836 5509 ι,
2866 5442 2979 5511 96).
3014 5445 3174 5497 Vides
3202 5459 3356 5495 unam
3393 5457 3510 5496 esse
3551 5443 3694 5495 invi-

2106 5537 2372 5590 sibilitatis
2415 5536 2610 5589 divina:
2651 5545 2853 5590 natura:
2894 5537 3175 5605 imaginem
3224 5536 3412 5599 Patris,
3446 5545 3495 5588 et
3538 5534 3692 5600 Filii,

2110 5628 2215 5681 imo
2247 5638 2299 5681 et
2332 5630 2496 5683 sancti
2528 5628 2759 5695 Spiritus
2802 5643 2960 5696 pure,
2999 5643 3155 5699 quam
3200 5643 3357 5682 tieino
3400 5628 3536 5679 vidit
3585 5644 3689 5683 un—

2109 5736 2264 5788 quam
2298 5721 2610 5787 hominum,
2656 5735 2754 5776 nec
2794 5720 2974 5776 videre
3022 5730 3213 5786 potest,
3258 5720 3393 5774 sicut
3422 5719 3688 5788 scriptum
