4026 6176
228 207 330 260 257

1431 184 1517 239 DE
1557 181 1921 240 TRINITATE
1977 180 2103 238 LIB.
2150 181 2244 236 Ill.

3392 187 3500 242 258

228 328 308 368 est
334 334 346 366 :
377 313 542 366 Deum
566 323 710 362 nemo
739 305 875 359 vidit
899 317 1122 372 unquam
1157 298 1340 370 (Joan.
1382 312 1419 364 t,
1465 296 1575 362 18).
1607 291 1738 347 Nam
1770 293 1813 345 si
1841 294 1888 351 Α
1921 293 2425 360 transgrcssionetn,
2455 290 2623 345 Adam
2656 291 2938 361 imaginem
2974 292 3416 358 immortalitatis,
3449 298 3503 350 in

233 407 397 458 homo
417 417 556 456 vero
584 405 909 465 assumptus,
957 396 1102 446 visus
1124 433 1139 456 ,
1185 389 1450 458 palpatus,
1492 383 1816 455 ﬂagellatus,

231 497 395 567 pallio
423 493 813 554 circumdatus,
845 487 1016 551 spinis
1061 488 1377 544 coronatus,
1422 477 1546 532 felle
1579 485 1634 530 ct
1669 485 1821 528 aceto

235 566 472 654 potatus,
497 584 548 636 in
571 582 715 649 ligno
737 576 913 632 crucis
943 572 1108 628 clavis
1140 571 1493 638 constipatus,
1525 568 1709 620 lancea
1747 566 1822 619 la-

235 689 344 730 tere
371 676 703 743 perforatus,
736 668 996 735 sanguine
1023 674 1074 718 et
1102 677 1235 733 aqua
1269 661 1530 726 manavit,
1574 667 1628 714 et
1653 674 1822 728 usque

234 768 366 821 adeo
394 763 690 831 sepultura:
718 758 945 812 traditus
975 755 1059 808 vel
1088 754 1334 806 humatus
1361 759 1464 811 est,
1498 763 1674 803 nonne
1707 748 1822 802 haec

238 868 427 910 cuncta
459 867 585 907 vere
624 850 914 904 secundum
963 855 1203 898 naturam
1251 839 1482 894 hominis
1527 837 1820 904 sustinuit,

237 945 586 1000 Marcionita?
632 940 870 1006 Denique
912 935 978 990 de
1020 934 1133 1002 ipsa
1183 944 1372 984 natura
1415 924 1648 980 hominis
1686 926 1823 977 scri-

240 1049 381 1107 ptum
409 1035 622 1102 accipe,
646 1039 696 1084 et
730 1039 784 1082 tu
815 1026 1034 1096 paganis
1073 1019 1367 1076 consimilis
1411 1015 1627 1107 solicola
1661 1013 1827 1066 Mani-

240 1103 402 1189 chme,
437 1123 678 1192 nunquid
709 1122 777 1175 de
800 1128 984 1173 natura
1013 1115 1103 1168 Dei
1134 1111 1334 1166 dictum
1361 1115 1443 1162 est
1470 1123 1482 1158 :
1517 1103 1694 1158 Videte
1715 1119 1826 1154 ma-

243 1241 329 1277 nus
351 1237 496 1275 meas
511 1229 557 1272 et
587 1217 738 1285 pedes
759 1229 914 1276 meos,
941 1209 1177 1280 quoniam
1194 1221 1289 1274 ego
1305 1205 1410 1271 ipse
1435 1211 1581 1255 sum:
1606 1195 1840 1266 Palpate,

241 1327 282 1367 et
304 1317 494 1376 videte,
519 1310 642 1379 quia
671 1306 878 1374 spiritus
903 1314 1103 1354 carnem
1125 1307 1171 1350 et
1194 1310 1310 1348 ossa
1355 1307 1455 1344 non
1495 1290 1662 1352 habet,
1698 1288 1827 1339 sicut

240 1406 416 1460 videtis
459 1378 539 1455 me
587 1399 853 1452 habentem
893 1393 1040 1462 (Luc.
1079 1402 1226 1452 xxxv,
1277 1382 1408 1452 59)?
1439 1378 1630 1448 Utique
1669 1390 1830 1429 causa

243 1499 496 1565 hominis,
523 1507 581 1551 et
613 1509 718 1550 non
747 1488 979 1552 deitalis,
1012 1493 1129 1554 post
1148 1473 1827 1565 resurrectionempiscem

242 1602 294 1645 et
315 1562 496 1644 lavurn
520 1585 655 1641 edit.
679 1578 924 1649 Nunquid
956 1585 1011 1629 ut
1035 1573 1204 1629 deitas
1227 1586 1257 1624 a
1287 1569 1491 1622 Thoma
1535 1562 1826 1626 videretur,

1921 397 2027 450 qtta
2055 385 2224 436 lactus
2255 384 2448 448 luerat,
2496 386 2671 438 amisit
2703 424 2720 449 ,
2751 387 2873 454 quia
2915 385 3129 440 diabolo
3151 390 3420 441 comensit
3448 399 3508 441 ut

1922 484 2136 527 cautum
2165 484 2285 530 est:
2317 475 2577 540 Quoniam
2610 479 2746 528 Dens
2778 489 3006 530 mortem
3056 492 3162 530 non
3213 478 3358 539 fecit,
3410 493 3510 532 nec

1925 564 2131 619 laetatur
2162 565 2212 618 in
2247 568 2545 634 perditione
2585 567 2850 622 vivorum.
2889 567 3015 622 Sive
3057 571 3159 622 hoc
3204 585 3218 624 :
3264 569 3364 634 Qui
3396 571 3508 621 des.

1924 660 2083 712 truxit
2113 660 2317 726 quidem
2345 669 2578 723 mortem,
2610 660 2916 713 illuminavit
2950 669 3121 713 autent
3154 661 3306 713 vitam
3338 669 3384 714 et
3414 661 3513 712 im-

1926 753 2280 803 mortalitatem
2315 747 2400 817 (Il
2439 749 2573 803 Tim.
2601 767 2640 815 ι,
2680 751 2792 820 10).
2837 750 2926 806 Vel
2972 752 3072 804 hoc
3101 767 3114 802 :
3147 752 3398 818 Absorpta
3437 763 3516 806 est

1928 857 2062 894 mors
2087 843 2137 892 in
2167 841 2396 894 victoria.
2431 840 2527 894 Ubi
2553 850 2647 908 est,
2674 857 2830 909 mors,
2854 843 3059 894 aculeus
3075 838 3256 907 tuus(I
3280 842 3396 894 (for.
3423 857 3509 903 xv,

1929 932 2060 998 54)?
2089 933 2194 984 Attt
2220 932 2320 986 hoc
2349 948 2360 982 :
2391 929 2714 984 Nouissimas
2757 931 2992 983 inimicus
3044 932 3328 983 destruetur
3377 948 3514 984 mors

1929 1022 1982 1094 (1
2014 1023 2130 1077 Cor.
2159 1039 2247 1087 xv,
2279 1022 2393 1091 26).
2445 1023 2548 1077 Sed
2594 1030 2648 1076 et
2691 1024 2791 1076 hoc
2823 1040 2834 1074 :
2869 1023 3122 1088 Quoniam
3163 1022 3298 1074 Deus
3344 1039 3514 1076 omnes

1928 1115 2033 1168 vult
2062 1117 2227 1168 salvos
2252 1115 2396 1182 ﬁeri,
2431 1125 2477 1166 et
2511 1114 2577 1166 ad
2619 1114 2953 1182 cognitionem
3007 1113 3232 1165 veritatis
3261 1115 3516 1181 pervenire

1935 1201 1985 1271 (Ι
2021 1202 2152 1256 Tim.
2180 1219 2240 1266 tt,
2266 1205 2343 1273 4).
2373 1203 2478 1258 Nec
2496 1219 2600 1257 non
2637 1215 2691 1257 et
2724 1204 2822 1256 hoc
2851 1204 3107 1272 scriptum
3139 1213 3221 1256 est
3252 1221 3264 1255 :
3300 1204 3366 1255 Et
3394 1206 3518 1257 vidit

1932 1293 2071 1348 Deus
2091 1297 2259 1347 omnia
2278 1311 2389 1363 qua:
2419 1295 2559 1361 fecit,
2588 1305 2634 1347 et
2662 1310 2776 1348 ecce
2795 1294 2926 1347 bona
2947 1295 3094 1346 valde
3121 1294 3186 1365 (G
3195 1311 3330 1350 enea.
3352 1311 3388 1357 I,
3403 1296 3515 1365 51).

1932 1383 2035 1439 Sed
2077 1385 2203 1439 etin
2230 1386 2514 1452 Evangelia
2547 1386 2772 1453 positum
2807 1395 2925 1440 est:
2956 1386 3296 1455 lnipsoquod
3327 1389 3518 1455 [.ctum

1933 1487 2038 1544 est,
2067 1479 2169 1530 vita
2212 1487 2305 1542 est,
2343 1486 2390 1531 et
2422 1478 2522 1530 vita
2563 1487 2673 1530 erat
2710 1477 2801 1531 tua:
2849 1479 3110 1530 hominum
3153 1477 3331 1547 (Joan.
3367 1494 3404 1542 ι,
3437 1478 3520 1547 4).

1937 1568 2116 1638 Itaque
2143 1570 2284 1638 quod
2320 1570 2373 1622 in
2396 1570 2562 1622 Adam
2595 1570 2888 1631 amisimus,
2915 1585 3009 1640 per
3037 1570 3306 1624 Christum
3336 1572 3519 1626 Domi~

243 1681 414 1750 poscit
435 1677 507 1730 ab
526 1690 596 1731 eo
620 1692 633 1726 :
662 1671 878 1742 Porrige
896 1667 1110 1737 digitum
1132 1672 1273 1715 tuum
1295 1660 1418 1725 Itur,
1440 1666 1486 1710 et
1514 1656 1628 1712 vide
1652 1671 1834 1750 manus
1870 1651 1914 1710 Β
1949 1674 2074 1713 num
2105 1674 2344 1713 nostrum
2379 1662 2428 1714 in
2459 1660 2721 1728 baptismo
2750 1663 2905 1731 227
2931 1663 3286 1730 suscepimus,
3312 1671 3364 1715 ut
3386 1662 3518 1741 scri-

243 1743 396 1833 ineas,
419 1779 471 1821 et
501 1765 719 1818 immitte
746 1766 1106 1814 manumtuam
1128 1755 1180 1806 in
1202 1754 1334 1804 latus
1349 1764 1534 1811 meum,
1552 1743 1712 1798 etnoli
1735 1759 1840 1797 esse

244 1870 337 1919 inc;
353 1865 560 1926 cdulus,
583 1860 671 1913 sed
694 1856 863 1925 ﬁdelis
881 1851 1058 1922 (Joan.
1078 1863 1166 1910 xx,
1189 1841 1484 1914 27)?Absit.
1503 1841 1634 1892 Dum
1650 1838 1760 1926 ipse
1774 1836 1840 1890 de

244 1957 446 2012 deitate
474 1924 572 2008 sua
606 1924 750 2016 prius
771 1945 967 1999 dixerit
986 1960 998 1994 ι
1020 1939 1184 1993 Nemo
1199 1935 1322 1989 vidit
1348 1932 1567 1994 Filium,
1603 1928 1702 1980 nisi
1727 1924 1838 1978 Pa-

248 2061 344 2100 ter.
370 2046 458 2106 Et,
487 2042 589 2106 Qui
612 2055 689 2092 me
710 2038 860 2101 videt,
891 2033 1024 2088 videt
1044 2039 1092 2083 et
1117 2026 1325 2080 Patrem
1344 2038 1508 2076 meum
1532 2017 1712 2089 (Joan.
1729 2032 1833 2083 xw,

250 2139 322 2204 9).
353 2135 542 2188 Nonne
571 2130 660 2183 hic
687 2127 832 2182 nulla
862 2120 1138 2193 phantasia
1167 2117 1306 2171 facta
1335 2123 1437 2180 est,
1481 2109 1569 2166 ubi
1593 2110 1838 2164 universa

252 2230 451 2280 veritas
481 2218 717 2274 hominis
750 2223 870 2286 post
914 2212 1211 2283 passionem
1233 2247 1247 2272 ,
1289 2205 1376 2261 vel
1411 2212 1533 2274 post
1570 2213 1843 2256 resurrec-

251 2317 448 2369 tionem
479 2310 748 2366 deelarata
774 2305 894 2360 est?
927 2299 1266 2368 lnterrogabo
1288 2305 1342 2352 et
1369 2305 1443 2359 te,
1475 2292 1723 2354 Photine,
1752 2289 1841 2358 qui

253 2404 522 2458 Christum
553 2412 737 2454 verum
767 2396 931 2449 Deum
969 2395 1220 2461 abnegas,
1263 2395 1318 2441 et
1344 2385 1613 2440 hominem
1648 2397 1841 2452 purum

255 2491 626 2547 tantummodo
666 2486 960 2542 conﬁteris.
1001 2483 1372 2551 Nunquidnam
1412 2491 1570 2532 causa
1614 2475 1847 2528 hominis

254 2595 466 2639 cautum
529 2579 797 2636 invenitur
837 2593 849 2628 :
899 2573 965 2628 In
1016 2572 1268 2644 principio
1323 2576 1430 2622 erat
1480 2565 1740 2630 Verbum,
1796 2571 1845 2618 et

262 2673 481 2728 Verbum
507 2681 616 2724 erat
644 2671 783 2739 apud
829 2665 1016 2732 Deum,
1047 2673 1094 2718 et
1132 2664 1265 2717 Deus
1306 2668 1414 2714 erat
1454 2658 1674 2712 Verbum
1703 2673 1721 2710 :
1752 2658 1846 2710 hoc

260 2777 360 2819 erat
389 2766 442 2816 in
469 2763 723 2832 principio
743 2758 878 2830 apud
907 2758 1094 2810 Deum.
1140 2753 1328 2807 Omnia
1373 2766 1462 2820 per
1493 2750 1661 2819 ipsum
1712 2749 1848 2818 facta

263 2865 395 2919 sunt,
427 2864 474 2907 et
497 2855 605 2907 sine
635 2855 743 2921 ipso
771 2851 966 2921 factum
1008 2857 1078 2902 est
1121 2845 1250 2899 nihil
1295 2843 1474 2916 (Joan.
1507 2858 1544 2908 r,
1580 2842 1667 2912 l)?
1695 2841 1846 2896 Nun-

265 2947 382 3014 quid
439 2946 602 2998 homo
650 2945 702 2996 in
755 2943 857 2996 hoc
901 2938 1161 3010 principio
1207 2936 1344 3002 fuit,
1390 2932 1847 2989 homousionista?

1947 1762 2092 1817 ptum
2123 1759 2208 1803 est
2230 1765 2246 1806 :
2271 1748 2480 1804 Primus
2501 1754 2650 1806 homo
2679 1752 2742 1806 de
2785 1764 2923 1805 terra
2961 1762 3214 1816 terrenus,
3267 1755 3520 1808 secundus

1943 1838 2092 1894 homo
2113 1842 2175 1893 de
2199 1841 2324 1895 εωιο
2353 1843 2582 1896 caelestis.
2615 1842 2759 1896 Sicut
2781 1858 2898 1912 ergo
2922 1848 3230 1910 portavimus
3251 1839 3520 1917 imaginem

1943 1933 2148 1999 terreni,
2173 1941 2429 2002 portemus
2448 1941 2493 1987 et
2525 1935 2792 2004 imaginem
2821 1935 3032 1988 cret-istis
3063 1933 3116 2006 (Ι
3141 1936 3261 1989 Cor.
3289 1951 3374 1992 xv.
3400 1935 3517 2004 47).

1946 2023 2106 2078 Vides
2173 2023 2459 2092 imaginem
2506 2026 2662 2092 primi
2708 2025 2942 2078 hominis
2986 2027 3053 2080 de
3101 2028 3522 2095 transgressione

1946 2114 2131 2169 famam
2160 2130 2281 2170 esse
2321 2118 2625 2180 mortalem,
2657 2119 2774 2171 sive
2804 2126 3101 2183 terrenam;
3134 2130 3186 2173 et
3235 2119 3520 2189 imaginem

1945 2205 2166 2260 si-cundi
2220 2207 2452 2261 hominis
2479 2208 2548 2262 de
2567 2209 2772 2277 iustitia
2815 2220 2870 2264 et
2899 2210 3121 2264 veritate
3170 2211 3362 2264 factam
3403 2225 3524 2266 esse

1946 2295 2300 2350 immortalem
2328 2298 2413 2351 vel
2444 2298 2714 2356 cmlestem
2747 2317 2760 2352 :
2793 2299 2923 2352 Dum
2954 2307 3003 2352 in
3026 2301 3190 2353 Adam
3221 2315 3392 2354 omnes
3414 2317 3524 2354 mo-

1946 2386 2168 2454 riuntur,
2201 2396 2249 2440 et
2277 2388 2328 2441 in
2359 2387 2560 2442 Christo
2599 2405 2771 2444 omnes
2819 2391 3135 2458 viviﬁcantur
3181 2389 3235 2462 (Ι
3278 2389 3397 2446 Cor.
3434 2407 3521 2456 xv,

1947 2474 2062 2546 εἰ).
2099 2477 2252 2533 Disce
2275 2479 2383 2547 jam
2416 2490 2470 2532 tu
2505 2480 2669 2537 Ehion
2691 2521 2705 2545 ,
2751 2491 2805 2535 et
2839 2481 3082 2545 Photine,
3120 2495 3332 2549 semper
3359 2482 3524 2537 fuisse

1951 2565 2116 2622 Deum
2142 2569 2234 2622 Dei
2261 2569 2450 2623 Filium
2477 2585 2596 2624 enm
2627 2572 2802 2636 Patre,
2826 2573 2913 2642 qui
2946 2574 3211 2626 hominem
3238 2584 3291 2627 et
3314 2576 3524 2629 univer-

1950 2673 2008 2712 sa
2036 2659 2281 2727 instituit,
2311 2661 2398 2728 qui
2423 2676 2482 2715 se
2511 2673 2634 2716 ante
2666 2664 2934 2717 Abraham
2983 2667 3035 2718 in
3085 2666 3329 2719 claritate
3365 2683 3525 2720 evan-

1951 2752 2134 2820 gelicae
2149 2767 2389 2808 censura:
2416 2754 2578 2808 fuisse
2601 2763 2847 2818 testatur,
2866 2756 3050 2811 dicens
3075 2773 3088 2810 :
3117 2757 3248 2810 Ante
3268 2753 3526 2812 Abrnlinnt

1949 2860 2040 2913 ego
2064 2860 2175 2896 sum
2199 2844 2377 2914 (Jian.
2407 2861 2519 2912 vui,
2545 2845 2668 2916 58);
2692 2847 2808 2902 sive
2833 2846 2935 2901 huc
2961 2866 2972 2901 :
3005 2847 3180 2915 Pater,
3203 2850 3428 2919 clari/ica
3453 2868 3528 2904 me

1953 2933 2094 3003 apud
2141 2939 2481 3005 temetipsum,
2534 2937 2766 2992 claritate
2822 2955 2973 3006 quam
3023 2940 3193 2993 -habui
3259 2949 3529 3011 antequam

268 3035 418 3105 226
439 3045 494 3088 et
523 3049 630 3087 non
655 3033 795 3086 Deus
826 3031 921 3084 Dei
953 3027 1122 3084 Filius
1148 3037 1273 3082 ante
1297 3041 1456 3080 omne
1475 3026 1694 3079 omnino
1707 3025 1843 3094 pritt-
1871 3017 1917 3080 C
1953 3025 2176 3079 mundus
2204 3027 2284 3078 hic
2307 3035 2454 3082 esset.
2485 3027 2673 3096 Utique
2699 3028 2776 3083 sic
2804 3029 2932 3094 dicit
2966 3031 3055 3099 qui
3091 3031 3231 3086 hunc
3257 3031 3526 3086 hominem

268 3131 458 3194 cipiurn
491 3139 706 3192 semper
737 3137 836 3176 una
865 3136 984 3176 cum
1006 3120 1163 3173 Patre
1184 3117 1321 3171 fuit?
1342 3115 1480 3170 Sane
1510 3115 1649 3168 hunc
1677 3115 1848 3168 homi-

273 3234 386 3270 nem
431 3231 605 3285 nuper
653 3215 720 3269 de
766 3212 928 3266 Maria
979 3211 1196 3279 Virgine
1239 3207 1550 3276 assumpsit.
1600 3205 1849 3274 Nunquid

273 3323 360 3376 per
392 3308 662 3360 hominem
697 3303 919 3357 visihilia
951 3309 1004 3357 et
1030 3299 1315 3355 invisibilia
1347 3301 1479 3352 facta
1510 3307 1633 3352 sunt
1653 3337 1668 3362 ,
1714 3298 1853 3350 sicut

269 3403 519 3469 magister
560 3400 796 3469 gentium
849 3406 1115 3451 testatur:
1145 3394 1330 3448 Omnia
1373 3409 1462 3463 per
1501 3395 1668 3462 ipsum
1717 3393 1852 3462 facta

269 3504 402 3556 sunt,
431 3493 672 3556 visibilia,
704 3502 750 3544 et
779 3489 1078 3554 invisibilia,
1116 3499 1216 3541 tam
1245 3504 1302 3540 ea
1336 3502 1448 3554 qua:
1485 3496 1600 3538 sunt
1625 3487 1678 3539 in
1704 3485 1850 3550 creto,

270 3606 419 3654 quem
441 3603 504 3639 ea
528 3603 642 3655 qua:
662 3598 776 3638 sunt
800 3588 852 3637 in
875 3594 1045 3647 terra;
1069 3584 1168 3635 sive
1194 3583 1394 3644 throni,
1432 3581 1534 3633 sive
1562 3589 1852 3650 potestates,

269 3698 368 3733 ηε
395 3679 771 3732 dominationes
801 3677 934 3750 (Col.
964 3693 1003 3740 ι,
1029 3674 1154 3745 16)?
1179 3677 1375 3743 Accipe
1401 3677 1451 3727 itt
1480 3673 1578 3728 hoc
1605 3674 1767 3730 dicto.
1802 3683 1858 3729 et

279 3782 332 3825 tu
362 3773 661 3825 consimilis
704 3784 969 3839 synagoga
1026 3769 1260 3830 Satanae,
1305 3780 1499 3819 nomen
1558 3764 1770 3830 falsum,
1825 3779 1857 3819 ο

271 3865 567 3936 apostatiee
597 3866 804 3930 Judaee,
831 3865 918 3933 qui
949 3862 1145 3917 asseris
1173 3861 1386 3914 Patrem
1427 3859 1492 3913 ad
1527 3859 1745 3926 angelos
1776 3859 1854 3912 lo-

269 3968 449 4009 cutum
476 3957 666 4021 fuisse,
690 3953 969 4008 Faciamus
991 3954 1243 4005 hominem
1283 3951 1349 4002 ad
1392 3951 1661 4020 imaginem
1696 3959 1742 4002 et
1764 3996 1771 4010 ,
1791 3951 1859 4002 si-

268 4050 610 4100 militudinem
635 4057 862 4098 nostram
888 4043 1036 4112 (Gen.
1067 4059 1106 4109 ι,
1125 4041 1216 4111 '26)
1234 4057 1248 4106 ;
1265 4040 1389 4094 dum
1409 4041 1582 4109 imago
1603 4039 1858 4107 angelzcm

270 4140 487 4193 facturae
519 4139 590 4191 sit
618 4138 840 4206 spiritus
867 4137 948 4191 vel
983 4136 1118 4205 ignis
1144 4176 1158 4199 ,
1183 4150 1300 4204 quae
1333 4144 1507 4188 tamen
1531 4149 1560 4188 a
1589 4133 1700 4188 Dco
1727 4133 1859 4187 Filio

272 4231 406 4284 facta
438 4239 544 4300 est,
571 4232 710 4283 sicut
738 4228 994 4296 scriptum
1025 4235 1106 4281 est
1133 4242 1147 4274 :
1180 4225 1363 4278 Omnia
1402 4240 1489 4292 per
1519 4225 1684 4293 ipsum
1722 4225 1860 4290 facta

271 4332 410 4384 sunt,
449 4335 496 4375 et
534 4324 644 4375 sine
681 4323 792 4386 ipso
834 4323 1023 4389 factum
1075 4328 1145 4370 est
1189 4315 1319 4370 nihil
1362 4313 1536 4386 (Joan.
1584 4330 1622 4377 ι,
1652 4315 1727 4382 5).
1763 4313 1857 4366 Vel

1953 3136 2121 3189 nuper
2157 3123 2448 3192 assumpsit
2478 3125 2546 3179 de
2578 3125 2736 3178 Maria
2773 3126 3004 3194 Virgine.
3039 3126 3187 3182 Unde
3219 3136 3531 3192 assumptus

1953 3212 2134 3280 homo,
2169 3213 2333 3268 Filius
2357 3214 2550 3281 David,
2583 3217 2695 3270 sive
2724 3217 2860 3272 ﬁlius
2881 3218 3112 3272 Abrahae
3143 3233 3261 3273 esse
3283 3218 3349 3273 ab
3370 3235 3535 3273 evan-

1953 3305 2140 3374 gelista
2173 3305 2494 3374 praedicatur
2522 3344 2539 3372 ,
2568 3304 2691 3360 dum
2723 3317 2788 3360 et.
2818 3306 2956 3360 Deus
2996 3309 3082 3376 qui
3126 3310 3414 3378 assumpsit
3441 3311 3535 3363 ho-

1957 3395 2154 3450 minem
2211 3396 2502 3451 secundum
2557 3397 2886 3452 divinitatem
2934 3399 3033 3467 sit,
3068 3410 3138 3455 .et
3189 3401 3329 3457 ﬁlius
3371 3401 3536 3458 David

1957 3488 2246 3543 secundum
2288 3489 2736 3558 dispensationem
2788 3492 2926 3546 titius
2978 3491 3211 3549 hominis
3262 3495 3353 3560 sit,
3407 3497 3532 3550 dum

1959 3590 2013 3633 et
2046 3580 2187 3646 Deus
2211 3579 2278 3635 de
2317 3580 2428 3635 Deo
2448 3582 2538 3647 sit,
2570 3591 2626 3636 et
2646 3583 2936 3636 secundum
2957 3594 3170 3639 carnem
3205 3586 3367 3642 homo
3398 3588 3539 3642 ﬁlius

1960 3670 2194 3724 hominis
2219 3672 2291 3726 sit
2319 3687 2334 3738 ;
2363 3675 2486 3727 dum
2519 3685 2567 3726 et
2601 3672 2739 3727 Deus
2765 3683 2820 3728 et
2852 3675 3010 3729 homo
3039 3677 3128 3741 sit,
3158 3687 3210 3732 et
3244 3679 3402 3733 homo
3423 3683 3540 3736 sine

1964 3761 2072 3815 Deo
2101 3777 2205 3816 non
2235 3764 2324 3830 sit,
2374 3773 2428 3818 et
2474 3764 2614 3818 Deus
2653 3766 2921 3820 solitarius
2955 3767 3071 3822 sin'e
3116 3769 3334 3824 homine
3378 3787 3536 3840 quem

1961 3855 2249 3921 assumpsit
2296 3868 2401 3908 non
2448 3855 2539 3908 sit.
2591 3855 2771 3924 Itaque
2813 3866 2949 3912 sciat
2988 3871 3048 3913 se
3093 3861 3268 3914 omnis
3318 3866 3536 3916 contma

1962 3943 2095 3999 silva
2139 3944 2512 3999 haereticorum
2538 3987 2552 4010 ,
2612 3947 2700 4000 ubi
2755 3956 2833 4002 tot
2886 3963 3080 4017 genera
3124 3951 3410 4007 draconum
3455 3956 3537 4009 vel

1967 4035 2200 4103 ferarum
2233 4039 2607 4104 requiescunt,
2646 4038 2698 4092 in
2743 4037 2844 4093 hoc
2872 4039 3265 4108 blasphemare,
3297 4059 3418 4098 cum
3450 4046 3536 4100 alii

1969 4126 2130 4180 Deum
2156 4125 2457 4196 solitarium
2487 4128 2605 4182 sine
2641 4129 2858 4184 homine
2888 4138 3090 4184 tantum
3125 4133 3411 4200 praedicent
3443 4177 3458 4200 ,
3486 4147 3540 4191 et

1965 4216 2054 4270 alii
2105 4214 2374 4271 hominem
2425 4219 2793 4272 tantummodo
2837 4235 3028 4288 purum
3066 4222 3182 4277 sine
3226 4223 3335 4277 Deo
3380 4227 3539 4294 proti-

1967 4315 2196 4365 teatttur.
2233 4308 2366 4362 Dum
2417 4323 2606 4363 causas
2635 4309 3051 4377 dispensationis
3098 4316 3290 4381 passim
3319 4317 3539 4392 coniqu-

273 4415 372 4466 hoc
407 4431 418 4464 :
455 4413 556 4478 Qui
583 4413 705 4481 facit
733 4411 940 4483 angelos
969 4427 1088 4463 suos
1111 4409 1347 4477 spiritus,
1385 4417 1432 4460 et
1455 4407 1711 4460 ministros
1741 4423 1858 4458 suos
1890 4377 1939 4438 Ῑ)
1963 4398 2174 4467 dende,
2233 4397 2594 4454 inﬁrmitatem
2652 4400 2939 4455 humanam
3010 4405 3246 4457 mortalis
3313 4377 3537 4460 lit-miitis

275 4507 440 4574 ignem
471 4506 813 4572 ﬂaumtanlem
842 4500 1017 4569 (Psal.
1052 4515 1165 4561 cut,
1215 4499 1292 4566 4).
1339 4496 1588 4566 Nunquid
1638 4496 1858 4566 angelus

274 4601 362 4668 qui
396 4598 567 4652 tactus
587 4597 748 4651 estin
779 4595 1104 4657 ministerio,
1158 4593 1336 4646 facere
1381 4591 1662 4659 imaginem
1711 4605 1859 4643 suam

274 4701 388 4767 ipse
415 4697 616 4766 potuit?
638 4696 810 4751 Absit.
836 4695 1001 4748 Plane
1026 4694 1166 4747 Deus
1190 4692 1280 4747 Dei
1306 4690 1472 4745 Filius
1493 4693 1556 4745 ad
1582 4692 1860 4761 imaginem

276 4801 440 4852 unitze
471 4798 889 4852 immortalitatis
917 4813 1061 4864 suae,
1107 4806 1157 4850 et
1199 4794 1605 4850 similitudinem
1637 4797 1859 4864 tequali-

276 4901 400 4952 tatis
429 4915 540 4952 sure
573 4899 696 4953 fecit
750 4899 1043 4962 hominem,
1092 4904 1150 4951 ut
1190 4895 1369 4958 homo,
1419 4893 1470 4946 in
1522 4909 1623 4962 qua
1650 4895 1857 4963 justitia

277 4999 452 5054 lactus
495 5000 689 5063 fuerat,
736 4997 980 5066 imaginis
1023 4997 1344 5062 incorruptze
1391 5004 1760 5061 permaneret,
1806 5003 1860 5048 et

279 5099 685 5152 similitudinem
727 5096 1015 5150 voluntatis
1044 5109 1137 5161 per
1169 5094 1536 5162 operationem
1566 5093 1856 5159 snirttalem

283 5195 497 5250 factoris
519 5195 779 5250 imitando
808 5194 1138 5264 possideret;
1169 5191 1296 5246 dum
1323 5205 1429 5245 non
1461 5191 1531 5244 sit
1559 5191 1861 5246 lactustalis

282 5298 436 5352 homo
450 5300 686 5367 proprie,
699 5297 870 5366 qualis
885 5307 966 5350 est
988 5309 1115 5362 pura
1143 5291 1401 5347 creatoris
1420 5293 1591 5362 imago
1608 5290 1857 5346 divinita-

285 5398 344 5449 tis
357 5442 373 5464 ,
387 5399 513 5466 quia
528 5398 660 5450 satis
675 5393 976 5452 interestad
999 5393 1280 5462 imaginem
1293 5390 1756 5446 etsimilitndineth
1778 5408 1860 5446 reo

288 5495 400 5550 lerri
417 5540 433 5562 ,
449 5506 502 5552 et
531 5498 758 5552 multum
779 5495 937 5550 distat
965 5504 1039 5557 ut,
1059 5495 1226 5563 qualis
1241 5494 1561 5562 velqttantus
1573 5503 1651 5545 est
1670 5492 1858 5556 factor,

289 5603 455 5652 tantus
480 5597 697 5651 dicatur
723 5609 845 5652 esse
876 5596 963 5665 qui
995 5593 1164 5650 lactus
1193 5607 1223 5646 a
1255 5592 1362 5647 Deo
1408 5601 1507 5648 est.
1559 5591 1706 5649 Unde
1747 5605 1861 5661 post

1965 4490 2230 4546 divinitati
2257 4491 2543 4546 immortali
2571 4493 2871 4556 ascribunt,
2902 4503 2991 4546 aut
3017 4495 3392 4561 impassibilent
3421 4499 3530 4552 dei-

1968 4590 2127 4636 tatctn
2156 4583 2221 4636 ad
2254 4591 2496 4637 naturam
2526 4585 2756 4638 hominis
2781 4583 3044 4651 passibilis
3088 4589 3299 4653 proprie
3327 4601 3540 4659 compa-

1968 4685 2120 4739 rant;
2156 4676 2205 4728 itt
2236 4676 2332 4729 hoc
2363 4675 2546 4733 miseri
2572 4677 2835 4741 laborant,
2865 4685 2920 4729 ut
2942 4676 3029 4729 alii
3061 4677 3223 4730 Deum
3246 4693 3453 4744 verum,
3489 4690 3542 4733 et

1970 4765 2061 4820 alii
2094 4766 2360 4819 hominem
2394 4781 2576 4820 verum
2609 4766 2797 4819 Filium
2834 4767 2922 4819 Dei
2964 4767 3249 4836 ahnegent.
3300 4769 3422 4836 Res;
3444 4787 3541 4826 0n-

1966 4860 2088 4914 dete
2119 4860 2269 4925 mihi,
2300 4859 2604 4923 hlanicltmi,
2645 4859 2736 4911 ﬁlii
2771 4859 3140 4924 tenebrarum,
3184 4862 3236 4914 in
3285 4879 3418 4928 quos
3465 4839 3555 4916 tot1

1965 4964 2156 5016 genera
2185 4954 2512 5018 serpentium
2542 4949 2772 5002 lubricos
2802 4949 3000 5002 habent
3025 4953 3323 5006 anfractus:
3350 4952 3541 5006 Filium

1969 5040 2080 5105 Dei,
2119 5040 2168 5093 id
2195 5051 2274 5094 est
2304 5039 2470 5094 Deum
2511 5054 2728 5100 verum,
2763 5039 3031 5094 hominem
3066 5057 3246 5095 verunt
3280 5042 3347 5095 de
3379 5043 3541 5096 Maria

1973 5131 2183 5202 Virgine
2211 5145 2306 5200 pro
2333 5139 2510 5184 nostra
2543 5133 2716 5184 salute
2761 5147 2863 5184 non
2907 5133 3235 5187 conﬁtemini
3258 5173 3274 5199 ,
3308 5141 3362 5184 ut
3405 5135 3542 5186 scri-

1969 5233 2112 5292 ptum
2139 5231 2222 5277 est
2249 5241 2261 5275 :
2295 5221 2424 5276 Ecce
2459 5221 2615 5291 Virgo
2652 5239 2700 5275 in
2731 5231 2876 5276 utero
2919 5225 3168 5290 concipiet
3205 5235 3250 5276 et
3293 5224 3455 5288 pariet
3479 5224 3545 5290 ﬁ-

1965 5317 2114 5380 lium,
2145 5324 2190 5368 et
2217 5315 2414 5368 vocabis
2439 5331 2618 5368 nomen
2640 5317 2748 5385 ejus
2776 5313 3104 5377 Emmanuel,
3141 5315 3276 5382 quod
3299 5314 3541 5382 interpre-

1965 5416 2099 5460 tatur
2139 5405 2418 5460 Nobiscum
2467 5405 2600 5458 Dens
2643 5405 2796 5472 (lsai.
2849 5421 2954 5468 vtt,
3008 5406 3096 5468 Η)
3126 5421 3140 5468 ;
3173 5406 3215 5456 si
3259 5403 3536 5472 phantasia

1969 5502 2060 5554 tibi
2089 5499 2298 5556 videtur
2327 5499 2574 5564 angelum
2604 5497 2907 5552 Gabrielem
2960 5497 3136 5550 Mariae
3189 5497 3534 5562 testitieasse,

1965 5593 2230 5648 dicentem
2262 5607 2272 5640 :
2299 5591 2461 5661 228
2491 5588 2569 5643 Ne
2619 5590 2815 5654 timeas,
2871 5586 3072 5650 .ilaria,
3117 5586 3349 5641 invenisti
3405 5591 3542 5646 enim
