3958 6176
455 228 566 292 239

1768 228 1993 288 νιοιιιι
2030 228 2403 288 TAPSENSIS

3621 229 3733 287 260

458 346 676 418 gratiam
704 351 820 397 ante
849 339 1030 395 Deum.
1069 339 1201 396 Ecce
1224 342 1477 411 eoneipies
1506 341 1559 395 in
1589 350 1754 406 utero.
1796 352 1844 398 et
1873 344 2037 408 paries
2067 353 2114 407 Α
2146 342 2309 398 Forte
2338 342 2580 397 dicturus
2608 352 2690 405 es,
2716 338 2926 395 Absens
2950 338 3019 395 ab
3048 338 3139 395 illo
3177 347 3305 397 tunc
3341 337 3593 395 divinitas
3617 342 3737 411 eius

460 438 647 506 filium,
674 442 722 490 et
742 435 937 488 vocabis
957 450 1139 487 nomen
1158 436 1268 500 eius
1297 433 1474 487 Iesum
1504 432 1657 503 (an.
1696 450 1744 499 ι,
1778 431 1911 503 30);
1956 437 2038 489 vel

458 524 781 596 evangelista
810 525 878 579 ad
920 526 1035 578 hac
1065 533 1337 580 testante:
1372 523 1435 578 Et
1478 526 1675 594 peperit
1711 527 1879 592 ﬁlium
1924 526 2038 596 pri-

459 620 802 686 tuogenitum,
835 625 886 670 et
925 615 1109 685 pannis
1145 632 1260 670 eum
1287 615 1522 679 involvit,
1567 625 1616 669 et
1656 619 1821 687 posuit
1846 633 1959 671 eum
1988 616 2041 670 in

460 707 706 777 presepio
737 704 888 775 (Luc.
916 720 973 769 tt,
1005 707 1095 773 7);
1127 705 1173 759 si
1198 706 1473 774 phantasia
1510 707 1606 762 tibi
1649 708 1882 771 videtur,
1912 707 2042 777 quid

462 800 712 864 concepit
741 797 823 851 vel
855 798 1081 865 peperit,
1110 806 1202 851 aut
1231 797 1355 867 quid
1396 799 1589 868 pannis
1634 797 1854 853 involvit
1894 808 1950 853 et
1989 798 2042 853 in

464 899 709 954 praesepe
736 884 948 953 posuit?
978 885 1104 940 Sive
1146 885 1246 941 hoc
1273 888 1577 956 exemplum
1621 888 1837 958 accipe,
1884 901 2045 956 ange-

461 976 571 1029 lum
623 976 689 1028 ad
740 986 986 1044 pastores
1033 984 1361 1031 testantem:
1396 976 1461 1030 Et
1493 978 1623 1032 dixit
1648 979 1751 1032 illis
1785 977 1998 1050 angelus
2020 993 2042 1032 :

462 1066 644 1121 Nolite
681 1068 855 1121 timere
878 1083 898 1121 :
920 1067 1051 1121 Ecce
1099 1070 1234 1122 enim
1280 1071 1572 1141 evangelise
1611 1070 1750 1124 vobis
1797 1071 2046 1138 gaudium

464 1176 708 1230 magnum
736 1160 872 1228 quod
899 1161 993 1214 erit
1022 1162 1161 1215 omni
1185 1162 1348 1232 plebi;
1374 1164 1496 1232 quia
1524 1171 1673 1216 natus
1692 1174 1764 1217 est
1790 1162 1927 1217 vobis
1950 1163 2046 1217 Ito-

465 1253 547 1306 die
576 1250 839 1320 Salvator,
862 1252 949 1321 qui
974 1266 1048 1307 est
1079 1252 1307 1308 Christus
1329 1252 1597 1321 Dominus,
1629 1258 1679 1309 in
1709 1255 1907 1310 civitate
1930 1254 2043 1310 Da-

466 1342 568 1395 vid.
605 1340 673 1395 Et
701 1341 797 1396 hoc
824 1343 963 1397 vobis
987 1344 1194 1413 signum
1235 1359 1253 1397 :
1284 1341 1556 1399 Invenietis
1587 1346 1831 1417 infantem
1865 1350 2046 1419 pannis

466 1436 755 1489 obvolutum
781 1442 831 1488 et
878 1435 1103 1503 positum
1127 1434 1182 1488 in
1206 1438 1474 1505 prtesepio.
1516 1436 1585 1491 Et
1620 1438 1787 1493 subito
1818 1439 1954 1510 facta
1976 1449 2050 1494 est

472 1540 589 1578 cum
603 1538 672 1577 ‘eo
694 1524 994 1597 angelorum
1016 1542 1094 1578 mu
1103 1526 1285 1580 ltitutlo
1310 1528 1559 1582 exercitus
1591 1529 1800 1583 etulestis
1834 1530 2052 1583 laudan-

2142 434 2310 489 iuisse
2332 431 2702 503 cognoscitur.

2213 524 2549 579 Athanasius.
2593 523 2639 577 0
2673 522 2806 579 satis
2840 520 3063 578 confusa
3111 520 3455 578 conscientiae
3496 523 3738 587 cacitas,

2143 631 2264 688 quae
2288 630 2509 686 prorsus
2545 614 2814 685 serpentis
2842 628 3049 669 veneno
3085 628 3144 669 es
3188 613 3413 668 inlecta!
3460 612 3662 684 Utique
3692 616 3738 670 si

2143 712 2337 768 absens
2364 726 2393 766 a
2427 709 2586 766 Patre
2613 709 2729 776 fuit,
2760 708 3032 779 quomodo
3054 707 3278 762 indivisa
3309 716 3498 761 natura
3531 716 3656 771 est;
3687 719 3742 762 et

2143 804 2189 859 si
2212 804 2418 859 divisus
2445 811 2549 867 est,
2583 800 2853 871 quomodo
2899 813 3037 854 unus
3080 800 3133 854 in
3175 811 3281 852 uno
3310 796 3427 852 est?
3456 796 3525 851 Et
3550 798 3599 851 si
3644 797 3741 851 ab-

2144 913 2271 954 sens
2298 897 2417 966 fuit,
2446 912 2566 967 cum
2600 897 2654 950 in
2685 895 2900 950 homine
2924 893 3021 948 fuit
3050 902 3103 948 et
3131 902 3246 957 est,
3273 906 3370 946 cur
3406 905 3436 944 a
3468 889 3740 959 piscatore

2144 992 2350 1049 Joanne
2416 990 2571 1045 nobis
2637 989 2690 1043 in
2742 987 2861 1041 sinu
2908 985 3079 1040 Patris
3122 997 3289 1054 agens
3332 996 3479 1035 unus
3519 993 3740 1048 semper

2146 1083 2492 1139 atmuntiatus
2516 1088 2600 1137 est
2637 1079 2849 1134 dicente
2881 1094 2893 1129 :
2926 1076 3089 1129 Deum
3134 1088 3278 1128 nemo
3312 1072 3437 1125 vidit
3480 1085 3735 1139 unquam,

2147 1176 2248 1230 nisi
2278 1173 2600 1244 Unigenitus,
2639 1167 2726 1237 qui
2765 1177 2838 1223 est
2884 1166 2938 1220 in
2977 1166 3095 1219 sinu
3119 1162 3311 1227 Patris,
3340 1161 3451 1230 ipse
3477 1157 3741 1212 enarravit

2148 1266 2328 1341 (Joan.
2358 1280 2398 1332 ι,
2432 1264 2563 1332 18)?
2595 1259 2837 1328 Denique
2864 1257 2932 1312 ad
2968 1256 3084 1310 haec
3118 1255 3294 1323 ipsum
3337 1248 3461 1305 audi
3508 1249 3739 1341 loqueuf

2150 1340 2259 1414 tem
2289 1375 2303 1412 :
2340 1354 2506 1411 Verba
2534 1367 2648 1423 qua:
2670 1351 2806 1405 vobis
2832 1350 3031 1404 locutus
3052 1363 3163 1401 sum
3190 1361 3293 1399 non
3318 1352 3434 1397 sunt
3471 1356 3610 1406 mea,
3649 1340 3743 1392 sed

2147 1450 2261 1520 ejus
2285 1446 2372 1517 qui
2398 1460 2478 1499 me
2498 1445 2635 1498 misit
2664 1440 2837 1496 Patris
2868 1438 3049 1511 (Joan.
3084 1451 3193 1505 xiv,
3217 1434 3335 1505 24).
3367 1432 3474 1489 Sed
3502 1440 3560 1488 et
3581 1430 3738 1520 huic:

2153 1518 2327 1608 Opera
2344 1550 2457 1606 quis
2482 1550 2574 1605 ego
2595 1532 2731 1601 facio
2756 1546 2859 1584 non
2880 1538 2997 1582 sunt
3016 1541 3151 1594 mea,
3173 1524 3262 1579 sed
3292 1525 3403 1593 ejus
3428 1520 3519 1591 qui
3537 1534 3621 1573 me
3650 1518 3742 1572 mi-

468 1613 596 1666 tium
614 1611 804 1679 Deum,
832 1622 882 1668 et
911 1614 1187 1669 dicentium
1212 1633 1232 1670 .-
1255 1615 1435 1671 Gloria
1462 1619 1517 1671 ia
1536 1620 1746 1673 excelsis
1774 1617 1904 1686 Deo,
1927 1620 2050 1676 etin
2149 1628 2213 1682 sit
2232 1625 2426 1689 Patris,
2458 1626 2565 1695 ipse
2584 1631 2823 1693 operatur
2858 1636 3015 1689 Opera
3035 1634 3130 1673 sua
3153 1615 3333 1689 (Iona.
3360 1629 3471 1678 stv,
3506 1612 3625 1679 10).
3649 1610 3739 1677 Ει,

467 1714 603 1759 terra
641 1722 745 1775 pax
786 1707 1073 1763 hominibus
1104 1708 1251 1763 bona
1290 1710 1565 1765 voluntatis
1603 1710 1788 1782 (Ibid.,
1831 1712 2051 1783 10-15).
2089 1760 2132 1819 Β
2162 1718 2222 1773 Si
2252 1716 2375 1770 mihi
2401 1732 2500 1769 non
2522 1714 2745 1779 creditis,
2773 1711 3009 1780 operibus
3033 1709 3247 1819 credite,
3277 1706 3517 1819 inflict]?
3544 1705 3604 1757 in
3630 1700 3739 1756 Ρα-

470 1795 717 1867 Nunquid
740 1811 836 1867 pro
855 1796 1169 1868 phantasma
1190 1800 1365 1869 angeli
1392 1801 1793 1856 exsultaverunt
1813 1802 1867 1856 in
1892 1802 2054 1857 (τινεΙοῖ
2090 1795 2132 1819 ”
2160 1816 2256 1875 tre,
2287 1816 2335 1861 et
2363 1806 2519 1860 Pater
2545 1805 2599 1858 in
2620 1820 2698 1859 me
2729 1802 2907 1875 (Joan.
2942 1817 2992 1869 x,
3015 1801 3134 1872 38).
3160 1800 3300 1855 Ecce
3322 1798 3456 1853 Filio
3485 1797 3743 1867 loquente

478 1888 725 1959 Nunquid
758 1889 1033 1958 phantasia
1075 1888 1173 1946 fuit
1218 1891 1358 1960 quod
1386 1891 1746 1947 adoraverunt
1791 1892 1931 1962 magi
1958 1907 2053 1949 ve-

476 1978 687 2032 nientes
730 1978 798 2032 ab
839 1978 1095 2033 Oriente?
1145 1979 1393 2050 Nunquid
1434 1980 1714 2050 phantasia
1760 1982 2055 2038 secundum

474 2069 650 2137 legem
680 2078 871 2123 octava
908 2069 997 2123 d.e
1042 2070 1287 2125 manibus
1324 2072 1569 2141 palpatur
1596 2073 1679 2128 vel
1721 2071 2055 2128 circumcidi-

474 2158 599 2214 tur?
630 2158 877 2228 Nunquid
918 2174 1014 2228 pro
1061 2160 1338 2228 phantasia
1387 2161 1617 2217 infantes
1668 2163 1835 2218 occisi
1889 2164 2056 2219 sunt?

480 2248 723 2318 Nunquid
750 2250 1028 2319 phantasia
1045 2251 1279 2306 luatutes
1300 2253 1544 2308 manibus
1564 2261 1856 2310 attrectans
1882 2254 2056 2324 bapti-

474 2341 651 2395 zavit?
694 2340 939 2410 Nunquid
980 2342 1292 2412 phantasma
1348 2353 1466 2400 erat
1518 2358 1684 2415 super
1727 2360 1886 2415 quem
1925 2347 2057 2402 vidit

475 2432 710 2488 Joannes
748 2433 1006 2501 Spiritum
1058 2445 1300 2491 sanctum
1352 2438 1407 2491 in
1445 2439 1624 2507 specie
1676 2440 1939 2494 columbae
1973 2455 2058 2493 ve-

475 2524 709 2579 nientem
742 2530 799 2578 et
824 2534 1129 2580 manentem
1162 2524 1215 2581 in
1245 2527 1347 2581 eo?
1372 2528 1620 2598 Nunquid
1652 2530 1926 2598 phantasia
1968 2545 2057 2599 pe-

475 2615 572 2669 des
598 2614 978 2681 dtscipnlorum
1002 2619 1247 2672 manibus
1272 2618 1432 2675 lavit?
1462 2621 1707 2691 Nunquid
1738 2624 2053 2691 phantasma

480 2720 605 2761 vere
636 2707 969 2761 manducavit
998 2719 1051 2762 et
1079 2709 1244 2763 bibit?
1270 2709 1520 2781 Nunquid
1570 2713 1841 2781 phanta-ia
1889 2715 2052 2766 lutum

476 2796 542 2850 de
572 2806 730 2864 sputo
762 2796 908 2862 fecit,
936 2805 991 2853 et
1020 2798 1195 2853 linivit
1216 2802 1401 2856 oculos
1420 2805 1570 2868 caeci,
1618 2813 1672 2858 et
1719 2804 1885 2859 vidit?
1914 2804 2057 2858 Nun-

478 2901 542 2956 qn
568 2887 598 2939 d
630 2874 908 2956 phantasia
940 2887 1198 2945 Lazarum
1234 2892 1489 2948 fetentem
1529 2904 1720 2965 quatto
1763 2896 1851 2949 die
1888 2900 2056 2950 susci-

479 2980 642 3033 tavit?
667 2980 910 3049 Nunquid
943 2982 1218 3050 phantasia
1242 2986 1459 3040 unicum
1493 2987 1645 3041 matri
1682 3002 1793 3041 sua:
1819 2987 2059 3042 viviﬁca-

478 3071 589 3123 VItl
612 3070 855 3139 Nunquid
888 3071 1165 3140 phantasia
1195 3077 1495 3131 centurioni
1527 3092 1749 3146 puerum
1788 3077 2059 3131 condona-

480 3161 586 3214 vit?
635 3160 884 3229 Nunquid
938 3163 1213 3229 phantasia
1280 3165 1331 3217 in
1384 3179 1549 3220 cruce
1607 3168 1888 3234 pependit,
1933 3184 2055 3224 cum

481 3251 808 3305 tremefactis
834 3250 1140 3306 cardinibus
1180 3255 1359 3307 mundi
1413 3254 1601 3309 videns
1651 3262 1896 3312 centurio
1924 3272 2056 3312 con-

483 3340 773 3395 fessionem
818 3341 983 3406 dedit,
1036 3342 1241 3410 dicens,
1301 3351 1431 3398 Vere
1481 3343 1651 3401 Filius
1708 3346 1807 3401 Dei
1855 3330 1928 3403 est
1977 3348 2061 3404 hic

484 3430 699 3502 (Matth.
728 3446 901 3496 xxvtt,
924 3432 1049 3501 54)?
1092 3432 1337 3503 Nunquid
1381 3430 1711 3505 phantasiam
1744 3440 1796 3493 in
1835 3438 2062 3496 sindone

486 3525 713 3578 involvit
756 3522 980 3593 Joseph,
1021 3534 1077 3582 et
1122 3527 1297 3594 posuit
1318 3526 1371 3581 in
1405 3531 1785 3585 monumento?
1813 3530 2062 3602 Nunquid

485 3615 798 3683 phantasma
840 3630 868 3667 ιι
913 3616 1134 3670 mortuis
1164 3627 1282 3685 post
1323 3628 1430 3673 tres
1469 3620 1584 3674 dies
1622 3623 1954 3690 resurrexit,
2005 3630 2062 3678 et

484 3709 537 3761 in
553 3706 715 3761 caelos
740 3707 999 3775 ascendit,
1024 3718 1078 3763 et
1106 3711 1246 3765 sedit
1273 3711 1339 3765 ad
1360 3712 1635 3768 dexteram
1660 3715 1868 3771 Patris?
1885 3717 2058 3785 Absit,

484 3815 516 3850 υ
555 3796 873 3865 Manicha-e,
905 3800 959 3854 in
984 3815 1091 3871 quo
1116 3800 1368 3858 diabolus
1396 3806 1645 3862 universa
1693 3813 2060 3877 phantasmata

484 3889 685 3942 erroris
696 3901 775 3945 est
793 3900 1045 3960 Operatus
1071 3908 1085 3945 :
1115 3893 1412 3961 przesenim
1425 3909 1548 3949 cum
1562 3897 1675 3951 haec
1696 3907 1885 3953 cuncta
1902 3914 2063 3967 supe-

418 3995 424 4003 ·
484 3982 595 4034 rius
627 3992 938 4046 memorata,
965 3998 1083 4052 quae
1098 3984 1403 4053 specialiter
1433 4001 1529 4055 pro
1559 3987 1775 4044 homine
1802 3990 2061 4046 mirabilia

482 4070 774 4136 suntdicta,
792 4073 931 4127 Deus
946 4087 1103 4129 verus
1122 4078 1172 4128 in
1189 4077 1351 4146 239
1367 4077 1600 4145 homine,
1614 4086 1811 4149 autpro
1825 4080 2058 4149 homine,

481 4171 573 4214 aut
593 4176 687 4230 per
709 4163 828 4215 non.
838 4165 977 4218 inem
992 4179 1174 4219 verum
1187 4167 1256 4221 sit
1271 4179 1542 4236 operatus.
1561 4168 1790 4240 Ideoque
1801 4185 2063 4242 cognosce

482 4253 535 4306 in
569 4254 668 4307 hoc
698 4256 815 4309 loco
844 4266 898 4309 et
930 4267 1006 4324 tu,
1038 4272 1071 4311 ο
1098 4259 1317 4324 Ariane,
1349 4276 1507 4330 quem
1551 4262 1797 4318 diabolus
1836 4265 1892 4319 in
1933 4279 2061 4335 agro

480 4346 753 4399 dotnimco
782 4346 918 4401 inter
951 4347 1146 4402 bonum
1185 4349 1418 4406 triticum
1457 4369 1619 4410 ausus
1648 4364 1734 4411 est
1770 4356 1837 4410 ad
1884 4358 2063 4411 eradi-

482 4436 710 4489 candutn
745 4452 929 4491 semen
968 4454 1123 4493 suum
1146 4441 1369 4497 zizanite
1398 4447 1690 4515 seminare,
1715 4457 1771 4502 ut
1801 4452 2054 4520 scriptum

482 4532 565 4577 est
594 4540 607 4575 :
638 4525 759 4579 Scio
802 4543 955 4595 opera
984 4537 1090 4595 tua,
1124 4533 1261 4599 quod
1286 4549 1467 4588 nomen
1509 4536 1663 4593 habes

484 4616 645 4679 vivas,
675 4626 723 4671 et
758 4634 869 4671 ecce
898 4631 1127 4675 mortuus
1149 4637 1219 4676 es.
1243 4620 1368 4677 Esto
1391 4625 1560 4696 itaque
1584 4630 1820 4699 vigilans,
1852 4642 1902 4686 et
1929 4650 2053 4688 con-

484 4703 704 4758 stabilito
724 4708 917 4775 reliqua
937 4724 1048 4777 quis
1077 4711 1322 4766 moritura
1348 4724 1482 4768 sunt.
1518 4715 1640 4771 Non
1682 4721 1817 4772 enim
1857 4722 2056 4779 invenio

484 4797 891 4866 aperatuaplena
919 4816 1091 4854 coram
1118 4801 1354 4858 Domino.
1373 4804 2056 4880 Menteutoquemadmodum

484 4892 733 4958 acceperis
744 4896 1051 4960 etqumnodo
1071 4898 1331 4965 audieris;
1350 4916 1493 4954 serva
1512 4913 1560 4957 et
1579 4918 1673 4974 age
1692 4909 2058 4973 paenitentiam.

487 4980 583 5035 Sin
605 4995 738 5046 vero,
754 4985 950 5037 veniam
971 4988 1039 5039 ad
1063 4996 1109 5039 te
1130 4999 1181 5041 ut
1204 4989 1309 5059 fur,
1332 5002 1378 5044 et
1398 4995 1560 5049 nescis
1585 5011 1685 5064 qua
1709 4995 1837 5051 hora
1857 5001 2059 5054 veniam

484 5076 554 5127 ad
575 5084 620 5129 te
646 5074 830 5146 (Apoc.
851 5091 930 5144 ut,
948 5076 1026 5148 2).
1048 5083 1233 5147 Audis,
1256 5099 1289 5138 ο
1311 5086 1581 5155 btet-elice,
1602 5091 1692 5161 qui
1719 5108 1915 5151 nomen
1943 5105 2060 5151 tan-

487 5178 597 5223 tum
649 5167 940 5225 Christiani
989 5171 1176 5236 babes,
1205 5186 1261 5229 et
1290 5193 1384 5233 ore
1412 5180 1607 5237 diaboli
1651 5183 1920 5255 loqueris,
1962 5188 2057 5258 qui

486 5261 701 5331 ignoras
729 5275 887 5317 causa
916 5262 1331 5334 dispensationis
1360 5270 1590 5330 hominis
1615 5277 1816 5334 dictum
1845 5279 2016 5340 fuisse
2042 5301 2057 5339 :

490 5353 590 5417 Qui
615 5368 693 5407 me
716 5354 872 5423 misit,
903 5357 1068 5427 major
1097 5372 1175 5411 me
1200 5369 1273 5412 est
1302 5360 1483 5434 (locis.
1517 5383 1621 5433 xiv,
1653 5370 1773 5442 28).

558 5447 861 5504 llwreticus.
906 5449 1019 5518 Dic,
1053 5451 1383 5525 orthodoxe,
1432 5461 1477 5516 si
1522 5478 1618 5533 pro
1663 5466 2061 5538 dispensatione

488 5536 744 5609 hominis,
778 5550 837 5598 ut
859 5546 1079 5614 asseris,
1115 5549 1343 5617 positum
1373 5561 1455 5607 est
1482 5572 1497 5610 :
1524 5555 1625 5621 Qui
1666 5536 1764 5615 me
1791 5563 1929 5618 misit
1953 5583 2064 5621 ma-

484 5633 570 5704 ior
599 5653 676 5692 me
701 5648 808 5709 est,
843 5656 971 5715 ergo
1005 5658 1113 5714 quo
1151 5653 1390 5718 tempore
1433 5651 1632 5710 missus
1667 5670 1697 5713 a
1740 5657 1898 5717 Patre
1934 5666 2062 5722 est?

2156 1896 2315 1954 Pater
2344 1897 2596 1965 loquitur,
2626 1906 2678 1950 et
2705 1902 2962 1964 operante
2989 1892 3122 1947 Filio
3159 1892 3315 1946 Pater
3349 1889 3529 1944 uniter
3549 1903 3743 1958 opera-

2157 2003 2262 2063 tur,
2296 2003 2350 2050 et
2377 2003 2627 2049 manente
2656 1991 2880 2048 Patrein
2908 1990 3064 2054 Filio,
3085 1995 3266 2043 manet
3285 1986 3455 2042 Filius
3474 1985 3529 2040 in
3559 1984 3741 2039 Patre.

2162 2084 2319 2140 Vides
2368 2085 2647 2139 indivisam
2693 2097 2814 2137 esse
2862 2094 3106 2135 naturam
3141 2078 3432 2133 divinitatis
3476 2074 3656 2132 Patris
3691 2084 3782 2129 et'

2158 2179 2299 2246 Filii,
2323 2179 2449 2233 dum
2478 2177 2620 2248 quod
2651 2176 2885 2245 loquitur
2910 2184 3095 2228 natura
3126 2171 3278 2238 Filii,
3309 2170 3484 2227 uniter
3503 2168 3743 2238 loquitur

2158 2287 2209 2329 et
2241 2275 2443 2339 Patris;
2485 2281 2539 2328 et
2578 2272 2719 2341 quod
2766 2280 3017 2340 Operatur
3068 2276 3255 2323 natura
3285 2266 3421 2333 Filii,
3470 2265 3590 2320 haec
3629 2265 3743 2335 ipsa

2160 2364 2334 2418 uniter
2363 2378 2550 2418 natura
2596 2362 2886 2417 divinitatis
2922 2368 3172 2433 operatur
3204 2367 3258 2415 et
3285 2357 3481 2413 Patris.
3511 2357 3583 2411 Et
3619 2371 3743 2413 cum

2159 2466 2339 2509 manet
2369 2453 2683 2509 naturaliter
2717 2453 2883 2508 Filius
2906 2454 2956 2506 in
2987 2452 3165 2517 Patre,
3196 2449 3337 2506 idem
3368 2448 3600 2504 invicem
3632 2463 3747 2502 ma-

2160 2558 2252 2605 net
2290 2548 2718 2603 substantialiter
2753 2558 2809 2603 et
2846 2547 3003 2603 Pater
3034 2546 3088 2601 in
3111 2546 3267 2601 Filio.
3297 2544 3451 2602 Unde
3481 2553 3539 2599 ut
3565 2551 3749 2599 certus

2159 2642 2232 2695 sis
2260 2640 2399 2695 inter
2428 2648 2709 2694 exeuntem
2738 2647 2793 2693 et
2820 2653 2849 2692 a
2878 2651 2982 2706 quo
3007 2637 3221 2701 exierit,
3253 2644 3307 2689 ut
3336 2635 3450 2704 ipse
3477 2634 3595 2691 ait:
3627 2631 3745 2707 Ego

2160 2747 2191 2783 a
2228 2729 2380 2783 Patre
2404 2732 2565 2796 exivi,
2607 2730 2766 2801 230
2795 2738 2841 2781 et
2880 2730 2991 2782 veni
3024 2726 3198 2797 (Jomi.
3244 2741 3352 2789 xvi,
3383 2725 3499 2796 28),
3527 2729 3749 2779 nomina

2159 2820 2211 2875 in
2244 2824 2484 2891 personis
2510 2823 2882 2885 ostenduntur,
2907 2831 2961 2875 et
2990 2835 3097 2873 non
3128 2820 3272 2874 unita
3309 2818 3583 2887 plenitudo
3609 2818 3753 2873 divi-

2159 2914 2340 2970 nitatis
2369 2929 2488 2985 qua:
2511 2922 2595 2969 est
2621 2912 2930 2976 indiscreta,
2964 2911 3259 2966 dividitur:
3292 2911 3416 2965 dum
3455 2910 3547 2980 qni
3584 2924 3616 2963 a
3647 2909 3753 2963 Pa-

2161 3016 2243 3063 tre
2271 3005 2391 3072 fuit,
2432 3014 2486 3061 et
2532 3014 2637 3070 est,
2689 3012 2751 3059 ut
2791 3005 2906 3074 ipse
2954 3012 3215 3059 testatur:
3253 3001 3360 3074 Ego
3399 3002 3453 3054 in
3488 2998 3673 3060 Patre,
3704 3010 3753 3052 et

2162 3100 2318 3155 Pater
2334 3101 2387 3155 in
2411 3116 2489 3154 me
2507 3110 2581 3154 est
2612 3097 2789 3169 (Joan.
2816 3113 2921 3162 XIV,
2951 3095 3061 3163 ll).
3086 3097 3353 3152 Praeterea
3381 3093 3508 3148 dum
3541 3101 3597 3147 et
3626 3091 3755 3146 ubi-

2161 3206 2266 3262 que
2320 3204 2556 3260 praesens
2607 3190 2677 3243 sit
2707 3189 2821 3243 haec
2874 3189 3091 3243 unitatis
3137 3186 3434 3257 plenitudo,
3480 3192 3537 3239 et
3586 3198 3755 3237 omne

2161 3281 2449 3350 aditnpleat
2472 3281 2696 3335 interius
2722 3290 2771 3335 et
2805 3282 3067 3345 exterius,
3090 3294 3118 3333 a
3151 3282 3456 3333 summitate
3481 3277 3755 3331 caelorum

2162 3388 2332 3441 usque
2359 3372 2423 3426 ad
2449 3370 2770 3442 profundunt
2802 3372 3120 3436 inferorum,
3147 3373 3285 3429 sicut
3319 3370 3578 3440 scriptum
3612 3377 3713 3424 est
3741 3387 3757 3423 :

2161 3463 2275 3535 Ego
2312 3463 2563 3519 Dominus
2601 3463 2738 3519 Deus
2778 3466 2866 3535 qui
2909 3466 3093 3541 impleo
3127 3466 3337 3532 (telum,
3376 3476 3423 3518 et
3463 3473 3678 3529 terram,
3707 3475 3758 3519 et

2162 3555 2333 3609 omnia
2360 3571 2472 3629 quia
2502 3557 2554 3610 in
2587 3556 2658 3610 eis
2698 3566 2817 3610 sunt
2841 3555 3052 3627 (Jerem.
3087 3572 3250 3624 χχιιι,
3280 3556 3396 3627 24).
3429 3556 3593 3611 Υἱός-ε
3627 3556 3761 3611 uni-

2164 3658 2269 3704 tam
2299 3665 2418 3706 esse
2455 3650 2592 3707 hanc
2636 3650 3044 3722 plenitudinem,
3078 3653 3415 3708 indiseretam
3458 3666 3581 3708 esse
3606 3652 3761 3707 divi-

2162 3741 2403 3795 nitatem.
2435 3740 2612 3813 ltaque
2640 3744 2943 3807 censidera,
2969 3745 3089 3812 quia
3112 3744 3367 3815 quidquid
3402 3744 3468 3800 ad
3490 3746 3757 3801 deitatem

2162 3831 2410 3897 refertur;
2444 3832 2698 3889 unitatem
2729 3834 3069 3890 indiscretum
3117 3851 3237 3891 esse
3276 3837 3524 3908 designat
3552 3856 3567 3893 :
3594 3839 3763 3908 quid-

2162 3921 2289 3990 quid
2335 3936 2551 3977 causam
2593 3922 2828 3979 hominis
2867 3925 3100 3995 indicat,
3132 3938 3381 3983 naturam
3424 3930 3763 3991 infirmitatis

2162 4012 2413 4079 ostendit,
2443 4013 2580 4069 sicut
2609 4012 2725 4084 ipse
2752 4016 2849 4083 ait,
2882 4016 3112 4085 Spiritus
3153 4035 3359 4076 carnem
3389 4031 3437 4077 et
3484 4038 3603 4077 ossa
3648 4041 3765 4079 non

2162 4109 2327 4171 habet,
2353 4107 2486 4161 sicut
2526 4124 2605 4162 me
2630 4108 2806 4163 videtis
2836 4109 3024 4165 habere
3054 4111 3205 4181 (Luc.
3238 4129 3384 4182 ntv,
3409 4113 3521 4185 '59).
3556 4115 3764 4173 Nonne

2162 4198 2215 4251 in
2267 4197 2370 4251 hoc
2414 4196 2560 4253 dicto
2611 4198 2880 4255 hominem
2928 4202 3208 4258 ostendit?
3260 4204 3392 4260 Nam
3450 4207 3762 4264 secundum

2164 4285 2330 4343 Deum
2356 4288 2434 4341 sic
2475 4302 2788 4357 prosecutus
2823 4303 2940 4347 eSt:
2970 4292 3197 4363 Spiritus
3242 4307 3315 4352 est
3351 4298 3437 4367 qui
3472 4299 3705 4369 vivi/ian
3739 4318 3760 4356 :

2162 4394 2279 4430 nam
2300 4394 2421 4431 caro
2442 4378 2573 4433 nihil
2596 4383 2836 4451 prodest:
2862 4382 3009 4436 verba
3036 4400 3150 4454 quae
3185 4401 3278 4455 ego
3298 4388 3499 4441 locutus
3523 4404 3645 4442 sum
3667 4406 3765 4445 vo-

2085 4487 2134 4547 υ
2160 4470 2254 4534 bis,
2286 4471 2495 4537 spiritus
2521 4480 2569 4525 et
2590 4475 2688 4526 vita
2707 4485 2826 4527 sunt
2856 4474 3037 4547 (loan.
3075 4493 3147 4544 vt,
3175 4478 3288 4551 64).
3321 4480 3479 4536 Vides
3506 4481 3629 4551 quia
3665 4486 3763 4541 ubi

1694 4547 1891 4636 ξαηιιπι
1916 4544 2053 4612 quo“
2088 4544 2117 4547 f
2159 4565 2531 4619 auctoritatem
2554 4565 2734 4632 refert,
2757 4544 3086 4627 divinitatem
3119 4544 3396 4629 indivisam
3425 4544 3547 4633 esse
3565 4588 3764 4636 osten-

2162 4652 2269 4719 dit;
2295 4654 2382 4709 u'bi
2403 4654 2467 4709 ad
2486 4656 2777 4726 hominem,
2796 4670 3036 4717 naturam
3058 4664 3379 4722 infirmitatis
3394 4667 3663 4737 designat.
3681 4673 3766 4728 Ac

2163 4758 2260 4814 per
2282 4747 2382 4799 hoc
2404 4747 2577 4801 omnis
2605 4758 2839 4817 potestas
2870 4752 2982 4807 Deo
3011 4765 3094 4810 est
3127 4758 3465 4826 ascribcnda,
3493 4772 3549 4814 et
3572 4767 3768 4819 omnis

2168 4835 2451 4892 infirmitas
2472 4838 2675 4895 homini
2702 4852 2786 4898 est
2810 4844 3138 4915 imputanda,
3178 4852 3316 4905 sicut
3340 4853 3453 4923 ipse
3480 4855 3557 4908 ait
3586 4872 3599 4908 :
3634 4856 3769 4913 Tri-

2168 4931 2259 4983 stis
2287 4941 2360 4984 est
2381 4934 2551 4986 anima
2577 4952 2689 4989 mea
2709 4953 2862 5008 usque
2882 4941 2951 4994 ad
2977 4953 3187 4997 mortem
3213 4945 3425 5017 (Matth.
3449 4964 3600 5015 snt,
3633 4954 3765 5026 58).

2167 5022 2338 5093 Rogo,
2371 5025 2460 5093 qui
2498 5027 2701 5097 major?
2734 5030 2824 5102 qui
2859 5036 3170 5105 assumpsit,
3202 5053 3271 5091 an
3311 5041 3400 5108 qui
3440 5022 3769 5112 assumptus

2168 5116 2285 5171 est?
2319 5115 2489 5186 Deus,
2532 5135 2600 5174 an
2643 5124 2837 5178 homo?
2866 5124 2967 5183 hoc
3008 5138 3091 5184 est
3118 5129 3290 5186 forma
3321 5134 3435 5200 Dei,
3478 5150 3548 5190 an
3577 5136 3768 5194 forma

2166 5209 2311 5261 servi
2343 5206 2608 5266 hominis?
2628 5215 2717 5282 qui
2742 5215 3021 5286 clarificat,
3045 5230 3138 5276 aut
3159 5226 3248 5292 qui
3279 5226 3605 5284 clarificatus
3630 5244 3729 5287 est
3745 5235 3773 5288 τ

2168 5298 2303 5393 sicut
2328 5300 2443 5393 ipse
2466 5301 2633 5358 dicit:
2660 5305 2813 5362 Nunc
2847 5310 3161 5381 clariﬁcatus
3194 5326 3270 5372 est
3300 5316 3471 5375 Filius
3505 5321 3772 5393 hominis,

2168 5400 2213 5485 et
2237 5388 2383 5485 ’θυαε
2409 5392 2765 5462 honoriﬁcavit
2791 5416 2904 5454 eum
2938 5405 2991 5457 in
3024 5422 3079 5460 se
3117 5406 3296 5478 (lauti.
3327 5427 3438 5477 sui,
3463 5414 3581 5485 3i).

2168 5481 2343 5580 sidera
2371 5484 2480 5555 jam
2517 5488 2569 5542 in
2616 5491 2699 5547 his
2741 5492 2899 5550 dictis
2927 5514 3083 5555 unam
3114 5518 3397 5573 personam
3422 5481 3625 5580 duplici
3668 5532 3777 5570 vo-

2167 5578 2360 5673 cabulo
2402 5579 2729 5673 declaratam
2769 5604 2910 5652 esse.
2954 5595 3046 5650 Dei
3095 5608 3151 5653 et
3194 5600 3448 5667 hominis,
3490 5578 3779 5673 Ᾰῃηβωιυ

2169 5668 2423 5727 dicente:
2460 5672 2605 5731 Unus
2649 5679 2783 5734 enim
2821 5681 2983 5748 Deus,
3034 5704 3165 5745 unus
3202 5703 3249 5746 et
3285 5668 3559 5751 mediator-
3585 5699 3691 5756 Dei
3718 5714 3774 5756 et
