3958 6176
267 332 363 386 261

1508 317 1594 371 DE
1632 307 2002 369 ἰιιιΝιτΑτΕ
2048 308 2177 364 ιλιι.
2219 307 2303 363 ΙΙΙ.

3420 292 3527 366 262

270 443 560 503 hominum,
608 441 760 489 homo
802 435 1029 490 Christus
1069 431 1217 485 Iesus
1257 427 1307 500 (ι
1340 427 1475 481 Tun.
1522 442 1578 491 tt,
1612 425 1688 496 εἰ).
1716 423 1840 478 Sive
1871 424 1923 482 Δ
1950 436 2028 473 me
2048 421 2184 473 misit
2221 424 2385 490 major
2412 437 2488 475 me
2514 432 2586 474 est
2626 420 2805 491 (Joan.
2854 435 2964 485 xlv,
2997 419 3113 481 98).
3154 418 3282 473 εἴγε
3330 420 3383 473 in
3427 421 3525 476 hoc

271 535 369 585 hoc
394 549 407 583 :
439 529 691 582 Mediator
716 538 886 580 autem
916 527 1061 578 unius
1088 540 1187 575 non
1214 529 1307 574 est.
1344 519 1480 573 Dcus
1508 528 1677 571 autem
1718 532 1852 568 unus

269 634 342 677 est
372 620 517 691 (Gal.
552 634 631 682 nt,
659 616 772 682 9.0).
836 616 994 669 Vides
1033 627 1195 666 unum
1240 625 1359 664 esse
1396 609 1581 673 Deum,
1638 616 1691 660 et
1746 621 1852 658 non

270 714 499 765 alterum
523 708 576 763 in
602 722 833 776 persona
853 720 973 759 esse
1002 704 1347 756 mediatorem
1370 699 1463 753 Dei
1482 708 1537 753 et
1553 698 1847 762 hominum,

271 801 543 855 Christum
576 797 779 853 Iesum.
813 796 919 851 Sed
941 810 971 849 e
995 794 1207 847 diverso
1234 790 1368 845 dicis
1396 789 1547 853 mihi,
1575 788 1849 842 haeretice:

274 892 327 943 In
369 908 473 944 una
513 903 741 958 persona
772 886 895 956 quid
937 892 1109 954 potest
1158 882 1428 937 discerni?
1479 880 1619 950 Ergo
1663 880 1705 933 si
1750 894 1851 933 non

274 982 565 1046 discernis,
589 988 768 1032 certus
793 986 911 1031 esto
959 978 1081 1044 quia
1113 983 1165 1028 et
1195 973 1445 1029 deitatem
1470 986 1678 1042 passam
1698 971 1855 1025 simul

273 1086 393 1124 esse
423 1068 685 1122 ostendis.
716 1067 891 1121 Etcur
921 1076 973 1119 tu
1007 1067 1058 1118 in
1077 1080 1181 1118 uno
1200 1064 1413 1117 homine
1440 1060 1855 1117 causamanimze

276 1162 565 1223 discernis,
608 1159 857 1211 lueretire
912 1157 1201 1211 secundum
1242 1153 1565 1207 dominicum
1632 1151 1854 1214 dictum,

277 1268 337 1307 co
364 1253 513 1322 quod
544 1267 648 1305 non
678 1250 870 1303 debeat
900 1247 1075 1302 timeri
1100 1251 1278 1309 homo,
1301 1245 1391 1313 qui
1417 1244 1609 1298 habeat
1630 1254 1858 1311 potesta-

276 1356 381 1397 tem
415 1343 671 1397 occidere
695 1354 913 1409 corpus,
937 1340 1167 1392 animam
1190 1347 1364 1391 autem
1398 1352 1500 1390 non
1531 1336 1697 1404 possit
1718 1334 1859 1388 oet-i-

275 1438 442 1490 dere?
475 1436 534 1490 Si
564 1444 619 1488 tu
650 1434 702 1487 in
737 1438 831 1485 liae
868 1447 1024 1485 causa
1064 1431 1295 1483 animam
1331 1430 1485 1500 231
1519 1437 1721 1480 tantum
1752 1428 1861 1480 dis-

276 1527 458 1580 cernis
482 1527 536 1576 in
564 1538 666 1576 una
711 1537 936 1591 persona
976 1519 1228 1582 hominis,
1261 1535 1379 1588 qua:
1417 1517 1483 1571 ab
1514 1517 1727 1569 homine
1754 1531 1858 1569 non

280 1615 648 1670 interimitur:
680 1622 879 1682 quanto
919 1611 1083 1680 magis
1114 1624 1211 1663 nos
1242 1608 1294 1661 in
1321 1623 1420 1661 una
1446 1621 1672 1676 persona
1697 1605 1787 1659 Dei
1810 1614 1861 1658 et

278 1706 538 1769 hominis,
572 1705 673 1758 hoc
715 1712 817 1767 est,
849 1702 968 1755 Filii
1017 1700 1136 1763 Dei,
1169 1714 1383 1751 causam
1428 1696 1859 1762 immortalitatis,

1952 509 2120 573 dicto.
2150 511 2200 563 in
2228 522 2335 579 quo
2364 511 2505 564 soles
2538 510 2946 579 argumentari:
2981 508 3117 575 Quid
3154 524 3233 561 me
3269 508 3397 562 dicis
3439 509 3526 562 bo«

1955 600 2110 651 num?
2139 615 2283 651 nemo
2332 601 2512 663 bonus,
2558 600 2657 653 nisi
2698 601 2837 653 solus
2872 596 3014 652 Deus
3056 598 3209 665 (Luc.
3256 613 3369 660 xvr,
3416 597 3529 667 {9);

1953 701 2073 740 cum
2103 688 2210 741 alio
2231 686 2283 740 in
2315 687 2433 741 loco
2459 689 2572 756 ipse
2604 689 2784 742 dicat:
2811 688 2890 741 An
2934 689 3112 742 oculus
3150 696 3269 740 tuus
3313 704 3530 755 nequam
3588 693 3606 704 ’

1954 785 2048 840 est,
2081 777 2198 845 quia
2228 792 2317 847 ego
2349 756 2647 831 bonussum
2680 777 2892 848 (Matth.
2913 793 3004 843 xx,
3036 776 3166 847 15)?
3192 776 3296 831 Sed
3322 786 3375 831 et
3400 777 3528 831 hoc:

1956 864 2068 935 Ego
2090 883 2201 920 sum
2222 875 2392 935 pastor
2416 867 2573 920 bonus
2604 866 2783 937 (Joan.
2815 882 2867 933 ι,
2905 865 3017 934 14).
3052 864 3201 920 Sicut
3230 874 3284 919 et
3309 865 3375 921 de
3406 881 3530 933 pcr-

1954 971 2083 1011 sona
2113 959 2280 1011 sancti
2302 958 2531 1025 Spiritus
2571 959 2649 1013 sic
2692 968 2903 1012 cautum
2938 959 3276 1010 invenimus:
3305 955 3531 1026 Spiritus

1955 1056 2074 1100 tuus
2099 1048 2257 1100 bonus
2281 1049 2492 1101 deducet
2522 1065 2597 1101 me
2624 1050 2675 1101 in
2713 1049 2792 1101 ria
2836 1057 2970 1102 recta
3004 1046 3175 1117 (Paul.
3205 1061 3343 1100 CXLII
3368 1086 3383 1110 ,
3419 1047 3530 1115 10).

1960 1136 2117 1191 Disce
2147 1153 2303 1190 unam
2329 1152 2447 1191 esse
2477 1137 2764 1191 bonitatem
2801 1138 2853 1189 in
2886 1148 3073 1189 natura
3102 1136 3293 1200 Patris,
3313 1144 3365 1189 et
3390 1136 3531 1200 Filii,

1957 1238 2009 1282 ct
2037 1231 2203 1283 sancti
2249 1229 2499 1299 Spirtus.
2546 1230 2709 1297 Igitur
2764 1230 2848 1282 vel
2891 1244 3030 1281 nunc
3080 1227 3349 1297 perpende
3409 1228 3530 1294 quia

1957 1322 2133 1374 omnis
2172 1322 2451 1375 inﬁrmitas
2500 1322 2702 1374 homini
2753 1328 2835 1374 est
2881 1320 3213 1389 imputanda,
3256 1326 3311 1373 et
3355 1322 3535 1374 omnis

1960 1419 2195 1478 potestas
2226 1410 2477 1489 bon/italis
2509 1393 2810 1479 signorunt’
2826 1411 2908 1464 vel
2951 1410 3311 1479 prodigiorum
3350 1409 3537 1464 deitati

1961 1501 2250 1555 indiscrete
2278 1501 2554 1554 Trinitatis
2576 1510 2657 1554 est
2685 1502 3024 1555 ascribenda.

2036 1592 2333 1647 "creticus.
2373 1594 2716 1663 lnterrogabo
2766 1602 2817 1648 te
2849 1608 2979 1661 ergo
3017 1592 3062 1646 si
3092 1606 3193 1644 una
3224 1600 3409 1644 natura
3441 1590 3539 1646 Pa-

1964 1687 2060 1741 tris
2108 1699 2159 1741 et
2192 1686 2310 1740 Filii
2345 1686 2629 1740 indiscreta
2657 1695 2736 1740 est
2767 1685 2857 1755 qui
2897 1686 2973 1739 ait
3001 1701 3014 1737 :
3044 1683 3155 1754 Ego
3185 1683 3237 1736 in
3279 1680 3456 1747 Patre,
3490 1692 3540 1735 ct

279 1801 330 1853 id
365 1807 451 1852 est
470 1798 725 1851 deitatem
766 1794 833 1849 ab
860 1793 1088 1848 hominis
1117 1792 1324 1845 inﬁrma
1367 1799 1557 1843 natura
1593 1788 1855 1841 discerni-
1889 1784 1933 1842 Β
1970 1777 2122 1831 Pam
2150 1779 2203 1831 in
2229 1794 2306 1830 me
2332 1776 2505 1843 (Joan.
2541 1792 2651 1843 λιν,
2683 1777 2771 1847 Η)
2810 1792 2823 1841 ;
2852 1784 2905 1831 ει
2934 1790 3091 1829 causa
3129 1772 3540 1842 dispensationis

281 1892 434 1946 mus?
460 1888 703 1959 Denique
731 1889 899 1943 Deum
938 1886 1120 1940 adhuc
1150 1885 1273 1940 audi
1304 1885 1604 1953 loquentem
1633 1902 1643 1933 :
1675 1882 1865 1936 Solvite

282 1989 527 2054 templum
556 1986 671 2045 hoc,
698 1994 745 2036 et
769 1984 821 2035 in
846 1983 1003 2036 tribus
1018 1980 1194 2034 diibus
1220 1979 1472 2033 suscitabo
1510 1975 1642 2029 illud
1682 1974 1862 2042 (Jonn.

284 2096 338 2141 ll,
375 2080 487 2147 l9).
514 2076 771 2146 Nunquid
804 2075 976 2128 deitas
997 2073 1252 2127 dissoluta
1283 2080 1387 2135 est,
1419 2070 1689 2124 Marcellio
1719 2069 1866 2123 Mon-

284 2173 472 2233 tensis,
514 2180 572 2223 ιιι
608 2182 909 2231 asseveras,
953 2167 1065 2219 sive
1095 2164 1382 2232 sapientia,
1418 2161 1503 2214 vel
1550 2162 1719 2214 virtus
1769 2159 1862 2214 Dei

286 2262 481 2325 Patris,
510 2272 564 2314 et
600 2274 704 2313 non
735 2258 930 2311 homo?
956 2256 1140 2323 Utique
1171 2255 1330 2308 homo
1370 2269 1496 2308 vere
1530 2267 1719 2323 passus
1762 2262 1861 2317 est,

286 2354 371 2422 qui
403 2352 664 2419 templum
698 2349 792 2404 Dei
826 2348 994 2403 lactus
1020 2356 1122 2409 est,
1156 2345 1243 2413 qui
1279 2344 1347 2400 ab
1386 2344 1501 2412 ipso
1525 2344 1866 2398 resuscitatus

287 2455 389 2505 est,
423 2443 563 2494 sicut
584 2439 864 2507 Seriptura
892 2436 1066 2490 divina
1109 2445 1333 2488 testatur
1360 2451 1371 2485 :
1398 2433 1603 2503 (.‘onﬁge
1640 2432 1797 2486 clavis
1836 2449 1868 2484 a

288 2534 467 2583 timore
497 2542 584 2582 tuo
606 2544 783 2581 carnes
808 2542 945 2579 meas
967 2522 1133 2591 (Psal.
1170 2537 1359 2588 cxvttt,
1393 2521 1531 2590 ΗΟ).
1572 2521 1700 2576 Sive
1731 2520 1862 2574 hoc:

290 2621 354 2674 Et
376 2622 619 2674 titlebunt
642 2621 691 2671 in
716 2633 862 2687 quem
891 2624 1325 2681 transpunxerunt
1359 2612 1538 2686 (Joan.
1582 2628 1669 2666 six
1696 2652 1709 2673 ,
1753 2610 1866 2678 37).

287 2711 532 2779 Nunquid
556 2710 891 2763 divinitatem
920 2706 1082 2761 clavis
1106 2706 1363 2768 ﬁxerunt,
1396 2713 1486 2758 aut
1525 2705 1704 2758 lancea
1732 2704 1868 2757 lora-

289 2802 516 2857 verunt?
549 2802 728 2854 Absit.
755 2797 942 2853 Nonne
970 2811 1072 2850 una
1096 2809 1320 2863 persona
1364 2795 1478 2849 Filii
1513 2794 1603 2848 Dei
1642 2804 1745 2857 est,
1778 2809 1873 2862 per

289 2911 448 2965 quam
474 2907 637 2947 causa
664 2900 809 2946 tanta
838 2888 1215 2958 distinguitur?
1239 2888 1402 2957 Rogo,
1434 2887 1479 2943 si
1503 2888 1613 2954 itse
1644 2886 1674 2940 ἱ.
1703 2888 1870 2940 ﬁtnti-

291 2999 453 3041 tatem
491 2983 748 3047 hominis,
790 2997 948 3050 quam
980 2981 1307 3050 assumpsit,
1346 2979 1731 3033 immortalitati
1761 2993 1873 3032 sum

289 3096 399 3132 non
425 3076 732 3145 imputavit,
770 3086 823 3128 tu
871 3082 1069 3125 tantam
1114 3081 1165 3124 et
1214 3081 1317 3124 tam
1349 3071 1660 3124 immensam
1706 3069 1873 3123 deita-

1972 1867 2210 1922 ltominis
2232 1866 2432 1920 dictum
2474 1866 2637 1921 fuisse
2677 1869 2874 1921 asseris
2904 1883 2916 1917 :
2954 1867 3055 1931 Qui
3088 1881 3165 1919 me
3203 1864 3338 1917 misit
3374 1866 3541 1932 major

1969 1976 2046 2011 me
2074 1969 2145 2011 est
2174 1957 2351 2026 (Joan.
2381 1973 2488 2023 xtv,
2519 1958 2612 2027 ‘28)
2645 1974 2657 2009 :
2690 1956 2813 2025 quid
2835 1956 2941 2024 jam
2974 1957 3038 2008 de
3063 1967 3284 2021 persona
3314 1953 3543 2020 Spiritus

1969 2048 2215 2101 Paracliti
2246 2047 2484 2100 dicturus
2514 2047 2613 2100 es?
2650 2048 2825 2099 minor
2876 2059 2983 2097 non
3040 2054 3143 2105 est,
3200 2042 3288 2108 qui
3335 2054 3364 2092 a
3411 2041 3543 2093 Filio

1968 2146 2160 2198 missus
2188 2144 2305 2198 est?
2336 2144 2470 2195 sicut
2500 2143 2612 2207 ipse
2634 2141 2746 2194 ait:
2778 2140 2838 2195 Si
2882 2154 2982 2191 non
3024 2138 3217 2200 abiero,
3253 2133 3544 2186 Paraclittrs

1967 2252 2066 2289 non
2096 2235 2274 2289 veniet.
2310 2232 2376 2285 Et
2407 2233 2451 2286 si
2473 2233 2664 2295 abiero,
2690 2231 2887 2282 mittam
2918 2244 3033 2279 cum
3072 2228 3138 2277 ad
3173 2240 3255 2279 ros
3274 2265 3288 2288 ,
3312 2235 3358 2277 et
3392 2225 3544 2277 dore-

1969 2325 2039 2377 bit
2064 2341 2148 2377 vos
2178 2339 2373 2376 omnem
2398 2323 2655 2374 veritatem
2687 2319 2866 2391 (Joan.
2900 2333 3004 2382 st't,
3038 2317 3131 2385 7)?

2041 2415 2370 2467 Athanasius.
2397 2414 2439 2466 0
2466 2411 2702 2467 inaudita
2734 2410 2907 2463 adhuc
2934 2409 3143 2477 penitus
3169 2416 3272 2460 tam
3296 2404 3545 2475 inqu'sita

1970 2505 2305 2575 perseriptio.
2342 2503 2521 2563 Itaque
2550 2511 2865 2571 attggerente
2896 2501 3011 2567 ipso
3041 2499 3104 2551 de
3135 2514 3193 2552 se
3218 2508 3403 2552 sancto
3426 2499 3546 2565 Spi-

1970 2597 2097 2659 ritu,
2126 2610 2266 2646 nunt:
2295 2603 2506 2660 oportet
2552 2608 2648 2647 nos
2696 2607 2857 2645 unum
2904 2605 3002 2658 pro
3045 2590 3224 2643 multis
3276 2590 3547 2658 pertimus

1971 2687 2100 2741 dare
2147 2684 2479 2739 auctoritatis
2526 2684 2851 2751 exemplum.
2901 2681 3167 2734 Memento
3219 2683 3547 2749 reciprocam

1972 2795 2093 2835 esse
2126 2782 2260 2833 hanc
2292 2788 2494 2832 natura:
2522 2778 2773 2831 virtutem
2818 2775 3074 2828 mittentis
3113 2783 3164 2827 et
3203 2774 3372 2835 ιιιίεκί,
3421 2774 3546 2827 dllltt

1974 2870 2061 2924 hic
2089 2871 2175 2939 qui
2221 2885 2359 2923 nunc
2392 2869 2584 2921 missus
2628 2876 2732 2931 cst,
2782 2866 2895 2932 ipse
2932 2864 3043 2932 jam
3091 2864 3293 2931 pridem
3340 2864 3550 2917 misisse

1975 2962 2271 3016 mittentem
2306 2959 2623 3013 inveniatur.
2657 2956 2895 3024 Denique
2936 2970 3027 3024 per
3072 2968 3310 3008 sanctum
3363 2955 3551 3008 Isaiam

1980 3057 2259 3109 Dominum
2289 3053 2379 3107 Dei
2427 3052 2618 3106 Filium
2650 3050 2835 3118 accipe
2865 3056 3145 3102 te:tantem
3183 3064 3194 3099 :
3225 3049 3457 3101 Accedte
3483 3050 3551 3100 ad

292 3181 420 3231 tem,
470 3182 566 3234 per
596 3181 756 3233 quam
806 3164 980 3217 omnia
1016 3173 1140 3217 sunt
1180 3163 1337 3223 facta,
1389 3162 1587 3216 homini
1631 3161 1867 3229 passiltili

1978 3163 2074 3207 nte,
2115 3156 2159 3198 et
2191 3143 2361 3197 aud'te
2400 3144 2525 3195 ha'c.
2559 3139 2681 3193 Non
2723 3139 2785 3193 ab
2825 3138 2972 3191 initio
3012 3138 3065 3190 in
3110 3138 3305 3190 occulto
3357 3137 3553 3190 locutus

289 3259 552 3314 ascribis?
583 3257 733 3312 Sicut
768 3266 819 3309 et
862 3264 915 3308 tu
960 3254 1193 3323 (.triane)
1228 3254 1366 3307 soles
1396 3267 1698 3322 proponere
1731 3254 1874 3320 Apo-

291 3366 315 3403 s
341 3351 491 3403 olom
519 3350 725 3403 dixisse
751 3365 763 3400 :
793 3347 977 3400 Omnia
1017 3346 1239 3417 subjecta
1278 3354 1395 3400 sunt
1434 3345 1501 3409 ei,
1544 3355 1728 3412 praeter
1760 3360 1873 3397 eum

292 3447 377 3509 qui
410 3442 628 3511 subjecit
662 3440 707 3493 ei
740 3438 930 3492 omnia.
970 3436 1107 3490 Nam
1149 3452 1263 3488 cum
1309 3435 1532 3505 subjecta
1570 3436 1648 3488 illi
1683 3435 1873 3503 fuerint

293 3536 485 3594 omnia,
520 3544 564 3586 et
588 3533 694 3601 ipse
713 3534 967 3601 subjectus
993 3531 1086 3581 erit
1122 3528 1166 3580 ei
1214 3529 1299 3597 qui
1337 3528 1433 3579 sibi
1471 3528 1683 3597 subjecit
1704 3531 1875 3579 omnia

294 3627 343 3695 (Ι
380 3627 503 3678 Cor.
538 3640 631 3687 xv,
655 3623 771 3691 27).
803 3622 909 3674 Hoc
937 3621 1208 3675 evidenter
1233 3620 1298 3672 ad
1338 3618 1586 3672 deitatem
1619 3616 1740 3674 Filii
1784 3618 1874 3671 Dei

293 3734 399 3771 non
450 3716 689 3785 pertinet
737 3713 979 3777 dictum,
1028 3711 1153 3764 dutn
1201 3725 1294 3778 per
1342 3708 1515 3778 ipsum
1539 3719 1728 3764 cuncta
1770 3709 1877 3764 sint

294 3809 455 3875 facta,
486 3816 541 3861 et
569 3821 783 3874 semper
815 3804 884 3857 illi
928 3802 1121 3857 luerint
1156 3801 1399 3869 sobdita,
1433 3802 1554 3870 quia
1608 3816 1764 3854 nemo
1808 3803 1875 3854 sit

295 3903 382 3972 qui
407 3903 635 3955 factura:
659 3914 771 3952 sua:
795 3912 900 3951 non
919 3896 1221 3950 dominetur
1243 3909 1474 3961 semper.
1510 3893 1657 3948 Unde
1678 3894 1875 3948 homini

297 3995 381 4060 qui
406 4007 583 4060 nuper
607 4000 762 4043 natus
788 3999 900 4055 est,
934 3986 1051 4042 sine
1089 3986 1251 4041 dubio
1287 3994 1410 4041 ante
1455 3986 1757 4055 passionem
1802 3986 1876 4040 illi

298 4102 402 4138 non
436 4085 639 4138 fuerint
667 4082 937 4148 subjecta,
985 4095 1105 4134 cum
1143 4079 1317 4134 adhuc
1356 4079 1469 4144 ipse
1510 4078 1668 4131 homo
1718 4094 1779 4130 me
1810 4079 1877 4132 rti

298 4185 442 4231 esset
464 4191 564 4246 pro
599 4174 751 4229 nobis
774 4174 998 4228 debitor.
1033 4172 1181 4227 Unde
1208 4171 1315 4240 jam
1340 4180 1457 4239 post
1480 4170 1775 4238 passionem
1797 4173 1880 4226 vel

297 4270 698 4332 ascensionem,
728 4266 839 4319 sive
864 4264 1120 4333 judicium
1165 4262 1419 4328 lnturum,
1448 4264 1695 4316 universa
1727 4264 1884 4318 erunt

298 4362 348 4413 ei
370 4360 611 4421 subdita,
644 4358 787 4411 sicut
814 4357 927 4427 ipse
951 4356 1108 4410 homo
1125 4356 1192 4410 de
1213 4370 1271 4410 se
1297 4354 1577 4424 signiﬁcat,
1602 4357 1687 4420 qui
1711 4353 1884 4407 adhuc

300 4450 352 4503 in
380 4450 534 4505 cretis
567 4462 672 4503 non
704 4447 877 4503 fuerat
904 4465 917 4499 :
951 4447 1082 4501 Data
1114 4455 1186 4502 est
1224 4446 1350 4499 mihi
1386 4445 1547 4498 omnis
1582 4454 1799 4515 potestas
1826 4444 1879 4497 in

302 4539 422 4591 calo
442 4549 489 4591 et
518 4540 574 4591 in
610 4547 743 4590 terra
795 4536 1000 4604 (Matth.
1035 4550 1221 4599 xvvttt,
1257 4533 1365 4604 18).
1396 4534 1634 4602 Denique
1666 4533 1747 4586 vel
1779 4532 1881 4587 hoc

302 4626 482 4696 accipe
514 4645 527 4677 :
569 4625 630 4677 Et
663 4635 957 4695 potestatem
989 4625 1126 4677 dedit
1147 4625 1193 4678 ei
1208 4626 1274 4675 ad
1295 4623 1548 4693 judicium
1571 4623 1879 4692 faciendum,

300 4720 543 4785 quoniam
572 4716 621 4768 F
624 4719 745 4771 ilius
778 4717 995 4771 hominis
1019 4726 1093 4770 est
1123 4714 1299 4779 (Joan.
1326 4732 1376 4779 ν,
1406 4717 1522 4784 '27).
1567 4716 1659 4770 Vel
1692 4717 1879 4772 saltem

301 4806 370 4860 de
390 4807 538 4859 unita
572 4804 811 4860 bonitate
857 4816 1082 4872 naturai,
1123 4806 1287 4875 ipsius
1322 4805 1529 4859 Domini
1576 4803 1715 4858 dicta
1758 4820 1881 4861 sus-

299 4898 421 4968 cipe
446 4913 462 4951 :
492 4896 621 4952 Hac
649 4906 722 4952 est
737 4906 904 4952 autem
930 4899 1039 4951 vita
1057 4906 1269 4960 wterna,
1302 4905 1355 4948 ut
1386 4906 1689 4965 cognoscant
1725 4907 1772 4949 te
1796 4913 1880 4950 so-

300 4990 411 5041 lum
445 5004 618 5041 verum
662 4986 858 5050 Deum,
893 4996 939 5040 et
981 5002 1127 5056 quem
1177 4986 1358 5040 misisti
1402 4984 1577 5039 Jesum
1624 4985 1879 5041 Christum

302 5076 484 5149 (locis.
512 5092 640 5139 xvn,
667 5079 748 5145 3).
780 5076 1025 5145 Nunquid
1047 5091 1106 5131 se
1130 5075 1198 5132 de
1230 5076 1328 5130 hac
1362 5076 1475 5145 ipsa
1505 5077 1617 5130 sola
1648 5076 1881 5131 buttitate

299 5167 480 5223 Patris
506 5167 740 5221 alienum
773 5181 892 5221 esse
922 5165 1254 5236 perscripsit,
1299 5167 1389 5235 qui
1440 5167 1519 5221 sic
1559 5166 1835 5236 subiunxit
1864 5184 1878 5221 :

300 5256 528 5326 thuem
559 5258 738 5311 misisti
760 5256 936 5311 .Iesum
948 5256 1245 5311 Christum?
1270 5256 1400 5311 Nam
1427 5267 1483 5312 et
1514 5257 1670 5316 Pater
1693 5260 1880 5315 eadem

297 5358 527 5406 testatur
554 5368 569 5404 :
601 5349 866 5405 Eructavit
903 5366 992 5405 cor
1034 5364 1203 5404 meum
1236 5348 1460 5404 Verbum
1490 5350 1698 5420 bonum,
1724 5352 1883 5423 232

287 5445 413 5497 dico
440 5458 534 5512 ego
548 5458 703 5509 opera
723 5458 837 5494 mea
875 5442 983 5512 regi
1007 5439 1184 5511 (Psal.
1218 5455 1357 5503 xuv,
1385 5440 1463 5509 2).
1499 5440 1658 5495 Vides
1686 5440 1882 5495 bonum

297 5552 423 5592 esse
455 5535 687 5589 Verbum
733 5534 861 5597 Dei,
903 5532 992 5603 qui
1033 5532 1099 5588 de
1130 5532 1283 5587 Patre
1323 5530 1748 5586 substantialiter
1801 5532 1882 5584 vel

300 5626 620 5682 naturaliter
646 5625 914 5681 consistit.
946 5625 1068 5681 Ideo
1105 5624 1477 5693 hujuscemodi
1520 5636 1708 5676 omnes
1737 5635 1884 5674 com-

302 5716 612 5785 parationes
633 5730 728 5786 pro
759 5715 1067 5773 inﬁrmitate
1114 5714 1345 5773 hominis
1387 5722 1517 5771 sunt
1551 5712 1744 5768 dictas:
1779 5709 1882 5777 Qui

1974 3252 2087 3290 sum
2106 3251 2124 3288 :
2151 3251 2263 3287 cunt
2280 3236 2476 3301 ﬁerent,
2493 3232 2744 3285 illiceram
2761 3247 2778 3295 ;
2798 3241 2991 3282 etnunc
3020 3228 3268 3281 Dominus
3290 3230 3423 3281 misit
3444 3245 3552 3293 me,

1973 3338 2019 3384 et
2052 3327 2276 3396 Spiritus
2308 3328 2417 3394 ejus
2464 3323 2620 3392 (Isai.
2675 3338 2861 3386 vattt,
2896 3321 3007 3388 16).
3038 3321 3191 3375 Disce
3216 3322 3428 3374 tandem
3460 3321 3555 3374 al.-

1972 3419 2415 3491 quando.unitam
2445 3431 2564 3472 esse
2588 3417 2727 3470 hanc
2746 3422 2989 3469 naturam
3016 3412 3311 3466 divinitatis
3342 3412 3556 3465 mitten-

1976 3514 2042 3569 tis
2086 3520 2143 3568 et
2186 3509 2355 3576 tnissi,
2404 3509 2530 3564 dum
2568 3508 2654 3577 qui
2689 3519 2828 3559 nunc
2872 3506 2923 3558 in
2977 3502 3266 3570 Evangelio
3314 3502 3557 3570 quamvis

1975 3604 2263 3659 missurum
2296 3615 2356 3656 se
2384 3599 2640 3669 Spiritttm
2673 3595 2997 3650 Paraclitum
3024 3602 3246 3646 testatus
3264 3592 3353 3655 sit,
3380 3601 3557 3645 tamen

1976 3712 2035 3752 se
2064 3696 2179 3763 ipse
2209 3693 2274 3747 ab
2296 3706 2360 3748 eo
2386 3691 2494 3761 jam
2523 3690 2669 3759 prius
2702 3688 2921 3741 missum
2971 3699 3065 3753 per
3102 3693 3347 3737 sanctum
3393 3681 3560 3751 incly-

1980 3798 2087 3840 tum
2122 3784 2309 3838 Isaiam
2352 3782 2624 3850 professus
2665 3783 2773 3832 sit:
2804 3777 2929 3831 dum
2978 3775 3065 3830 hic
3105 3777 3192 3845 qui
3255 3774 3485 3827 mittitur
3531 3789 3560 3826 a

1979 3878 2221 3929 mittente
2252 3886 2520 3940 nunquam
2557 3869 2841 3932 dividitur,
2878 3867 2998 3935 quia
3044 3866 3327 3921 indiscreta
3374 3876 3561 3919 natura

1980 3976 2082 4031 est,
2107 3965 2231 4018 dum
2270 3963 2411 4017 inter
2440 3962 2737 4015 mittentem
2765 3968 2819 4013 et
2846 3960 3063 4011 missum
3113 3969 3353 4026 persona:
3381 3966 3562 4009 osten-

1980 4055 2176 4109 duntur
2200 4062 2253 4107 et
2284 4052 2425 4105 nulla
2460 4050 2511 4103 in
2560 4049 2834 4102 divinitate
2867 4045 3065 4100 divisio
3111 4053 3231 4110 est;
3295 4054 3561 4110 prasterca

1981 4147 2103 4200 dum
2133 4144 2324 4210 ubique
2340 4156 2576 4211 pnesens
2601 4139 2800 4195 sitltmc
2822 4137 2979 4208 233
3006 4136 3152 4190 unita
3184 4133 3478 4203 plenitudo.
3507 4141 3562 4188 et

1982 4238 2159 4292 omnia
2184 4234 2403 4303 impleat
2425 4233 2644 4287 interius
2674 4239 2730 4285 et
2759 4230 3017 4294 exterius,
3041 4242 3070 4280 a
3108 4227 3416 4281 summitate
3454 4240 3563 4278 car-
3614 4262 3628 4278 .

1984 4333 2152 4386 lorum
2184 4342 2349 4394 usque
2374 4325 2439 4380 ad
2472 4323 2788 4393 profundum
2815 4320 3128 4375 inferorum.

2057 4421 2360 4477 Ilwreticus.
2393 4417 2540 4486 Rogo
2568 4417 2613 4470 si
2633 4415 2795 4469 Filius
2826 4410 3058 4466 hominis
3087 4419 3189 4477 est,
3211 4407 3351 4463 utde
3378 4414 3563 4461 vetere

1910 4502 1956 4562 υ
1982 4516 2375 4585 Scripturarum
2404 4508 2721 4563 aneto-itate
2748 4504 2876 4559 mihi
2909 4502 3112 4556 indices
3146 4513 3349 4569 quaeso.

2054 4603 2384 4660 Athanasius.
2419 4598 2556 4653 Audi
2586 4595 3089 4667 psalmographum:
3120 4589 3239 4643 Fiat
3264 4604 3443 4643 manus
3473 4598 3564 4642 tua

1982 4716 2134 4769 super
2162 4698 2324 4750 virum
2373 4694 2592 4746 dexteri?
2625 4699 2743 4752 tute,
2790 4696 2835 4740 et
2862 4700 3017 4757 super
3069 4681 3266 4737 Filium
3321 4673 3561 4741 hominis.

1983 4806 2133 4862 quem
2164 4784 2483 4856 conﬁrmasti
2505 4781 2592 4834 tibi
2613 4778 2789 4850 (Psol.
2821 4792 3006 4843 Lutx,
3044 4775 3155 4846 18).
3179 4775 3329 4829 Sicut
3358 4783 3411 4828 et
3440 4788 3561 4827 san-

1984 4895 2102 4936 ctus
2133 4878 2316 4933 Daniel
2340 4882 2592 4930 testatur:
2633 4868 2876 4923 Videbam
2897 4868 2948 4920 in
2970 4867 3078 4920 visu
3103 4865 3285 4930 noctis,
3316 4880 3429 4919 ecce
3448 4879 3563 4917 cum

1981 4972 2193 5027 nubibus
2215 4966 2323 5022 εωιὶ
2366 4965 2640 5018 venientem
2685 4956 2879 5012 Filium
2909 4956 3129 5011 hominis
3155 4972 3176 5021 ,'
3202 4962 3247 5009 et
3287 4955 3567 5024 appropin-

1980 5065 2049 5115 vit
2069 5074 2227 5127 usque
2254 5055 2322 5108 ad
2343 5063 2555 5107 veterem
2581 5050 2780 5103 dierum
2804 5087 2818 5113 ,
2838 5055 2884 5098 et
2907 5045 3106 5098 oblatus
3132 5051 3201 5097 est
3234 5045 3281 5096 ei
3303 5043 3563 5110 principa-

1984 5166 2085 5219 tus,
2118 5163 2163 5206 et
2193 5153 2377 5212 honor,
2403 5156 2448 5200 et
2479 5144 2769 5216 imperium,
2795 5151 2844 5195 et
2860 5138 3024 5192 omnis
3050 5136 3210 5206 plebs,
3237 5146 3284 5191 et
3313 5135 3490 5198 tribus,
3517 5144 3565 5187 et

1984 5248 2171 5318 linguae
2207 5243 2424 5298 servient
2453 5240 2519 5293 ei.
2559 5236 2792 5289 Potestas
2832 5232 2971 5287 illius
3023 5239 3246 5301 potestas
3301 5235 3560 5297 perpetua,

1991 5315 2104 5411 qua:
2129 5352 2227 5389 non
2255 5333 2462 5397 desinit,
2494 5339 2541 5384 et
2582 5327 2850 5399 imperium
2869 5325 2980 5395 ejus
3003 5336 3106 5374 non
3146 5318 3366 5373 interibit
3402 5315 3564 5385 (Dan.

1992 5445 2084 5494 vn,
2119 5430 2226 5497 15).
2258 5427 2395 5483 Ecce
2425 5426 2595 5479 virum
2624 5424 2882 5486 dexterae,
2915 5430 3041 5472 ecce
3083 5414 3276 5470 Filium
3310 5413 3565 5475 hominis.

1991 5526 2124 5577 sicut
2150 5519 2437 5591 Apostolus
2466 5516 2597 5573 dicit
2622 5532 2633 5569 :
2667 5514 2769 5579 Qui
2800 5512 2967 5583 [actus
2990 5514 3061 5560 est
3083 5508 3128 5558 ei
3157 5519 3221 5557 ea:
3248 5505 3438 5558 semine
3464 5502 3567 5558 Da-

1989 5614 2073 5668 vid
2102 5613 2375 5668 secundum
2424 5624 2627 5664 carnem
2675 5605 2854 5677 (Rom.
2904 5614 2943 5665 ι,
2972 5597 3050 5668 5).
3097 5594 3228 5651 Nam
3274 5598 3570 5654 secundum

1990 5705 2237 5772 spiritum
2260 5704 2477 5761 deitatis
2505 5699 2582 5755 sic
2607 5698 2681 5753 ait
2707 5714 2720 5749 :
2756 5694 2859 5763 Qui
2886 5688 3277 5762 prwdestinatus
3302 5698 3374 5745 est
3397 5686 3572 5745 Filius
