4026 6176
398 280 506 337 363

1715 265 1939 323 VlGlLE
1977 261 2351 322 TAPSENSIS

3564 256 3664 311 2M

409 397 499 447 Itei
551 394 605 447 in
664 392 873 450 virtute,
924 388 1202 442 secundum
1273 385 1506 456 spiritum
1561 378 1981 449 sanctificationis
2012 377 2059 435 Α
2088 391 2227 430 littus
2251 385 2331 429 εει
2364 373 2547 438 Filius,
2581 372 2669 443 qui
2698 371 2991 427 secundum
3022 385 3239 426 carnem
3279 369 3664 439 primogenitus

398 474 603 547 illam,
621 482 899 551 t,«l).Sicut
924 482 1035 550 ipso
1062 476 1665 541 Pharisasosinterrogat
1694 473 1763 526 de
1788 470 1976 525 divini-

399 584 506 629 tate
556 588 678 628 sua:
714 573 848 637 Quid
880 572 1015 625 vobis
1060 570 1256 623 videtur
1294 567 1357 619 de
1387 564 1631 617 Christo?
1665 563 1813 633 cujus
1841 560 1980 628 filius

395 668 510 719 est?
560 665 957 729 Responderunt
1006 662 1051 713 ei
1095 659 1269 711 Judai
1305 674 1324 711 :
1369 656 1558 709 David.
1596 652 1663 707 Et
1719 654 1791 705 ait
1842 651 1978 704 illis:

401 756 673 819 Quomodo
704 770 823 822 ergo
857 750 1022 803 David
1045 751 1097 801 in
1136 748 1322 813 spiritu
1367 755 1508 799 vocat
1534 759 1644 797 cum
1678 742 1977 807 Dominum,

400 848 605 898 dicens:
647 844 787 897 Dixit
835 842 1082 895 Dominus
1125 838 1344 891 Domino
1375 853 1512 901 meo,
1549 835 1683 889 Sede
1731 852 1761 886 a
1788 834 1979 885 dextris

402 937 546 997 meis,
571 937 728 987 donec
755 948 940 1002 ponam
961 931 1193 984 inimicos
1215 939 1329 982 tuos
1353 926 1628 981 scabellum
1654 925 1838 992 pedum
1868 933 1981 974 tuo-

399 1028 551 1080 rum?
582 1027 641 1081 Si
672 1043 789 1095 ergo
831 1025 997 1078 David
1042 1026 1093 1076 in
1132 1023 1313 1088 spiritu
1361 1027 1501 1073 vocat
1537 1034 1649 1072 eum
1681 1014 1977 1074 Dominunt,

401 1121 652 1186 quomodo
687 1118 824 1185 [ilius
874 1116 984 1185 ejus
1035 1124 1105 1167 est
1132 1116 1154 1168 ?
1188 1111 1253 1165 Et
1285 1127 1429 1164 nemo
1450 1116 1646 1179 poterat
1676 1105 1981 1175 respondere

399 1210 477 1262 illi
509 1210 713 1263 verbum
745 1207 960 1276 (Matth.
996 1221 1123 1270 χχιι,
1156 1204 1269 1271 42).
1306 1202 1462 1256 Disce
1483 1214 1611 1269 ergo
1637 1198 1759 1267 quia
1790 1211 1981 1251 secun-

402 1312 526 1363 dum
575 1325 789 1363 carnem
823 1308 962 1361 ﬁlius
1007 1306 1236 1362 hominis
1279 1314 1395 1368 est,
1432 1303 1529 1356 hoc
1560 1309 1641 1355 est
1681 1298 1878 1365 David,
1928 1305 1984 1350 et

401 1399 694 1453 secundum
734 1379 1072 1451 divinitatem.
1112 1396 1250 1448 idem
1313 1394 1426 1459 ipse
1466 1388 1635 1444 Filius
1681 1388 1773 1440 Dei
1805 1396 1888 1441 est
1928 1387 1979 1439 in

399 1494 617 1555 virtute,
643 1499 698 1544 et
726 1489 980 1542 Dominus
1010 1488 1123 1555 ipse
1153 1485 1318 1539 David
1350 1493 1454 1538 est.
1486 1481 1842 1549 Quamobrem
1866 1481 1981 1533 uni-

398 1583 637 1651 genitum
657 1581 783 1633 dum
810 1579 1084 1647 Scriptura
1118 1576 1300 1642 refert,
1328 1574 1623 1631 secundum
1647 1571 1979 1625 divinitatem

398 1673 596 1727 indicat
632 1672 752 1741 quia
777 1671 828 1725 in
851 1670 1050 1725 deitate
1072 1668 1375 1737 unigenitus
1398 1682 1422 1717 a
1453 1666 1563 1719 Deo
1586 1663 1742 1717 Patre
1759 1661 1981 1715 omnino

2086 468 2225 521 ﬁlius
2253 476 2589 535 nuncupatur
2625 481 2695 519 ex
2728 466 2955 519 mortuis
2986 465 3169 530 homo,
3216 462 3358 517 sicut
3403 464 3662 532 scriptum

2084 566 2167 612 est
2194 574 2207 610 :
2236 558 2332 621 Qui
2354 567 2425 610 est
2454 556 2816 625 primogenitus
2851 572 2913 609 ea:
2934 555 3146 607 mortuis
3168 552 3306 623 (Col.
3341 569 3378 618 t,
3411 555 3525 623 18).
3559 556 3662 608 Ita-

2084 661 2185 715 que
2211 647 2371 700 crede
2404 645 2555 708 tnilti,
2588 645 2681 712 qui
2715 644 2844 714 legis
2877 645 3015 697 hanc
3059 646 3338 711 scripturae
3379 659 3510 699 mete
3540 646 3662 699 ﬁdei

2084 739 2496 806 professionem,
2531 736 2652 805 quia
2686 736 2836 790 multi
2869 736 2937 791 de
2979 736 3078 789 hac
3123 736 3518 801 tractaverunt,
3568 740 3663 791 Sed

2083 844 2188 883 nou
2219 828 2382 899 235
2412 827 2768 895 intelligentes
2796 836 3145 881 erraverunt:
3187 826 3275 895 qui
3312 826 3440 881 dum
3475 843 3663 895 perso-

2083 937 2203 976 nam
2230 936 2325 989 pro
2345 935 2504 975 causa
2528 920 2860 988 discernunt,
2890 918 3027 972 duos
3051 918 3187 972 ﬁlios
3233 918 3283 971 in
3322 917 3665 973 confessione

2083 1012 2525 1075 introduxerunt;
2558 1011 2647 1079 qui
2687 1011 2987 1065 debuerant
3016 1025 3232 1064 causam
3264 1011 3528 1078 passionis
3567 1011 3663 1063 ho-

2084 1102 2285 1157 minisa
2315 1102 2589 1155 divinitate
2617 1102 2947 1163 discernere,
2967 1110 3021 1155 et
3050 1117 3153 1154 non
3186 1116 3502 1168 personam;
3532 1101 3660 1155 dum

2084 1211 2218 1248 unus
2248 1196 2317 1249 sit
2345 1192 2696 1261 Filius,gcujus
2718 1202 2801 1248 est
2832 1192 3202 1262 persona.Sed
3231 1193 3427 1259 duplex
3454 1204 3661 1249 natura:

2082 1285 2402 1355 signiﬁcatio
2434 1294 2537 1349 est,
2565 1284 2689 1338 dum
2735 1285 3039 1353 unigenitus
3068 1298 3099 1337 a
3145 1284 3253 1337 Deo
3302 1283 3462 1338 Patre
3518 1284 3660 1337 Deus

2082 1377 2170 1440 sit,
2199 1386 2252 1431 et
2276 1358 2663 1445 primogenitus
2699 1392 2728 1427 a
2770 1374 2995 1429 mortuis
3031 1374 3191 1427 homo
3220 1373 3290 1428 sit
3317 1413 3332 1436 ,
3362 1374 3487 1427 dum
3518 1374 3661 1431 Deus

2082 1485 2243 1526 verus
2279 1479 2332 1524 et
2363 1469 2523 1524 homo
2551 1483 2707 1523 verus
2737 1468 2833 1533 sit;
2864 1477 2917 1523 et
2946 1482 3064 1522 cum
3099 1468 3235 1521 Deus
3274 1468 3363 1534 sit,
3397 1476 3449 1522 et
3472 1484 3659 1524 secum

2083 1571 2387 1629 assumptus
2418 1561 2508 1615 sit.
2540 1560 2877 1629 Quapropter
2906 1573 3066 1613 causa
3093 1558 3435 1625 discernitur,
3470 1574 3525 1616 et
3547 1576 3654 1615 non

2084 1668 2346 1724 persona:
2373 1666 2436 1707 ac
2461 1668 2557 1721 per
2599 1652 2698 1705 hoc
2744 1654 2795 1704 in
2844 1652 3043 1709 deitate
3073 1666 3192 1706 cum
3227 1652 3374 1723 dicit,
3395 1653 3658 1723 ‘impassi-

397 1763 590 1817 fratres
621 1778 727 1817 non
771 1760 931 1816 habet
962 1802 976 1825 ,
1010 1768 1063 1813 et
1089 1759 1215 1814 dum
1264 1756 1673 1826 primogenitum
1713 1752 1975 1815 nominat,
2007 1745 2054 1804 B
2081 1746 2239 1800 bilem
2266 1744 2594 1799 divinitatem
2624 1742 2888 1811 designat.
2946 1743 3043 1798 Ubi
3092 1752 3267 1798 autem
3300 1758 3513 1799 causam
3565 1747 3611 1799 h-
3632 1773 3659 1787 -

398 1863 643 1906 naturam
673 1851 907 1905 hominis
934 1849 1204 1905 ostendit?
1234 1847 1374 1917 quod
1413 1844 1698 1913 Apostolus
1736 1842 1976 1897 declarat

398 1944 615 1998 dicens:
654 1943 719 1997 Ut
752 1944 815 1996 sit
839 1945 947 2012 ipse
975 1941 1342 2009 primogenitus
1389 1941 1520 1992 inter
1558 1939 1743 1991 multos
1792 1938 1975 2007 fratres

398 2035 571 2103 (Rom.
595 2050 707 2096 vut,
727 2033 839 2102 9.9).
872 2034 998 2087 Sive
1029 2032 1128 2085 hoc
1150 2032 1331 2099 accipe
1347 2030 1648 2093 exemplum
1670 2046 1682 2082 τ
1706 2029 1770 2081 Et
1798 2046 1827 2080 a
1854 2027 1980 2081 Jestt

399 2123 622 2186 Christo,
648 2126 735 2191 qui
770 2133 841 2176 est
874 2123 1009 2177 testis
1042 2122 1225 2188 ﬁdelis,
1262 2121 1626 2188 primogenitus
1671 2135 1734 2171 ea:
1767 2121 1979 2170 mortuis

398 2215 582 2284 (Apoc.
622 2232 661 2280 ι,
710 2215 789 2284 5).
842 2214 1030 2268 Nonne
1056 2226 1158 2266 una
1212 2222 1294 2266 est
1340 2226 1565 2278 persona
1602 2209 1720 2262 Filii
1780 2209 1893 2270 Dei,
1926 2216 1981 2262 et

401 2308 595 2376 duplex
636 2316 719 2361 est
770 2308 885 2375 ejus
916 2304 1259 2375 signiﬁcatio,
1315 2303 1451 2357 Deus
1482 2310 1537 2357 et
1564 2301 1762 2354 homo?
1792 2300 1980 2353 Nonne

2083 1838 2240 1891 minis
2272 1835 2491 1898 indicat,
2527 1844 2772 1887 naturam
2805 1834 3112 1902 passibilem
3155 1849 3275 1889 esse
3301 1834 3657 1890 demonsnat.

2088 1926 2244 1979 Vides
2271 1926 2391 1995 quia
2424 1923 2510 1977 ubi
2535 1922 2823 1977 secundum
2851 1923 3221 1978 auctoritatem
3248 1923 3431 1989 refert,
3466 1925 3661 1980 divini-

2084 2032 2247 2075 tatem
2273 2021 2553 2075 indivisam
2580 2034 2609 2071 a
2660 2018 2770 2073 Deo
2796 2017 2953 2072 Patre
2980 2032 3100 2073 esse
3127 2018 3360 2072 ostendit
3393 2036 3406 2072 :
3446 2019 3534 2073 ubi
3576 2037 3659 2073 se-

2082 2113 2313 2167 cuudum
2349 2112 2614 2165 hominem
2650 2110 2870 2175 indicat,
2905 2110 3230 2164 inﬁrmitatis
3278 2120 3518 2165 naturam
3568 2114 3662 2166 de-

2080 2203 2413 2258 elarat.ldeo
2441 2203 2613 2256 omnis
2661 2210 2893 2269 potestas
2919 2202 3025 2255 Deo
3069 2211 3150 2255 est
3215 2203 3548 2265 ascribi-uda,
3607 2213 3661 2259 et

2083 2298 2258 2348 omnis
2288 2293 2567 2347 inﬁrmitas
2600 2293 2861 2358 passionis
2890 2292 3089 2345 homini
3120 2304 3197 2346 est
3223 2293 3549 2360 imputanda.

400 2392 2915 2417 ______________________—_.______

1363 2448 1839 2559 LIBER
1935 2445 2705 2573 QUARTUS.

654 2624 739 2681 De
769 2618 1043 2698 singulis
1070 2616 1453 2693 nominibus,
1492 2616 1785 2675 adversus
1815 2610 2142 2675 Nos-etlam
2170 2611 2443 2671 hterest'm
2475 2611 2797 2689 cujusdam
2828 2614 3151 2674 Potentini
3184 2613 3422 2677 Urbici.

476 2743 772 2796 "wt'elit‘ttl.
810 2741 901 2794 llic
928 2742 1037 2807 jam
1080 2738 1149 2793 de
1204 2737 1424 2806 singulis
1456 2735 1765 2791 nominibus
1820 2745 1983 2802 atque

401 2834 641 2904 personis
664 2831 949 2886 identidem
982 2829 1123 2885 refer
1149 2828 1303 2884 mihi.

469 2926 795 2979 Athanasius.
828 2923 942 2977 Non
966 2922 1057 2976 tibi
1093 2921 1345 2975 sufﬁcere
1370 2918 1651 2982 debuerat,
1685 2931 1846 2970 unum
1880 2927 1983 2982 pro

400 3017 579 3072 multis
605 3015 887 3069 dominicas
911 3013 1029 3067 ﬁdei
1059 3011 1363 3080 exemplum
1388 3008 1615 3064 dicentis
1641 3025 1653 3060 :
1688 3007 1878 3060 Euntes
1896 3004 1985 3057 ba-

400 3115 587 3183 ptizate
636 3126 805 3163 omnes
859 3116 1051 3177 gentes,
1090 3106 1143 3157 in
1198 3105 1400 3157 nomine
1432 3101 1627 3162 Patris,
1673 3097 1811 3155 etF
1816 3098 1913 3160 ilii,
1937 3106 1984 3151 et

401 3202 561 3255 sancti
594 3199 819 3265 Spiritus
856 3196 1067 3266 (Matth.
1102 3209 1288 3265 xxvut,
1317 3192 1438 3261 19).
1476 3193 1543 3246 de
1573 3204 1680 3259 quo
1717 3190 1825 3256 jam
1875 3187 1983 3257 pri-

401 3295 522 3346 tlcm
558 3292 609 3343 in
646 3289 818 3357 primo
868 3286 1050 3340 libello
1088 3294 1193 3338 tam
1243 3282 1486 3337 absolute
1540 3282 1896 3349 digesseram,
1930 3277 1982 3330 in

402 3394 507 3448 quo
532 3380 694 3431 totius
724 3375 1046 3429 sacramenti
1075 3374 1355 3427 veritatem
1408 3371 1565 3441 235
1606 3370 1657 3423 in
1691 3370 1839 3423 unita
1867 3368 1982 3422 dei-

404 3481 510 3525 tate
559 3470 859 3523 consistere
913 3468 1313 3521 dec'araveram
1344 3505 1360 3530 ,
1409 3479 1506 3518 nec
1537 3478 1641 3517 non
1674 3471 1727 3516 et
1769 3462 1982 3514 nomina

406 3561 620 3629 propria
654 3560 705 3613 in
735 3559 961 3629 singulis
993 3558 1238 3626 personis
1265 3556 1441 3612 inesse
1483 3554 1867 3610 distiuxeram?
1902 3554 1984 3607 An

406 3652 621 3719 ignoras
650 3652 775 3720 quia
832 3650 989 3704 Pater
1014 3664 1154 3702 unus
1193 3648 1406 3701 innatus
1445 3656 1550 3713 εει,
1581 3654 1636 3701 et
1677 3647 1789 3714 ipse
1821 3644 1985 3698 Filius

404 3758 508 3797 non
541 3752 658 3807 est;
713 3752 767 3797 et
811 3758 949 3797 unus
995 3741 1166 3795 Filius
1202 3757 1329 3794 vere
1356 3741 1424 3795 ab
1461 3755 1525 3794 eo
1557 3747 1714 3793 natus
1743 3745 1849 3797 est.
1894 3738 1983 3805 qui

403 3832 565 3886 Pater
588 3848 691 3886 non
719 3841 800 3887 est
825 3848 839 3896 ;
889 3842 941 3887 et
965 3845 1101 3885 unus
1132 3830 1217 3884 hic
1242 3830 1474 3899 Spiritus
1496 3840 1736 3890 sanctus,
1764 3830 1852 3897 qni
1880 3842 1984 3881 non

401 3931 459 3975 ut
481 3921 566 3977 hic
589 3922 745 3976 Pater
766 3922 981 3991 genuit,
1010 3929 1064 3975 et
1096 3936 1198 3973 non
1230 3921 1365 3973 sicut
1387 3919 1555 3973 Filius
1580 3928 1733 3972 natus
1755 3928 1858 3983 est,
1890 3916 1983 3970 sed

401 4028 499 4067 nec
531 4012 729 4065 factura
759 4011 881 4065 est?
907 4011 1046 4066 Sane
1072 4020 1125 4064 ut
1148 4010 1428 4079 Scriptura
1462 4009 1643 4063 divina
1672 4017 1898 4063 testatur
1919 4008 1986 4063 de

400 4104 549 4157 unita
574 4114 696 4157 vera
728 4102 926 4157 deitate
950 4111 1062 4167 est;
1102 4116 1163 4155 ac
1187 4117 1281 4170 per
1304 4101 1403 4155 hoc
1443 4102 1655 4155 nomina
1698 4115 1823 4155 vera
1864 4116 1987 4170 pro-

401 4193 512 4261 pria
542 4192 592 4246 in
622 4194 867 4261 personis
890 4202 1034 4258 sunt,
1067 4202 1121 4246 et
1152 4208 1254 4245 non
1286 4192 1545 4247 vocabula
1578 4205 1763 4245 vacua.

473 4283 780 4339 Iltereticus.
814 4283 884 4340 Ut
930 4284 1047 4341 haec
1085 4285 1226 4340 dicta
1258 4286 1323 4340 de
1376 4285 1693 4339 auctoritate
1733 4284 1983 4339 ostendas

406 4374 634 4443 postulo.

472 4466 800 4520 Athanasius.
829 4466 905 4522 De
932 4476 1205 4537 assumpto
1230 4466 1444 4519 homine
1468 4467 1517 4519 in
1538 4466 1779 4520 claritate
1807 4466 1983 4520 Evan-

399 4557 521 4623 gelii
549 4558 805 4625 scriptum
836 4568 953 4611 est;
984 4556 1047 4609 Et
1071 4558 1326 4626 baptizata
1356 4557 1478 4610 .lcsu
1502 4558 1765 4622 confestim
1804 4575 1979 4612 ascen-

401 4650 474 4699 dtt
496 4649 556 4701 de
587 4664 741 4715 aqua,
775 4659 820 4701 et
845 4665 956 4702 ecce
980 4649 1145 4714 aperti
1174 4656 1292 4699 sunt
1322 4648 1451 4711 cwli,
1482 4658 1526 4701 et
1564 4649 1685 4699 vidit
1724 4648 1979 4715 Spiritum

401 4740 781 4792 descendentem
830 4740 892 4793 de
919 4742 1045 4793 ctelo
1084 4742 1213 4793 sicut
1266 4737 1551 4791 columbam
1599 4740 1871 4792 venientem
1926 4741 1980 4793 in

402 4832 589 4896 ipsum.
642 4831 705 4882 Et
728 4848 839 4885 ecce
863 4848 961 4885 vos:
1010 4833 1071 4885 de
1100 4832 1237 4884 oculis
1271 4832 1442 4884 dicens
1498 4846 1515 4882 :
1558 4829 1658 4882 llic
1686 4841 1757 4883 est
1808 4830 1977 4883 Filius

402 4936 542 4973 meus
567 4920 803 4985 dilectus,
833 4922 884 4974 in
916 4938 1013 4989 quo
1048 4923 1169 4975 bene
1194 4920 1483 4987 complacui
1507 4918 1721 4990 (Matth.
1755 4935 1833 4989 ιιι,
1867 4920 1976 4989 16).

405 5013 588 5065 Nonne
609 5010 745 5065 alter
774 5019 855 5065 est
880 5012 929 5064 in
957 5025 1181 5080 persona
1208 5014 1295 5079 qui
1326 5011 1621 5080 baptizatus
1646 5020 1815 5074 est,et
1846 5008 1980 5063 alter

402 5106 490 5172 qui
520 5103 915 5158 sicutcolumba
938 5102 1004 5157 de
1028 5103 1181 5157 ctelis
1205 5102 1502 5167 descendit,
1534 5101 1738 5157 etalius
1762 5100 1981 5169 adusque

400 5196 554 5264 cujus
582 5210 685 5248 vox
717 5196 784 5249 de
813 5196 967 5250 cadis
997 5194 1173 5248 audita
1208 5204 1290 5248 est
1312 5196 1333 5247 ’ἶ
1362 5194 1478 5247 Alio
1509 5195 1562 5249 in
1588 5195 1706 5248 loco
1723 5194 1980 5262 scriptum

402 5296 482 5342 est
505 5305 517 5340 :
563 5288 740 5342 Omnis
764 5290 851 5355 qui
879 5288 1042 5357 diligit
1057 5288 1355 5359 genitorem,
1383 5288 1549 5356 diligit
1575 5304 1688 5338 eum
1716 5288 1801 5355 qui
1832 5295 1982 5338 natus

400 5390 471 5434 est
500 5382 562 5435 de
588 5398 644 5435 eo
676 5381 727 5449 (Ι
759 5381 913 5435 Joan.
944 5397 995 5445 v,
1031 5382 1101 5450 l).
1135 5379 1377 5445 Nunquid
1414 5380 1525 5447 ipse
1552 5388 1635 5433 est
1663 5380 1871 5447 genitor
1893 5379 1980 5446 qui

403 5481 451 5525 et
481 5484 633 5526 natus
654 5474 773 5527 est?
798 5474 968 5526 ltbsu.
994 5472 1192 5538 Accipe
1225 5471 1304 5526 vel
1326 5469 1427 5523 hoc
1450 5470 1850 5525 testimonium:
1881 5471 1982 5534 Qui

404 5578 503 5613 non
532 5564 699 5630 conﬁt.
716 5573 797 5615 tur
827 5562 1042 5623 Filium,
1081 5578 1167 5615 nec
1220 5560 1426 5614 Patrem
1462 5560 1649 5613 habet:
1686 5560 1773 5627 qui
1815 5571 1983 5613 autent

404 5651 671 5715 conﬁtetur
706 5651 917 5721 Filium,
948 5663 995 5709 et
1043 5652 1251 5707 Patrem
1290 5651 1435 5705 habet
1470 5648 1521 5721 (Ι
1551 5650 1708 5706 Joan.
1770 5666 1826 5719 It,
1860 5648 1980 5722 23).

2091 2730 2215 2786 Sive
2246 2733 2345 2786 hoc
2374 2752 2386 2785 :
2423 2732 2523 2798 Qui
2550 2750 2627 2785 me
2656 2736 2783 2798 odit,
2814 2746 2862 2789 et
2903 2734 3104 2809 Patrem
3143 2752 3305 2788 meum
3336 2737 3439 2788 odit
3480 2734 3664 2801 (Joan.

2092 2822 2420 2891 xv,23).Sed
2447 2823 2511 2877 ad
2538 2823 2895 2880 htecJoannes
2920 2808 3142 2880 iudicat:
3173 2826 3275 2892 Qui
3296 2825 3665 2895 negatPtti-cnt

2090 2922 2137 2968 et
2169 2912 2381 2977 Filium,
2413 2914 2495 2967 hic
2524 2923 2595 2968 est
2624 2915 3033 2986 Antichristus(I
3060 2916 3217 2970 Joan.
3249 2932 3305 2979 ιι,
3340 2916 3453 2988 22).
3506 2918 3668 2972 Vides

2090 3005 2477 3059 Antichristum
2497 3020 2615 3061 esse
2629 3007 2717 3076 qui
2748 3017 2905 3077 negat
2926 3023 3109 3061 verum
3136 3009 3346 3062 Patrem
3376 3009 3665 3063 etFtlium.

2094 3097 2327 3151 Dcniaue
2357 3096 2530 3150 Patris
2555 3112 2737 3151 vocem
2788 3099 2856 3152 de
2887 3099 3041 3153 oculis
3070 3099 3194 3153 audi
3222 3099 3485 3154 dicentem
3522 3112 3537 3149 :
3569 3099 3668 3152 llic

2086 3196 2159 3243 est
2210 3185 2376 3240 Filius
2413 3204 2550 3241 meus
2600 3189 2959 3243 dilectissimus
2988 3190 3040 3242 in
3068 3205 3168 3256 quo
3199 3190 3322 3243 bene
3353 3191 3666 3259 complacui,

2086 3280 2251 3349 ipsum
2272 3277 2677 3348 audite(lilatth.
2704 3295 2830 3344 xvu,
2880 3279 2957 3350 5).
2998 3281 3127 3335 Dum
3189 3279 3498 3335 omnimodo
3532 3283 3670 3335 alter

2084 3371 2153 3425 sit
2175 3371 2263 3438 qui
2292 3377 2514 3424 testatur
2541 3371 2608 3425 de
2638 3372 2812 3435 caelis,
2860 3382 2913 3427 et
2942 3373 3075 3426 alius
3100 3372 3324 3443 adatque
3351 3375 3440 3443 qui
3477 3374 3670 3427 testiﬁ-

2079 3474 2234 3515 catur
2260 3462 2310 3516 in
2341 3463 2516 3516 terris.
2541 3463 2690 3518 Sicut
2718 3464 2889 3519 Filius
2911 3464 2975 3517 ad
3001 3465 3210 3518 Patrem
3232 3465 3453 3519 clamat:
3490 3464 3669 3531 Pater,

2086 3553 2365 3620 honoriﬁca
2396 3570 2578 3606 nomen
2607 3563 2771 3608 tuum.
2801 3554 2863 3607 Et
2896 3556 3025 3609 venit
3054 3572 3149 3609 vox
3177 3557 3240 3610 de
3283 3558 3417 3610 caelis
3440 3573 3458 3608 :
3486 3555 3550 3609 Et
3571 3557 3671 3611 ho-

2086 3644 2368 3710 nori/icavi,
2394 3656 2438 3697 et
2468 3646 2654 3699 iterum
2682 3646 3028 3713 honoriﬁcabo
3062 3647 3239 3719 (Joan.
3270 3664 3367 3711 xu,
3391 3647 3506 3715 28).
3552 3648 3672 3703 Uti—

2086 3752 2188 3804 que
2220 3738 2262 3790 si
2287 3737 2399 3805 ipse
2428 3750 2543 3791 erat
2574 3737 2740 3792 Filius
2770 3740 2821 3792 in
2850 3754 3075 3807 persona
3106 3756 3207 3795 una
3234 3740 3323 3809 qui
3349 3749 3403 3794 et
3430 3740 3606 3805 Pater,
3638 3757 3671 3794 τι

2086 3843 2192 3897 quo
2234 3830 2446 3883 tandem
2494 3829 2751 3884 honorem
2807 3832 3148 3900 postulabat?
3168 3842 3222 3886 et
3266 3833 3421 3899 cujus
3451 3847 3551 3886 vox
3592 3834 3667 3887 ad

2086 3937 2208 3975 eum
2248 3922 2628 3989 reSpondebat,
2654 3922 2873 3978 dicens:
2902 3922 2968 3975 Et
2998 3924 3350 3991 honoriﬁcari,
3378 3934 3425 3978 et
3450 3924 3671 3977 honori-

2088 4011 2286 4078 ﬁcabo?
2310 4011 2417 4066 Sed
2442 4021 2494 4065 et
2525 4012 2627 4067 hoc
2658 4030 2671 4066 :
2707 4012 2864 4067 Pater
2890 4025 3082 4079 sancte,
3126 4015 3407 4081 honori/ica
3466 4013 3671 4069 Filium

2087 4111 2251 4167 tuum,
2280 4112 2333 4155 ut
2359 4112 2404 4156 et
2442 4104 2610 4158 Filius
2651 4113 2767 4158 tuus
2812 4105 3109 4171 honori/iret
3137 4115 3183 4159 te
3202 4104 3382 4174 (Joan.
3418 4122 3547 4173 xvn,
3584 4108 3667 4177 l).

2088 4191 2250 4247 Vides
2275 4193 2327 4247 iu
2362 4194 2463 4247 hoc
2483 4202 2719 4248 mutuam
2746 4209 2869 4249 esse
2908 4196 3197 4249 secundum
3224 4199 3427 4251 natura:
3451 4198 3671 4251 vicissi-

2088 4281 2323 4337 tudinem
2357 4282 2839 4349 honoriﬁcentiam,
2872 4284 2922 4337 in
2954 4284 3037 4339 his
3075 4286 3456 4340 consiSIentem
3486 4285 3510 4338 τ
3537 4285 3674 4342 Sive

2086 4375 2267 4441 accipe
2296 4390 2309 4427 :
2345 4375 2455 4446 Ego
2488 4380 2551 4427 de
2577 4392 2634 4428 eo
2662 4376 2811 4441 exivi,
2845 4384 2889 4429 et
2921 4377 3029 4429 veni
3061 4375 3239 4445 (Joan.
3272 4376 3404 4447 xw).
3433 4377 3582 4431 Nunc
3614 4389 3674 4432 et

2087 4464 2199 4517 alio
2232 4465 2282 4517 in
2314 4465 2432 4519 loco
2462 4466 2601 4519 idem
2627 4466 2739 4535 ipse
2768 4468 2997 4535 repetit:
3035 4467 3145 4539 Ego
3174 4485 3203 4519 a
3241 4467 3395 4522 Patre
3435 4468 3587 4534 exiri,
3621 4480 3675 4521 ct

2086 4556 2195 4609 veni
2230 4552 2406 4624 (ὅσση.
2436 4557 2589 4625 nu).
2611 4557 2801 4626 Utique
2826 4559 2868 4611 si
2891 4558 3002 4626 ipse
3023 4566 3137 4611 erat
3158 4558 3316 4612 Pater
3338 4559 3388 4613 in
3412 4573 3672 4628 persttua,

2086 4647 2175 4716 qui
2208 4647 2367 4717 233
2406 4658 2458 4701 et
2489 4648 2672 4711 Filius,
2705 4648 2780 4701 sic
2810 4648 3067 4701 debuerat
3094 4647 3371 4702 intimasse
3416 4666 3428 4701 :
3482 4647 3593 4716 Ego
3640 4663 3671 4701 a

2088 4754 2171 4790 me
2194 4739 2333 4791 exivi
2361 4739 2411 4791 in
2443 4738 2581 4791 hunc
2628 4739 2903 4792 mundum.
2941 4740 3073 4793 Dum
3098 4741 3284 4808 procul
3321 4739 3484 4793 dubio
3529 4742 3674 4793 alter

2087 4829 2157 4883 sit
2185 4828 2273 4895 qui
2300 4828 2482 4892 exivit,
2515 4838 2566 4881 et
2606 4828 2739 4882 alius
2761 4829 2829 4882 sit
2857 4830 2923 4883 de
2955 4845 3056 4897 qun
3079 4830 3296 4883 exierit.
3324 4829 3428 4883 Sed
3454 4829 3519 4882 ad
3548 4830 3673 4884 hzee

2089 4920 2358 4988 sabjunxit
2408 4919 2474 4972 de
2520 4935 2743 4987 persona
2786 4922 2955 4974 sancti
2991 4922 3217 4983 Spiritus
3259 4940 3269 4973 :
3306 4920 3433 4973 Cum
3477 4922 3675 4974 venerit

2088 5012 2366 5065 advocatus
2408 5010 2512 5073 ille,
2547 5027 2693 5081 quem
2732 5027 2824 5083 ego
2860 5013 3057 5065 mittam
3100 5012 3237 5065 vobis
3267 5030 3297 5064 a
3346 5011 3504 5066 Patre
3531 5029 3671 5080 meo,

2090 5106 2343 5171 Spiritum
2370 5104 2614 5169 veritatis,
2639 5105 2727 5174 qui
2766 5121 2798 5158 a
2832 5103 2986 5158 Patre
3014 5120 3121 5157 meo
3168 5105 3413 5175 procedit,
3446 5108 3551 5171 ipse
3591 5114 3675 5158 te-

2088 5195 2391 5259 s'i/icabitur
2412 5196 2474 5248 de
2505 5212 2581 5248 me
2608 5194 2787 5265 (Joan.
2812 5212 2900 5261 xv,
2930 5195 3045 5264 26).
3098 5196 3247 5252 Itane
3279 5212 3383 5250 non
3417 5198 3553 5251 alter
3582 5207 3675 5251 est

2088 5287 2178 5355 qui
2210 5285 2393 5347 mittit,
2421 5294 2475 5339 et
2512 5285 2648 5338 alius
2670 5290 2891 5354 adatque
2923 5286 2976 5339 in
3022 5273 3251 5355 persona
3280 5303 3307 5339 a
3338 5303 3443 5357 quo
3473 5302 3668 5356 proce-

2086 5377 2186 5438 dit,
2228 5384 2283 5431 et
2308 5376 2444 5429 alter
2465 5386 2547 5430 est
2581 5376 2667 5429 hic
2692 5378 2803 5444 ipse
2835 5377 2922 5445 qui
2953 5377 3142 5430 venit?
3194 5378 3432 5447 Denique
3485 5380 3528 5432 si
3560 5393 3668 5431 una

2087 5474 2231 5521 esset
2278 5481 2527 5533 persona,
2576 5482 2604 5519 a
2634 5482 2738 5536 quo
2768 5469 2981 5521 tandem
3022 5470 3364 5524 mitteretur?
3395 5469 3473 5523 vel
3501 5484 3529 5523 a
3559 5483 3672 5537 quo

2086 5560 2448 5630 procederet?
2480 5562 2618 5619 sicut
2649 5561 2938 5628 Apostolus
2984 5563 3097 5616 hare
3145 5562 3196 5616 in
3244 5562 3567 5615 salutatione
3596 5562 3667 5613 ad

2084 5650 2391 5708 Corinth‘os
2430 5651 2731 5718 confirmat,
2773 5651 2960 5708 dicens
2990 5666 3005 5710 :
3034 5650 3217 5708 Gratia
3264 5651 3475 5706 Domini
3506 5652 3673 5704 nostri
