3958 6176
237 325 339 382 565

1477 315 1556 369 DE
1594 312 1962 368 TlllNlTATE
2004 311 2129 367 LIB.
2174 312 2259 367 IV.

3377 306 3485 363 9(6

238 441 361 493 Iesu
390 435 599 499 Christi,
640 443 690 491 et
714 433 901 488 caritas
932 430 1046 495 Dei,
1082 431 1174 484 Itoc
1195 440 1265 484 est
1295 427 1486 495 P’atris,
1509 437 1558 481 et
1579 444 1809 481 commu-
1841 431 1891 487 Α
1918 426 2151 479 Christus
2171 442 2259 495 per
2287 441 2431 495 quem
2456 430 2646 489 omnia,
2676 435 2723 476 et
2746 442 2840 481 nos
2864 443 2953 495 per
2975 429 3134 497 ipsum
3158 430 3208 498 (1
3233 431 3350 487 Cor.
3375 453 3487 504 vttt,

238 528 425 581 nicatio
448 524 612 579 sancti
633 524 867 592 Spiritus
890 538 1003 576 cum
1024 521 1255 577 omnibus
1275 520 1413 574 vobis
1438 519 1523 589 (II
1546 519 1666 574 Cor.
1694 534 1810 583 xm,

242 619 352 685 15).
384 617 570 671 Nomio
591 624 781 684 aperte
806 628 902 683 per
931 612 1136 681 singula
1187 611 1427 676 nomina,
1460 612 1599 665 sicut
1643 622 1696 665 et
1724 625 1814 664 su-

241 710 420 775 perius
440 707 770 771 continetur,
795 704 1031 770 singulas
1055 715 1314 771 personas
1334 703 1513 757 inesse
1538 700 1813 756 distinxit?

242 796 483 867 Denique
509 797 576 849 ad
609 799 724 850 haec
754 795 921 862 ipsius
948 793 1068 847 Filii
1098 793 1240 848 dicta
1281 792 1515 860 suscipe,
1547 791 1774 845 dicentis
1800 807 1813 844 :

242 891 391 943 Alius
417 898 491 942 est
515 888 602 957 qui
641 886 983 942 testimonium
1015 885 1239 952 perhibet
1270 883 1417 949 mihi,
1459 883 1545 951 qui
1574 898 1652 935 nte
1680 882 1816 936 misit

246 979 404 1032 Pater
452 977 639 1048 (Joan.
693 992 747 1037 ν.
799 978 905 1040 32;
960 984 1007 1030 et
1040 990 1163 1040 vm,
1201 974 1331 1042 l8),
1386 973 1512 1027 dum
1560 972 1695 1026 infra
1752 974 1819 1025 de

246 1086 301 1124 te
334 1071 479 1123 dicat
504 1069 659 1123 alius.
694 1068 857 1122 Vides
884 1070 1005 1137 quia
1032 1067 1169 1119 alius
1198 1078 1279 1120 est
1306 1064 1462 1120 Pater
1498 1067 1548 1118 in
1595 1079 1819 1132 persona

247 1162 392 1223 Filii,
416 1172 471 1216 et
496 1178 603 1215 non
630 1160 772 1214 alius
797 1171 880 1214 est
905 1162 956 1214 in
986 1159 1283 1215 divinitate.
1310 1158 1416 1215 Sed
1447 1168 1501 1213 et
1528 1158 1594 1212 de
1618 1158 1821 1226 Spiritu

247 1262 436 1306 sancto
463 1253 541 1306 sic
570 1253 645 1305 ait
670 1268 683 1303 :
716 1250 921 1319 Rogabo
944 1248 1153 1302 Patrem
1182 1264 1369 1312 meum,
1390 1257 1437 1302 et
1475 1248 1636 1301 alium
1663 1263 1819 1317 para-

250 1345 422 1397 clitum
444 1346 607 1396 mittet
627 1343 766 1395 vobis
793 1340 975 1411 (Joan.
1006 1358 1112 1405 xrv,
1138 1341 1252 1410 16).
1290 1339 1582 1393 Considera
1606 1348 1661 1393 et
1689 1340 1822 1393 alte-

250 1451 367 1489 rum
419 1449 543 1489 esse
586 1433 849 1502 Spiritum
882 1433 1202 1487 Paraclitum
1255 1433 1306 1485 in
1354 1443 1601 1499 persona,
1634 1438 1823 1483 etnon

252 1538 428 1582 tamen
459 1541 585 1580 esse
619 1529 846 1580 alterum
877 1526 929 1579 in
974 1524 1284 1587 divinitate;
1318 1523 1436 1577 ideo
1476 1522 1612 1576 alter
1641 1522 1708 1575 ab
1749 1521 1826 1574 al-

252 1626 367 1674 tero
422 1622 475 1672 in
530 1634 758 1688 persona
816 1625 1019 1670 tantum
1063 1616 1265 1679 diﬁ‘ert,
1294 1623 1349 1669 et
1375 1598 1499 1667 non,
1520 1614 1571 1667 in
1603 1613 1821 1667 deitatc.

253 1710 430 1777 Itaque
452 1708 593 1762 alter
619 1716 700 1763 est
728 1708 883 1761 Pater
914 1705 968 1759 in
995 1718 1220 1773 persona
1251 1705 1337 1771 qui
1375 1703 1577 1772 genuit,
1609 1711 1661 1755 et
1690 1702 1826 1755 alius

1917 517 1994 581 6).
2046 518 2205 572 Vides
2239 519 2360 587 quia
2391 533 2527 573 unus
2561 529 2643 573 est
2697 519 2883 584 Fiiius,
2932 526 3020 592 qui
3052 536 3128 579 est
3187 528 3489 599 unigenitus

1920 608 2081 662 Deus.
2134 608 2237 663 Sed
2280 612 2415 665 etsi
2458 620 2705 666 creatura
2746 624 2862 667 erat
2891 614 3122 684 Spiritus
3152 631 3387 691 sanctus,
3432 638 3489 682 et

1921 701 2060 754 Deus
2088 716 2248 756 verus
2280 718 2383 755 non
2415 713 2531 757 erat
2571 722 2581 756 :
2616 719 2711 759 cur
2744 706 2969 774 legimus
3002 711 3174 776 ipsum
3204 715 3485 772 Dominum

1920 790 2187 845 Christum
2240 791 2529 846 Nicodemo
2560 794 2883 851 indicantem
2920 818 2932 852 :
2982 800 3132 866 Quod
3176 808 3401 861 nascitur
3427 810 3492 863 de

1922 880 2141 949 Spiritu,
2168 882 2376 951 spiritus
2404 892 2477 936 est
2509 882 2689 953 (Joan.
2712 901 2791 952 ιιι,
2821 888 2920 958 6)?
2949 893 3072 959 quia
3103 893 3240 947 Deus
3264 896 3490 965 Spiritus

1920 972 2021 1024 est.
2057 972 2151 1025 Vel
2184 972 2373 1026 saltem
2406 974 2506 1028 hoc
2535 978 2837 1044 exemplum
2866 982 3047 1047 accipe
3075 1000 3086 1034 :
3116 982 3181 1037 Et
3203 987 3491 1041 ttol't't‘on-

1920 1063 2124 1113 tristare
2139 1062 2391 1131 Spiritum
2419 1073 2649 1116 sanetum
2697 1066 2810 1126 Dei.
2844 1069 2895 1120 in
2926 1085 3027 1137 quo
3066 1073 3252 1141 signati
3288 1078 3407 1129 estis
3438 1080 3491 1129 in

1923 1155 2004 1205 die
2030 1156 2386 1225 redemptionis
2408 1154 2627 1225 (Ep/tes.
2657 1173 2727 1223 tv,
2763 1160 2873 1227 50).
2910 1161 3014 1217 Sed
3043 1174 3097 1218 ει
3126 1166 3188 1217 ad
3215 1166 3326 1221 haec
3353 1170 3491 1224 dicta

1923 1248 2171 1312 suscipe:
2202 1244 2323 1298 Nisi
2346 1248 2459 1315 quis
2488 1257 2693 1301 renatus
2734 1250 2887 1317 fuerit
2930 1268 2993 1306 ex
3028 1272 3159 1324 aqua
3202 1268 3249 1322 et
3296 1259 3493 1329 Spiritu

1924 1346 2121 1397 sancto,
2154 1351 2254 1387 non
2286 1336 2496 1390 intrabit
2522 1338 2577 1390 in
2603 1355 2809 1406 regnum
2831 1342 3069 1396 caelorum
3100 1344 3279 1415 (Joan.
3312 1365 3386 1414 ιιι,
3414 1353 3491 1423 5).

1928 1426 2213 1489 Μειηειιιο,
2244 1426 2365 1496 quia
2392 1427 2529 1481 Deus
2558 1439 2639 1483 est
2664 1429 2896 1497 Spiritus
2916 1445 3152 1496 sanctus,
3182 1440 3270 1505 qui
3301 1454 3490 1495 cuncta

1926 1526 2177 1585 operatur
2206 1517 2256 1569 in
2287 1517 2453 1585 signis
2503 1527 2555 1570 et
2584 1519 2836 1587 prodigiis
2858 1561 2873 1585 ,
2932 1523 3070 1577 sicut
3098 1541 3190 1580 vas
3220 1528 3492 1585 electionis

1927 1608 2160 1662 breviter
2205 1610 2436 1662 absolvit
2466 1628 2478 1663 :
2514 1609 2643 1663 Hau:
2689 1614 2858 1665 omnia
2907 1626 3146 1682 aperatur
3180 1636 3309 1673 unus
3341 1632 3491 1693 atque

1928 1700 2062 1753 idem
2082 1700 2331 1766 Spiritus,
2355 1700 2581 1754 dividens
2610 1702 2826 1771 singulis
2859 1716 3008 1772 prout
3030 1708 3133 1761 vult
3167 1708 3222 1780 (Ι
3251 1710 3369 1768 Cor.
3398 1730 3491 1780 su,

256 1801 420 1855 Filius
458 1810 546 1854 es,
570 1800 657 1868 qui
693 1797 906 1868 8θυίιυς,
930 1797 1001 1851 ab
1028 1798 1163 1866 ipso,
1205 1804 1261 1850 et
1297 1796 1436 1849 alius
1463 1793 1696 1861 Spiritus
1721 1792 1820 1846 Pa-
1854 1794 1901 1854 B
1930 1791 2048 1861 li);
2082 1792 2181 1857 Qui
2213 1793 2395 1858 utique
2420 1791 2462 1844 si
2492 1800 2731 1845 creatura
2762 1804 2876 1848 erat
2902 1795 2986 1850 hic
3013 1814 3146 1853 unus
3167 1810 3323 1870 atque
3356 1804 3493 1859 idem

254 1893 470 1946 raclitus
501 1892 592 1958 qui
640 1890 709 1944 de
763 1889 910 1943 unita
952 1898 1142 1941 natura
1196 1895 1299 1942 est.
1357 1884 1463 1939 Sed
1503 1884 1640 1938 dicis
1671 1884 1827 1948 mihi,

257 1984 527 2043 heretica.
568 1981 1020 2050 quemadmodum
1066 1980 1298 2049 Spiritus
1327 1979 1395 2033 de
1440 1979 1588 2032 unita
1642 1985 1829 2031 natura

258 2073 544 2127 consistit?
577 2073 714 2125 Ecce
744 2070 914 2125 Filius
944 2069 1013 2124 de
1062 2085 1127 2124 eo
1169 2078 1394 2124 testatus
1423 2079 1542 2122 est:
1585 2068 1627 2121 Α
1679 2062 1832 2123 Patre

258 2168 483 2234 procedit
525 2164 709 2235 (Joan.
742 2179 830 2229 xv,
862 2162 954 2233 25)
980 2179 994 2215 :
1024 2173 1077 2218 et
1106 2163 1185 2218 sic
1225 2173 1540 2228 prosecutus
1568 2172 1665 2220 e5t,
1698 2171 1744 2214 et
1772 2161 1834 2213 de

262 2275 363 2312 nico
392 2259 613 2324 arripiet
634 2257 808 2323 (Joan.
833 2272 945 2324 xvr,
979 2254 1090 2324 14).
1127 2255 1278 2321 Quod
1294 2254 1655 2309 testimonium
1678 2253 1835 2307 Pater

261 2351 646 2418 rontprobavit,
662 2350 848 2403 dicens
874 2367 885 2400 :
918 2348 1142 2415 Spiritus
1163 2366 1193 2400 ιι
1215 2347 1531 2415 meprocedit
1553 2345 1687 2413 (lsa.
1708 2360 1831 2410 Lvtt,

266 2442 371 2504 l6).
409 2440 453 2495 Ο
482 2440 668 2503 homo,
716 2442 760 2493 si
792 2440 1025 2507 Spiritus
1074 2439 1161 2492 hic
1215 2438 1531 2504 Paraclitus,
1560 2446 1617 2490 ut
1655 2437 1791 2491 dicis
1816 2476 1832 2498 ,

265 2534 423 2587 Pater
446 2548 554 2587 non
582 2544 684 2596 est,
721 2532 886 2587 Filius
917 2548 1022 2586 non
1070 2540 1172 2595 est,
1205 2531 1408 2584 factura
1443 2545 1547 2583 non
1577 2539 1681 2591 est,
1709 2528 1835 2598 quid

268 2628 357 2678 tibi
388 2642 512 2680 esse
560 2626 817 2680 videtur?
861 2625 905 2679 Ο
935 2640 1059 2679 vera
1086 2624 1327 2678 cmcitas!
1366 2623 1559 2693 Utique
1601 2622 1645 2675 si
1691 2620 1837 2676 Scri-

265 2726 412 2782 ptura
448 2716 549 2770 tibi
588 2732 695 2771 non
725 2716 942 2781 sufﬁcit,
969 2731 1089 2785 qua:
1135 2715 1212 2768 sic
1238 2715 1305 2768 de
1328 2731 1394 2767 eo
1423 2713 1706 2783 signiﬁcat,
1751 2728 1837 2767 me

263 2825 368 2863 non
413 2818 499 2863 est
542 2809 654 2876 jam
686 2824 847 2878 super
895 2823 960 2863 eo
1004 2808 1146 2877 quod
1198 2809 1520 2877 interroges.
1549 2807 1691 2867 Sane
1732 2821 1837 2861 non

260 2899 431 2953 debeo
460 2899 823 2965 dissimulare,
849 2914 915 2953 eo
939 2899 1075 2968 quod
1101 2914 1204 2952 non
1230 2898 1323 2952 tibi
1353 2898 1574 2960 debeam
1603 2896 1839 2951 indicare

260 2990 400 3055 quod
433 2990 632 3043 sentio.
660 2989 763 3043 Sed
796 2998 852 3041 ut
880 2991 1025 3055 prius
1064 2990 1202 3042 scias
1244 3001 1379 3055 quos
1406 2987 1624 3057 laqueos
1648 2988 1837 3052 evites,

260 3078 510 3134 indicabo
539 3080 633 3133 tibi
666 3083 802 3134 haec.
858 3080 1088 3134 llreresis
1118 3080 1327 3135 novetla
1370 3080 1574 3133 exstitit
1606 3079 1837 3133 inaudita

1933 1884 2187 1950 Spiritus,
2208 1956 2211 1959 _
2236 1884 2679 1953 quemadmodum
2722 1886 2883 1956 238
2913 1887 3025 1943 haec
3055 1891 3300 1947 universa
3332 1895 3493 1950 mira-

1931 1977 2056 2031 bilia
2089 1984 2293 2044 poterat
2322 1976 2579 2043 cperari?
2605 1975 2757 2031 Unde
2784 1994 2888 2032 non
2922 1979 3080 2034 Pater
3099 1992 3181 2036 est
3211 1985 3295 2037 hic
3337 1986 3495 2040 Para-

1930 2067 2109 2132 clitus,
2144 2065 2447 2129 Potentine,
2478 2080 2547 2121 ne
2590 2065 2726 2121 duos
2760 2067 2941 2123 Patres
2990 2071 3246 2126 adversus
3300 2076 3494 2147 stylum

1944 2159 2139 2227 regula:
2164 2159 2496 2213 auctoritatis
2526 2159 2575 2212 in
2601 2159 2938 2216 confessione
2970 2164 3376 2221 introducantur
3401 2185 3416 2224 :
3446 2182 3499 2223 ct

1936 2266 2041 2303 non
2064 2259 2149 2305 est
2179 2250 2361 2314 Filius,
2396 2267 2461 2305 ne
2489 2251 2593 2305 duo
2622 2253 2712 2305 ﬁlii
2740 2262 2925 2307 contra
2964 2270 3144 2311 sacras
3195 2257 3499 2328 Scripturas

1937 2358 2056 2398 esse
2111 2344 2429 2397 videantur:
2459 2354 2513 2398 et
2560 2359 2666 2398 non
2716 2346 2925 2400 factura
2971 2359 3075 2415 est,
3113 2366 3178 2405 ne
3227 2367 3330 2406 non
3364 2353 3502 2409 Deus

1935 2448 2093 2488 verus
2115 2434 2205 2486 sit.
2239 2434 2344 2488 Sed
2376 2435 2440 2487 ad
2472 2447 2795 2502 postremum
2822 2446 2878 2489 ut
2916 2436 3090 2493 discas
3122 2443 3188 2494 ab
3214 2442 3323 2510 ipsa
3352 2458 3502 2498 crea-

1938 2536 2051 2579 tura
2082 2526 2457 2591 divina,verus
2488 2527 2623 2580 Deus
2645 2537 2748 2592 est,
2778 2529 2900 2596 quia
2923 2530 2989 2584 de
3019 2533 3130 2600 ipsa
3162 2549 3282 2588 vera
3303 2535 3504 2593 deitatc

1938 2617 2079 2670 unita
2113 2617 2615 2686 incomparabilique
2644 2618 2903 2673 consistit.

2012 2708 2318 2762 Iltereticus.
2365 2708 2532 2776 Rogo,
2564 2709 2605 2760 si
2654 2709 2800 2761 unita
2850 2709 3021 2763 deitas
3067 2721 3148 2765 est
3178 2715 3506 2784 incompara-

1948 2801 2095 2862 liilis,
2125 2799 2361 2867 nunquid
2387 2801 2465 2853 sic
2487 2809 2540 2853 et
2560 2800 2772 2852 nomina
2796 2815 3142 2869 personarum
3174 2807 3506 2876 incompara-

1942 2893 2063 2947 bilia
2085 2893 2237 2945 sunt?

2015 2982 2342 3035 Athanasius.
2379 2980 2515 3035 Proh
2554 2980 2738 3035 dolor!
2772 2982 2816 3035 si
2856 2984 3006 3036 multi
3051 2995 3174 3038 sunt
3208 2997 3383 3053 patres
3410 2994 3499 3060 qui

1945 3073 2230 3142 aliquando
2260 3082 2439 3140 patres
2460 3087 2565 3125 non
2594 3070 2826 3131 fuerunt.
2858 3073 3093 3141 nunquid
3121 3076 3312 3144 aliquis
3337 3094 3400 3133 ex
3426 3080 3510 3135 Itis

260 3169 541 3235 cujusdam
577 3168 756 3223 Unetcr
788 3169 1100 3235 Persarum,
1132 3171 1222 3237 qui
1258 3169 1399 3223 hunc
1423 3170 1679 3238 Spiritum
1714 3184 1840 3222 san-
1865 3146 1912 3208 ε
1947 3164 2054 3215 Deo
2084 3164 2222 3216 Patri
2276 3162 2327 3215 in
2371 3163 2696 3228 sempiterna
2747 3162 3092 3229 generatione
3150 3176 3301 3233 pater
3350 3168 3513 3240 digne

261 3270 430 3323 ctum,
466 3259 676 3313 Patrem
707 3270 794 3313 aut
823 3261 1035 3323 Filium,
1059 3269 1148 3313 aut
1177 3269 1322 3314 certe
1348 3260 1604 3315 iacturam
1624 3270 1843 3329 usurpat

262 3351 462 3406 debere
486 3353 645 3423 237
677 3354 946 3407 conﬁteri.
981 3353 1044 3408 Ut
1067 3354 1109 3407 si
1141 3353 1262 3421 quis
1305 3361 1451 3407 certe
1489 3354 1724 3422 ignarus,
1757 3354 1842 3407 vel

265 3444 415 3498 rudis
446 3445 499 3496 in
531 3444 821 3511 Scripturis
856 3444 1073 3509 divinis,
1104 3444 1171 3498 de
1205 3445 1287 3499 his
1315 3460 1435 3513 qum
1469 3459 1561 3512 per
1585 3446 1842 3499 amaritu-

264 3535 445 3587 dinem
474 3539 726 3589 versutia:
756 3536 874 3603 ejus
900 3546 1023 3589 sunt
1053 3537 1104 3590 in
1134 3537 1311 3589 medio
1334 3537 1512 3590 oblata
1541 3548 1845 3590 commenta

262 3627 518 3691 audierit,
540 3637 596 3681 et
622 3627 821 3694 aliquid
852 3642 915 3680 ex
947 3628 1027 3681 his
1051 3626 1395 3695 blaSphemia:
1419 3626 1575 3681 dietis
1597 3628 1841 3693 elegerit,

262 3722 446 3769 sutim
472 3719 525 3770 in
555 3718 804 3771 haeresim
836 3717 1052 3770 incidat.
1098 3717 1230 3771 Audi
1271 3718 1451 3784 itaque
1498 3716 1847 3785 quemadmo-

263 3811 394 3861 dum
451 3809 657 3862 absolvi
715 3809 949 3863 debeant
997 3818 1232 3862 tortuosa
1286 3808 1493 3861 vincula
1548 3807 1849 3877 iniquitatis

264 3901 404 3968 ejus.
423 3901 467 3955 0
490 3899 1168 3969 Potentiae,quiadversus
1182 3899 1485 3967 Scripturas
1513 3899 1738 3962 divinas,
1764 3898 1847 3952 vel

266 3999 442 4044 totum
477 3991 736 4044 mundum
768 4000 821 4042 tu
852 3990 997 4044 solus
1026 4005 1054 4041 a
1080 3989 1361 4044 catholicis
1391 3991 1459 4043 de
1489 3989 1590 4043 hoc
1642 3988 1851 4043 dissen-

264 4084 360 4145 tis,
394 4083 518 4136 dum
552 4082 995 4152 philosophorum
1028 4081 1300 4137 doctrinas
1330 4083 1578 4147 sectaris,
1631 4083 1723 4151 qui
1770 4083 1850 4137 sic

264 4175 477 4228 sentis:
509 4175 693 4243 utique
723 4174 766 4226 si
796 4173 1026 4241 Spiritus
1051 4185 1289 4239 sanetus,
1318 4180 1374 4227 et
1401 4173 1489 4227 hic
1528 4172 1848 4237 Paraclitus,

264 4276 327 4314 ut
349 4265 508 4328 dicis,
540 4264 699 4319 Pater
726 4273 891 4329 esset,
925 4265 1042 4319 sine
1071 4264 1232 4319 dubio
1257 4264 1367 4333 jam
1409 4280 1513 4317 non
1543 4272 1687 4319 esset
1713 4278 1851 4318 unus

266 4353 455 4417 Pater,
487 4354 581 4409 sed
608 4354 717 4408 duo
744 4363 924 4421 patres
950 4364 1076 4409 :aut
1094 4355 1137 4409 si
1166 4355 1398 4423 Spiritus
1427 4363 1482 4409 et
1514 4355 1597 4408 hic
1614 4355 1849 4409 Paracli-

268 4451 363 4495 tus
384 4444 546 4498 Pilius
575 4455 743 4510 esset,
771 4445 891 4499 sine
920 4445 1080 4500 dubio
1102 4446 1209 4514 jam
1233 4460 1338 4498 non
1366 4460 1506 4500 unus
1522 4445 1661 4500 ﬁlius
1688 4456 1847 4510 esset,

1943 3255 2377 3323 comparabitur?
2408 3257 2514 3308 Aut
2543 3255 2663 3323 quia
2698 3255 2844 3307 multi
2892 3266 3017 3309 sunt
3048 3257 3163 3322 lilii,
3213 3259 3303 3327 qui
3347 3277 3514 3330 nuper

1946 3346 2051 3399 nati
2081 3356 2235 3410 sunt,
2265 3355 2318 3398 et
2344 3354 2499 3398 antea
2533 3344 2625 3397 ﬁlii
2659 3348 2760 3397 non
2777 3345 3017 3410 fuerunt,
3050 3350 3286 3417 nunquid
3321 3351 3515 3421 aliquis

1945 3437 2008 3487 ad
2039 3433 2416 3502 sempiternam
2443 3434 2773 3488 divinitatem
2809 3434 2927 3489 Filii
2953 3437 3041 3491 Dei
3075 3440 3276 3507 proprii
3307 3445 3515 3497 assimi.

1948 3525 2183 3578 labitur?
2214 3525 2317 3577 Aut
2348 3523 2469 3592 quia
2497 3523 2647 3576 multi
2677 3531 2801 3576 sunt
2851 3525 3072 3591 spiritus
3107 3528 3158 3581 in
3185 3530 3346 3596 casio,
3378 3541 3432 3586 et
3463 3534 3515 3589 in

1948 3623 2110 3678 terra,
2143 3618 2230 3683 qui
2262 3613 2386 3670 facti
2418 3623 2563 3675 sunt,
2591 3614 2828 3679 nunquid
2857 3615 3051 3683 aliquis
3079 3632 3265 3674 eorum
3296 3620 3347 3674 in
3378 3637 3518 3677 scm-

1952 3708 2154 3776 piterua
2177 3706 2453 3760 divinitate
2473 3716 2658 3759 saneto
2685 3705 2904 3773 Spiritui
2923 3706 3321 3777 adaequabitur?
3343 3714 3518 3779 Absit,

1952 3818 2019 3856 ne
2041 3803 2236 3856 factura
2261 3802 2441 3854 {actori
2466 3816 2563 3854 suo
2586 3815 2924 3869 comparetur
2943 3820 2955 3868 ;
2973 3804 3098 3857 dum
3122 3804 3321 3860 factura
3349 3823 3518 3877 nuper

1950 3895 2192 3964 eruperit,
2229 3896 2394 3949 laetor
2414 3903 2588 3949 autem
2617 3895 2735 3962 ejus
2752 3910 2965 3963 semper
2986 3907 3111 3953 ante
3132 3914 3289 3955 omne
3306 3904 3521 3957 omnino

1954 3986 2271 4055 principium
2319 3986 2496 4038 frterit.
2536 3986 2802 4039 Memento
2843 4001 3006 4041 unum
3043 4004 3164 4043 esse
3208 3991 3420 4047 Patrem
3453 4010 3519 4049 ex

1952 4091 2058 4144 quo
2079 4075 2277 4139 omnia,
2309 4084 2362 4128 et
2386 4090 2548 4129 unum
2578 4089 2695 4129 esse
2723 4076 2912 4129 Filium
2941 4092 3033 4145 per
3056 4094 3212 4148 quem
3241 4084 3441 4150 omnia,
3468 4096 3521 4140 et

1955 4182 2114 4220 unum
2160 4180 2282 4219 esse
2318 4176 2557 4219 sanctmn
2595 4165 2849 4235 Spiritum
2881 4168 2933 4220 in
2964 4183 3069 4237 quo
3115 4172 3313 4236 omnia,
3370 4176 3510 4229 sicut

1954 4257 2210 4325 scriptum
2243 4266 2362 4311 est:
2392 4256 2576 4309 Omnia
2606 4273 2668 4310 ex
2693 4258 2821 4327 ipso,
2864 4268 2910 4311 et
2932 4276 3020 4326 per
3044 4262 3229 4327 ipsum,
3257 4273 3301 4316 et
3326 4265 3376 4318 in
3405 4267 3519 4333 ipso

1955 4350 2130 4423 (Rom.
2166 4365 2236 4412 ιι,
2285 4349 2400 4416 36).
2459 4347 2751 4404 Considera
2780 4350 2845 4403 ad
2878 4351 2991 4406 htec
3020 4363 3328 4421 argumenta
3351 4356 3519 4422 dicta,

1957 4454 2064 4498 tres
2094 4440 2508 4512 signiﬁcationes
2529 4459 2624 4513 per
2654 4444 2856 4498 unitum
2890 4446 3163 4513 operantis
3190 4456 3382 4503 nomen
3406 4465 3527 4507 esse

269 4533 373 4583 sed
410 4537 509 4586 duo
540 4536 635 4588 lilii
665 4554 677 4587 :
707 4537 789 4589 vel
813 4537 857 4589 si
881 4536 1082 4590 factura
1109 4547 1248 4591 esset
1278 4535 1507 4603 Spiritus
1537 4537 1848 4601 Paraclitus,
1886 4512 1933 4572 θ
1958 4546 2223 4599 ostensas,
2258 4534 2308 4588 id
2351 4543 2522 4588 estex
2557 4534 2693 4602 ipso,
2739 4546 2792 4589 et
2823 4551 2915 4604 per
2966 4536 3159 4604 ipsum,
3196 4548 3249 4592 et
3274 4538 3325 4593 in
3358 4541 3475 4607 ipso
3509 4561 3519 4594 :

271 4622 635 4688 proculdubio
658 4639 766 4677 non
809 4626 917 4693 jam
963 4635 1108 4680 esset
1152 4640 1310 4679 verus
1346 4627 1506 4691 Deus,
1537 4627 1627 4695 qui
1683 4627 1854 4681 factus

269 4720 388 4776 est,
426 4713 559 4779 quod
581 4708 738 4769 absit.
772 4716 850 4768 Ac
886 4730 978 4784 per
1020 4716 1121 4769 hoc
1168 4716 1354 4769 eadem
1386 4717 1498 4785 ipsa
1546 4726 1753 4785 repeto,
1800 4725 1856 4771 et

265 4815 379 4868 per
406 4803 697 4869 apertiores
719 4819 997 4859 sermones
1021 4806 1133 4860 haec
1150 4807 1288 4860 dicta
1306 4807 1371 4859 de
1394 4810 1854 4877 auctoritatcjuris

267 4891 486 4945 indico.
519 4894 676 4961 Igitur
696 4897 741 4948 si
765 4897 901 4949 alter
922 4896 1081 4951 Pater
1104 4907 1219 4951 erat
1239 4908 1291 4951 et
1321 4898 1407 4952 hic
1429 4898 1740 4968 Paraclitus,
1774 4910 1858 4954 ut-

258 4980 412 5047 quid
445 4982 639 5036 dictum
694 4987 931 5052 Apostoli
969 4987 1266 5041 invenimus
1306 5004 1319 5039 :
1352 4988 1495 5043 Unus
1523 4992 1660 5044 enim
1719 4990 1859 5045 Deus

260 5071 515 5139 νοω-(1
540 5074 672 5128 Tim.
707 5092 765 5139 ιι,
795 5078 887 5144 5)?
908 5077 1038 5133 Sive
1078 5082 1179 5134 hoc
1210 5081 1409 5134 dictum
1449 5098 1462 5134 :
1497 5067 1661 5135 Nobis
1690 5095 1858 5138 tamen

254 5179 413 5215 strtus
448 5162 578 5216 Deus
603 5164 777 5230 Pater,
808 5184 871 5220 ea:
891 5186 991 5236 quo
1013 5172 1203 5234 omnia,
1228 5182 1274 5223 et
1308 5190 1396 5225 nos
1419 5173 1470 5225 in
1500 5175 1613 5239 ipso
1652 5172 1707 5245 (I
1737 5174 1858 5228 Cor.

257 5270 398 5317 VIII,
438 5254 527 5321 6)?
558 5256 709 5311 Disce
734 5272 864 5327 ergo
900 5262 1020 5329 quia
1052 5278 1188 5315 unus
1217 5274 1298 5316 est
1339 5264 1673 5319 innascibilis
1713 5265 1853 5319 Deus

258 5346 469 5398 l‘ater.
502 5346 603 5399 Sed
620 5359 674 5401 ει
700 5349 745 5401 si
765 5349 898 5402 alter
923 5349 1087 5405 Filius
1114 5361 1277 5417 esset,
1305 5363 1358 5406 et
1374 5354 1457 5407 hic
1475 5356 1704 5422 Spiritus
1729 5370 1858 5408 con-

252 5439 505 5498 solator,
538 5451 631 5490 cur
660 5439 963 5507 u‘nigcnitus
1002 5441 1164 5495 Filius
1206 5458 1235 5495 a
1282 5445 1486 5499 Joanne
1519 5448 1846 5516 evangelista

254 5525 895 5593 [incdicabatundicens
926 5549 937 5583 :
976 5531 1137 5586 Deum
1166 5551 1306 5587 nemo
1332 5537 1457 5589 vidit
1488 5542 1852 5608 unqnatn,nisi

252 5616 572 5683 unigmittts
597 5616 785 5680 Filius.
815 5622 902 5688 qui
929 5633 1000 5673 est
1029 5624 1077 5674 in
1102 5626 1213 5677 sinit
1242 5625 1430 5689 Patris,
1464 5629 1569 5695 ipse
1590 5634 1846 5683 enarravit

255 5706 487 5775 (lacn.
542 5724 576 5767 ι,
612 5710 731 5777 18).
770 5711 893 5765 Sive
934 5713 1030 5766 hoc
1075 5731 1088 5766 :
1126 5712 1187 5763 Et
1238 5732 1365 5768 unus
1403 5717 1645 5771 Dominus
1699 5719 1847 5772 Jesus

656 5808 919 5865 Pnnon.
973 5807 1164 5869 LXII.

1957 4625 2083 4679 dum
2113 4625 2250 4679 alius
2278 4625 2347 4679 sit
2372 4640 2436 4679 ex
2467 4626 2592 4691 alio,
2622 4636 2713 4679 aut
2737 4641 2828 4694 per
2851 4627 3016 4692 aliud,
3047 4628 3166 4695 quia
3196 4629 3261 4682 ad
3290 4632 3531 4701 singulas

1960 4729 2214 4784 personas
2243 4715 2343 4769 hoc
2371 4719 2598 4784 pertinet
2620 4717 2841 4772 dictum.
2875 4716 3004 4771 Nam
3033 4718 3103 4773 de
3134 4720 3282 4773 unito
3311 4726 3527 4778 nomine

1959 4812 2037 4864 sic
2062 4810 2167 4861 ait:
2200 4807 2282 4861 Ea:
2313 4810 2444 4875 ipso,
2466 4817 2515 4861 et
2538 4824 2624 4877 per
2651 4809 2839 4878 ipsum,
2884 4820 2932 4861 et
2953 4813 3006 4861 in
3039 4809 3171 4877 ipso,
3213 4813 3353 4880 quod
3388 4814 3528 4869 idem

1964 4900 2139 4967 ipsum
2175 4907 2257 4953 est
2309 4914 2489 4953 unum.
2544 4897 2695 4953 Unde
2738 4899 2984 4969 quamvis
3016 4899 3132 4955 haec
3180 4903 3437 4959 vocabula
3478 4907 3531 4961 in

1966 4992 2209 5059 preprias
2263 5004 2517 5058 personas
2577 4992 2732 5043 tacite
2776 4991 2883 5043 sint
2923 4992 3088 5059 dicta,
3143 4992 3329 5049 tamen
3370 5012 3531 5049 ttnmn

1969 5096 2161 5136 nomen
2203 5081 2255 5134 in
2288 5080 2369 5132 his
2418 5082 2598 5134 clause
2625 5091 2706 5134 est
2758 5082 3076 5137 revelatum.
3110 5082 3249 5153 Ergo
3279 5087 3400 5154 quia
3433 5089 3527 5153 ait,

1968 5172 2051 5225 Ea:
2070 5172 2205 5240 ipso,
2239 5185 2303 5225 ex
2335 5171 2441 5223 Deo
2471 5171 2625 5225 Patre
2652 5175 2877 5225 vocitata
2901 5184 2956 5226 ut
2986 5174 3177 5227 ﬁerent
3197 5175 3531 5229 demonstra-

1967 5266 2072 5331 vit;
2105 5276 2151 5319 et
2174 5276 2266 5337 per
2284 5268 2470 5335 ipsum,
2514 5282 2607 5334 per
2638 5266 2802 5320 Deum
2851 5266 3044 5320 Filium
3089 5266 3202 5321 hate
3248 5268 3358 5336 ipsa
3390 5269 3524 5321 facta

1970 5340 2254 5421 indicavit;
2286 5359 2406 5409 etin
2434 5359 2564 5426 ipso,
2599 5358 2651 5411 in
2683 5359 2791 5413 Deo
2830 5368 3016 5412 sancto
3044 5358 3247 5426 Spiritu
3293 5361 3528 5413 sanctiﬁ-

1963 5454 2078 5502 cata
2113 5449 2493 5515 pronuntiavit.
2523 5448 2683 5504 Vides
2723 5449 2843 5517 quia
2890 5464 2950 5501 ec
2988 5463 3103 5515 quo,
3139 5460 3203 5500 ex
3252 5447 3406 5503 Patre
3456 5466 3535 5505 est

1961 5538 2162 5591 dictum
2185 5556 2198 5597 ;
2224 5547 2272 5590 et
2299 5555 2387 5607 per
2412 5554 2581 5607 quem,
2630 5553 2726 5605 per
2770 5537 2961 5590 Filium
3018 5547 3101 5589 est
3150 5536 3377 5602 factum;
3413 5551 3457 5593 et
3487 5544 3536 5596 in

1961 5644 2082 5698 quo,
2128 5630 2178 5681 in
2234 5639 2420 5681 sancto
2458 5628 2661 5695 Spiritu
2727 5638 2805 5681 cst
2860 5626 3034 5679 uniter
3087 5640 3537 5685 consummatum.

1964 5722 2143 5790 Itaque
2175 5721 2312 5790 quod
2346 5721 2437 5787 ait,
2473 5736 2535 5771 ea:
2564 5721 2690 5788 ipso,
2721 5729 2765 5771 ct
2784 5735 2873 5786 per
2902 5718 3091 5786 ipsum,
3124 5728 3167 5770 et
3200 5721 3251 5772 in
3278 5722 3545 5793 ips-omnia

3177 5811 3216 5868 9
