3958 6176
272 307 375 365 269

1536 296 1618 352 DE
1657 294 2033 354 TRINITATE
2073 294 2204 350 LIB.
2247 293 2297 347 V.

3452 287 3557 342 270

276 429 530 490 ternitas,
574 425 702 480 dum
749 423 820 480 de
868 422 1198 491 sempiterno
1244 416 1607 487 sempiternus
1655 415 1868 484 genitus
1896 415 1947 473 Α
1975 413 2174 481 genuit.
2226 410 2342 464 Non
2375 408 2468 464 tibi
2500 407 2710 463 videtur
2746 408 2868 477 quia
2924 414 3207 475 utrumque
3235 415 3332 459 eos
3359 415 3389 455 a
3417 416 3549 488 sem-

274 520 455 575 fuerit.
486 517 593 573 Sed
613 516 753 572 dicis
778 516 908 570 mihi
935 532 948 568 :
972 513 1233 571 Nativitas
1259 508 1527 579 posterior
1555 516 1639 561 est
1661 522 1689 560 a
1714 505 1869 575 geni-

278 622 396 667 tore
423 624 544 665 suo.
591 608 801 663 Revera
842 606 995 677 quasi
1039 605 1187 674 prius
1228 609 1518 669 conceptus
1545 598 1614 653 de
1642 598 1870 659 semine,

276 710 372 755 aut
416 700 727 769 coagulatus
776 699 828 752 in
879 706 1084 761 ventre,
1118 702 1175 749 et
1221 707 1390 762 usque
1434 690 1502 744 ad
1542 697 1872 758 postremum

278 795 677 850 incrementum
720 790 973 845 nativitas
1019 788 1138 856 ejus
1178 783 1442 840 accedens
1474 779 1789 850 profecerit,
1820 786 1876 833 et

280 885 445 958 242
488 884 568 939 sic
610 883 827 938 tandem
865 879 1152 950 aliquando
1192 888 1351 932 natus
1390 873 1568 928 fuerit.
1617 871 1773 933 Absit
1806 884 1873 923 ne

282 981 412 1033 huic
461 976 725 1031 nativitati
767 973 963 1043 aliquid
1011 978 1384 1039 comparetur,
1430 966 1567 1019 sicut
1612 962 1875 1030 scriptum

282 1081 372 1125 est
399 1088 413 1124 :
438 1068 831 1124 Generationem
852 1073 1020 1117 autem
1049 1063 1156 1127 eius
1177 1061 1293 1129 quis
1314 1055 1567 1112 enarrabit
1590 1054 1730 1125 (Act.
1760 1066 1876 1116 vm,

284 1163 392 1225 35;
425 1158 553 1214 Isai.
580 1173 692 1223 un,
716 1156 811 1225 8)?
839 1153 1089 1223 Nunquid
1120 1151 1297 1213 Pater,
1332 1147 1423 1218 qui
1454 1162 1578 1201 vere
1610 1146 1797 1214 genuit
1826 1142 1878 1196 in

288 1257 597 1323 passionem
652 1250 887 1317 aliquam
942 1246 1159 1310 incidit,
1203 1252 1296 1296 aut
1342 1242 1396 1295 iu
1446 1239 1558 1309 ipsa
1603 1238 1883 1292 nativitate

288 1348 408 1401 Filii
453 1346 536 1399 sui
585 1344 966 1397 detrimentum
1022 1336 1307 1393 sustinuit?
1351 1334 1540 1399 Absit,
1588 1331 1714 1385 dum
1767 1330 1885 1384 haec

288 1436 573 1508 generatio
618 1434 857 1497 omnino,
882 1439 940 1485 ut
983 1430 1231 1497 superius
1279 1426 1413 1489 dixi,
1439 1439 1545 1478 non
1578 1431 1881 1476 enarretur.

293 1531 542 1598 Denique
573 1525 639 1580 de
660 1525 762 1579 hoc
790 1524 835 1577 si
871 1531 1026 1593 potes
1053 1528 1241 1575 contra
1267 1518 1503 1573 divinam
1533 1515 1884 1583 Scripturam,

291 1637 449 1685 erra;
510 1619 637 1673 dum
699 1618 810 1687 ipsa
862 1615 1022 1669 modo
1068 1614 1215 1668 dicat
1272 1626 1521 1675 manum,
1571 1608 1788 1674 Filium,
1835 1617 1890 1661 et

292 1717 597 1776 dexteram,
624 1721 680 1766 et
726 1710 999 1764 brachium
1039 1716 1137 1761 :et
1180 1707 1340 1761 modo
1393 1704 1627 1758 Verbum
1680 1702 1751 1756 de
1793 1716 1889 1755 ore

1966 505 2284 573 .piternitate
2306 503 2615 573 impugnat?
2642 500 2751 557 Cur
2776 515 2906 572 ergo
2925 500 3033 571 jam
3063 514 3167 553 non
3192 507 3276 553 est
3303 496 3419 551 haec
3440 496 3568 551 talis

1980 593 2241 663 professio
2270 604 2443 647 vestra
2470 610 2483 646 :
2509 607 2677 647 novus
2727 592 2907 656 Pater,
2940 606 3111 646 novus
3137 600 3191 645 et
3222 588 3436 643 Filius?
3483 588 3562 641 in—

1977 686 2107 754 cipit
2152 688 2328 748 Pater,
2364 685 2550 754 incipit
2596 694 2651 741 et
2698 684 2901 739 Filius?
2933 685 2999 737 Et
3047 683 3267 738 excluso
3316 682 3473 737 Patre
3511 692 3566 735 et

1982 777 2121 831 Filio
2150 776 2216 830 ab
2245 792 2346 829 una
2393 777 2840 846 sempiternitate,
2871 789 3055 845 quaero
3083 789 3112 828 a
3143 774 3296 829 vobis
3334 772 3420 829 cui
3453 772 3566 828 Deo

1982 868 2119 923 hanc
2167 868 2646 937 sempiternitatem
2677 867 2998 922 ascribatis?
3026 866 3148 935 quia
3180 866 3391 921 Patrem
3423 864 3566 919 dici-

1984 962 2051 1015 tis
2092 961 2241 1015 tarde
2281 968 2336 1014 et
2380 975 2504 1015 sero
2550 961 2821 1030 genuisse,
2852 973 2908 1015 et
2948 958 3136 1014 Filium
3183 973 3353 1027 nuper
3380 965 3563 1011 natum

1984 1052 2170 1107 fuisse.
2202 1052 2343 1121 Ergo
2385 1052 2545 1107 ambo
2574 1066 2603 1105 a
2642 1050 3068 1121 sempiternitate
3111 1049 3312 1104 exclusi
3341 1064 3461 1105 esse
3487 1050 3567 1103 vi-

1984 1142 2203 1197 dentur.
2243 1142 2536 1196 Considera
2566 1156 2695 1211 ergo
2724 1158 2829 1195 non
2858 1157 3015 1211 posse
3045 1142 3149 1195 dici
3180 1142 3565 1211 sempiternum

1986 1237 2198 1293 Patrem
2229 1239 2343 1293 sine
2373 1239 2532 1305 Filio,
2557 1240 2683 1293 dum
2715 1241 2883 1309 magis
2912 1242 3272 1308 sempiternus
3306 1241 3376 1294 sit
3408 1239 3567 1293 Pater

1986 1346 2107 1388 cum
2154 1348 2253 1387 suo
2294 1332 2615 1403 Filio:quia
2661 1350 2764 1389 non
2819 1342 2993 1403 potest
3037 1344 3241 1390 tantum
3288 1335 3374 1389 hic
3414 1334 3568 1389 Pater

1988 1424 2092 1479 dici
2118 1425 2233 1477 sine
2260 1439 2359 1478 suo
2389 1424 2542 1479 Filio.

2063 1514 2372 1569 ereticus.
2414 1515 2566 1581 Quod
2598 1517 2834 1582 sensisti,
2879 1516 2947 1570 de
2991 1530 3151 1569 sensu
3191 1523 3283 1569 tuo
3323 1516 3570 1583 attulisti,

1992 1615 2047 1660 et
2075 1606 2203 1660 nihil
2234 1606 2301 1660 de
2343 1607 2659 1661 auctoritate
2707 1622 2873 1661 sacrze
2914 1606 3207 1675 Scriptura:
3250 1608 3379 1660 mihi
3421 1607 3575 1661 satis-

1994 1699 2208 1754 fecisti:
2238 1699 2390 1755 Unde
2436 1700 2519 1755 vel
2568 1716 2733 1755 unum
2786 1700 3159 1754 tantummodo
3200 1688 3441 1769 proferas
3480 1715 3577 1770 pro

295 1805 509 1867 Patris;
539 1804 703 1858 modo
731 1818 798 1856 ex
831 1812 984 1855 utero
1011 1808 1135 1854 ante
1160 1798 1467 1855 Luciferum
1492 1796 1730 1865 genitum
1762 1792 1882 1864 (Ps.
1918 1783 1964 1841 Β
1992 1795 2170 1848 multis
2213 1794 2487 1862 pertinens
2534 1794 2600 1848 ad
2652 1795 2753 1849 hoc
2800 1796 3101 1864 exemplum
3136 1797 3367 1865 postulo,
3399 1805 3456 1850 ut
3485 1811 3577 1851 su-

294 1914 403 1962 css,
432 1898 530 1967 '5);
560 1904 617 1951 et
662 1894 823 1948 modo
871 1894 922 1946 in
966 1892 1123 1947 Patre
1171 1905 1324 1946 esse:
1368 1897 1423 1944 et
1470 1888 1630 1941 modo
1676 1886 1828 1955 quasi
1856 1898 1886 1937 a

299 1994 459 2047 Patre
486 1989 667 2044 exisse
688 1998 744 2042 et
767 1987 1012 2051 venisse;
1038 1996 1091 2040 et
1115 1985 1275 2040 modo
1300 1984 1351 2037 in
1380 1983 1499 2035 sinu
1531 1980 1704 2034 Patris
1735 1992 1886 2042 esse;

298 2094 350 2139 et
380 2083 544 2138 modo
570 2080 713 2149 apud
758 2081 967 2133 Patrem
995 2088 1137 2140 erat;
1171 2086 1225 2130 et
1254 2075 1415 2129 modo
1444 2073 1495 2127 in
1528 2071 1686 2125 Patre
1727 2078 1811 2124 est
1838 2079 1891 2121 et

301 2186 447 2240 erat;
481 2185 535 2230 et
564 2174 726 2228 modo
760 2172 919 2226 Pater
960 2170 1012 2224 in
1052 2168 1210 2234 Filio,
1239 2177 1293 2223 et
1324 2166 1491 2221 Filius
1521 2165 1573 2219 in
1602 2164 1758 2218 Patre
1787 2172 1888 2217 est.

304 2268 601 2326 Considera
625 2267 670 2320 si
700 2265 765 2319 ad
798 2268 911 2318 haec
945 2260 1234 2317 multifarie
1263 2262 1405 2314 dicta
1435 2258 1611 2327 aliqua
1643 2256 1893 2309 nativitas

303 2358 642 2427 generationi
682 2355 803 2409 Filii
834 2355 926 2408 Dei
958 2353 1150 2422 poterit
1178 2349 1477 2419 comparari
1509 2348 1589 2402 vel
1616 2346 1893 2401 enarrari?

305 2452 429 2507 dum
463 2450 551 2503 hic
581 2448 673 2517 qui
701 2455 824 2501 ante
854 2444 1045 2499 sarcula
1080 2440 1572 2510 incomparabiliter
1601 2446 1756 2491 natus
1780 2438 1894 2505 jam

308 2546 501 2609 fuerat,
525 2544 799 2615 quomodo
832 2549 886 2594 et
925 2554 1066 2593 nunc
1093 2539 1145 2592 in
1176 2537 1296 2592 sinu
1326 2536 1499 2590 Patris
1525 2534 1647 2589 est?
1675 2542 1767 2587 aut
1805 2532 1895 2601 qui

304 2655 332 2692 a
363 2639 522 2693 Patre
560 2636 728 2692 exivit
768 2643 823 2689 et
865 2632 1032 2698 venit,
1060 2628 1330 2700 quomodo
1377 2641 1591 2695 semper
1639 2627 1691 2678 in
1733 2625 1895 2678 Patre

308 2730 405 2786 fuit
427 2728 624 2785 etest?
648 2737 740 2782 aut
760 2728 847 2796 qui
874 2738 1083 2788 manus,
1104 2722 1191 2777 vel
1217 2720 1459 2785 dextera,
1482 2719 1600 2773 sive
1618 2717 1893 2773 brachium

308 2838 426 2878 esse
455 2820 821 2891 signiﬁcatur,
848 2816 1031 2887 quaero
1061 2831 1089 2868 a
1122 2824 1204 2882 te,
1228 2827 1261 2867 ο
1288 2811 1561 2875 ὴωτειὶεε,
1594 2818 1651 2863 ιιι
1675 2824 1897 2863 euarres

306 2917 583 2985 quomodo
612 2930 641 2968 a
670 2914 826 2968 Patre
873 2913 1086 2981 genitus
1132 2910 1319 2975 fuerit;
1362 2923 1483 2963 cum
1525 2917 1581 2962 et
1616 2907 1898 2976 sapientia,

306 3020 359 3064 et
389 3009 567 3063 virtus
622 3006 716 3061 Dei
766 3004 940 3058 Patris
986 3003 1057 3055 sit
1095 3016 1125 3055 a
1167 3000 1343 3055 divina
1399 2999 1672 3068 Scriptura
1716 2997 1901 3065 utique

308 3101 615 3170 appellatus
650 3097 733 3150 vel
777 3093 1120 3150 nominatus?
1148 3094 1255 3147 Ant
1281 3091 1371 3161 qui
1410 3107 1475 3147 ex
1509 3101 1661 3145 utero
1690 3091 1902 3161 genitus

309 3204 412 3259 εει,
443 3191 726 3263 quomodo
754 3198 809 3243 et
846 3188 914 3241 de
945 3202 1038 3240 me
1068 3186 1241 3240 Patris
1274 3178 1510 3240 Verbum
1534 3183 1697 3239 exivit
1728 3191 1782 3238 et
1809 3198 1901 3236 ve-

311 3282 423 3337 nit?
472 3285 582 3336 Aut
628 3278 898 3350 quomodo
944 3277 1103 3331 Pater
1148 3277 1201 3329 in
1249 3274 1387 3329 Filio
1431 3283 1533 3338 est,
1567 3285 1621 3328 et
1651 3274 1821 3328 Filius
1851 3276 1904 3328 in

314 3372 472 3427 Patre
498 3372 624 3427 est?
666 3370 827 3424 Vides
872 3369 991 3437 quia
1024 3384 1127 3422 non
1158 3376 1440 3421 enarratur
1481 3366 1596 3421 haec
1622 3368 1733 3421 sola
1768 3367 1907 3421 nati-

312 3468 471 3518 vitas.
512 3460 815 3528 Quaerenda
846 3471 927 3515 est
956 3462 1135 3528 potius
1177 3458 1469 3513 secundum
1516 3458 1904 3525 professionem

314 3556 726 3625 Scripturarum
764 3569 922 3621 quam
948 3551 1232 3622 judicanda
1265 3552 1347 3605 vel
1390 3550 1745 3605 discutienda.
1779 3550 1907 3618 Qua:

311 3649 564 3715 quamvis
605 3644 984 3699 inenarrabilis
1026 3646 1117 3709 sit,
1153 3653 1327 3698 tamen
1373 3644 1667 3698 secundum
1701 3643 1910 3711 profes-

314 3743 527 3794 sionem
554 3740 752 3808 synodi
785 3737 1158 3801 Ariminensis,
1190 3736 1498 3803 ignorabilis
1528 3744 1789 3791 creatura:
1818 3736 1905 3790 sit.

313 3831 497 3897 Quare
526 3841 686 3884 natus
723 3845 829 3883 non
867 3828 1028 3883 fuerit
1066 3842 1194 3883 vere
1230 3827 1297 3882 de
1344 3826 1536 3882 Patre:
1564 3829 1703 3896 quod
1748 3827 1906 3896 absit,

314 3925 446 3976 dum
504 3933 685 3977 certus
743 3922 843 3974 sim
899 3920 1038 3988 quod
1098 3929 1254 3973 natus
1306 3921 1399 3973 sit.
1432 3919 1537 3975 Sed
1580 3921 1631 3973 in
1676 3936 1742 3974 eo
1781 3936 1911 3974 sane

314 4015 513 4083 ignoro
541 4012 997 4082 quemadmodum
1028 4012 1096 4066 de
1139 4011 1249 4065 Deo
1280 4010 1436 4064 Patre
1474 4012 1687 4079 genitus
1718 4011 1907 4075 fuerit;

313 4107 444 4171 quia
482 4107 551 4159 de
590 4103 954 4158 inmStimabili
1003 4103 1194 4168 Patre,
1231 4102 1623 4157 inaestimabilis
1664 4112 1748 4157 est
1784 4119 1911 4157 vere

316 4201 409 4267 qui
443 4200 513 4252 ab
536 4214 604 4252 eo
630 4197 843 4265 genitus
868 4204 969 4250 est.
995 4195 1099 4251 Sed
1127 4195 1263 4249 dicis
1290 4195 1418 4249 mihi
1444 4212 1458 4248 :
1483 4194 1910 4263 lncmpitFilins,

317 4295 447 4355 quia
472 4298 634 4342 natus
652 4298 770 4351 est;
802 4294 859 4343 et
875 4302 905 4340 e
924 4297 1109 4342 contra
1131 4285 1255 4339 audi
1283 4303 1295 4337 :
1323 4286 1461 4354 Ergo
1491 4286 1711 4354 increpit
1737 4294 1790 4339 et
1818 4285 1914 4339 Pa-

319 4395 430 4450 ter,
458 4386 584 4452 quia
612 4384 816 4453 genuit.
851 4380 905 4436 Si
937 4381 1155 4449 inccepit
1186 4379 1377 4446 Filius,
1403 4379 1623 4447 inccepit
1649 4387 1702 4433 et
1731 4379 1909 4433 Pater.

319 4477 469 4545 Ergo
508 4474 995 4543 sempiternitatem
1047 4471 1206 4535 hanc,
1238 4488 1395 4541 quam
1426 4472 1749 4526 anteriorem
1778 4473 1917 4525 nati-

320 4569 494 4622 vitale
522 4568 643 4621 Filii
694 4566 862 4620 fuisse
902 4566 1121 4630 asseris,
1153 4566 1237 4619 cui
1272 4555 1489 4619 tandem
1534 4564 1798 4619 ascribis?
1827 4565 1916 4619 Ait

321 4659 653 4712 hrretieus:
683 4656 827 4711 Patri
861 4664 1090 4710 tantum.

398 4752 738 4804 Athanasius.
791 4750 859 4802 Et
885 4763 981 4803 cur
1012 4748 1325 4816 prmjudicas
1354 4748 1439 4801 ei?
1470 4748 1660 4818 Utique
1688 4763 1729 4801 su
1759 4748 1916 4819 243

317 4860 505 4912 nuper
526 4845 729 4914 genuit,
754 4846 1117 4914 sempiternus
1146 4857 1265 4897 esse
1290 4858 1394 4896 non
1424 4853 1617 4911 potest.
1644 4842 1793 4911 Elige
1824 4842 1919 4897 tibi

312 4942 559 4992 alterum
587 4941 656 4992 de
686 4939 932 5000 duobus;
974 4947 1063 4990 aut
1102 4949 1210 4988 una
1238 4944 1321 4989 est
1350 4950 1532 4989 eorum
1577 4935 1920 5004 sempiterni-

313 5043 409 5083 tas
436 5040 529 5082 aut
558 5045 659 5083 una
693 5030 999 5098 posteritas.
1053 5026 1333 5080 Postremo
1376 5026 1501 5093 quid
1549 5034 1752 5098 tantum
1782 5025 1921 5081 Filio

312 5123 584 5187 imputas,
609 5094 759 5187 quasi
787 5116 1080 5187 aliquando
1109 5131 1214 5169 non
1243 5113 1440 5181 fuerit?
1467 5129 1587 5168 cum
1618 5094 1722 5169 Ῑιοε
1750 5116 1921 5183 magis

1931 3148 1978 3211 C

1987 1886 2198 1954 periora
2226 1886 2364 1940 dicta
2399 1894 2484 1939 tua
2516 1889 2721 1955 possint
2746 1886 2868 1955 jure
2901 1887 3141 1956 legitimo
3170 1888 3498 1943 conﬁrmari.

2060 1978 2390 2031 Athanasius.
2424 1980 2559 2032 Audi
2609 1979 3078 2049 psalmographum
3116 1989 3368 2035 sanctum
3412 1982 3575 2035 David

1990 2069 2211 2137 dixisse,
2245 2072 2350 2127 imo
2398 2071 2591 2125 Filium
2624 2072 2717 2125 Dei
2751 2088 2846 2141 per
2889 2072 3054 2126 David
3094 2072 3159 2126 ad
3191 2072 3365 2128 Patris
3393 2090 3582 2143 perso-

1993 2182 2114 2221 nam
2148 2167 2427 2221 retulisse:
2456 2166 2520 2220 Et
2550 2184 2640 2239 ego
2681 2186 2878 2239 semper
2919 2179 3102 2233 tecum,
3139 2166 3341 2224 tenuisti
3372 2187 3581 2224 manum

1994 2263 2254 2316 dexteram
2296 2280 2460 2315 meum
2488 2262 2604 2332 (Ps.
2636 2280 2803 2329 Lxxn,
2834 2261 2946 2332 25),
2979 2275 3084 2319 etc.
3136 2263 3230 2319 Vel
3277 2265 3450 2333 ipsum
3483 2265 3582 2318 Pa-

1996 2364 2131 2408 trem
2169 2354 2233 2447 qd
2276 2354 2634 2424 legislaturem
2659 2354 2874 2425 Moysen
2901 2355 3023 2409 audi
3051 2355 3319 2410 dicentem
3346 2356 3413 2410 de
3440 2373 3583 2410 sem-

1999 2450 2209 2517 piterno
2238 2449 2386 2502 unito
2416 2448 2630 2504 nomine
2657 2447 2935 2503 Trinitatis
2960 2466 2973 2501 ε
3003 2447 3111 2519 Ego
3136 2448 3389 2503 Dominus
3421 2449 3582 2515 Dens,

1997 2537 2093 2591 hoc
2121 2549 2195 2593 est
2221 2557 2401 2594 nomen
2431 2557 2617 2604 meum,
2644 2542 2939 2595 memorial:
2967 2541 3329 2611 sempiternum
3358 2541 3413 2593 in
3434 2557 3585 2610 gene-

1997 2633 2220 2687 rationes
2243 2644 2290 2688 et
2312 2636 2659 2704 generationes
2692 2633 2887 2704 (Exod.
2933 2648 3014 2698 ιιι,
3048 2633 3162 2703 15).
3214 2631 3365 2699 Quod
3394 2632 3501 2686 alio
3532 2632 3584 2685 in

2003 2727 2123 2780 loco
2171 2727 2312 2780 idem
2359 2726 2474 2794 ipse
2524 2725 2658 2779 Filio
2702 2740 2803 2780 suo
2847 2724 3047 2779 dictum
3092 2724 3356 2791 ostendit,
3388 2723 3441 2778 id
3477 2734 3583 2791 est,

2003 2818 2207 2872 Nomen
2236 2834 2403 2871 meum
2430 2828 2502 2872 est
2531 2822 2583 2871 in
2610 2819 2700 2872 illo
2728 2818 2923 2888 (Exod.
2946 2833 3097 2884 χχιιι,
3123 2818 3236 2885 21).
3263 2817 3357 2873 Vel
3384 2819 3585 2873 dictum

2001 2911 2190 2976 accipe
2221 2930 2233 2962 :
2268 2907 2379 2981 Ego
2408 2909 2659 2965 Dominus
2697 2908 2856 2975 Deus,
2902 2911 2991 2980 qui
3026 2926 3147 2964 voco
3186 2926 3370 2964 nomen
3418 2919 3583 2975 litum,

2004 3004 2145 3058 Deus
2166 3002 2334 3059 Israel
2359 3002 2514 3072 (Isai.
2546 3020 2668 3069 ην,
2697 3001 2775 3075 5).
2807 3004 2995 3072 Sedet
3023 3005 3138 3073 ipse
3167 3012 3447 3060 attestatus
3472 3016 3584 3059 est:

2013 3095 2124 3167 Ego
2166 3098 2276 3151 veni
2316 3098 2369 3151 in
2405 3098 2607 3151 nomine
2646 3095 2819 3151 Patris
2848 3098 2965 3163 mei,
2995 3107 3040 3150 et
3080 3114 3159 3151 me
3206 3114 3305 3151 non
3334 3100 3589 3168 recepistis

2009 3188 2191 3259 (Joan.
2221 3204 2271 3254 v,
2304 3189 2420 3255 45).
2452 3189 2583 3243 Nam
2627 3198 2679 3243 et
2710 3189 2869 3244 David
2898 3190 3094 3245 clamat
3120 3190 3343 3246 dicens:
3370 3189 3591 3245 Benedi-

2009 3292 2120 3333 ctus
2162 3282 2251 3350 qui
2278 3281 2409 3334 venit
2450 3282 2505 3334 in
2551 3281 2758 3335 nomine
2805 3281 3014 3335 Domini
3053 3281 3224 3352 (Psal.
3267 3298 3427 3345 cxvii,
3469 3284 3589 3349 29).

2010 3372 2250 3441 Denique
2277 3374 2345 3428 de
2371 3373 2472 3428 hoc
2500 3374 2616 3441 ipso
2642 3374 2765 3428 audi
2790 3374 3095 3443 loquentem
3122 3375 3404 3431 Dominum
3428 3392 3590 3444 supra

1964 3530 1965 3533 η
2009 3478 2203 3532 corpus
2235 3462 2415 3518 Lazari
2444 3480 2456 3517 :
2486 3463 2659 3528 Pater,
2688 3464 2901 3517 sciebant
2928 3467 3051 3533 quia
3097 3482 3298 3534 semper
3327 3482 3404 3519 me
3443 3468 3592 3520 audis

2013 3553 2192 3625 (Joan.
2213 3572 2286 3620 ιιι,
2314 3555 2424 3626 14).
2457 3557 2561 3622 Qui
2590 3556 2634 3611 si
2662 3571 2876 3623 semper
2904 3557 2956 3610 in
2984 3558 3142 3613 Patre
3166 3568 3257 3613 aut
3285 3557 3446 3630 244
3471 3573 3591 3613 cum

2011 3647 2171 3702 Patre
2215 3664 2319 3701 non
2370 3648 2575 3711 luisset,
2609 3648 3059 3717 quemadmodum
3090 3665 3211 3703 eum
3241 3664 3454 3717 semper
3495 3663 3596 3703 au-

2012 3740 2196 3806 disset,
2229 3741 2271 3794 si
2300 3755 2419 3793 eum
2454 3741 2563 3794 Deo
2594 3740 2752 3794 Patre
2780 3755 2994 3808 semper
3024 3740 3201 3794 uniter
3239 3756 3341 3793 non
3377 3740 3593 3794 fuisset?

2017 3831 2169 3885 Unde
2212 3831 2333 3900 quia
2384 3846 2597 3899 semper
2643 3831 2780 3899 apud
2828 3829 3036 3884 Patrem
3089 3830 3205 3895 fuit,
3233 3841 3286 3885 et
3324 3845 3594 3897 nunquam

2014 3922 2131 3977 sine
2159 3938 2222 3977 eo
2254 3922 2370 3987 fuit,
2400 3938 2615 3991 semper
2655 3938 2775 3976 eum
2808 3922 2967 3977 Pater
3014 3923 3243 3976 audivit.
3292 3922 3450 3977 Vides
3480 3924 3597 3976 uni-

2016 4025 2125 4070 tum
2171 4032 2363 4070 nomen
2401 4031 2522 4071 esse
2564 4017 2949 4084 sempiternum
2971 4058 2984 4081 ,
3014 4016 3152 4085 quod
3185 4017 3238 4069 in
3269 4018 3463 4071 virtute
3505 4030 3598 4069 sa-

2017 4110 2229 4178 pientia:
2262 4111 2434 4163 uniter
2463 4110 2728 4172 consistit,
2759 4117 2815 4162 nt
2840 4109 2979 4179 quod
3012 4124 3202 4164 nomen
3236 4110 3406 4164 Patris
3435 4120 3516 4164 est
3544 4111 3595 4163 iit

2018 4214 2203 4256 natura
2252 4202 2564 4265 divinitatis,
2595 4201 2872 4268 sapientia:
2900 4214 2952 4255 et
2984 4202 3217 4267 virtutis,
3250 4202 3388 4256 idem
3422 4204 3595 4269 ipsum

2019 4295 2091 4347 sit
2121 4295 2171 4347 in
2203 4306 2388 4346 natura
2418 4309 2610 4347 nomen
2640 4304 2689 4348 et
2724 4292 2861 4347 Filii.
2898 4292 2988 4346 Vel
3024 4294 3339 4362 Apostolum
3370 4295 3492 4347 audi
3530 4295 3598 4349 ad

2022 4386 2137 4439 haec
2184 4386 2447 4439 dicentem
2474 4402 2486 4438 :
2517 4384 2579 4437 Et
2609 4386 2917 4453 sempiterna
2946 4386 3059 4452 eius
3097 4386 3257 4439 virtus
3286 4396 3331 4439 et
3362 4387 3601 4441 ditinitas

2022 4477 2198 4546 (Rom.
2234 4493 2272 4541 ι,
2300 4477 2416 4545 20).
2449 4477 2577 4544 Quae
2603 4476 2999 4545 sentpiternitas
3022 4477 3138 4531 sive
3166 4477 3418 4531 divinitas
3440 4477 3606 4532 Filius

2019 4571 2137 4637 ejus
2178 4580 2280 4625 est.
2313 4570 2462 4635 Quod
2492 4569 2597 4623 alio
2636 4570 2689 4622 in
2735 4569 2853 4624 loco
2902 4568 3014 4637 ipse
3058 4576 3165 4622 tam
3208 4568 3486 4623 evidenter
3513 4572 3606 4625 ab-

2021 4662 2214 4730 solvit,
2254 4660 2525 4715 Christum
2579 4661 2672 4715 Dei
2725 4660 2989 4715 virtutem'
3023 4669 3077 4715 et
3120 4660 3213 4715 Dei
3269 4662 3607 4730 sapientiam.

2021 4752 2394 4822 Numquidnam
2447 4752 2605 4806 Pater
2650 4750 2748 4804 fuit
2796 4750 3087 4819 aliquando
3149 4753 3265 4806 sine
3311 4752 3507 4807 virtute
3555 4763 3609 4808 et

2022 4844 2279 4914 sapientia
2328 4859 2458 4906 sua,
2510 4843 2797 4905 limretice,
2828 4850 2884 4894 ut
2926 4842 3044 4896 sine
3086 4842 3223 4896 Filio
3270 4859 3367 4898 suo
3396 4860 3423 4898 a
3458 4846 3609 4898 vobis

2024 4949 2142 4990 esse
2190 4934 2427 4989 dicatur?
2471 4934 2675 4988 Absita
2707 4933 2883 4997 nobis,
2914 4934 3037 4986 dum
3089 4934 3288 5004 ubique
3334 4936 3609 5003 Scriptura

2027 5028 2119 5082 tibi
2142 5028 2479 5097 apertissime
2521 5027 2782 5089 declarat,
2814 5042 3027 5096 Semper
3056 5026 3220 5081 fuisse
3250 5030 3459 5083 Patrem
3488 5045 3608 5083 cum

2027 5117 2180 5183 Filio,
2214 5118 2405 5171 Filium
2433 5133 2553 5171 cum
2599 5118 2776 5174 Patre.
2820 5118 2928 5172 Cur
2969 5134 3074 5172 non
3104 5131 3355 5188 expertus
3381 5136 3458 5183 cs,
3487 5136 3612 5173 san-

303 5212 588 5265 debeator
614 5210 756 5264 Patri
782 5206 1066 5277 deputari;
1102 5220 1259 5276 quem
1305 5216 1356 5259 tu
1388 5210 1598 5259 Patrem
1631 5206 1918 5276 aliquando

306 5306 624 5361 secundum
670 5302 1063 5374 professionem
1121 5311 1265 5355 tuam
1316 5315 1420 5353 non
1471 5300 1633 5353 fuisse
1676 5300 1911 5355 testaris.

308 5398 529 5463 Utique
556 5412 745 5451 revera
784 5397 827 5449 si
860 5394 1049 5448 Filium
1082 5393 1330 5447 nativitas
1377 5392 1655 5460 impedivit
1680 5407 1747 5446 ne
1775 5407 1916 5445 sem-

304 5491 574 5559 piternus
620 5470 785 5551 esset,
818 5502 975 5557 quem
1021 5486 1171 5539 tarde
1219 5493 1308 5539 aut
1352 5500 1474 5540 sero
1522 5495 1703 5539 natum
1758 5484 1918 5540 fuisse

300 5579 562 5642 asseris,
594 5593 816 5634 necesse
860 5588 943 5632 est
971 5584 1028 5631 ut
1053 5586 1106 5631 et
1133 5576 1363 5646 genitori
1406 5576 1654 5630 nativitas
1685 5576 1805 5630 Filii
1835 5578 1916 5631 sui

303 5670 773 5741 impedimentum
798 5669 1058 5737 attulerit,
1089 5684 1155 5725 ne
1184 5670 1545 5738 sempiternus
1570 5668 1639 5725 sit
1669 5668 1712 5723 si
1746 5684 1916 5738 nuper

2029 5219 2171 5265 ctum
2202 5209 2368 5263 David
2395 5209 2645 5265 eduxisse
2667 5210 2721 5263 in
2747 5226 2920 5280 pugna
2949 5208 3179 5279 gladium
3202 5209 3368 5265 Goliae
3394 5209 3444 5278 (1
3480 5209 3611 5281 Reg.

2026 5314 2156 5363 xvu,
2186 5299 2315 5367 51)?
2346 5301 2498 5368 cujus
2526 5315 2624 5354 nos
2650 5301 2732 5354 usi
2761 5304 2998 5356 veritatis
3027 5301 3294 5367 exemplo,
3322 5300 3523 5367 placuit
3553 5315 3612 5357 ιιι

2026 5392 2093 5447 de
2134 5399 2317 5446 vestro
2367 5392 2421 5444 in
2472 5406 2569 5445 vos
2614 5393 2794 5462 gladio
2840 5391 3263 5458 triuiuphemus,
3307 5390 3447 5445 sicut
3495 5393 3613 5461 ipse

2026 5492 2250 5540 testatus
2300 5494 2384 5538 est
2418 5500 2432 5537 :
2464 5483 2682 5539 Gladius
2735 5501 2911 5539 eorum
2949 5486 3099 5537 intret
3144 5484 3199 5536 in
3243 5499 3330 5536 cor
3380 5484 3615 5554 ipsorum

2028 5574 2201 5645 (Psal.
2234 5572 2418 5633 xxxw.
2446 5575 2561 5647 15).
2608 5577 2843 5646 Ignoras,
2869 5577 2988 5643 quia
3035 5574 3177 5642 quod
3204 5575 3432 5647 derogas
3454 5578 3611 5649 Filio,

2028 5667 2129 5722 hoc
2172 5669 2347 5738 ipsum
2402 5667 2592 5722 adimis
2640 5675 2695 5721 et
2741 5665 2921 5719 Patri?
2952 5666 3132 5734 itaque
3178 5682 3299 5723 cum
3346 5669 3400 5722 in
3449 5670 3613 5739 prima
