3958 6176
249 397 346 449 9³71
857 387 920 420 ’δ’

1524 367 1745 425 WGILII
1768 362 2153 423 JAPSENSIS

3391 358 3502 413 ἓῗὲ

249 500 629 574 congressione
677 499 743 552 ab
781 511 883 550 una
929 493 1351 563 sempiternitate
1395 486 1567 540 Patris
1605 492 1659 536 et
1704 481 1819 535 Filii
1851 486 1898 543 Α
1926 489 2010 533 ret
2036 494 2140 532 non
2169 486 2283 531 erat
2321 478 2494 541 Pater,
2523 477 2614 531 sed
2647 485 2760 533 erat
2788 477 3125 546 omnipotens
3160 476 3321 532 Deus.
3355 477 3498 531 Proh

250 595 450 651 exclusi
496 593 735 651 fuissent,
765 598 819 642 et
861 585 1307 655 compellerentur
1343 578 1410 632 ab
1446 577 1558 644 ipsa
1597 586 1824 625 censura

252 686 513 748 veritatis,
541 681 714 734 visum
764 687 846 731 est
890 676 994 730 illis
1033 683 1090 728 ut
1135 675 1184 726 in
1232 669 1464 724 medium
1507 663 1823 735 proferrent,

203 777 212 787 ‘
253 791 370 844 quae
423 774 566 841 prius
614 769 822 822 occulte
872 763 1311 831 blasphemaban—t
1357 760 1600 812 dicentes
1644 755 1829 844 :7Erat

256 843 412 920 Pater
457 859 740 927 aliquando
789 856 903 909 sine
949 854 1106 908 Filio.
1153 851 1206 905 Si
1249 850 1388 903 enim
1439 846 1625 899 fuisset
1673 843 1830 894 Pater

254 953 539 1022 aliquando
579 953 694 1004 sine
741 949 896 1012 Filio,
931 959 1208 1015 nunquam
1242 953 1459 1011 prorsus
1501 948 1831 1006 prtrsumens

256 1047 542 1100 indicasset
565 1059 658 1110 per
686 1042 995 1110 pmpltetam
1032 1058 1043 1090 :
1083 1038 1145 1090 Et
1172 1053 1264 1106 ego
1291 1049 1489 1100 semper
1519 1041 1681 1083 tecum
1708 1026 1826 1096 (Ps.

259 1151 420 1200 usu,
453 1133 568 1200 ‘25).
613 1131 714 1184 Sed
745 1130 807 1182 ad
840 1130 954 1182 [nec
987 1129 1216 1194 piscator
1247 1121 1569 1189 evangelista
1599 1119 1833 1170 Joannes

258 1227 484 1279 dilectus
504 1238 532 1275 a
561 1221 668 1275 Deo
692 1228 914 1272 testatus
935 1224 1017 1270 est
1041 1232 1053 1266 :
1079 1213 1144 1266 In
1167 1211 1434 1268 Principio
1457 1215 1562 1261 erat
1593 1205 1832 1267 Verbum,

259 1329 304 1372 et
339 1317 556 1371 Verbum
583 1321 688 1366 erat
713 1310 847 1374 apud
875 1309 1058 1371 Deum,
1086 1315 1132 1358 et
1159 1305 1291 1356 Deus
1321 1309 1427 1354 erat
1454 1297 1694 1351 Verbum.
1726 1294 1836 1346 Hoc

259 1419 367 1462 erat
396 1409 444 1459 in
479 1405 726 1474 principio
754 1398 894 1468 apud
929 1397 1110 1449 Deum.
1167 1393 1351 1445 Omnia
1381 1406 1470 1458 per
1503 1388 1667 1456 ipsum
1699 1389 1835 1451 facta

261 1509 398 1561 sunt,
430 1473 605 1547 etsittc
641 1478 750 1560 ipso
779 1489 971 1557 factum
1006 1493 1081 1537 est
1108 1483 1234 1534 nihil
1276 1479 1454 1549 (Joan.
1479 1492 1517 1537 ι,
1552 1474 1622 1543 1).
1652 1473 1838 1527 Consi-

261 1591 388 1641 dera
417 1586 536 1652 quia
568 1593 780 1646 semper
813 1585 928 1630 erat
974 1572 1110 1641 apud
1144 1571 1307 1625 Deum
1340 1566 1549 1620 Patrem
1587 1565 1722 1618 Deus
1753 1562 1840 1615 Fi-

264 1679 384 1738 lius,
415 1688 507 1741 per
532 1686 688 1740 quem
720 1683 878 1722 omne
907 1667 1126 1720 omnino
1155 1660 1469 1731 principium
1507 1657 1700 1711 factum
1732 1663 1834 1708 est.

263 1765 414 1820 Unde
436 1764 544 1832 jam
569 1760 801 1831 oportuit
825 1773 920 1812 nos
944 1756 1210 1825 paulisper
1232 1753 1296 1806 ad
1322 1750 1482 1804 stulta
1510 1747 1650 1802 dicta
1677 1745 1839 1799 stulte

1929 570 2106 623 nefas!
2153 569 2266 622 haec
2309 583 2404 621 vos
2444 579 2549 622 tam
2599 577 2800 622 temere
2828 569 2894 622 de
2926 567 3034 621 Deo
3063 566 3218 621 Patre
3254 567 3456 621 sentire
3487 583 3502 621 :

1928 675 2055 728 ergo
2105 661 2222 714 sine
2271 659 2456 723 dubio,
2483 669 2539 713 ut
2584 660 2740 725 dicis,
2781 662 2822 712 si
2878 659 3229 726 omnipotenti
3282 659 3390 714 Deo
3434 658 3506 712 de

1930 751 2098 821 246,
2118 751 2318 806 recenti
2340 752 2508 805 honor
2535 750 2702 804 Patris
2727 750 2969 815 accessit,
2995 751 3138 820 prius
3160 749 3507 818 imperfectus

1932 843 2097 895 fuisse
2119 841 2402 911 detegitur.
2448 842 2514 894 Et
2540 843 2584 896 si
2612 842 2986 909 omnipotenti,
3018 851 3269 910 tanquam
3299 841 3505 895 homini

1932 932 2106 1000 egenti
2137 947 2232 1000 per
2257 934 2496 987 ordinem
2542 933 2770 1002 dignitas
2796 932 2985 996 cret-it,
3017 933 3165 1002 prius
3185 934 3294 1001 jam
3325 934 3505 987 omni-

1935 1031 2126 1088 potens
2162 1036 2265 1074 non
2306 1022 2467 1075 fuisse
2495 1025 2834 1090 cognoscitur
2858 1039 2871 1076 :
2893 1022 3015 1091 quia
3041 1022 3126 1074 cui
3157 1023 3328 1077 honor
3354 1038 3509 1078 acce-

1935 1112 2032 1174 dit,
2050 1113 2173 1166 dum
2197 1129 2365 1182 usqtte
2381 1115 2445 1166 ad
2463 1129 2725 1167 summum
2748 1115 2966 1181 gradum
2991 1113 3316 1182 pervenerit,
3331 1114 3508 1169 adhuc

1936 1210 2154 1262 inferior
2196 1211 2262 1261 ab
2307 1225 2372 1260 eo
2396 1223 2516 1262 esse
2544 1209 2778 1272 videbit';
2809 1218 2862 1262 et
2884 1208 2928 1260 si
2963 1209 3286 1275 pervenerit,
3317 1209 3508 1262 melior

1938 1297 2121 1366 incipit
2147 1313 2264 1352 esse
2290 1297 2341 1350 in
2367 1299 2674 1363 novissimo,
2704 1314 2859 1368 quam
2889 1299 3062 1353 fuerat
3085 1298 3137 1351 in
3161 1297 3355 1368 primo,
3380 1299 3508 1354 dum

1938 1392 2005 1445 de
2037 1393 2334 1446 humilitate
2362 1407 2529 1462 usque
2567 1393 2632 1446 ad
2663 1403 2928 1447 summum
2961 1393 3149 1463 fastigii
3178 1394 3388 1448 culmen
3417 1409 3510 1477 ac:

1939 1483 2112 1536 cedat.
2162 1482 2264 1536 Sed
2314 1482 2428 1535 btec
2476 1491 2533 1536 ut
2577 1483 2884 1547 erubescas,
2915 1486 3206 1540 secundum
3252 1496 3337 1538 tua
3366 1485 3510 1540 dicta

1939 1571 2250 1635 referimus;
2284 1571 2408 1623 dum
2450 1573 2616 1640 magis
2656 1575 2993 1642 omnipotens
3034 1575 3192 1629 Pater
3218 1590 3338 1629 esse
3366 1578 3513 1632 inve-

1945 1664 2136 1726 niatur,
2155 1663 2236 1716 cui
2268 1662 2352 1715 illa
2381 1673 2520 1716 tanta
2547 1677 2766 1718 censura
2793 1666 3195 1735 omnipotentis:
3223 1681 3342 1721 sese
3367 1671 3514 1736 prius

1943 1737 2271 1816 subtniserit,
2302 1763 2360 1806 ut
2387 1753 2643 1807 honorem
2674 1769 2841 1822 nuper
2871 1771 2965 1824 per
2994 1755 3135 1810 hunc
3173 1757 3394 1824 gradum
3422 1774 3516 1827 pa-

264 1856 611 1922 teSpondere,
647 1867 706 1907 ut
734 1853 817 1905 vel
847 1853 924 1906 sic
952 1851 1019 1904 de
1060 1864 1154 1903 sua
1183 1847 1406 1901 stultitia
1455 1841 1642 1896 revicti
1683 1850 1841 1910 atque
1871 1861 1918 1920 Β
1947 1845 2079 1897 terni
2110 1846 2342 1900 nominis
2364 1854 2679 1901 assumeret.
2711 1846 2878 1901 Porro
2921 1847 3135 1916 longum
3178 1858 3258 1902 est
3287 1858 3392 1904 tam
3422 1854 3516 1904 diu

265 1945 469 1999 confusi
492 1945 890 1998 erubescerent.
929 1941 1123 2007 Utique
1153 1939 1196 1992 si
1225 1944 1341 1992 erat
1368 1935 1525 1988 Pater
1555 1941 1840 1999 antequam

265 2044 543 2102 generaret
577 2032 787 2094 Filium,
823 2031 937 2083 sine
965 2028 1127 2082 dubio
1157 2041 1261 2079 non
1307 2033 1423 2078 erat
1453 2021 1633 2085 Pater,
1664 2020 1706 2072 si
1739 2035 1843 2072 non

269 2122 494 2175 habebat
521 2119 735 2173 Filium.
766 2119 868 2174 Sed
901 2133 967 2172 ne
995 2117 1076 2170 vel
1110 2117 1210 2170 hoc
1241 2119 1564 2183 przesumant
1594 2109 1844 2177 blasphe-

269 2222 506 2275 mantes;
555 2220 672 2263 erat
729 2209 894 2261 Filius
951 2216 1233 2274 antequam
1293 2199 1750 2267 nasceretur,qui
1799 2198 1844 2250 si

275 2303 434 2375 245
484 2311 638 2354 natus
681 2315 787 2354 non
833 2299 1024 2364 fuerat,
1055 2296 1327 2351 evidenter
1364 2307 1466 2346 non
1513 2299 1629 2345 erat
1659 2289 1846 2342 Filius.

270 2397 473 2457 Stulte,
507 2391 629 2460 quid
678 2405 806 2457 ergo
849 2395 1061 2456 oportet
1103 2384 1314 2439 dicere?
1356 2382 1502 2450 Elige
1543 2379 1636 2431 tibi
1686 2391 1846 2430 unum

270 2485 338 2538 de
367 2481 576 2544 duobus
615 2479 739 2548 quid
771 2477 989 2530 confuse
1017 2475 1282 2543 designes.
1337 2472 1474 2524 Ante
1506 2467 1719 2528 Filium,
1751 2463 1848 2516 Pa-

275 2589 407 2628 trem
450 2589 568 2628 esse
609 2572 939 2642 pronuntias.
974 2572 1081 2624 Aut
1121 2569 1166 2620 si
1215 2574 1328 2619 erat
1370 2563 1529 2617 Pater
1563 2567 1847 2626 antequam

272 2678 552 2736 generaret
601 2666 813 2726 Filium,
842 2671 934 2716 aut
977 2670 1091 2715 erat
1130 2659 1288 2713 Pater
1315 2655 1401 2724 qui
1440 2655 1548 2720 jam
1595 2663 1720 2703 vere
1759 2661 1851 2716 ge-

273 2767 462 2813 nuerat
505 2757 718 2810 Filium.
780 2755 870 2808 Vel
921 2753 1020 2806 hoc
1068 2747 1335 2820 significas
1377 2762 1390 2798 :
1432 2744 1490 2797 Si
1537 2750 1652 2796 erat
1682 2737 1851 2792 Filius

272 2853 555 2919 antequam
587 2855 916 2909 nasceretur,
941 2853 1030 2897 aut
1054 2852 1169 2897 erat
1193 2849 1349 2892 natus
1375 2835 1564 2899 Filius,
1589 2830 1712 2902 quia
1739 2828 1848 2896 jam

273 2957 400 2996 vere
419 2917 593 2994 Vnatus
630 2938 801 2991 fuerat
837 2937 905 2990 de
932 2935 1119 2998 Patre,
1148 2931 1287 2986 sicut
1315 2929 1570 2997 scriptum
1603 2929 1684 2975 est
1709 2936 1722 2975 :
1751 2917 1852 2982 Qui

274 3046 403 3099 erat,
436 3042 481 3086 et
510 3033 596 3101 qui
627 3040 720 3094 est,
742 3040 788 3081 et
834 3027 921 3096 qui
962 3035 1200 3079 venturus
1241 3032 1313 3075 cst
1338 3021 1520 3088 (Apoc.
1555 3031 1592 3077 ι.
1625 3012 1703 3081 4).
1756 3008 1850 3101 ile!

277 3099 788 3190 boczlniprincipio
835 3127 941 3169 erat
997 3115 1214 3169 Verbum
1255 3111 1443 3182 (Joan.
1484 3124 1522 3170 l,
1558 3103 1642 3174 Ι).
1691 3099 1853 3190 Vides

277 3218 395 3284 quia
441 3188 653 3280 semper
699 3211 794 3263 fuit
843 3209 1007 3261 Filius
1049 3221 1170 3260 cum
1215 3204 1391 3266 Patre,
1420 3202 1509 3270 qui
1539 3208 1636 3262 est,
1670 3207 1725 3250 et
1764 3188 1856 3259 qui

277 3316 410 3369 erat,
440 3313 492 3357 et
537 3302 626 3371 qui
670 3308 925 3353 venturus
975 3306 1077 3349 est.
1125 3295 1224 3361 Qui
1274 3293 1394 3346 ideo
1443 3305 1547 3344 non
1599 3286 1851 3355 intelligis

280 3397 410 3459 hoc,
448 3395 671 3457 Ariaue,
719 3391 840 3458 quia
889 3398 994 3442 tota
1042 3388 1168 3440 falsa
1222 3385 1516 3440 introducis
1553 3399 1567 3436 :
1605 3389 1662 3434 ttt
1703 3381 1852 3434 dicas

279 3487 491 3540 Patrem
541 3484 627 3551 qui
677 3496 782 3533 non
822 3487 1102 3547 genuerat,
1132 3487 1184 3531 et
1234 3475 1476 3529 nomines
1523 3473 1735 3536 Filium,
1763 3473 1850 3540 qui

281 3578 503 3631 necdum
536 3577 707 3628 fuerat
738 3584 909 3626 natus.
946 3571 1094 3639 Rogo
1133 3569 1178 3623 si
1210 3569 1364 3622 Pater
1393 3577 1529 3630 erat,
1561 3577 1613 3618 ut
1637 3578 1855 3618 asseve-

275 3684 390 3730 ras,
425 3667 512 3735 qui
545 3681 647 3718 non
679 3671 953 3732 genuerat,
985 3671 1033 3714 et
1069 3660 1232 3713 Filius
1260 3668 1394 3720 erat,
1427 3659 1513 3726 qui
1546 3671 1650 3709 non
1683 3655 1854 3707 fuerat

284 3770 437 3812 natus
474 3758 540 3810 de
577 3757 761 3817 Patre,
795 3768 979 3824 quacro
1018 3768 1046 3805 a
1087 3762 1140 3805 te
1177 3750 1302 3820 qttid
1349 3760 1474 3803 tunc
1523 3747 1750 3801 fuerint?
1779 3743 1855 3798 Ne

283 3852 420 3905 forte
445 3851 612 3912 dicas,
642 3849 818 3911 ambo
850 3845 1089 3914 ingeniti,
1123 3843 1262 3912 quod
1292 3842 1450 3895 absit.
1485 3839 1620 3894 Vere
1661 3837 1857 3890 adver-

283 3957 373 3996 sus
401 3942 590 4010 dogma
619 3937 909 4006 iniquitatis
940 3945 1153 4000 vestrm,
1180 3949 1274 4001 pro
1305 3933 1401 3986 hac
1427 3930 1711 3992 sententia,
1738 3928 1856 3997 Spi-

285 4036 418 4087 ritus
450 4030 752 4100 principalis
775 4044 868 4096 per
899 4034 1139 4080 sanctum
1169 4025 1404 4093 Moysem
1435 4029 1580 4076 recte
1596 4019 1856 4074 denotans

286 4125 633 4196 comparavit,
653 4125 835 4176 dicens
861 4144 872 4174 ;
900 4120 1106 4173 Inimici
1127 4134 1294 4172 autem
1320 4120 1478 4171 nostri
1496 4115 1755 4170 insensati.
1784 4111 1858 4166 De

290 4219 436 4270 uinea
464 4219 594 4268 enim
617 4212 955 4268 Sodomorum
985 4211 1099 4263 vitis
1130 4224 1302 4261 eorum
1325 4248 1340 4273 ,
1367 4218 1412 4259 et
1443 4221 1667 4276 propago
1683 4219 1859 4258 eorum

289 4324 349 4361 ra:
381 4304 684 4359 Gomorrlm.
714 4303 821 4357 Uva
843 4318 1016 4356 eorum
1039 4317 1131 4354 uva
1153 4301 1307 4369 fellis,
1323 4311 1367 4351 et
1395 4298 1568 4351 botrus
1583 4310 1756 4350 eorum
1771 4295 1861 4348 bo-

290 4410 397 4450 trus
423 4396 910 4450 amaritudinisﬁra
942 4396 1218 4445 draconum
1245 4391 1414 4443 vinum
1437 4404 1609 4442 eorum
1639 4396 1685 4440 et
1719 4386 1864 4453 furor

229 4485 232 4490 ’
290 4490 532 4556 (lapidum
555 4484 1046 4554 insanobilis(Dcut.
1068 4481 1360 4549 xxxtt,51).
1378 4479 1528 4535 Unde
1551 4477 1670 4547 quia
1695 4476 1864 4529 mani-

1945 1947 2116 1988 c.ecas
2145 1951 2330 1989 eorum
2373 1936 2426 1989 in
2468 1952 2628 1990 unum
2678 1938 2938 2006 replicare
2977 1938 3251 2004 caligines.
3285 1942 3518 1998 Audiant

1945 2023 2122 2100 itaque
2154 2033 2387 2078 nostram
2419 2041 2599 2080 veram
2645 2036 2700 2081 et
2738 2027 3064 2083 immobilem
3091 2043 3271 2084 vocem
3303 2034 3518 2087 confes-

1945 2113 2133 2169 sionis.
2165 2114 2332 2180 Quem
2366 2115 2658 2183 ignorando
2683 2117 3100 2184 omnipotentem
3145 2123 3305 2175 Deum
3335 2125 3520 2177 testati

1946 2205 2096 2271 eatis,
2123 2220 2220 2258 nos
2268 2205 2439 2273 ipsum
2485 2206 2694 2260 Patrem
2740 2223 2862 2262 esse
2905 2209 3287 2265 defendimus:
3325 2225 3377 2266 et
3423 2229 3522 2268 cur

1946 2297 2364 2363 omnipotentem
2398 2296 2606 2350 Patrem
2637 2305 2754 2352 esse
2776 2299 3124 2367 praedicamus
3145 2303 3521 2370 ostendimus;

1947 2387 2069 2454 quia
2099 2387 2516 2454 omnipotentem
2546 2389 2731 2454 Deum,
2760 2391 2930 2459 qualis
2962 2393 3073 2460 ipse
3099 2404 3180 2448 est
3219 2395 3271 2448 in
3309 2407 3525 2464 natura,

1949 2481 2109 2533 talem
2154 2479 2336 2548 genuit
2367 2479 2594 2547 Filium,
2625 2481 2759 2534 sicut
2791 2482 2843 2535 in
2875 2482 3163 2550 Scripturis
3197 2497 3410 2541 cautum
3441 2490 3539 2542 ius

1949 2571 2231 2625 venimus:
2260 2569 2359 2636 Qui
2385 2579 2479 2640 est,
2501 2581 2548 2625 et
2577 2575 2665 2639 qui
2686 2573 2801 2642 fuit,
2833 2583 2881 2626 et
2913 2575 3001 2644 qui
3028 2585 3267 2630 uenturus
3304 2587 3376 2631 est
3413 2595 3527 2632 om-

1949 2663 2179 2732 nipotens
2209 2660 2349 2716 Deus
2381 2662 2563 2733 (Apoc.
2592 2679 2630 2727 t,
2657 2663 2734 2732 4).
2771 2665 2930 2720 Vides
2951 2666 3371 2734 omnipatentem
3401 2685 3528 2724 esse

1954 2754 2046 2810 Dei
2093 2754 2284 2809 Filium
2326 2754 2376 2808 in
2421 2767 2627 2817 natura,
2680 2757 2816 2809 sicut
2860 2765 2915 2810 et
2957 2757 3190 2813 Patrem.
3242 2762 3364 2816 Ideo
3394 2764 3528 2818 nihil

1953 2861 2123 2916 nuper
2148 2846 2395 2912 accessit,
2430 2846 2480 2900 in
2511 2848 2654 2900 unita
2685 2848 2960 2903 divinitate
2988 2851 3328 2920 sempiterna:
3350 2857 3530 2910 omni-

1953 2940 2227 3010 potentize,
2254 2939 2396 2994 Patri
2436 2950 2492 2995 et
2533 2941 2688 2995 Filio.
2737 2942 2878 2996 Sane
2904 2957 3007 2998 nec
3031 2946 3380 3016 omnipotenti
3415 2948 3532 3002 Deo

1955 3042 2140 3088 sancto
2184 3033 2402 3101 Spiritui
2429 3033 2626 3102 aliquid
2669 3029 2964 3090 accessisse
3004 3038 3365 3106 cognoscitur,
3395 3056 3532 3110 quo-

1956 3126 2101 3178 niam
2124 3123 2190 3178 de
2217 3124 2360 3177 unita
2383 3124 2782 3192 omnipotentim
2802 3126 3096 3180 substantia
3124 3135 3232 3193 est;
3263 3131 3382 3196 quia
3414 3135 3533 3187 hac

1904 3253 1924 3276 η
1956 3216 2102 3270 unita
2126 3225 2314 3268 natura
2345 3229 2444 3268 nec
2473 3225 2811 3284 augmentum
2843 3216 3078 3284 aliquod,
3112 3234 3212 3274 nec
3238 3219 3532 3278 detrimen-

1960 3317 2068 3364 tum
2104 3310 2316 3377 patitur.
2369 3308 2521 3362 Disce
2569 3309 2636 3360 ita
2685 3309 3127 3376 quemadmodum
3170 3311 3360 3366 debeat
3406 3323 3534 3368 tuus

1953 3417 2104 3455 error
2156 3400 2378 3456 absolvi.
2441 3399 2633 3468 Utique
2683 3401 3077 3468 sempiternitas
3138 3404 3305 3458 Patris
3365 3404 3536 3460 Filius

1953 3495 2072 3557 ejus
2118 3501 2234 3557 est,
2265 3491 2386 3555 quia
2437 3494 2504 3546 de
2555 3492 2670 3559 ipso
2723 3493 3150 3548 inenarrabiliter
3195 3506 3320 3550 ante
3369 3511 3534 3551 omne

1954 3583 2173 3636 omnino
2222 3581 2538 3649 principium
2568 3593 2723 3637 natus
2754 3594 2830 3637 est
2859 3602 2873 3638 :
2900 3593 2954 3638 et
2981 3586 3375 3655 sempiternitas
3407 3587 3532 3643 Filii

1958 3677 2116 3730 Pater
2141 3676 2256 3742 t-jus
2301 3685 2403 3738 est,
2432 3679 2554 3744 qu'a
2596 3677 2711 3743 ipse
2755 3692 2875 3731 eum
2925 3687 3049 3732 ante
3094 3689 3284 3732 cuneta
3331 3681 3533 3734 sarcula

1957 3769 2272 3823 saeculorum
2298 3767 2784 3837 incomparabili=er
2809 3769 3021 3837 genuit:
3053 3770 3165 3824 sive
3191 3770 3534 3838 sempiterni-

1960 3874 2039 3919 tas
2068 3863 2294 3930 Spiritus
2342 3862 2616 3931 paracleti,
2650 3863 2796 3916 unita
2826 3862 2998 3917 deitas
3027 3863 3142 3930 ejus
3169 3872 3250 3918 est
3279 3878 3397 3918 cum
3426 3864 3535 3918 Pa-

1960 3963 2042 4009 tre
2071 3965 2124 4008 et
2155 3954 2306 4018 Filio,
2333 3969 2450 4019 qum.
2495 3953 2628 4005 facta
2678 3969 2781 4006 non
2813 3962 2914 4019 est,
2947 3954 3086 4008 sicut
3117 3952 3278 4008 Filius
3309 3963 3537 4008 testatus

1959 4059 2040 4101 est
2069 4048 2136 4101 de
2159 4061 2223 4098 co
2247 4062 2260 4098 :
2285 4047 2327 4098 Α
2358 4044 2510 4098 Patre
2540 4045 2763 4113 procedit
2790 4043 2967 4117 (Joan.
2998 4061 3082 4108 xv,
3110 4043 3224 4114 ‘26),
3252 4055 3304 4100 et
3331 4046 3396 4098 de
3421 4061 3538 4099 meo

1961 4139 2170 4208 accipiet
2200 4137 2379 4204 (Joan.
2407 4150 2512 4194 xvr.
2545 4135 2657 4198 H).
2683 4133 2786 4188 Sed
2816 4144 2869 4189 et
2895 4135 3047 4189 Pater
3074 4134 3189 4188 btet:
3215 4134 3353 4188 dicta
3385 4149 3539 4188 com-

1963 4230 2153 4300 probat
2196 4244 2287 4295 per
2336 4231 2680 4297 prophetam,
2705 4227 2890 4281 dicens
2922 4242 2937 4283 :
2967 4225 3200 4296 Spiritus
3230 4243 3260 4279 a
3291 4243 3368 4279 me
3414 4243 3538 4297 pro-

1963 4321 2095 4374 cedit
2126 4318 2278 4390 (lsa’.
2326 4333 2448 4380 erit,
2487 4317 2596 4387 16).
2648 4317 2714 4370 Ει
2747 4317 2853 4370 alio
2890 4317 2941 4370 in
2981 4317 3096 4371 loco
3120 4332 3134 4370 :
3161 4315 3444 4381 Effundant
3473 4319 3543 4371 de

1967 4411 2167 4482 Spiritu
2201 4426 2309 4463 meo
2351 4426 2501 4476 super
2529 4424 2726 4462 omnem
2758 4424 2961 4461 carnem
2990 4407 3146 4478 (Joel,
3172 4407 3355 4478 ".28).
3383 4408 3542 4473 Quod

1966 4506 2018 4559 in
2045 4504 2362 4558 Pentecoste
2393 4507 2444 4556 in
2475 4502 2746 4569 apostolos
2794 4502 2988 4555 factum
3035 4501 3229 4564 fuisse,
3262 4500 3541 4568 Scriptura

291 4580 425 4674 “iste
455 4592 658 4674 verum_
689 4576 897 4629 Patrem
948 4573 1546 4674 ⁸Ρ¹ἷδνί¹θττ¹¹ξτησξθτί¹ῗ
1575 4567 1738 4674 Ε’ἷωδ
1772 4567 1864 4620 de'
1896 4598 2144 4674 Dtlivioa
2196 4604 2438 4650 testatur.
2486 4567 2615 4647 Nam
2669 4594 2808 4646 sicut
2853 4593 3012 4646 Pater
3057 4592 3292 4645 declarat
3347 4567 3542 4644 Filium

295 4671 466 4723 claret
492 4667 870 4734 sempiternus,
895 4665 982 4732 qui
1015 4664 1081 4715 de
1107 4669 1345 4715 conatus
1376 4659 1580 4712 fuerat:
1606 4667 1660 4710 et
1683 4672 1863 4710 rerum

294 4758 488 4812 Fdium
521 4757 922 4824 sempiternum,
954 4770 1111 4807 verus
1142 4754 1294 4805 Pater
1319 4751 1647 4804 demonstrat
1672 4749 1866 4815 sempi-

294 4858 500 4911 ternos,
527 4848 615 4916 qui
643 4863 763 4902 eum
794 4855 1083 4915 genuerat;
1115 4859 1179 4898 ac
1206 4859 1302 4913 per
1329 4843 1427 4896 hoc
1461 4841 1541 4909 (ut
1571 4840 1706 4907 dixi)
1730 4839 1869 4894 sicut

296 4955 451 4993 verus
481 4939 656 5004 Pater,
691 4940 779 5006 qui
809 4938 875 4992 de
901 4939 1188 5005 semetipso
1229 4943 1485 5006 genuerat
1517 4933 1731 5000 Filium,
1764 4947 1866 4986 una

295 5045 416 5084 cum
444 5045 510 5085 eo
538 5039 654 5084 erat
679 5042 889 5095 semper
917 5040 1038 5079 ante
1081 5033 1256 5080 omnia
1303 5026 1560 5088 anterior,
1592 5024 1670 5078 sic
1695 5033 1747 5078 et
1780 5038 1868 5077 ve-

299 5139 390 5177 rus
439 5122 631 5187 Filius,
661 5121 746 5186 qui
784 5119 891 5187 jam
934 5119 1361 5173 inenarrabihter
1401 5125 1555 5170 natus
1595 5115 1772 5170 fuerat
1800 5115 1868 5170 de

302 5216 478 5278 Patre,
509 5229 609 5266 una
641 5227 760 5266 cum
793 5228 858 5263 cu
888 5209 986 5263 fuit
1012 5225 1224 5279 semper
1251 5221 1376 5262 ante
1403 5209 1582 5262 omnia
1613 5207 1864 5259 anterior.

303 5309 424 5362 lla’e
449 5316 549 5372 est,
584 5309 818 5374 inquam,
845 5304 894 5356 in
926 5304 1006 5357 bis
1033 5303 1269 5356 anterior
1299 5299 1720 5367 sempiternitas,
1752 5312 1872 5365 quae

301 5412 423 5451 ante
449 5413 606 5451 omne
630 5396 844 5450 omnino
873 5395 1186 5464 principium
1220 5393 1316 5446 fuit
1341 5401 1392 5445 et
1419 5403 1552 5444 erat.
1585 5391 1706 5446 Ideo
1737 5405 1872 5443 nun-

302 5507 458 5554 quam
494 5493 644 5544 l‘ater
686 5490 801 5541 sine
835 5488 986 5546 Filio.
1018 5487 1137 5554 quia
1181 5465 1394 5553 semper
1424 5483 1588 5537 Filius
1621 5484 1717 5536 luit
1749 5497 1870 5536 cum

307 5583 477 5643 Patre,
509 5585 629 5634 dum
675 5583 817 5634 nullo
859 5580 1018 5634 modo
1061 5586 1234 5649 potest
1281 5577 1436 5630 Pater
1480 5576 1565 5628 hic
1609 5576 1710 5628 diei
1758 5577 1875 5628 sine

306 5674 458 5724 Filio.
479 5675 648 5742 Super
671 5676 805 5728 hanc
829 5684 1023 5727 tantam
1052 5671 1286 5728 veritatis
1312 5669 1675 5738 probationem
1696 5668 1866 5721 adhuc

304 5765 495 5831 adjecit
527 5766 774 5828 iniquitas
801 5783 982 5822 eorum
1025 5764 1285 5820 dicendo:
1314 5763 1607 5832 Antequam
1649 5775 1870 5832 genera-

1973 4704 2126 4744 suum
2159 4688 2210 4740 in
2241 4688 2324 4740 dei
2353 4696 2438 4739 ate
2460 4700 2575 4748 sua,
2609 4683 2763 4754 247
2794 4685 3042 4751 quoniam
3075 4684 3212 4738 Deus
3242 4697 3399 4736 verus
3427 4692 3544 4735 est-

1973 4781 2041 4836 ita
2083 4790 2137 4835 et
2181 4779 2346 4832 Filius
2387 4778 2716 4831 demonstrat
2757 4775 2964 4828 Patrem
3011 4776 3060 4826 iu
3100 4773 3392 4828 Substantia
3423 4788 3548 4836 sua,

1973 4875 2220 4946 quoniam
2264 4873 2398 4924 Deus
2426 4885 2582 4922 verus
2609 4877 2691 4922 est
2717 4887 2726 4920 :
2753 4869 2830 4921 sic
2862 4876 2916 4920 et
2947 4865 3178 4936 Spiritus
3203 4876 3420 4920 sanctus
3462 4879 3550 4918 re-

1975 4966 2116 5019 velat
2145 4964 2353 5016 Patrem
2382 4968 2438 5014 et
2475 4959 2684 5022 Filium,
2715 4961 2767 5014 in
2808 4959 2951 5013 unita
2997 4966 3184 5014 natura
3221 4970 3318 5010 sua
3347 4965 3549 5008 aeterna

1975 5055 2224 5129 quoniam
2274 5055 2415 5108 Deus
2455 5065 2612 5106 verus
2655 5060 2759 5105 est.
2800 5051 2922 5104 llaec
2968 5057 3083 5112 est,
3115 5048 3363 5115 inquam,
3401 5049 3552 5100 unita

1976 5147 2313 5216 omnipotens
2360 5145 2681 5214 sempiterna
2731 5140 3092 5206 Triuitas,cui
3137 5139 3204 5193 de
3252 5138 3453 5193 recenti
3499 5139 3551 5191 in

1977 5240 2176 5294 deitate
2207 5238 2345 5292 nulla
2375 5236 2600 5290 acceSsit
2627 5234 2876 5302 dignitas.

1954 5363 1993 5432 ᾖ
2052 5359 2355 5412 Πιενριὶεκε.
2391 5358 2660 5426 Interrogo
2688 5365 2758 5421 te,
2785 5355 3046 5425 responde
3077 5355 3203 5408 mihi
3238 5371 3252 5408 :
3281 5353 3395 5407 Non
3423 5367 3556 5421 ergo

1983 5452 2250 5507 mutabilis
2275 5493 2290 5515 ,
2333 5451 2416 5506 rel
2443 5449 2806 5504 convertibilis
2836 5459 2916 5503 est
2947 5449 3060 5503 haec
3089 5447 3235 5502 unita
3259 5446 3556 5500 substantia

1980 5544 2288 5599 Trinitatis?
2337 5591 2346 5596 -

2053 5663 2382 5716 Athanasius.
2434 5658 2569 5712 Audi
2611 5656 2805 5725 itaque.
2840 5657 3106 5724 Scriptura
3148 5665 3230 5711 est
3263 5674 3273 5710 :
3310 5655 3418 5728 Ego
3444 5673 3558 5710 sunt

1985 5755 2120 5811 Deus
2141 5797 2153 5820 ,
2187 5766 2232 5808 et
2261 5770 2358 5806 non
2391 5767 2500 5806 sum
2528 5760 2746 5802 mutatus
2789 5748 3037 5818 (Maior/1..
3078 5767 3153 5816 ιιι,
3184 5751 3263 5819 6).
3310 5747 3401 5802 Vel
3432 5765 3531 5817 pro
