3958 6176
317 276 429 331 275

1573 276 1654 329 DF.
1695 274 2063 329 TRINITATE
2110 273 2232 325 Lm.
2281 274 2338 323 γ.

3460 280 3561 331 2Ἱέ

309 400 525 465 phetam
552 396 618 448 ad
641 396 753 450 ltmc
774 390 1037 449 dicentem
1066 413 1078 447 :
1106 394 1328 448 Mutabis
1354 412 1439 449 eos
1468 405 1513 448 ct
1535 396 1883 458 mutabuntur,
1919 400 1961 452 A
1994 410 2221 460 opertum
2254 403 2326 446 est
2365 392 2696 462 Evangelium
2743 405 3001 457 nostrum,
3030 395 3084 447 in
3124 395 3203 448 his
3234 400 3317 465 qui
3354 414 3563 468 pereunt

309 496 363 540 tu
386 497 562 539 autem
590 487 723 539 idem
755 488 862 550 ipse
887 503 961 550 es,
997 496 1045 538 et
1068 487 1192 539 anni
1223 488 1291 539 tui
1320 504 1419 541 non
1447 487 1679 549 deﬁcient
1710 485 1883 555 (Psal.

310 593 382 639 cr,
407 576 525 647 ‘28).
565 578 690 632 Sive
728 578 835 631 tale
864 578 1061 633 dictum
1100 580 1281 645 accipe
1307 597 1319 630 :
1357 580 1463 650 Ego
1495 597 1607 633 sum
1639 581 1776 633 Deus
1797 623 1809 643 ,
1840 591 1887 635 et

312 685 410 720 non
440 670 677 723 demutor
718 668 972 737 (Malach.
1003 685 1080 735 tu,
1111 670 1186 741 6).
1236 669 1371 725 Vere
1420 673 1697 726 manite5te
1729 672 1826 740 ipsi
1856 686 1885 725 a

312 757 527 811 diabulo
558 758 818 811 immutati
849 770 971 812 sunt
995 797 1009 821 ,
1040 760 1131 827 qui
1172 759 1307 814 hanc
1337 762 1665 815 divinitatem
1692 764 1886 830 sempi-

312 858 477 903 terna:
507 849 788 904 Trinitatis
832 850 885 903 in
928 850 1297 915 confessione,
1330 863 1534 906 mutare
1574 862 1838 906 conantur
1870 870 1882 905 :

308 940 440 993 sicut
470 940 762 1009 Apostolus
793 941 988 994 indicat
1019 959 1031 993 :
1066 942 1168 1004 Qui
1210 943 1593 997 immutaverunt
1631 946 1888 998 veritatem

313 1029 403 1084 Dei
428 1032 483 1083 in
514 1032 855 1094 mendacium,
884 1042 929 1085 et
958 1033 1232 1087 servierunt
1265 1045 1507 1087 creaturae
1543 1036 1707 1101 potius
1734 1050 1887 1103 quam

308 1122 558 1186 Creatori,
577 1124 665 1192 qui
687 1134 759 1177 est
777 1123 916 1178 Deus
932 1124 1215 1178 benedictus
1235 1125 1287 1177 in
1309 1128 1495 1179 stvcula
1520 1127 1691 1197 (Rom.
1715 1144 1750 1190 l,
1769 1128 1881 1197 ‘25).

310 1213 548 1283 lntellige
576 1206 756 1282 imque
782 1229 880 1269 nec
922 1215 1338 1279 incrementum,
1372 1232 1471 1270 nec
1507 1218 1881 1271 detrimentum

310 1305 473 1359 ullum
524 1319 683 1373 posse
727 1305 991 1360 sustinere
1060 1307 1194 1361 hanc
1250 1308 1637 1364 immutabilem
1685 1312 1883 1366 nnitam

311 1395 697 1464 p'enitudinem
723 1397 1037 1450 substantiae
1059 1398 1353 1452 Trinitatis.

378 1486 689 1542 Ila'rett'cus.
716 1487 885 1557 Rogo,
917 1491 960 1542 si
992 1490 1133 1542 unita
1165 1502 1247 1546 est
1272 1492 1563 1546 substantia
1595 1493 1885 1548 divinitatis

310 1579 499 1645 Patris,
522 1588 579 1635 et
608 1581 749 1646 Filii,
772 1591 825 1636 et
852 1583 1019 1637 sancti
1039 1583 1286 1653 Spiritus,
1310 1584 1376 1639 de
1400 1587 1711 1641 auctoritate
1737 1588 1884 1642 Scri-

307 1680 579 1740 pturarnm
608 1670 737 1725 mihi
766 1671 959 1727 indica.

1991 493 2062 535 est
2098 493 2363 551 apertum,
2402 485 2454 536 in
2494 485 2672 552 quibus
2716 484 2851 538 Deus
2896 486 3069 538 sa’culi
3107 486 3257 557 hujus
3299 496 3562 544 eacwcavit

1990 585 2175 628 mentes
2198 574 2482 642 inﬁdelium
2500 616 2515 635 ,
2540 585 2594 626 ut
2622 591 2724 627 non
2750 576 2942 645 fulgeat
2969 575 3275 632 illuminatio
3301 579 3565 651 Evangelii

1989 664 2167 736 glorite
2193 664 2381 718 Christi
2408 665 2492 735 (11
2509 665 2628 719 Cor.
2655 669 2825 735 tv,5).

2064 752 2367 807 llwreticus.
2402 755 2531 819 Quae
2556 765 2638 811 est
2664 758 2834 827 imago
2866 758 2957 814 Dei
2986 760 3268 816 invisibilis
3293 762 3483 828 Patris,
3512 778 3563 821 et

1992 844 2137 907 Filii,
2162 846 2227 899 de
2256 848 2569 901 auctoritate
2603 848 2728 901 mihi
2763 850 2952 904 indica.

2061 936 2391 999 Athanasius.
2420 938 2543 992 Scio
2572 941 2691 1006 quia
2723 941 2957 995 difﬁcilis
2986 942 3165 996 exitus
3194 956 3277 1000 est
3303 946 3386 1000 hic
3418 950 3564 1016 igno-

1990 1027 2229 1080 rantibus
2258 1027 2308 1079 in
2336 1029 2660 1083 absolvenda
2686 1071 2700 1093 ,
2752 1033 2842 1085 sed
2887 1048 2983 1084 nos
3021 1044 3228 1101 oportet
3260 1052 3471 1105 semper
3497 1040 3561 1093 ad

1989 1118 2321 1170 coruscantis
2353 1117 2500 1171 Pauli
2546 1118 2813 1187 eloquium
2866 1121 3068 1176 intento
3098 1126 3259 1180 corde
3301 1130 3557 1197 aspicere,

1988 1206 2215 1259 dicentis
2257 1222 2271 1259 :
2319 1206 2429 1261 Nos
2479 1224 2648 1261 omnes
2684 1209 2903 1263 revelata
2943 1212 3071 1280 facie
3105 1213 3320 1281 gloriam
3360 1217 3563 1271 Domini

1986 1298 2308 1363 speculantes
2342 1298 2395 1349 in
2428 1300 2656 1352 eamdem
2681 1301 2946 1369 imaginem
2972 1302 3307 1370 reformantur
3340 1322 3369 1357 a
3400 1308 3563 1374 gloria

1988 1389 2041 1440 in
2083 1386 2323 1457 gloriam,
2366 1390 2495 1441 sicut
2536 1407 2568 1442 a
2610 1390 2814 1444 Domini
2842 1393 3037 1463 Spiritu
3076 1393 3160 1465 (Il
3186 1395 3302 1449 Car.
3336 1414 3413 1461 Ill,
3449 1399 3558 1468 18).

1987 1479 2278 1533 Considera
2309 1480 2360 1533 in
2392 1496 2491 1533 una
2527 1482 2754 1549 imagine
2782 1485 3225 1550 quemadmndmn
3259 1505 3413 1542 unam
3448 1492 3561 1558 glo-

1989 1572 2121 1625 riam
2156 1583 2235 1626 ter
2264 1572 2581 1641 designavit,
2611 1575 2659 1627 id
2687 1585 2769 1629 est
2800 1576 3019 1645 gloriam
3054 1580 3278 1644 Domini,
3308 1597 3336 1634 a
3366 1582 3556 1649 gloria,

1988 1661 2039 1714 in
2083 1661 2305 1727 gloriam
2334 1705 2348 1727 ,
2395 1664 2530 1718 sicut
2564 1679 2592 1718 a
2636 1664 2841 1719 Domini
2890 1668 3106 1734 Spirittt.
3166 1670 3349 1726 Nonne
3395 1682 3451 1726 ut
3479 1684 3559 1726 est

372 1761 708 1815 Athanasius.
752 1763 887 1816 Audi
918 1762 1174 1830 Spiritum
1200 1773 1440 1819 sanctum
1473 1779 1565 1833 per
1592 1763 1878 1821 Jereniiam
1914 1759 1957 1819 Β
1988 1753 2161 1821 ίηηῧο
2208 1754 2300 1808 θεῖ
2349 1753 2521 1808 Patris
2570 1756 2619 1808 i“
2670 1757 2834 1824 Gloria
2864 1798 2878 1821 ν
2925 1760 3003 1813 Sic
3049 1760 3235 1814 eadem
3284 1762 3395 1831 ipsa
3442 1764 3558 1816 “llis

306 1854 621 1921 prophetam
672 1862 993 1921 testantem,
1043 1857 1124 1909 vel
1173 1856 1281 1909 imo
1327 1856 1607 1911 haereticos
1638 1872 1731 1924 per
1770 1857 1883 1911 haec

304 1944 641 1998 auctoritatis
666 1943 786 2012 jura
818 1945 1179 2015 increpantem
1214 1963 1228 2001 :
1262 1946 1428 2009 Super
1454 1958 1644 2001 montes
1674 1951 1816 2017 acct'p
1838 1958 1885 2001 te

304 2036 597 2103 planctum,
637 2044 685 2088 et
713 2051 867 2103 super
894 2038 1097 2089 semitas
1124 2038 1305 2089 deserti
1332 2038 1615 2099 lucturum,
1646 2040 1766 2106 quia
1797 2039 1885 2090 de-

304 2132 510 2194 fecerun
543 2140 559 2194 ‘,
586 2143 645 2182 eo
671 2128 808 2196 quod
840 2144 939 2181 non
967 2129 1065 2180 sint
1095 2128 1343 2193 homines,
1378 2145 1477 2181 non
1503 2130 1771 2183 audierunt
1800 2146 1885 2183 vo-

304 2236 403 2273 cem
432 2224 523 2273 sul.
537 2220 754 2275 stantite.
788 2220 831 2273 Λ
852 2222 1097 2274 volatibus
1118 2222 1228 2275 cali
1251 2238 1408 2289 usque
1434 2222 1503 2274 ad
1532 2238 1712 2290 pecora
1750 2221 1879 2291 (Jer.

304 2327 375 2377 ιι,
409 2312 527 2381 10).
576 2312 645 2366 Et
671 2310 749 2366 sic
775 2322 1087 2381 prosecutus
1116 2323 1199 2367 est
1231 2331 1242 2367 :
1280 2315 1404 2379 Quis
1430 2316 1580 2368 homo
1608 2316 1811 2377 sapiens
1840 2327 1884 2368 et

302 2401 591 2471 intelligens
628 2402 737 2455 lucc
782 2401 941 2471 (Ibid.
966 2401 1133 2471 ,12)?
1179 2403 1305 2468 llic,
1338 2413 1394 2456 ut
1441 2404 1661 2473 intelligi
1707 2405 1883 2469 datur,

303 2505 512 2549 montes
558 2502 616 2549 et
661 2494 824 2549 colles
869 2495 918 2548 in
949 2495 1194 2564 superbia
1223 2496 1387 2558 elati,
1438 2504 1727 2560 potestates
1757 2506 1883 2551 sunt

304 2586 461 2653 hujus
514 2585 720 2639 mundi.
773 2585 841 2639 Et
878 2588 1081 2641 semita:
1110 2585 1347 2651 deserti,
1389 2586 1555 2641 Judaei
1602 2596 1764 2655 sunt,
1796 2588 1884 2656 qui

303 2690 517 2742 semper
535 2684 782 2729 errantes
802 2674 1071 2729 Christum
1106 2675 1268 2730 Deum
1306 2691 1509 2743 verum,
1535 2677 1602 2731 de
1630 2678 1885 2732 substan-

305 2767 373 2821 tia
406 2766 588 2821 Patris
616 2776 741 2820 ante
785 2774 972 2821 cuncta
1012 2767 1207 2820 saecula
1236 2778 1417 2821 natum
1437 2808 1453 2834 ,
1487 2784 1589 2822 non
1620 2784 1884 2839 cognove-

306 2869 450 2913 runt.
499 2860 753 2913 Volatilia
792 2868 968 2914 autem
1000 2860 1122 2915 caeli
1153 2861 1388 2917 haeretici
1428 2872 1590 2927 sunt,
1621 2865 1710 2931 qui
1741 2864 1886 2919 omni

308 2962 465 3005 vento
492 2950 753 3005 doctrinm
785 2950 889 3005 huc
917 2961 1074 3020 atque
1104 2952 1226 3006 illuc
1246 2992 1261 3017 ,
1291 2955 1427 3006 sicut
1458 2966 1583 3007 aves
1611 2953 1888 3009 circumte-

308 3050 517 3101 runtur,
547 3050 604 3096 et
635 3041 834 3093 unitam
860 3041 1117 3107 jussionis
1148 3056 1358 3105 vocem,
1392 3052 1549 3108 atque
1580 3059 1737 3097 unam
1768 3044 1887 3099 sub-

1988 1843 2161 1913 imago
2192 1857 2269 1899 est
2310 1848 2496 1917 gloria:
2541 1849 2704 1902 Filii?
2749 1852 2887 1904 sicut
2918 1854 3088 1906 sancti
3131 1854 3359 1921 Spiritus
3386 1856 3558 1925 imago

1986 1936 2167 2005 gloria:
2195 1938 2380 1993 cadent
2414 1941 2524 2008 ipsa
2553 1951 2606 1994 et
2635 1952 2775 1995 tanta
2810 1945 2891 1998 vel
2925 1946 3044 1999 talis
3070 1955 3170 1999 est.

2060 2026 2365 2083 Ha’reticus.
2415 2031 2633 2086 Declara
2669 2033 2794 2086 mihi
2821 2074 2834 2098 ,
2868 2034 2913 2087 si
2956 2036 3122 2089 divisa
3164 2047 3245 2089 est
3276 2037 3387 2092 h-vc
3418 2055 3517 2092 una
3542 2081 3554 2101 ,

1988 2130 2146 2187 atque
2175 2120 2359 2175 eadem
2397 2122 2507 2189 ipsa
2537 2123 2827 2179 substantia
2864 2126 3055 2191 Patris,
3101 2127 3213 2180 Filii
3248 2139 3299 2181 et
3331 2132 3559 2197 Spiritus

1988 2210 2176 2267 sancti.
2208 2226 2273 2264 an
2307 2212 2555 2277 indivisa,
2587 2225 2675 2267 aut
2700 2216 2775 2269 sic
2804 2226 3023 2271 extcnsa
3041 2228 3133 2283 est
3161 2220 3209 2271 in
3242 2220 3483 2275 invicem.

2059 2299 2389 2357 Athanasius.
2450 2302 2612 2375 249
2660 2305 2703 2359 0
2747 2307 3079 2375 experientia
3140 2310 3369 2365 hominis
3403 2352 3416 2375 ,
3470 2313 3555 2378 qtti

1987 2392 2221 2462 scipsum
2253 2410 2356 2449 non
2403 2398 2681 2466 intelligit!
2731 2399 2920 2469 Utique
2950 2401 3037 2455 ubi
3068 2402 3310 2457 indicasti
3346 2406 3558 2459 unitatis

1987 2484 2392 2553 plenitudinem,
2424 2488 2737 2543 substantia:
2761 2506 2949 2545 nomen
2975 2493 3258 2548 indivismn
3291 2495 3340 2547 in
3371 2496 3556 2549 eodem

1988 2575 2370 2632 demonstrasti
2401 2580 2655 2634 nomine?
2702 2581 2938 2650 Adatque
2969 2598 3151 2637 rursus
3188 2584 3240 2637 in
3272 2586 3557 2653 repetendo

1988 2669 2128 2741 quod
2168 2671 2499 2737 distinxisti,
2551 2674 2928 2742 proprietatem
2982 2675 3290 2729 earumdem
3337 2678 3558 2745 singulis

1987 2763 2235 2830 personis
2262 2762 2438 2816 inesse
2472 2762 2871 2817 demonstrasti.
2903 2764 3167 2819 Memento
3196 2768 3312 2834 quia
3346 2766 3557 2819 inenar-

1988 2852 2173 2907 rabilia
2199 2862 2461 2921 suntquae
2482 2855 2726 2916 dicimus,
2751 2871 2865 2922 qua:
2888 2856 3107 2910 omnino
3127 2858 3389 2912 credenda
3413 2868 3554 2911 sunt.

1988 2944 2101 2998 Non
2136 2945 2565 3013 tamenlacultas
2591 2946 2711 2999 data
2739 2956 2819 3000 est
2850 2958 2905 3000 ut
2934 2947 2996 3000 ad
3030 2948 3279 3017 liquidum
3310 2950 3413 3003 sint
3446 2950 3557 3004 htcc

1990 3050 2019 3089 a
2050 3036 2203 3089 nobis
2241 3036 2574 3091 discutienda
2610 3056 2622 3092 :
2652 3039 2904 3106 quoniam
2936 3039 3048 3109 ipsa
3081 3054 3411 3096 sacrosancta
3444 3042 3557 3096 Tr;-

308 3132 559 3188 stantiam
591 3131 764 3186 Patris
789 3177 802 3199 ,
835 3144 889 3187 et
921 3132 1059 3195 Filii,
1089 3142 1145 3187 et
1184 3135 1350 3188 sancti
1374 3133 1602 3202 Spiritus
1633 3150 1749 3191 esse
1780 3152 1885 3192 non
1916 3125 1959 3189 C
1994 3130 2131 3183 nitas
2163 3128 2286 3183 sciri
2314 3143 2371 3184 se
2405 3136 2605 3183 tantum
2642 3128 2842 3197 voluit',
2882 3146 2988 3183 non
3023 3140 3197 3186 tamen
3226 3134 3464 3201 permisit
3492 3134 3557 3188 de

310 3226 657 3280 conﬁtentur.
690 3224 890 3279 Pecora
918 3224 1138 3295 adaeque
1165 3227 1392 3294 gentiles
1418 3235 1570 3293 sunt,
1600 3229 1689 3297 qui
1719 3227 1886 3283 Deum

312 3315 567 3371 [actorem
595 3331 751 3371 suum
790 3331 896 3370 non
941 3325 1325 3386 cognoverunt.
1356 3317 1495 3373 Vere
1525 3334 1682 3373 nemo
1711 3335 1775 3373 ex
1805 3320 1888 3373 his

313 3407 650 3462 arbitrandus
680 3416 763 3461 est
805 3406 1055 3476 sapiens,
1104 3406 1192 3474 qui
1233 3421 1338 3461 non
1386 3407 1686 3475 intelligunt
1729 3408 1889 3480 248

315 3498 449 3553 hanc
477 3498 683 3553 unitam
704 3511 828 3552 esse
854 3499 981 3551 usiaz
1010 3498 1355 3552 substantiam
1382 3499 1677 3554 Trinitatis.
1705 3500 1798 3555 Vel
1820 3502 1885 3554 ad

317 3592 426 3645 haec
463 3590 704 3659 intellige
742 3590 1054 3658 prophetam
1086 3590 1405 3643 clamantem
1439 3607 1451 3643 :
1489 3590 1613 3657 Quis
1646 3592 1796 3646 stabit
1834 3593 1886 3645 in

316 3681 593 3735 substantia
633 3678 871 3744 Domini,
915 3690 958 3734 et
1000 3680 1181 3734 videbit
1228 3679 1444 3734 Verbum
1481 3684 1593 3751 ejus
1660 3681 1882 3750 (Jerem.

316 3787 463 3833 mn,
496 3770 624 3838 18)?
653 3770 817 3824 Plane
847 3771 966 3837 quis
999 3771 1273 3824 hominum
1302 3772 1473 3840 potuit
1503 3781 1646 3827 stare
1683 3773 1734 3825 in
1763 3772 1885 3825 sub-

317 3864 503 3917 stantia
534 3862 747 3917 Domini
773 3873 827 3916 et
846 3862 1029 3917 videre
1057 3862 1313 3930 Verbum,
1340 3864 1390 3918 id
1413 3874 1496 3918 est
1522 3864 1712 3919 Filium
1738 3865 1885 3934 ejus?

317 3955 448 4011 sicut
474 3956 594 4021 ipse
619 3954 747 4007 dicit
779 3971 792 4005 :
825 3952 990 4007 Nemo
1032 3954 1156 4017 uidit
1203 3952 1411 4007 Patrem
1449 3955 1548 4008 nisi
1598 3954 1797 4020 Filius,
1840 3966 1886 4007 et

318 4062 454 4098 nemo
494 4046 593 4098 scit
634 4043 855 4107 Filium,
889 4044 985 4096 nisi
1028 4044 1181 4097 Pater
1231 4043 1381 4113 (Luc.
1410 4061 1439 4098 χ
1465 4084 1480 4109 ,
1510 4044 1624 4115 22).
1656 4044 1749 4101 Vel
1783 4045 1885 4100 tale

317 4137 507 4191 dictum
538 4136 722 4203 accipe
752 4152 765 4187 :
795 4134 895 4199 Qui
932 4149 1010 4187 me
1044 4133 1199 4197 videt,
1235 4135 1364 4187 videt
1399 4144 1443 4188 et
1476 4134 1681 4188 Patrem
1717 4152 1883 4188 meum

317 4226 488 4299 (Joau.
520 4243 630 4293 xlv,
666 4226 744 4293 9).
789 4227 917 4279 Nam
948 4225 1015 4280 de
1046 4239 1269 4291 persona
1309 4224 1576 4294 Paraeliti,
1602 4226 1739 4279 idern
1770 4227 1885 4294 ipsc

316 4320 496 4376 allatus
524 4330 654 4374 est:
689 4318 913 4386 Spiritus
954 4317 1036 4369 ubi
1081 4318 1185 4370 vult
1222 4318 1446 4387 aspirat,
1487 4328 1532 4371 et
1568 4334 1735 4371 vocem
1775 4322 1882 4389 ejus

316 4415 491 4480 audis,
518 4422 569 4465 et
608 4412 770 4464 nescis
799 4410 935 4464 unde
971 4410 1135 4463 veniat
1159 4450 1175 4474 ,
1213 4418 1299 4461 aut
1335 4425 1434 4474 quo
1476 4410 1629 4464 vadat
1657 4425 1677 4465 :
1699 4412 1771 4463 sic
1808 4421 1880 4463 est

1993 3222 2269 3274 divinitate
2299 3235 2390 3274 sua
2424 3221 2636 3289 pr0prie
2664 3216 2914 3274 diflitiiri:
2946 3221 3083 3276 unde
3124 3238 3230 3276 non
3246 3234 3346 3277 ’esl
3381 3224 3554 3277 divina

1990 3310 2282 3364 Substantia
2314 3310 2501 3374 divisa,
2530 3317 2622 3363 aut
2650 3320 2890 3375 extensa,
2909 3313 2991 3366 vel
3012 3322 3253 3379 protensa
3281 3315 3333 3368 in
3352 3316 3555 3384 aliquo,

1989 3403 2072 3455 vel
2104 3403 2282 3456 excisa
2331 3401 2382 3454 in
2422 3401 2677 3469 partibus,
2720 3402 2811 3455 sed
2848 3418 2945 3457 nec
2974 3403 3293 3459 derivationi
3332 3407 3556 3476 alicujus

1989 3495 2062 3547 rei
2095 3504 2458 3561 comparatur:
2489 3494 2609 3561 quia
2652 3492 2825 3562 liquor
2863 3509 2967 3548 non
3009 3505 3092 3549 est
3130 3497 3183 3549 in
3231 3498 3328 3551 hac
3368 3509 3552 3553 natura

1990 3587 2165 3650 praue,
2196 3582 2289 3637 sed
2328 3597 2427 3636 nec
2451 3582 2684 3635 deﬂuxio
2722 3585 2983 3651 quaedam,
3015 3588 3135 3655 quia
3180 3588 3353 3642 nullus
3392 3591 3554 3644 detri-

1990 3686 2247 3739 tneuttnn,
2278 3675 2364 3727 vel
2418 3689 2759 3742 augmcn‘um
2798 3678 3045 3743 sustinet,
3095 3682 3389 3746 prtesertim
3435 3697 3552 3736 cum

1991 3764 2361 3819 inenarrabilis
2402 3764 2468 3817 sit
2508 3765 2619 3818 huic
2652 3765 2925 3831 plenitudo
2966 3767 3275 3823 substantiae
3316 3771 3555 3826 indivisa:

1988 3859 2281 3919 'l'riuitatis,
2312 3858 2451 3912 sicut
2483 3858 2594 3925 ipse
2630 3858 2767 3913 Deus
2794 3858 2887 3913 Dei
2919 3858 3081 3915 Filius
3110 3861 3333 3915 indicat:
3366 3862 3472 3933 Ego
3503 3868 3554 3917 in

1987 3950 2163 4015 l’utre,
2192 3959 2235 4001 et
2255 3948 2413 4001 Pater
2437 3949 2489 4000 in
2511 3963 2585 3999 me
2607 3946 2785 4017 (Joan.
2819 3965 2931 4015 xxv,
2962 3951 3071 4020 11).
3101 3952 3205 4007 Sed
3238 3964 3292 4008 et
3320 3956 3553 4023 Spiritus

1987 4048 2200 4093 sanctus
2231 4039 2281 4093 in
2314 4039 2490 4105 Patre,
2522 4039 2649 4093 etin
2684 4038 2838 4104 Filio,
2863 4050 2916 4093 et
2944 4041 2995 4093 in
3024 4057 3081 4095 se
3112 4045 3409 4098 consistens
3436 4059 3550 4111 est;

1984 4136 2121 4188 sicut
2147 4132 2378 4187 Joannes
2410 4132 2740 4201 evangelista
2770 4132 2820 4185 in
2858 4131 3095 4200 Epistola
3124 4149 3218 4188 sua
3258 4144 3362 4188 tam
3400 4137 3553 4190 abso-

1984 4226 2093 4279 Iule
2117 4233 2367 4280 testatur:
2402 4223 2469 4277 Et
2493 4235 2591 4277 tres
2621 4240 2778 4277 unum
2806 4234 2922 4277 sunt
2950 4222 3002 4294 (I
3022 4223 3176 4278 Joan.
3210 4242 3265 4288 v,
3295 4228 3369 4296 7).
3392 4228 3554 4282 Porro

1986 4317 2170 4386 utquid
2199 4333 2359 4370 unum
2384 4316 2596 4382 dicitur,
2626 4316 2670 4370 si
2700 4315 2896 4383 aliquid
2924 4316 2993 4369 de
3026 4331 3090 4370 eo
3126 4318 3177 4370 in
3220 4329 3396 4387 partes
3424 4320 3555 4374 divi-

1985 4411 2164 4465 ditur?
2193 4421 2247 4465 et
2275 4410 2461 4478 utquid
2492 4424 2657 4462 unum
2685 4407 2879 4463 dicitur
2914 4409 2958 4463 si
2985 4407 3200 4465 diverse
3234 4412 3359 4480 quid
3391 4415 3555 4469 senti-

316 4506 473 4558 omnis
495 4504 587 4572 qui
620 4513 771 4558 natus
801 4513 871 4557 est
911 4517 973 4555 ea:
1009 4518 1142 4569 aqua
1173 4511 1220 4555 et
1258 4501 1459 4567 Spiritu
1492 4512 1663 4554 sancto
1708 4500 1883 4571 (Joan.
1915 4490 1964 4549 D
1993 4516 2073 4558 tur
2108 4505 2175 4557 de
2203 4504 2307 4557 eo?
2335 4512 2390 4557 et
2418 4502 2707 4571 quomodo,
2731 4518 2762 4554 o
2786 4501 3056 4573 hzeretice,
3087 4512 3197 4558 tres
3220 4520 3382 4559 unum
3410 4519 3555 4570 sunt,

316 4614 392 4663 tu,
414 4600 490 4667 8).
519 4597 812 4653 Considera
840 4611 1000 4651 unam
1030 4611 1152 4650 esse
1182 4594 1503 4649 invisibilem
1535 4595 1884 4649 substantiam

316 4690 611 4747 Trinitatis.
640 4691 747 4747 Sed
777 4691 842 4744 ad
886 4693 1000 4745 huic
1030 4689 1223 4759 adjecit
1251 4705 1264 4742 :
1296 4689 1355 4743 Si
1395 4690 1645 4743 stetissent
1679 4689 1732 4740 in
1769 4687 1890 4741 sub-

314 4785 500 4836 stantia
525 4800 637 4836 mea
658 4823 675 4847 ,
711 4783 1000 4836 avertissent
1028 4798 1111 4836 eos
1150 4799 1182 4835 a
1218 4781 1399 4835 studiis
1442 4778 1616 4833 eoTum
1657 4780 1887 4848 pessimis

318 4871 449 4940 (Jer.
482 4888 608 4926 χχιιι
633 4913 650 4936 ,
679 4872 793 4941 22).
842 4871 939 4926 Vel
966 4872 1067 4925 hoc
1101 4888 1113 4922 :
1149 4871 1444 4925 Substantia
1482 4887 1593 4923 mea
1616 4910 1633 4936 ,
1668 4870 1886 4922 dulcedo

274 4977 426 5029 (mea
468 4972 539 5015 est
586 4962 743 5031 (Sap.
786 4977 896 5029 xw,
940 4961 1058 5029 21).
1101 4961 1317 5016 Necnon
1356 4977 1371 5013 :
1412 4962 1510 5024 Qui
1537 4971 1608 5015 est
1649 4961 1889 5028 splendor

309 5052 512 5123 gloria,
546 5061 593 5106 et
620 5054 790 5121 imago
827 5052 1118 5105 substantia:
1156 5053 1266 5119 ejus
1304 5050 1491 5120 (Hebr.
1528 5067 1566 5115 ι,
1595 5052 1671 5120 '5).
1704 5052 1806 5107 Sed
1836 5061 1891 5107 et

308 5144 439 5209 hoc,
464 5144 603 5214 quod
643 5142 939 5198 secundum
968 5143 1340 5197 auctoritatem
1380 5144 1499 5209 jure
1536 5143 1740 5211 Optimo
1766 5158 1890 5197 cen-

303 5247 460 5289 setur
486 5252 499 5287 :
529 5234 735 5288 Candor
757 5242 829 5287 est
854 5235 987 5286 enim
1018 5234 1146 5286 lucis
1174 5242 1395 5296 (sternte,
1430 5242 1476 5285 et
1501 5234 1761 5301 speculum
1783 5235 1891 5286 sine

303 5325 512 5378 macula
532 5323 628 5378 Dei
649 5324 954 5396 majestatis,
984 5334 1032 5376 et
1064 5325 1232 5395 imago
1264 5324 1501 5389 bonitatis
1528 5326 1687 5394 ipsius
1706 5364 1721 5389 ,
1749 5324 1883 5377 Deus
1926 5370 1929 5373 .

302 5416 482 5470 Filius
522 5417 812 5487 (Sap.vu,
838 5416 955 5488 26).
996 5416 1160 5471 Vides
1208 5433 1366 5471 unam
1406 5432 1526 5471 esse
1565 5417 1882 5472 invisibilem

304 5509 596 5578 imaginem
624 5506 938 5563 substantia
966 5510 1148 5579 gloria:
1179 5509 1451 5564 bonitatis.
1486 5510 1721 5577 Denique
1753 5510 1885 5564 Pan-

302 5601 421 5657 lum
458 5606 757 5669 apostolum
797 5617 895 5671 pro
940 5603 1307 5671 increpatione
1352 5602 1723 5657 haereticorum
1760 5603 1885 5657 andi

298 5691 646 5760 loquentem,
681 5702 735 5749 et
764 5694 900 5749 hanc
927 5693 1207 5765 imaginem
1241 5694 1597 5749 declarantem
1642 5713 1652 5746 :
1697 5694 1800 5748 Scd
1844 5696 1886 5746 si

1991 4600 2033 4649 si
2066 4597 2232 4650 divisa
2264 4596 2347 4651 vel
2384 4596 2561 4650 excisa
2599 4596 2650 4649 in
2706 4595 2787 4649 his
2828 4595 3123 4652 substantia
3164 4601 3282 4654 est?
3309 4610 3402 4653 aut
3428 4617 3559 4671 quo-

1994 4688 2152 4741 modo
2176 4703 2338 4741 unum
2361 4698 2505 4750 sunt,
2533 4687 2577 4741 si
2597 4686 2734 4741 alter
2753 4686 2903 4740 alteri
2935 4688 3295 4757 praeponitur?
3314 4700 3407 4744 aut
3429 4708 3561 4763 quo-

1992 4782 2151 4833 modo
2186 4789 2294 4835 tres
2324 4796 2486 4833 unum
2529 4788 2673 4846 sunt,
2721 4779 2765 4833 si
2794 4779 3020 4834 diversa:
3050 4780 3101 4835 in
3148 4782 3228 4835 his
3258 4782 3563 4840 divinitates

1990 4872 2150 4925 sunt?
2181 4872 2451 4941 quomodo
2481 4886 2642 4924 unum
2685 4880 2829 4936 sunt,
2865 4872 2907 4924 si
2948 4887 3054 4925 non
3094 4882 3178 4927 est
3218 4874 3270 4927 in
3304 4876 3385 4928 his
3416 4878 3558 4930 unita

1991 4962 2314 5029 sempiterna
2354 4960 2629 5029 plenitudo
2656 4961 2983 5015 divinitatis?
3012 4963 3272 5018 Prmterea
3301 4966 3427 5020 dum
3460 4983 3561 5020 una

1994 5052 2269 5121 plenitudo
2297 5052 2495 5105 nullam
2518 5051 2737 5105 omnino
2761 5052 2952 5107 habeat
2982 5054 3033 5107 in
3059 5064 3209 5120 parte
3230 5056 3404 5124 aliqua
3430 5058 3562 5110 divi-

1991 5146 2224 5207 sionem,
2255 5144 2381 5197 dutn
2413 5145 2556 5197 unita
2590 5144 2862 5212 plenitudo
2890 5146 3180 5201 divinitatis
3207 5148 3258 5201 in
3290 5158 3435 5217 parte
3465 5152 3562 5201 mi-

1996 5252 2094 5289 nor
2122 5235 2207 5290 vel
2239 5236 2409 5303 major
2438 5234 2541 5290 diei
2565 5250 2667 5302 non
2693 5236 2892 5303 possit?
2918 5237 3176 5293 Similiter
3195 5248 3248 5292 et
3278 5240 3563 5307 Apostolus

1994 5328 2223 5381 indicat:
2253 5326 2379 5392 Quis
2401 5327 2530 5380 enint
2558 5326 2650 5380 scit
2678 5328 2940 5381 hominum
2958 5344 3072 5398 qua:
3098 5329 3150 5382 iu
3171 5331 3281 5396 ipso
3310 5338 3443 5390 sunt,
3463 5331 3560 5382 nisi

1986 5421 2197 5487 spiritus
2223 5420 2309 5486 qui
2333 5420 2387 5473 in
2416 5422 2525 5489 ipso
2564 5422 2675 5474 est?
2724 5419 2810 5474 Ita
2850 5431 2897 5475 et
2928 5436 3042 5488 qua:
3064 5422 3117 5473 in
3149 5420 3254 5474 Deo
3276 5429 3389 5473 sunt
3418 5437 3561 5474 nemo

1986 5512 2237 5581 cognovit.
2272 5510 2371 5564 nisi
2413 5509 2635 5580 Spiritus
2678 5510 2792 5564 Dei.
2830 5510 2941 5563 Nos
2980 5519 3144 5563 autem
3188 5526 3289 5563 non
3331 5512 3565 5579 spiritum

1988 5604 2141 5673 hujus
2180 5602 2357 5655 mundi
2383 5602 2686 5665 accepimus,
2722 5602 2809 5654 sed
2846 5600 3095 5667 Spiritum
3127 5601 3210 5669 qui
3240 5618 3301 5654 ex
3336 5600 3438 5656 Deo
3465 5616 3559 5669 est,

1990 5706 2044 5749 ut
2074 5696 2292 5748 sciamus
2318 5710 2431 5751 mue
2459 5708 2489 5745 a
2513 5692 2619 5745 Deo
2652 5692 2840 5744 donata
2862 5700 2974 5744 sunt
3008 5692 3171 5759 nobis.
3197 5710 3309 5756 qua:
3330 5705 3376 5750 et
3400 5699 3561 5765 loqui.
