3958 6176
466 295 572 351 275

1788 294 2017 351 VlG‘iLll
2057 295 2141 350 TA
2152 293 2417 352 PSLNSIS

3616 298 3713 353 276

466 430 579 468 nmr
607 412 658 485 (Ι
687 411 806 467 Cor.
838 427 897 476 tt,
928 411 1037 483 il).
1062 409 1211 467 Scito
1236 410 1465 479 propriae
1492 409 1729 464 veritat's
1755 424 2043 478 argumen-
2070 416 2119 472 Α
2149 410 2233 464 bis
2265 421 2551 471 terrarum.
2595 410 2739 464 velut
2782 409 3105 464 stillicidium
3152 408 3461 480 deputatum
3499 419 3601 476 est,
3633 421 3716 465 aut

465 517 576 560 tum
605 506 948 561 indiscretum
982 519 1103 558 esse
1144 504 1372 573 positum
1412 520 1505 572 per
1536 505 1636 556 hoc
1673 504 2034 557 testimonium

464 600 531 651 de
564 597 779 651 homine
821 605 875 649 et
911 596 1096 664 spiritu
1128 594 1217 664 qui
1259 594 1309 647 in
1362 594 1479 658 ipso
1521 603 1621 657 est,
1659 605 1711 647 et
1742 593 1808 647 de
1848 594 1959 648 Deo
1987 604 2041 651 et

464 690 663 758 Spiritu
692 692 779 759 qui
811 690 876 743 de
902 690 1017 757 ipso
1038 700 1141 742 est.
1168 688 1314 743 Sicut
1343 688 1481 741 idem
1510 688 1621 755 ipse
1650 688 1901 756 magister
1920 702 2041 756 gen-

465 783 621 845 tium,
652 782 813 852 250
842 791 893 834 et
925 781 1027 833 lide
1053 789 1104 833 ct
1142 781 1362 834 veritate
1400 779 1550 833 nobis
1573 790 1797 835 testatus
1824 791 1926 846 est,
1958 782 2039 834 di-

464 889 624 930 cens:
661 874 884 942 Spiritus
902 874 1034 925 enim
1059 872 1151 925 Dei
1178 873 1347 925 omnia
1376 882 1654 939 scrutatur,
1687 875 1837 926 etiam
1866 876 2042 927 altitu-

465 966 608 1019 dines
640 964 734 1017 Dei
757 963 813 1033 (1
836 964 953 1017 Cor.
989 980 1045 1029 ll,
1082 964 1188 1032 10).
1223 964 1321 1030 Qui
1359 965 1401 1016 si
1434 965 1599 1019 altera
1630 975 1813 1019 natura
1855 982 1884 1021 a
1926 966 2039 1021 Deo

465 1068 609 1113 esset
644 1058 876 1130 Spiritus
924 1069 1172 1121 sanctus,
1211 1057 1661 1125 quemadmodum
1708 1059 2036 1113 divinitatem

464 1151 762 1207 altitudinis
777 1150 868 1203 Dei
899 1157 1105 1218 poterat
1128 1160 1371 1202 scrutatis
1391 1159 1691 1217 penetrare,
1708 1151 1786 1205 vel
1812 1151 2041 1207 inuniri?
2074 1168 2089 1181 “

464 1249 557 1297 aut
581 1240 847 1311 quomodo
878 1239 931 1292 in
960 1255 1019 1293 ea
1043 1247 1185 1293 esset
1207 1249 1259 1292 et
1288 1239 1339 1291 in
1365 1253 1483 1294 sese
1508 1249 1669 1303 esset,
1699 1240 1824 1293 dum
1852 1249 2040 1295 natura

464 1336 561 1391 Dei
594 1334 807 1388 diversa
841 1342 1043 1387 natura:
1057 1333 1299 1401 propria:
1325 1347 1429 1385 non
1459 1342 1640 1401 posset
1668 1334 1829 1399 uniri,
1854 1343 1905 1387 et
1927 1335 2042 1388 alti-

464 1428 678 1482 tudines
707 1427 823 1496 ejus
854 1434 1101 1479 scrutans
1140 1433 1440 1493 penetrare,
1482 1436 1538 1477 ut
1566 1425 1718 1491 dixi;
1760 1436 1812 1481 et
1843 1427 1893 1480 in
1927 1428 2039 1496 ipsa

463 1534 584 1573 esse
606 1525 697 1571 aut
725 1517 777 1570 in
802 1530 860 1570 se
890 1530 1029 1579 esse,
1064 1515 1143 1570 vel
1176 1515 1311 1569 nniri
1342 1516 1392 1568 in
1418 1530 1535 1569 sese
1570 1517 1906 1584 naturaliter,
1940 1518 2044 1574 hoc

463 1617 547 1662 est
572 1605 794 1661 dealiter
827 1606 877 1658 in
923 1605 1149 1658 invicem
1182 1603 1494 1671 consistere,
1529 1606 1629 1658 nisi
1671 1608 1791 1675 quia
1824 1610 1890 1662 de
1928 1609 2038 1675 ipsa

463 1701 608 1756 unita
640 1710 827 1755 natura
861 1698 1154 1753 divinitatis
1182 1698 1301 1751 est?
1325 1712 1444 1752 nam
1477 1707 1530 1752 et
1561 1699 1659 1753 hoc
1688 1700 1928 1766 Apostoli
1957 1711 2040 1757 est

2140 504 2280 557 sicut
2304 516 2491 569 spuma
2527 501 2766 569 gracilis,
2808 511 2899 554 aut
2928 516 3017 555 ros
3040 502 3182 570 quod
3214 511 3337 556 ante
3379 502 3625 555 lucanum
3655 503 3716 557 de

2141 595 2280 649 coelo
2306 593 2603 659 descendit,
2631 593 2767 648 sicut
2806 594 3063 663 scriptum
3096 603 3176 649 est
3200 609 3216 647 :
3245 592 3348 659 Qui
3375 597 3595 648 continet
3619 598 3714 648 cir-

2140 688 2335 739 cuitum
2379 694 2546 749 terrm,
2575 696 2626 740 et
2669 701 2753 738 eos
2797 687 2884 755 qui
2910 686 3139 739 habitant
3170 687 3223 739 in
3267 702 3329 738 ea
3358 686 3487 739 sicut
3517 688 3719 741 locusta:

2142 776 2296 847 (lsai.
2331 792 2418 842 ιι,
2448 776 2565 843 22).
2596 775 2814 831 Necnon
2841 793 2855 830 :
2892 776 2994 843 Qui
3023 792 3226 831 mensus
3254 785 3327 830 est
3356 794 3511 829 manu
3538 793 3715 846 aquam

2142 883 2191 922 ct
2227 869 2406 922 malum
2449 868 2645 936 palmo,
2693 877 2741 920 et
2786 869 3077 921 universam
3129 878 3317 921 terram
3356 869 3533 922 clausa
3572 885 3719 922 manu

2143 963 2331 1037 (Ibid.,
2368 963 2479 1035 12).
2509 966 2573 1020 Ει
2601 979 2821 1020 rursus:
2851 963 3046 1020 Caelum
3068 965 3191 1019 mihi
3216 965 3426 1019 thronus
3462 978 3559 1030 est,
3593 978 3718 1021 terra

2142 1068 2311 1111 autem
2341 1057 2618 1111 scabellum
2643 1058 2828 1127 pedum
2852 1074 3079 1112 meorum
3112 1057 3265 1127 (Isai.
3300 1074 3441 1124 um,
3479 1060 3555 1129 1).
3585 1058 3719 1115 Con-

2144 1149 2316 1203 sidera
2370 1148 2962 1217 incomprehensibilem
3022 1163 3143 1203 esse
3215 1149 3376 1203 unitae
3433 1150 3716 1207 divinitatis

2145 1242 2303 1313 251
2333 1241 2607 1308 virtutem,
2643 1249 2701 1294 ut
2739 1240 2957 1303 caelum,
2986 1240 3126 1309 quod
3174 1242 3353 1310 palmo
3397 1246 3713 1309 continetur,

2144 1331 2282 1385 idem
2311 1338 2364 1384 et
2392 1332 2620 1384 thronus
2644 1329 2760 1399 ejus
2790 1330 2860 1383 sit
2887 1347 2899 1382 :
2937 1340 2992 1385 et
3020 1341 3186 1396 terra,
3216 1348 3333 1400 qua:
3357 1333 3558 1402 pugillo
3589 1349 3713 1389 con-

2143 1420 2394 1486 cluditur,
2427 1435 2615 1474 rursus
2640 1421 2934 1474 scabellum
2965 1421 3156 1489 pedum
3189 1422 3306 1490 ejus
3337 1426 3427 1487 sit,
3460 1424 3583 1478 dum
3608 1427 3717 1479 uni-

2144 1511 2370 1564 versitas
2396 1510 2517 1565 cceli
2550 1510 2726 1578 palmo
2757 1509 3046 1575 detinetur,
3087 1521 3141 1565 et
3182 1511 3427 1567 universa
3461 1524 3599 1568 terra
3631 1533 3719 1585 pu-

2143 1601 2270 1669 gillo
2315 1600 2681 1665 concluditur;
2713 1602 2853 1669 quod
2908 1609 2964 1655 et
3014 1603 3263 1666 thronus,
3331 1610 3386 1658 et
3433 1606 3717 1661 scabellum

2146 1694 2337 1762 pedum
2363 1692 2478 1761 ejus
2505 1694 2603 1746 sit:
2632 1693 2771 1747 sicut
2796 1703 2849 1748 et
2876 1695 3132 1762 scriptum
3174 1705 3290 1749 est:
3314 1696 3409 1751 Cui
3437 1700 3614 1753 omnis
3638 1713 3720 1755 or-

462 1795 661 1849 dictum
690 1810 703 1846 :
738 1791 839 1856 Qui
863 1800 1030 1845 autent
1051 1806 1105 1844 se
1122 1792 1383 1863 conjungit
1414 1791 1544 1855 Deo,
1578 1809 1709 1848 unus
1737 1796 1946 1864 spiritus
1970 1807 2040 1850 est
2072 1771 2118 1831 Β
2146 1786 2228 1840 bis
2252 1794 2514 1839 terrarum
2542 1795 2790 1855 tanquam
2826 1795 3155 1842 momentum
3187 1798 3400 1844 Stateraa
3429 1793 3719 1846 mstimatus

461 1883 515 1956 (I
547 1884 665 1939 Cor.
690 1899 764 1947 vt,
798 1883 909 1952 17).
939 1881 1097 1935 Vides
1131 1881 1471 1935 indiscretam
1497 1898 1617 1937 esse
1649 1886 1783 1938 hanc
1810 1885 2042 1953 plenilu-

459 1976 641 2029 dinem
682 1974 879 2027 divina:
928 1972 1224 2036 Trinitatis,
1260 1974 1353 2027 sed
1400 1984 1451 2028 et
1485 1975 1677 2043 ubique
1719 1987 2036 2045 prmsentetn

460 2083 579 2123 esse
612 2070 746 2122 hanc
773 2066 1156 2135 plenitudinem
1181 2067 1371 2121 divina:
1396 2068 1691 2131 Trinitatis,
1720 2084 1835 2139 qua:
1862 2072 2036 2124 omnia

457 2160 650 2228 implet
699 2159 923 2212 interius
965 2166 1018 2211 et
1057 2159 1315 2222 exterius,
1358 2173 1385 2209 a
1430 2161 1738 2215 summitate
1780 2160 2036 2216 cmlornm

457 2266 628 2322 usque
656 2251 721 2304 ad
754 2248 1071 2319 profundum
1118 2248 1428 2312 inferorum,
1460 2250 1596 2304 sicut
1640 2251 1754 2319 ipse
1784 2251 2040 2305 Dominus

457 2359 555 2415 per
586 2342 898 2411 pmphetam
930 2348 1181 2395 testatur:
1212 2340 1321 2410 Ego
1340 2357 1454 2394 sum
1486 2341 1734 2396 Dominus
1766 2342 1922 2408 Deus,
1952 2346 2039 2412 qui

456 2438 645 2507 impleo
675 2436 855 2490 mlum
876 2445 921 2488 et
949 2444 1155 2501 terram,
1187 2444 1233 2487 et
1253 2435 1423 2487 omnia
1443 2451 1552 2497 qum
1574 2435 1624 2486 in
1648 2436 1719 2487 eis
1740 2444 1857 2488 sunt
1883 2434 2036 2504 (lsai.

456 2543 603 2593 κων,
648 2526 762 2595 24).
806 2525 1065 2582 Similiter
1093 2535 1148 2578 et
1196 2534 1414 2579 sanctus
1454 2525 1714 2579 Jcremias
1740 2526 1805 2580 de
1839 2541 1904 2580 co
1936 2541 2037 2580 una

456 2635 577 2673 cum
610 2618 881 2686 praphetis
912 2617 1107 2671 indicat
1134 2634 1146 2671 :
1182 2616 1244 2671 Si
1270 2616 1544 2669 abscondat
1582 2633 1636 2670 se
1664 2617 1812 2671 homo
1843 2619 1894 2671 in
1918 2619 2039 2673 abs-

456 2713 655 2778 consis,
705 2727 873 2764 nonne
898 2727 990 2781 ego
1020 2710 1192 2763 videbo
1222 2710 1373 2763 eum?
1404 2707 1656 2779 Nunquid
1685 2727 1783 2764 non
1821 2728 1911 2782 ego
1940 2729 2041 2767 ca!-

457 2806 564 2858 lum
584 2813 632 2857 et
654 2812 840 2856 terram
867 2801 1053 2871 impleo
1068 2803 1090 2855 ?
1104 2802 1227 2854 dicit
1243 2800 1489 2854 Dominus
1513 2800 1727 2871 (Jerem.
1755 2818 1905 2872 χχιιι,
1921 2803 2036 2875 24).

457 2895 552 2949 Vel
587 2896 685 2949 hoc
717 2894 892 2949 uniter
932 2894 982 2947 in
1018 2894 1282 2948 Trinitate
1327 2892 1528 2947 dictum
1561 2894 1774 2961 accipe:
1812 2895 1925 2957 Quo
1959 2895 2040 2949 ibo

456 3004 488 3039 a
520 2987 721 3057 Spiritu
748 2995 858 3051 tuo,
892 2995 980 3037 aut
1008 3001 1107 3055 quo
1136 3001 1165 3036 a
1211 2983 1341 3053 facie
1369 2993 1454 3036 tua
1484 2986 1719 3055 fugiam?
1755 2986 1817 3038 Si
1864 3003 2039 3040 ascen-

456 3082 578 3132 dero
605 3081 655 3132 in
678 3081 877 3141 caelum,
904 3088 957 3130 tu
984 3077 1094 3130 illic
1115 3094 1193 3145 es,
1209 3086 1257 3129 et
1283 3076 1327 3129 si
1348 3076 1655 3129 descendero
1682 3078 1732 3128 in
1762 3078 2037 3145 infernum,

2141 1888 2225 1932 est
2253 1878 2409 1950 (Sap.
2437 1894 2510 1944 tu,
2534 1878 2647 1949 23).
2667 1881 2742 1933 Ac
2766 1894 2859 1948 per
2887 1879 2987 1934 lt'oc
3009 1870 3255 1936 universa
3295 1883 3500 1950 implet,
3532 1893 3588 1939 et
3608 1900 3719 1938 om-

2141 1976 2228 2026 nia
2254 1972 2493 2025 continet
2521 1972 2749 2027 interius
2780 1980 2833 2026 et
2861 1972 3120 2041 exterius,
3155 1984 3215 2028 ut
3253 1974 3448 2044 ubique
3489 1992 3721 2043 przesens

2141 2075 2223 2117 est
2254 2063 2367 2117 haec
2398 2062 2685 2117 indiscreta
2718 2063 3042 2133 sempiterna
3066 2064 3319 2129 Trinitas,
3350 2068 3432 2120 cui
3464 2077 3549 2121 est
3590 2067 3723 2121 invi~

2140 2156 2313 2210 sibilis
2338 2156 2615 2224 plenitudo
2636 2156 2949 2212 divinitatis.
2978 2157 3133 2213 Unde
3155 2175 3221 2213 ne
3247 2160 3417 2215 malus
3436 2162 3720 2231 interpres,

2141 2246 2209 2301 de
2226 2246 2593 2316 superioribus
2614 2248 2771 2302 dictis
2794 2250 3069 2303 materiam
3095 2250 3320 2319 accipiat
3343 2252 3721 2318 calumniandi,

2141 2337 2261 2392 ideo
2285 2339 2396 2406 ipsa
2421 2338 2656 2393 breviter
2676 2338 2960 2393 reserabo:
2993 2354 3058 2394 eo
3084 2340 3225 2410 quod
3255 2342 3561 2410 frequenter
3589 2344 3723 2398 indi-

2140 2427 2253 2482 CaVi
2280 2441 2435 2481 unam
2452 2428 2829 2495 substantiam,
2856 2430 2941 2485 vel
2964 2431 3165 2483 unitam
3190 2432 3538 2498 divinitatem,
3565 2434 3721 2488 unius

2142 2520 2233 2574 Dei
2268 2530 2533 2584 naturam,
2565 2532 2654 2574 aut
2695 2520 2915 2575 unitatis
2946 2534 3193 2577 naturam
3220 2541 3233 2577 :
3262 2526 3375 2581 sive
3408 2526 3527 2592 hoc,
3563 2514 3721 2582 unum

2140 2609 2351 2665 diritatis
2393 2625 2611 2673 nomen,
2656 2619 2711 2664 et
2742 2612 2898 2665 unius
2940 2613 3240 2668 divinitatis
3300 2632 3519 2685 nomen,
3568 2622 3723 2675 unius

2140 2708 2345 2754 natura!
2375 2716 2594 2767 nomen,
2631 2711 2684 2755 et
2730 2705 2936 2757 unitum
2970 2703 3264 2759 divinitatis
3295 2708 3606 2764 substantia:
3639 2726 3707 2764 no

2143 2812 2287 2850 men.
2315 2797 2440 2851 "asc
2470 2799 2739 2861 universa;
2772 2806 2828 2851 nt
2865 2807 3043 2853 certus
3082 2800 3155 2853 sis
3182 2802 3271 2870 qui
3309 2801 3461 2869 legis,
3503 2803 3570 2855 ad
3612 2805 3699 2858 nni

2141 2892 2254 2939 tum
2307 2886 2653 2955 plenitudinis
2690 2887 2984 2942 divinitatis
3024 2905 3218 2943 nomen
3262 2890 3453 2955 Patris,
3498 2902 3552 2947 et
3582 2894 3722 2967 Filii,

2143 2988 2202 3031 et
2231 2982 2402 3034 sancti
2431 2979 2685 3049 Spiritus,
2714 2990 2767 3035 ct
2795 2982 2963 3037 solius
2987 2983 3183 3037 divinte
3207 2984 3482 3039 Trinitatis
3505 3003 3725 3055 nomen,

2143 3079 2197 3122 et
2226 3070 2396 3124 solum
2427 3071 2526 3124 hoc
2548 3071 2929 3140 omnipotentis
2950 3072 3260 3127 suhstantiaz
3280 3075 3479 3129 unitum
3507 3092 3727 3148 nomen,

455 3182 512 3224 tu
541 3170 664 3223 ades
690 3168 816 3222 illic.
850 3167 913 3221 Si
952 3182 1272 3232 assumpsero
1321 3182 1512 3231 pennas
1541 3182 1679 3219 meas
1708 3176 1826 3220 ante
1856 3168 2037 3231 lucem,
2067 3136 2112 3196 Ο
2146 3177 2355 3217 necnon
2387 3176 2439 3217 et
2470 3179 2634 3217 unum
2699 3162 2896 3217 bonum
2937 3164 3232 3219 divinitatis
3283 3183 3497 3224 nomen.
3539 3170 3730 3228 Nonne

455 3274 503 3320 et
548 3262 836 3316 habitavere
872 3261 925 3312 in
972 3259 1205 3311 extremis
1238 3259 1394 3310 maris
1416 3273 1435 3309 .'
1465 3258 1648 3310 etenim
1686 3256 1807 3310 inde
1858 3274 2039 3311 manus

456 3370 543 3413 tua
558 3357 768 3410 deducet
782 3370 880 3420 me,
896 3362 942 3407 et
961 3352 1143 3406 tenebit
1158 3368 1236 3404 me
1252 3352 1460 3406 dextera
1481 3360 1568 3403 tua
1590 3350 1760 3422 (Psal.
1782 3366 2036 3418 cxxxvut,

456 3452 534 3517 7).
570 3450 752 3518 Itaque
772 3446 909 3515 quod
943 3445 1115 3499 dixit:
1152 3444 1265 3510 Quo
1295 3442 1377 3496 ibo
1410 3460 1441 3495 α
1464 3442 1666 3511 Spiritu
1696 3453 1803 3507 tuo,
1834 3452 1921 3494 aut
1942 3458 2042 3508 quo

457 3559 490 3597 a
518 3541 649 3610 facie
678 3549 769 3593 tua
810 3539 1044 3610 fugiam?
1066 3535 1513 3604 Psalmographus
1538 3533 1793 3601 Spiritum
1841 3534 2041 3601 princio

456 3633 654 3701 palem,
688 3629 777 3699 qui
807 3644 835 3682 a
866 3628 1025 3682 Patre
1070 3627 1330 3695 procedit,
1354 3624 1661 3679 declaravit.
1702 3623 1909 3677 Faciem
1942 3639 2035 3676 au-

454 3731 564 3777 tem
606 3720 772 3790 ipsius
826 3718 999 3774 Patris
1040 3716 1232 3771 Filium
1289 3715 1678 3769 demonstravit
1731 3714 2031 3769 manifesw.

455 3812 584 3880 Quis
613 3821 785 3881 potest
825 3820 950 3865 ante
984 3808 1183 3863 unitam
1224 3806 1473 3860 deitatem
1506 3804 1786 3858 Trinitatis
1816 3804 1870 3858 in
1897 3806 2035 3859 coelo

452 3912 546 3959 aut
570 3904 621 3959 in
652 3904 860 3959 inferno
888 3917 948 3957 se
971 3901 1239 3955 occultare
1268 3897 1351 3953 vel
1383 3896 1596 3965 fugere?
1626 3895 1709 3949 cui
1739 3896 1915 3950 omnis
1940 3911 2031 3950 or-

2147 3253 2261 3308 haac
2281 3254 2526 3323 superius
2551 3255 2689 3310 dicta
2708 3255 2770 3309 ad
2794 3257 3122 3311 enuntiatam
3151 3258 3483 3315 divinitatem
3508 3264 3731 3321 unitatis

2147 3346 2276 3399 nsiaa
2326 3345 2524 3412 Patris,
2572 3354 2627 3401 et
2670 3346 2812 3412 Filii,
2857 3358 2911 3403 et
2953 3349 3123 3403 sancti
3165 3350 3395 3418 Spiritus
3445 3354 3731 3411 manifesta

2148 3440 2334 3495 video?
2366 3440 2490 3494 Haec
2520 3442 2677 3497 retuli
2707 3458 2773 3498 ne
2803 3444 2962 3499 aliter
2999 3460 3157 3514 quam
3191 3446 3328 3501 dicta
3358 3460 3483 3503 sunt
3519 3452 3731 3522 accipe-
3756 3508 3765 3513 ,

2148 3547 2258 3597 res,
2288 3542 2341 3589 et
2370 3534 2665 3603 simplicem
2703 3550 2921 3591 sensum
2955 3537 3006 3591 in
3049 3537 3300 3607 ambiguo
3341 3549 3731 3611 retorqueres:

2142 3623 2268 3677 dum
2296 3638 2457 3678 omne
2479 3625 2703 3691 dictum,
2733 3626 2799 3680 ad
2827 3641 3044 3681 sensum
3068 3627 3294 3684 dicentis
3320 3631 3731 3701 requirendum,

2142 3724 2197 3768 et
2228 3731 2331 3770 non
2360 3716 2425 3770 ad
2447 3717 2663 3771 stultam
2688 3718 3017 3774 voluntatem
3041 3720 3460 3792 uniuscujusque
3485 3723 3733 3783 haeretici

2143 3810 2564 3881 investigandum
2595 3813 2683 3866 sit.

454 4016 3727 4041 ww

1477 4072 1946 4185 LIBER
2033 4073 2692 4186 SEXTUS.

1111 4244 1200 4303 De
1233 4238 1639 4301 Beatitudine
1667 4236 1828 4317 ﬁdei.
1865 4243 1917 4296 et
1950 4234 2023 4296 de
2049 4238 2522 4317 Proscriptione
2550 4250 2727 4305 sectce
2751 4246 3048 4325 pessimae.

520 4409 679 4479 252
712 4404 1017 4459 Hiereticus.
1053 4403 1223 4458 Poscn
1251 4417 1280 4455 a
1313 4412 1384 4467 te,
1413 4402 1479 4455 de
1504 4403 1653 4455 unito
1681 4401 1898 4457 deitatis
1929 4419 2026 4456 no-

452 4499 594 4553 mine
620 4494 906 4550 mnltilarie
936 4494 1134 4547 dictum
1170 4502 1225 4545 ut
1270 4491 1560 4546 identidem
1593 4500 1828 4560 repetas,
1861 4503 1916 4545 et
1948 4492 2027 4549 sic

2130 4404 2298 4459 Deum
2332 4415 2534 4461 tantum
2565 4412 2822 4466 convenit
2868 4413 3146 4482 proﬁteri?
3167 4417 3268 4473 nisi
3298 4421 3443 4487 prius
3472 4422 3738 4479 credatur

2136 4506 2192 4552 et
2222 4499 2268 4552 is
2297 4500 2391 4568 qui
2415 4498 2485 4555 de
2514 4501 2661 4555 unita
2692 4512 2880 4557 natura
2911 4505 3001 4573 sit,
3029 4516 3085 4561 et
3113 4509 3165 4561 in
3196 4510 3296 4564 hoc
3336 4527 3561 4579 persona
3606 4516 3738 4584 ejus

448 4591 515 4644 de
539 4587 843 4641 nominibus
873 4599 1218 4653 personarum
1237 4582 1288 4637 in
1312 4584 1684 4653 prosequendo
1705 4583 2021 4653 distinguas.
2056 4610 2104 4669 ι)
2129 4589 2512 4659 distinguatur,
2541 4592 2631 4661 qui
2664 4609 2764 4649 nec
2795 4595 2978 4663 Pater,
3017 4613 3117 4653 nec
3153 4600 3339 4663 Filius,
3374 4614 3456 4657 est
3487 4605 3573 4660 hic
3606 4582 3742 4678 s'pi-

522 4678 822 4745 Responsio.
880 4678 1033 4731 Disce
1071 4676 1213 4743 prius
1262 4675 1313 4727 in
1350 4672 1600 4742 ambiguo
1628 4686 1749 4728 esse
1798 4673 2022 4742 positam

448 4770 588 4824 hanc
616 4779 758 4821 tuam
789 4767 1079 4823 secundam
1111 4765 1600 4833 interrogationem.
1632 4765 1819 4820 Nonne
1847 4766 2023 4821 unitas

445 4858 593 4913 nullo
614 4857 772 4912 modo
801 4859 996 4925 patitur
1017 4858 1230 4911 unionis
1253 4848 1532 4925 personam
1557 4856 1608 4910 in
1631 4857 2021 4914 confessionem

447 4947 743 5004 introduci?
774 4947 898 5002 dum
932 4946 1148 5000 unitatis
1184 4960 1389 5001 naturae
1420 4961 1616 5001 nomen
1645 4947 1697 5001 in
1732 4949 1901 5003 tribus
1939 4948 2023 5004 his

446 5041 693 5109 personis
718 5038 821 5093 sit:
854 5049 909 5093 et
939 5047 1048 5091 tres
1080 5037 1160 5091 hac
1187 5051 1429 5106 persona:
1478 5037 1529 5090 in
1569 5038 1874 5093 nominibus
1905 5048 2022 5093 tan-

445 5149 558 5192 tum
591 5134 854 5190 distincta:
902 5135 1045 5189 sint:
1079 5135 1217 5189 unde
1258 5148 1362 5187 non
1396 5143 1569 5203 potest
1602 5134 1775 5188 unitas
1808 5136 2018 5191 ostendi

443 5234 560 5287 sive
588 5230 850 5300 personis.
884 5228 991 5283 Nec
1021 5235 1079 5282 ut
1100 5227 1231 5290 dixi,
1266 5227 1349 5280 hae
1393 5241 1635 5294 personae
1668 5229 1783 5283 sine
1811 5228 2025 5283 deitatis

444 5324 670 5377 unitate.
704 5320 949 5390 Nunquid
979 5321 1199 5388 potestis
1230 5318 1393 5371 Deum
1429 5325 1631 5370 tantum
1674 5319 1810 5373 sicut
1837 5327 2023 5388 gentes

443 5416 664 5470 conluse
690 5414 989 5477 nominare,
1019 5425 1138 5479 quas
1180 5420 1235 5465 et
1280 5410 1332 5462 in
1372 5408 1471 5462 hoc
1509 5411 1755 5477 ignorant
1782 5411 1866 5464 cui
1894 5426 2021 5479 pro—

444 5504 613 5570 priam
648 5519 929 5573 personam
961 5501 1191 5556 debeant
1233 5499 1539 5567 assignare?
1565 5499 1663 5566 Qui
1702 5502 1916 5568 genitor
1941 5513 2022 5555 est

444 5593 681 5660 nunquid
708 5601 919 5664 oportet
946 5593 1084 5646 hunc
1114 5589 1281 5644 Deum
1317 5597 1519 5642 tantum
1548 5599 1732 5655 putare
1756 5591 1975 5644 indicari
1999 5593 2022 5643 ?

444 5681 555 5735 Nisi
585 5683 634 5735 in
664 5684 763 5736 hoc
792 5698 1087 5751 cognoscas
1128 5681 1329 5735 unitam
1362 5694 1645 5746 personam
1686 5680 1802 5750 ejus
1827 5682 2020 5736 distin-

446 5789 610 5843 guere
652 5775 703 5828 in
746 5775 935 5829 Filium
979 5776 1069 5845 qui
1105 5786 1260 5829 natus
1288 5774 1375 5828 sit.
1428 5773 1669 5843 Nunquid
1700 5774 1777 5829 sic
1803 5777 2021 5831 confuse

2131 4680 2263 4734 ritus
2292 4682 2547 4736 sanctus?
2576 4683 2911 4754 Quapmpter
2940 4688 3139 4758 duplex
3167 4701 3251 4747 est
3293 4694 3449 4763 hujus
3479 4702 3737 4766 mystcrii

2131 4774 2457 4843 intellectus,
2480 4774 2629 4831 Deus
2660 4777 2840 4843 Pater,
2871 4780 3014 4835 Deus
3042 4792 3093 4836 et
3114 4784 3301 4850 Filius,
3333 4786 3475 4842 Deus
3503 4800 3557 4843 et
3602 4806 3743 4845 san-

2126 4875 2249 4917 ctus
2270 4864 2521 4933 Spiritus.
2557 4865 2721 4920 Vides
2756 4869 2974 4923 unitatis
3008 4873 3260 4927 indicium
3303 4876 3357 4929 in
3404 4877 3573 4931 tribus
3604 4895 3743 4935 esse

2126 4955 2389 5023 personis,
2439 4964 2493 5008 et
2543 4965 2651 5010 tres
2705 4956 2801 5013 has
2866 4974 3125 5027 personas
3173 4965 3483 5020 numinibus
3514 4978 3741 5024 tantum
3788 5014 3799 5017 μ

2126 5062 2247 5103 esse
2275 5047 2536 5103 discretas
2565 5066 2579 5103 :
2612 5050 2756 5105 unde
2791 5066 2890 5106 nec
2916 5054 3095 5108 unitas
3125 5066 3301 5122 potest
3350 5060 3558 5113 ostendi
3608 5062 3744 5116 sine

2129 5138 2289 5211 253
2318 5139 2584 5208 personis,
2618 5154 2719 5195 nec
2750 5137 2831 5195 hae
2861 5157 3109 5209 persona!
3148 5147 3266 5200 sine
3302 5148 3453 5201 nitito
3500 5152 3743 5207 nomine

2128 5231 2363 5285 deitatis.
2418 5231 2558 5286 Ecce
2597 5232 2703 5298 jam
2752 5232 2920 5287 habes
2964 5236 3168 5304 positos
3211 5248 3337 5291 ante
3378 5241 3565 5294 oculos
3601 5251 3742 5296 tuos

2128 5321 2411 5375 thesauros
2464 5321 2623 5385 lucis,
2677 5332 2731 5376 et
2793 5323 3074 5379 thesauros
3116 5327 3481 5383 tenebrarum.
3525 5330 3736 5385 Uhiuhi

2126 5414 2318 5481 placet,
2352 5415 2561 5484 porrige
2589 5431 2802 5469 manum
2834 5424 3001 5475 tuam.
3038 5416 3189 5473 Unde
3226 5434 3448 5474 necesse
3483 5433 3569 5476 est
3624 5438 3739 5476 nos

2122 5504 2231 5572 jam
2290 5508 2578 5559 terminum
2639 5508 2993 5578 immobilem,
3053 5512 3349 5566 secundum
3394 5516 3739 5584 evangelica:

2128 5597 2326 5663 regulas
2349 5599 2875 5666 aaquitatem,contra
2900 5600 3082 5656 hostes
3106 5601 3290 5672 ﬁgere,
3315 5612 3370 5658 ct
3392 5620 3487 5674 per
3510 5604 3739 5661 libran-

2127 5695 2234 5742 tem
2288 5690 2602 5756 sapientiam
2654 5690 2877 5745 limitem
2921 5692 3143 5762 justitite
3197 5695 3399 5764 ubique
3455 5697 3740 5752 adversus

2128 5794 2317 5835 omnes
2371 5779 2604 5835 haereses
2652 5793 2999 5852 peragrantes
3053 5784 3345 5850 custodire,
3387 5796 3443 5840 ut
3498 5790 3737 5845 cmlitus
