3958 6176
301 251 403 305 977

298 457 414 511 llaec
442 463 549 519 est,
577 453 820 524 inquam,
845 453 928 505 via
957 452 1092 505 lucis
1120 449 1271 520 cujus
1300 451 1354 504 in
1383 449 1727 506 confessione
1754 464 1879 519 ape-

296 554 426 605 ritur
460 550 660 604 ostium
697 545 889 601 salutis
924 561 937 598 :
979 545 1157 613 itaque
1182 543 1271 611 qui
1324 542 1460 598 hanc
1493 543 1880 611 professionem

298 640 689 711 ingrediuntur,
719 636 1105 692 beatitudinem
1132 634 1248 704 ejus
1288 634 1678 704 adipiscuntur.
1711 633 1884 688 Beati-

300 732 422 786 tudo
448 730 499 785 ei
527 731 617 798 qui
665 729 950 782 conﬁtetur
979 740 1142 778 unum
1172 725 1336 779 Deum
1366 725 1575 779 Patrem
1608 732 1663 780 et
1692 722 1884 777 Filium

300 831 349 877 et
376 829 629 875 sanctum
662 818 944 886 Spiritum.
980 814 1262 870 Beatitudo
1288 816 1335 870 ei
1361 816 1450 885 qui
1483 815 1771 871 conﬁtetur
1799 830 1887 870 so-

303 913 407 965 lum
432 909 603 963 Deum
635 894 871 975 Patrérn,
905 917 957 960 et
998 906 1214 973 Filium,
1240 915 1294 961 et
1329 905 1588 976 Spiritum
1618 918 1887 963 sanctum.

304 999 585 1055 Beatitudo
601 998 650 1052 ei
672 997 763 1066 qui
786 996 1073 1051 conﬁtetur
1095 1012 1256 1050 unum
1278 997 1700 1067 omnipotentem
1721 998 1888 1053 Deum

306 1096 540 1154 l'atrem,
570 1099 627 1144 et
664 1087 885 1150 Filium.
914 1098 969 1143 et
1006 1098 1246 1143 sanctum
1274 1088 1558 1160 Spiritum.
1612 1090 1891 1147 Beatitudo

303 1185 345 1235 ei
372 1183 468 1252 qui
498 1179 791 1235 conﬁtetur
828 1194 991 1232 unum
1025 1194 1212 1233 verum
1246 1179 1411 1234 Deum
1440 1180 1681 1247 Patrem,
1713 1190 1768 1236 et
1806 1179 1895 1235 Fi-

306 1278 455 1340 lium,
489 1284 547 1331 ct
576 1281 820 1329 sanctum
851 1273 1131 1340 Spiritum.
1169 1273 1449 1328 Beatitudo
1477 1274 1527 1328 ei
1550 1277 1637 1344 qui
1674 1275 1895 1331 conﬁte—

305 1383 386 1422 tur
416 1382 587 1422 unum
615 1366 780 1420 Deum
812 1379 1078 1420 summum
1112 1364 1345 1429 Patrem,
1376 1378 1428 1421 et
1458 1366 1673 1431 Filiutn,
1701 1377 1755 1423 et
1774 1381 1896 1422 san-

304 1470 445 1514 ctum
460 1457 746 1526 Spiritum.
772 1455 1053 1510 Beatitudo
1074 1458 1121 1509 ei
1140 1455 1230 1525 qui
1246 1458 1531 1513 conﬁtetur
1546 1473 1711 1527 unum
1730 1458 1895 1514 Deum

306 1554 501 1605 bonum
532 1548 773 1612 Patrem,
806 1557 860 1602 et
883 1547 1097 1611 Filium,
1120 1557 1175 1602 ct
1204 1548 1463 1616 Spiritum
1482 1561 1729 1605 sanctum
1754 1564 1897 1605 sem-

306 1645 576 1710 piternum
604 1653 749 1694 esse.
780 1639 1059 1693 Beatitudo
1090 1639 1138 1693 ei
1167 1639 1255 1707 qui
1297 1639 1583 1697 conﬁtetur
1614 1640 1895 1695 indivisam

1538 246 1624 301 DE
1663 241 2033 300 TRINITATE
2074 239 2199 294 LIB.
2253 242 2328 296 Vi.

296 369 405 419 haec
432 369 633 418 statuta
655 361 852 416 veritas
870 375 989 414 mox
1015 359 1153 413 viam
1178 358 1307 413 lueis
1330 374 1357 412 a
1386 359 1621 414 tenebris
1642 355 1863 413 dividat.
1900 362 1954 415 Α

3457 243 3568 296 278

2067 353 2272 409 ltlt-irco
2299 352 2385 423 qui
2411 352 2562 421 legis,
2592 358 2866 407 contestor
2896 365 2996 421 ego
3022 351 3184 406 hodie
3216 352 3309 407 tibi
3345 351 3563 413 coelum,

1987 461 2039 506 et
2070 458 2290 508 terram,
2321 460 2415 513 per
2462 443 2598 498 hanc
2642 443 2921 512 scripturae
2964 457 3100 497 meas
3130 440 3250 496 ﬁdei
3290 440 3569 495 catholicae.

1987 540 2378 610 professionem
2406 550 2421 596 ;
2452 535 2590 598 quod
2634 533 2678 586 si
2713 548 2816 587 non
2845 548 2908 586 ex
2944 541 3055 586 toto
3083 531 3246 586 corde
3267 545 3381 585 eam
3409 529 3572 584 fueris

1989 640 2333 703 prosecutus,
2361 636 2453 680 aut
2490 625 2541 678 in
2577 624 2787 678 fastidio
2814 624 2977 678 animi
3022 621 3469 677 contemnendam
3512 634 3574 673 ac

1994 720 2403 779 detractandam
2439 717 2637 772 habere
2662 717 2957 786 putaveris,
2990 717 3098 770 eris
3124 724 3179 768 tu
3210 714 3327 782 ipse
3364 728 3490 767 reos
3523 713 3573 763 in

1991 818 2080 872 die
2107 814 2319 885 iudicii,
2356 822 2477 867 cum
2510 811 2670 880 hujus
2698 811 2977 880 scriptura:
2999 806 3418 876 chirographum
3450 814 3576 860 ante

1993 908 2228 966 tribunal
2281 904 2492 960 Christi
2538 904 2590 957 in
2632 902 3000 958 testimonium
3040 901 3136 956 tibi
3177 899 3340 955 fuerit
3376 898 3574 953 recita-

1993 1012 2104 1058 tum
2132 1018 2147 1067 ;
2177 1008 2270 1055 aut
2305 999 2349 1052 si
2395 999 2449 1051 in
2476 994 2867 1050 maledictionis
2892 994 2976 1048 via
3008 992 3405 1053 haereticorum,
3436 988 3586 1059 quod:

1994 1110 2102 1149 non
2134 1101 2283 1161 opto,
2309 1091 2559 1144 inventus
2581 1086 2746 1141 fueris
2766 1100 2830 1140 ex
2859 1085 3040 1139 animo
3067 1084 3324 1149 sociatus,
3350 1098 3532 1153 quaero
3550 1097 3578 1133 a

1996 1197 2049 1241 te
2072 1194 2130 1238 ut
2162 1190 2473 1238 caveantur.
2522 1179 2645 1233 Ideo
2677 1177 2903 1231 inferius
2950 1177 3042 1231 tibi
3080 1176 3412 1230 recitabitur.
3458 1173 3581 1227 lltcc

1996 1287 2101 1341 est,
2134 1277 2354 1345 inquam
2393 1270 2643 1341 fugienda
2669 1280 2827 1339 atque
2850 1268 3197 1340 praecavenda
3220 1269 3303 1322 via
3336 1266 3581 1322 tenebra-

1998 1386 2133 1434 rum,
2166 1369 2221 1422 in
2258 1381 2360 1436 qua
2390 1374 2467 1419 tot
2511 1378 2705 1433 genera
2746 1362 3072 1429 serpentium
3109 1360 3342 1415 lubricos
3388 1358 3585 1413 habent

1998 1459 2293 1520 anfractus,
2317 1455 2576 1510 adversus
2617 1468 2751 1523 quos
2796 1453 3035 1522 oportuit
3077 1466 3176 1505 nos
3217 1460 3425 1504 scutum
3461 1446 3582 1503 ﬁdei

2000 1568 2094 1619 per
2125 1551 2339 1604 nomina
2380 1562 2505 1599 vera
2550 1560 2897 1614 personarum
2939 1542 3259 1597 conﬁtcntes
3289 1542 3449 1612 255
3479 1539 3583 1594 eri-

2000 1656 2149 1710 gere,
2182 1648 2242 1693 ut
2269 1638 2561 1693 secundum
2597 1636 2766 1704 ipsam
2800 1634 3169 1687 auctoritatem
3203 1646 3299 1686 eos
3329 1630 3585 1684 divinitus

305 1746 421 1786 esse
450 1729 815 1784 substantiam
859 1728 1053 1795 Patris,
1089 1738 1143 1783 et
1171 1729 1316 1797 Filii,
1347 1741 1401 1787 et
1432 1733 1605 1787 sancti
1636 1732 1891 1801 Spiritus.
1930 1722 1973 1781 B
1997 1732 2316 1803 jaculemur,
2358 1729 2499 1781 unde
2542 1734 2621 1779 tot
2647 1736 2701 1779 et
2741 1725 2863 1777 talia
2906 1721 3222 1791 proferenda
3264 1732 3387 1775 sunt
3422 1720 3587 1774 ferra-

310 1821 592 1877 lleatitudo
642 1821 692 1875 ei
741 1820 833 1890 qui
875 1820 1006 1873 nihil
1048 1820 1316 1877 addiderit
1358 1824 1442 1877 vel
1490 1823 1804 1879 diminuerit
1845 1825 1896 1879 in

305 1912 649 1967 confessione
674 1912 841 1967 unittn
870 1923 1077 1967 natura!
1105 1914 1321 1968 deitatis
1360 1914 1556 1980 Patris,
1591 1925 1646 1972 et
1675 1916 1819 1984 Filii,
1848 1926 1903 1972 et

307 2006 473 2060 sancti
531 2006 787 2074 Spiritus.
846 2005 1126 2060 Beatitudo
1164 2006 1213 2061 ei
1260 2008 1349 2076 qui
1392 2009 1681 2065 conﬁtetur
1719 2012 1899 2065 omnia

309 2097 441 2150 bona
470 2096 615 2151 facta
644 2096 809 2150 fuisse
838 2110 869 2149 a
896 2096 1078 2160 Patre,
1110 2105 1165 2152 et
1192 2097 1354 2163 Filio,
1381 2110 1433 2154 et
1460 2109 1650 2157 sancto
1675 2102 1899 2172 Spiritu.

312 2187 595 2242 Beatitudo
615 2187 665 2243 ei
686 2189 775 2257 qui
800 2188 1087 2243 conﬁtetur
1108 2204 1267 2244 unam
1299 2191 1656 2260 aequalitatem
1683 2195 1733 2247 in
1762 2210 1903 2249 sem-

319 2280 528 2345 piterna
570 2278 905 2347 plenitudine
945 2280 1161 2335 deitatis
1198 2294 1320 2335 esse
1364 2282 1562 2351 Patris,
1595 2292 1650 2340 et
1679 2270 1822 2351 Filii,
1852 2295 1906 2339 et

314 2370 483 2424 sancti
516 2368 773 2438 Spiritus.
816 2368 1099 2424 Beatitudo
1139 2371 1189 2425 ei
1230 2372 1319 2441 qui
1358 2373 1653 2429 secundum
1698 2376 1905 2445 singula

319 2462 536 2514 nomina
590 2459 894 2528 Trinitatis,
934 2461 985 2514 id
1026 2470 1108 2515 est
1155 2460 1352 2531 Patris,
1383 2473 1438 2518 et
1468 2464 1693 2530 Filii,et
1734 2467 1907 2521 sancti

313 2550 568 2614 Spiritus,
596 2550 842 2619 proprias
864 2550 948 2603 bis
976 2559 1180 2604 tantum
1208 2565 1469 2620 personas
1492 2554 1772 2610 distinctas
1786 2569 1907 2610 esse

312 2645 621 2700 conﬁtetur.
653 2644 838 2714 itaque
870 2646 1009 2699 idem
1032 2647 1148 2715 ipse
1170 2648 1391 2717 replico,
1419 2650 1543 2720 quia
1562 2651 1910 2708 vehementer

314 2737 479 2791 timeo
510 2752 581 2791 ne
608 2737 832 2805 aliquod
858 2737 1239 2794 oﬁendicnlum
1269 2742 1444 2797 minus
1492 2742 1909 2814 intelligentibus

313 2832 607 2896 posuerim,
641 2828 779 2884 adeo
822 2844 920 2899 per
957 2830 1253 2899 apertiores
1302 2846 1583 2889 sermones
1629 2834 1746 2889 htec
1794 2835 1907 2904 ipsa

313 2922 454 2976 dicta
476 2921 668 2990 paucis
696 2935 977 2990 exponere
1004 2922 1273 2977 desidero.
1301 2925 1410 2993 Ego
1433 2940 1598 2979 unum
1630 2926 1795 2982 Deum
1821 2928 1909 2982 ubi

314 3012 562 3079 memini,
596 3013 803 3067 unitam
844 3013 1099 3069 deitatem
1134 3012 1330 3081 Patris,
1370 3026 1424 3072 et
1469 3016 1612 3083 Filii,
1655 3027 1711 3074 et
1736 3020 1908 3074 sancti

2004 1838 2182 1881 menta
2215 1820 2535 1891 Spit-itualia,
2564 1827 2693 1883 quot
2720 1826 2773 1870 et
2796 1816 3017 1870 vulnera
3051 1814 3340 1869 resecanda
3370 1831 3381 1865 :
3411 1827 3473 1867 ac
3495 1828 3589 1879 per

2008 1917 2111 1971 hoc
2145 1929 2250 1967 non
2283 1911 2382 1965 fuit
2408 1906 2791 1964 dissimulanda
2825 1920 2985 1960 causa
3013 1904 3310 1969 mortifera,
3341 1904 3591 1973 quoniam

2005 2024 2111 2063 non
2135 2011 2378 2075 poterant
2403 2016 2463 2055 ea
2497 2000 2643 2069 prius
2676 2013 2770 2067 per
2795 1997 3027 2051 fomenta
3060 1995 3310 2063 blandiri,
3343 2006 3396 2049 et
3432 1994 3502 2047 ita
3526 1994 3593 2046 ad

2013 2098 2280 2154 medelam
2325 2093 2513 2148 salutis
2541 2091 2817 2154 accedere,
2852 2089 2952 2143 nisi
2982 2089 3237 2142 interiora
3278 2100 3467 2141 eorum
3499 2099 3591 2138 cu-

2010 2200 2282 2252 rarentur,
2319 2194 2373 2241 et
2405 2185 2694 2259 pelleretur
2737 2182 3079 2251 serpentinus
3121 2194 3335 2234 cancer.
3381 2179 3510 2232 Nam
3548 2179 3597 2232 si

2010 2283 2178 2339 velint
2221 2278 2524 2336 severitatis
2566 2275 2712 2345 prius
2760 2274 3084 2328 ferramenta
3131 2275 3396 2341 recipere,
3438 2273 3592 2326 facite

2011 2381 2260 2445 poterant
2286 2371 2351 2425 ad
2381 2368 2644 2424 medelam
2667 2366 2856 2422 salutis
2879 2366 3178 2434 pervenire.
3210 2364 3317 2419 Sed
3340 2366 3593 2433 quoniam

2010 2467 2239 2523 adlttesit
2284 2468 2334 2521 in
2386 2464 2494 2519 illis
2540 2462 2688 2517 radix
2737 2460 2977 2523 zizanim,
3019 2458 3331 2528 germinans
3372 2458 3423 2510 in
3472 2455 3597 2509 felle

2016 2558 2408 2620 amaritudinis,
2460 2564 2742 2625 propterea
2791 2551 3039 2607 difﬁdunt
3088 2550 3311 2605 introire
3364 2550 3415 2602 in
3457 2550 3596 2602 viain

2012 2651 2370 2708 confessionis
2399 2647 2671 2710 salutaris,
2708 2647 2829 2715 quia
2868 2643 2985 2698 base
3012 2642 3098 2696 via
3129 2643 3263 2697 lucis
3284 2641 3596 2698 scandalum

2014 2750 2098 2797 est
2127 2741 2256 2795 illis.
2281 2738 2439 2794 Unde
2461 2742 2675 2807 oportet
2703 2748 2803 2788 nos
2830 2732 3118 2788 ostendere
3147 2733 3251 2798 eis,
3284 2747 3416 2801 quos
3436 2732 3597 2786 edant

2015 2834 2117 2886 vite
2142 2846 2251 2883 sua:
2284 2829 2490 2883 fructus
2518 2825 2910 2880 maletlietioni's
2939 2824 3177 2876 omnium
3211 2824 3349 2877 male
3372 2823 3597 2877 creden-

2016 2927 2168 2989 tium,
2210 2923 2353 2978 sicut
2381 2920 2640 2988 sct-iptum
2678 2928 2761 2973 est
2795 2933 2806 2970 :
2843 2915 3148 2971 Maledictus
3180 2916 3341 2969 omnis
3370 2917 3456 2983 qui
3488 2932 3589 2968 non

2016 3014 2300 3072 obaudierit
2334 3012 2483 3066 verba
2514 3009 2629 3063 libri
2653 3008 2832 3080 hujus,
2862 3018 2915 3061 ut
2941 3008 3095 3077 faciat
3140 3023 3200 3060 ea
3230 3010 3281 3060 in
3318 3006 3472 3060 corde
3504 3023 3596 3060 suo

315 3102 553 3171 Spiritus
579 3102 872 3158 declaravi.
907 3104 1037 3159 Item
1059 3107 1481 3176 omnipotentem
1515 3107 1679 3164 Deum
1704 3110 1771 3163 ad
1793 3125 1909 3164 oin-
1934 3088 1983 3152 (ἶ
2014 3108 2193 3177 (Deut.
2228 3123 2398 3173 xxvii,
2427 3104 2544 3175 26).
2578 3103 2890 3159 llialedictus
2919 3101 3009 3171 qui
3043 3100 3241 3167 Patris,
3283 3109 3336 3154 et
3362 3100 3503 3163 Filii,
3544 3110 3599 3154 et

316 3194 611 3262 nipotentis
640 3193 994 3249 substantiam
1022 3195 1299 3251 Trinitatis
1331 3199 1625 3267 propalavi.
1661 3200 1795 3256 Item
1824 3216 1909 3258 so-

315 3285 425 3341 lum
458 3286 655 3350 Deum,
686 3301 716 3340 a
746 3287 919 3343 solius
959 3298 1149 3343 natura
1184 3289 1347 3361 25a.
1373 3294 1750 3363 suprascripta:
1795 3295 1913 3349 Tri-

318 3380 502 3434 nitatis
538 3379 795 3434 iudicavi.
860 3379 1151 3437 ldentidem
1195 3400 1361 3439 unum
1390 3403 1579 3442 verum
1614 3389 1802 3455 Deum,
1845 3391 1911 3443 ad

319 3486 481 3523 unam
524 3486 708 3525 veram
752 3482 1001 3527 naturam
1033 3474 1329 3530 divinitatis
1359 3477 1551 3545 Patris,
1596 3489 1652 3536 et
1681 3480 1822 3546 Filii,
1853 3495 1908 3537 et

320 3560 495 3615 sancti
518 3562 754 3629 Spiritus
782 3562 897 3617 haec
924 3564 1061 3617 dicta
1091 3567 1267 3621 retuli.
1299 3566 1407 3623 Aut
1439 3570 1489 3623 in
1522 3587 1625 3639 quo
1646 3586 1912 3626 summmn

322 3655 517 3720 Deum,
552 3654 617 3707 ad
669 3656 1029 3710 summitatem
1077 3657 1294 3713 deitatis
1335 3661 1528 3725 Patris,
1576 3673 1631 3717 et
1671 3665 1813 3729 Filii,
1860 3676 1916 3721 et

325 3747 501 3801 sancti
532 3746 769 3817 Spiritus
814 3750 1105 3818 assignavi.
1142 3751 1267 3807 Sive
1293 3769 1456 3809 unum
1499 3755 1698 3810 bonum
1726 3757 1913 3822 Deum,

322 3839 388 3893 ad
427 3855 593 3894 unam
642 3840 937 3895 bonitatem
970 3852 1174 3898 natura
1203 3844 1481 3901 Trinitatis
1522 3846 1915 3915 demonstravi,

325 3942 381 3987 et
410 3948 581 3986 unum
611 3931 780 3986 Deum
806 3931 872 3986 ad
902 3932 1107 3987 unitam
1135 3933 1556 3992 dominationem
1588 3938 1804 3995 deitatis
1835 3958 1913 3995 re-

325 4023 522 4077 velavi.
565 4022 675 4077 Seu
706 4022 758 4074 in
786 4036 897 4089 quo
925 4021 1208 4078 indivisam
1240 4024 1556 4082 Trinitatem
1590 4043 1919 4086 memoratus

327 4128 472 4178 sum,
508 4111 578 4165 ad
605 4111 812 4165 unitam
841 4111 1194 4169 substantiam
1217 4115 1568 4181 plenitudinis
1592 4133 1778 4174 eorum
1804 4120 1920 4178 hare

327 4203 587 4269 prafatus
624 4214 769 4255 sum.
818 4200 879 4254 Et
920 4200 1036 4256 haec
1070 4202 1249 4257 omnia
1279 4220 1400 4275 qua:
1436 4208 1683 4276 superius
1698 4204 1917 4280 "singula

329 4294 588 4358 iudicavi,
631 4293 700 4346 ad
745 4292 1028 4346 indivisam
1057 4292 1272 4350 deitatis
1311 4297 1792 4364 sempiternitatem
1824 4301 1921 4355 Pa-

328 4386 451 4453 tris,
479 4393 537 4439 et
566 4383 713 4450 Filii,
754 4392 811 4439 et
855 4383 1027 4438 sancti
1071 4385 1300 4452 Spiritus
1332 4387 1686 4442 manifestavi.
1722 4391 1797 4443 Ac
1826 4406 1922 4460 per

2014 3201 2185 3256 sancti
2214 3200 2447 3270 Spiritus
2487 3198 2689 3250 unitam
2732 3197 3112 3263 sempiternam
3145 3194 3443 3247 divinitatis
3473 3193 3601 3247 sub-

2014 3296 2265 3350 stantiam
2304 3307 2426 3347 esse
2465 3305 2571 3345 non
2603 3290 2910 3344 conﬁtetur.
2955 3287 3092 3353 Fiat,
3124 3287 3234 3342 fiat.
3288 3286 3603 3342 Maledictns

2013 3389 2104 3457 qui
2137 3386 2432 3441 secundum
2479 3396 2589 3439 tres
2623 3398 2901 3449 personas,
2937 3391 3046 3437 tres
3081 3380 3324 3436 diversas
3355 3381 3603 3434 substan-

2018 3484 2121 3534 tias
2146 3479 2199 3533 in
2236 3481 2318 3534 his
2359 3495 2482 3536 esse
2509 3481 2818 3534 confitetur.
2855 3477 2995 3540 Fiat,
3036 3477 3146 3531 ﬁat.
3179 3476 3491 3531 Maledictus
3514 3477 3604 3545 qui

2018 3573 2117 3626 tria
2148 3573 2406 3641 principia
2441 3572 2495 3626 in
2540 3572 2638 3626 hac
2664 3585 2851 3626 eorum
2881 3571 3083 3624 unitate
3120 3570 3444 3639 sempiterna
3485 3569 3602 3623 dei-

2019 3663 2145 3717 tatis
2174 3677 2294 3717 esse
2322 3662 2627 3717 conﬁtetur.
2661 3661 2798 3726 Fiat,
2827 3661 2938 3714 ﬁat.
2971 3660 3283 3716 Mal’edit‘tus
3313 3662 3400 3730 qui
3435 3662 3607 3715 solum

2020 3770 2203 3807 verum
2238 3754 2408 3807 Deum
2439 3752 2674 3817 Patrem,
2708 3764 2762 3807 et
2801 3757 3131 3825 unigenitum
3167 3769 3350 3809 verum
3392 3753 3607 3815 Filiutn,

2021 3854 2077 3899 et
2105 3844 2320 3898 unicum
2360 3860 2544 3897 verum
2577 3844 2741 3898 Deum
2782 3845 3041 3915 Spiritum
3070 3854 3314 3899 sanctum
3347 3858 3451 3896 non
3478 3856 3609 3896 Cott-

2023 3934 2224 3989 ﬁtclur.
2256 3935 2391 3991 Fiat.
2427 3936 2539 3988 ﬁat.
2583 3934 2896 3990 Maledictus
2925 3937 3015 4006 qui
3056 3936 3263 3989 unitum
3296 3949 3494 3988 nomen
3521 3947 3607 3987 se-

2023 4029 2259 4083 cundum
2317 4027 2571 4082 deitatem
2629 4028 2911 4083 Trinitatis
2963 4043 3082 4083 esse
3134 4043 3237 4081 non
3295 4027 3607 4081 conﬁtetur.

2026 4121 2166 4184 Fiat,
2215 4123 2325 4174 ﬁat.
2370 4121 2683 4177 Maledictus
2723 4124 2812 4191 qui
2858 4124 3319 4178 inconvertibitem
3358 4123 3612 4176 divinita-

2029 4222 2135 4267 tem
2189 4212 2306 4267 Filii
2340 4212 2457 4278 Dei,
2502 4213 2554 4267 id
2599 4224 2683 4268 est
2711 4215 2945 4269 Verbum
2994 4215 3111 4280 Dei,
3177 4215 3255 4269 sic
3301 4217 3353 4269 in
3394 4229 3613 4269 carnem

2043 4305 2360 4358 translatum
2394 4303 2478 4358 vel
2512 4314 2772 4358 mutatum
2808 4304 3108 4373 proﬁtetur,
3134 4314 3192 4360 ut
3214 4305 3317 4360 hoc
3346 4306 3506 4361 modo
3522 4306 3615 4360 de-

2036 4397 2241 4462 siverit,
2276 4407 2363 4449 aut
2393 4396 2634 4449 amiserit
2676 4397 2818 4466 quod
2852 4398 2962 4466 jam
2998 4398 3204 4467 pridem
3247 4405 3372 4452 ante
3408 4412 3617 4453 assum-

331 4477 441 4531 hoc
462 4476 532 4531 de
561 4478 714 4531 unito
737 4478 955 4531 nomine
983 4478 1223 4543 deitatis,
1265 4479 1558 4536 multifarie
1592 4484 1834 4550 quamvis
1861 4484 1933 4538 sit
1962 4468 2012 4528 Ῑ)
2041 4488 2276 4557 ptionem
2312 4488 2544 4543 hominis
2568 4488 2726 4543 fuerit
2759 4506 2773 4544 :
2812 4491 3111 4558 praesertim
3136 4506 3256 4545 cum
3286 4491 3405 4545 talis
3433 4492 3485 4544 in
3519 4491 3618 4545 ho-

334 4566 536 4621 dictum
567 4582 666 4637 per
694 4567 933 4637 singulas
963 4583 1240 4638 personas,
1268 4571 1411 4637 quod
1462 4573 1712 4629 retuleris
1740 4576 1791 4630 in
1821 4577 1927 4631 Pa-

336 4668 446 4723 tre,
472 4660 574 4715 hoc
604 4661 781 4729 ipsum
812 4670 866 4715 et
894 4662 1202 4718 conﬁtearis
1234 4680 1456 4721 necesse
1487 4677 1572 4722 est
1600 4669 1776 4724 uniter
1798 4686 1919 4725 esse

336 4762 393 4805 et
425 4751 479 4805 in
506 4751 679 4819 Filio;
715 4753 882 4807 Deum
913 4752 982 4808 de
1013 4754 1143 4821 Deo,
1185 4755 1366 4811 lumen
1396 4758 1462 4813 de
1509 4760 1727 4823 lumine,
1761 4771 1927 4816 totum

340 4841 411 4896 de
453 4853 583 4905 tom,
625 4855 681 4899 et
723 4854 894 4898 totum
935 4845 993 4897 in
1024 4855 1158 4911 toto,
1210 4847 1506 4915 perfectum
1555 4851 1623 4905 de
1670 4853 1926 4920 perfecto,

342 4932 731 4999 plenitudinem
772 4933 842 4988 de
883 4933 1235 5004 plenitudine,
1273 4938 1540 5008 integrum
1582 4941 1650 4997 de
1699 4943 1926 5013 integro,

340 5024 733 5091 sempiternum
755 5024 824 5079 de
845 5025 1195 5095 sempiterno,
1214 5030 1535 5099 sapientiam
1553 5032 1621 5087 de
1643 5034 1926 5107 sapientia,

338 5131 370 5166 ν
399 5125 598 5170 rtutem
642 5117 710 5172 de
738 5117 953 5183 virtute,
984 5135 1147 5174 unum
1195 5121 1264 5177 de
1306 5138 1412 5177 uno
1439 5133 1491 5179 et
1518 5140 1680 5181 unum
1714 5128 1765 5182 in
1802 5144 1930 5197 uno,

336 5222 534 5261 verum
554 5208 622 5263 de
641 5223 791 5273 vero,
823 5208 1014 5264 Filium
1041 5211 1108 5266 de
1140 5212 1299 5269 Patre
1330 5223 1511 5271 natum
1556 5231 1661 5273 non
1711 5216 1931 5287 factum,

337 5298 510 5352 unius
534 5299 850 5354 substantia:
877 5314 999 5355 cum
1047 5301 1225 5358 Patre.
1275 5306 1380 5361 Sed
1423 5317 1478 5362 et
1513 5308 1768 5378 Spiritum
1812 5327 1935 5365 san-

334 5397 517 5449 ctum,
540 5389 630 5458 qui
661 5388 730 5444 de
753 5390 903 5444 unita
936 5391 1197 5450 Trinitate
1223 5396 1488 5464 consistit,
1524 5398 1690 5455 Deum
1724 5416 1932 5468 verum,

337 5489 523 5534 totum
565 5480 887 5550 perfectum,
919 5490 1090 5538 totum
1135 5486 1373 5556 plenum,
1407 5490 1696 5560 integrum,
1742 5497 1937 5562 sempi-

332 5582 585 5636 ternum,
617 5572 671 5626 in
714 5573 826 5641 ipsa
866 5575 1131 5643 sapientia
1162 5580 1410 5639 virtutem
1457 5584 1810 5653 prmscietttite
1845 5585 1939 5641 Pa-

337 5664 455 5719 tris
483 5673 535 5719 et
564 5663 683 5720 Filii
705 5665 1115 5725 consistentem.

2037 4579 2181 4634 mine
2229 4581 2481 4648 praesenti
2544 4588 2789 4648 tempore
2832 4580 3013 4648 fuerit,
3067 4590 3122 4635 et
3168 4581 3255 4646 sit,
3308 4581 3518 4650 qualem
3554 4597 3620 4636 se

2036 4687 2256 4738 semper
2297 4683 2423 4725 ante
2449 4672 2875 4739 assumptionem
2919 4671 3153 4726 hominis
3182 4688 3283 4727 una
3316 4687 3438 4728 cum
3462 4673 3621 4727 Patro

2043 4766 2205 4819 fuisse
2245 4765 2594 4820 consviverit.
2634 4765 2772 4830 Fiat,
2810 4764 2920 4820 ﬁat.
2954 4763 3266 4820 Maledictus
3307 4767 3398 4834 qui
3429 4765 3610 4820 indivi-

2038 4872 2149 4909 sam
2180 4857 2434 4911 deitatem
2467 4856 2664 4921 Patris,
2704 4866 2758 4910 et
2784 4856 2923 4922 Filii,
2958 4866 3011 4910 et
3039 4858 3213 4912 sancti
3257 4857 3485 4927 Spiritus
3516 4872 3621 4912 non

2039 4947 2354 5005 conﬁtetur.
2386 4946 2525 5012 Fiat,
2559 4947 2668 5002 ﬁat.
2704 4947 3016 5003 Maledictus
3039 4950 3129 5018 qui
3161 4959 3382 5019 pr0pter
3407 4949 3502 5003 tria
3528 4964 3622 5001 no-

2047 5040 2192 5091 mina
2238 5052 2608 5106 personarum,
2649 5047 2756 5093 tres
2794 5039 2945 5105 deus,
2990 5048 3083 5094 aut
3125 5052 3232 5095 tres
3274 5040 3620 5100 substantias,

2045 5135 2138 5181 aut
2163 5137 2272 5182 tres
2297 5128 2521 5197 spiritus
2552 5130 2861 5184 conﬁtetur.
2894 5131 3033 5197 Fiat,
3066 5131 3174 5185 ﬁat.
3202 5130 3512 5186 Maletlictus
3531 5131 3619 5199 qui

2042 5220 2342 5275 secundum
2367 5221 2602 5292 singulas
2634 5240 2678 5289 ρ.
2702 5238 2895 5279 rsonas
2938 5224 3039 5277 tria
3069 5224 3282 5277 nomina
3314 5231 3515 5276 tantum
3541 5224 3625 5277 di-

2043 5312 2237 5366 stincta
2269 5311 2461 5379 Patris,
2496 5323 2551 5369 et
2581 5314 2723 5382 Filii,
2765 5326 2820 5370 et
2849 5316 3018 5370 sancti
3052 5315 3285 5382 Spiritus
3326 5328 3431 5367 non
3462 5315 3627 5387 256

2044 5403 2354 5460 conﬁtetur.
2397 5405 2535 5471 Fiat,
2585 5407 2697 5462 ﬁat.
2741 5406 3075 5469 Maledictus,
3123 5406 3211 5472 qui
3253 5412 3472 5474 pr0pter
3523 5409 3627 5462 tria

2044 5494 2260 5550 nomina
2290 5510 2666 5565 personarum,
2696 5508 2752 5552 et
2781 5498 2983 5553 unitam
3012 5494 3395 5564 plenitudinem
3427 5497 3623 5553 divini-

2043 5589 2167 5642 tatis
2215 5587 2721 5660 incomparabilem,
2769 5588 3055 5658 trigonium
3092 5587 3176 5640 vel
3223 5596 3370 5646 certe
3400 5599 3625 5664 tetrago-

2044 5680 2193 5738 nium
2236 5680 2405 5749 Patri,
2447 5692 2501 5739 et
2531 5681 2687 5748 Filio,
2731 5688 2786 5737 et
2826 5687 3013 5736 sancto
3058 5679 3281 5753 Spiritui
3317 5694 3622 5756 comparat;
