4026 6176
432 284 536 338 279

1714 282 1933 338 VlGll.”
1975 282 2060 335 TA
2073 281 2341 338 ΓΒΕΝὸΙὸ

3574 294 3681 349 ραο

432 404 525 450 aut
546 394 643 450 tria
669 394 839 465 capita
872 396 923 450 in
954 410 1012 451 sc
1039 397 1362 451 cohaerentia
1391 397 1470 463 (ut
1492 395 1792 463 philosophi
1823 395 2003 447 dicere
2032 397 2081 453 Λ
2114 393 2249 458 Fiat,
2284 399 2391 449 tat.
2439 395 2751 452 Malechtus
2781 398 2869 466 qui
2916 398 3184 453 hominem
3225 416 3352 457 vere
3390 419 3549 472 quem
3596 423 3683 460 as-

433 486 849 555 consueverunt)
879 502 894 552 ;
935 497 1025 539 ant
1055 503 1213 540 unam
1248 501 1526 556 personam
1554 499 1675 539 esse
1706 485 2004 553 proﬁtetur.

435 575 574 642 Fiat,
598 574 706 629 ﬁat.
743 576 1066 631 Maledictus
1090 578 1177 645 qui
1211 591 1366 629 unam
1408 590 1686 643 personam
1729 574 1923 636 Patris,
1955 581 2010 628 et

433 671 577 738 Filii,
608 680 662 726 et
690 673 919 741 Spiritus
962 674 1133 728 sancti
1167 673 1476 729 conﬁtetur.
1514 673 1648 737 Fiat,
1694 672 1801 726 ﬁat.
1851 672 2010 726 Male-

432 762 604 816 dictus
626 762 712 831 qui
753 778 907 831 quem
946 762 1137 816 Filium
1175 763 1322 825 dicit,
1358 763 1497 817 hunc
1527 763 1770 817 eumdem
1815 772 1868 818 et
1907 762 2009 815 Pa-

434 862 569 907 trem
597 852 817 906 confuse
847 852 1109 921 designat.
1133 853 1271 920 Fiat,
1318 854 1430 908 ﬁat.
1462 853 1772 908 Maledictus
1797 853 1888 923 qui
1917 868 2010 924 pa-

438 951 575 996 trem
607 950 811 1008 natum,
840 951 929 995 aut
958 944 1311 1009 incarnatum,
1344 954 1433 996 aut
1458 959 1670 1012 passum
1700 944 2008 999 esseconﬁ-

436 1042 601 1089 tetur.
651 1035 789 1099 Fiat,
841 1036 951 1089 fiat.
992 1036 1301 1091 Maledictus
1327 1038 1413 1104 qui
1453 1037 1876 1092 inenarrabiliter
1922 1035 2010 1090 Fi-

450 1126 578 1179 lium
630 1143 753 1180 vere
800 1129 1035 1195 genitum
1076 1128 1143 1182 de
1181 1128 1473 1183 substantia
1512 1129 1683 1183 Patris
1738 1142 1858 1183 esse
1901 1144 2005 1183 non

443 1217 749 1271 conﬁtetur:
794 1217 929 1284 Fiat,
965 1218 1073 1271 ﬁat.
1121 1218 1447 1283 Maledictus,
1478 1219 1567 1288 qui
1600 1219 1736 1272 hanc
1767 1219 2010 1272 nativita-

438 1318 545 1362 tem
588 1308 1083 1377 incomparabilem,
1131 1308 1347 1372 factam,
1394 1318 1484 1362 aut
1513 1318 1743 1363 creatam
1774 1310 1857 1363 vel
1885 1323 2012 1364 con—

435 1395 602 1449 ditam
631 1411 751 1453 esse
780 1396 1080 1451 confitetur.
1132 1398 1267 1464 Fiat,
1303 1397 1417 1451 ﬁat.
1454 1398 1763 1451 Maledictus
1791 1398 1881 1468 qui
1919 1400 2012 1452 ad-

436 1500 627 1542 versus
671 1488 803 1541 hanc
852 1488 1279 1542 inaestimabilem
1321 1488 1719 1556 generationem
1769 1490 2005 1555 deitatis,

435 1577 665 1646 aliquam
694 1579 759 1631 de
784 1577 979 1631 factura
1008 1578 1121 1647 ejus
1148 1578 1436 1633 crediderit
1466 1580 1678 1648 prottrie
1710 1580 1761 1633 in
1799 1580 2011 1635 confes-

437 1668 641 1723 sionem
674 1670 864 1724 aﬁ'erre
898 1671 1045 1724 vobis
1075 1674 1549 1741 comparationem.
1579 1673 1717 1738 Fiat,
1759 1674 1868 1727 ﬁat.
1901 1676 2012 1729 Ma-

2113 488 2345 553 sumpsit
2372 501 2582 554 passum
2623 503 2742 542 esse
2774 504 2877 543 non
2914 493 3220 547 conﬁtetur.
3256 495 3392 560 Fiat,
3426 498 3535 551 fiat.
3567 498 3675 552 Mav

2112 576 2338 630 lcdictus
2367 577 2457 646 qui
2485 578 2623 633 hunc
2654 587 2820 633 totum
2849 580 3140 647 hominem,
3180 582 3231 637 id
3262 594 3346 639 est
3370 588 3602 643 animam
3626 600 3683 643 et

2111 683 2307 737 corpus
2336 668 2477 738 quod
2510 671 2823 739 assumpsit,
2856 671 3034 725 denuo
3071 684 3401 743 assumptum
3432 678 3515 732 vel
3540 679 3681 733 libe-

2112 768 2306 822 ratum,
2356 767 2495 828 post,
2533 760 2689 815 tertia
2737 763 2823 817 die
2866 777 2895 815 a
2934 764 3160 818 mortuis
3188 768 3541 822 resurrexisse
3572 784 3680 823 non

2111 851 2417 906 conﬁtetur.
2449 852 2588 920 Fiat,
2616 852 2723 908 ﬁat.
2758 854 3072 909 Maledictus
3093 857 3183 924 qui
3201 858 3681 928 incomparabilem

2112 943 2361 998 deitatem
2395 943 2668 998 Trinitatis
2714 948 2929 1013 proprie
2969 947 3035 1002 ad
3085 923 3317 1003 honiinis
3360 923 3682 1007 lineamenta

2111 1050 2231 1091 esse
2259 1037 2573 1103 conﬁtetur;
2602 1037 2727 1090 dum
2755 1039 3013 1107 scriptum
3040 1040 3368 1098 inveniamus
3400 1042 3516 1115 (111
3548 1044 3679 1116 Reg.

2112 1142 2227 1193 VIII,
2256 1126 2368 1195 25).
2394 1128 2515 1195 qttia
2558 1142 2664 1181 non
2704 1130 2772 1181 sit
2801 1128 2873 1183 illi
2911 1130 3107 1184 similis
3144 1131 3423 1201 quisquam
3455 1134 3595 1192 Deus
3624 1135 3679 1190 in

2112 1219 2250 1273 caelo
2279 1234 2511 1284 sursum,
2541 1234 2713 1289 neque
2743 1220 2796 1273 in
2828 1230 2967 1275 terra
2992 1220 3262 1276 deorsum.
3294 1223 3432 1292 Fiat,
3463 1228 3573 1280 ﬁat.

2258 1360 2391 1416 Item
2415 1362 2477 1415 de
2505 1362 2659 1415 variis
2686 1363 2949 1433 generibus
2972 1363 3218 1417 librorum
3253 1374 3326 1419 est
3354 1383 3535 1424 sermo.

2188 1482 2276 1536 Vae
2307 1483 2458 1538 vobis
2484 1484 2574 1553 qui
2612 1484 2833 1553 primam
2876 1484 3035 1540 fidem
3068 1486 3321 1556 baptismi
3351 1490 3567 1545 coalitus
3600 1491 3683 1547 in-

2112 1573 2351 1629 stitutam
2382 1575 2582 1629 irritam
2618 1576 2811 1643 facitis,
2841 1586 2897 1630 et
2925 1576 3279 1633 instrumenta
3314 1580 3576 1637 libertatis
3598 1597 3681 1638 se-

2115 1668 2216 1721 mel
2240 1681 2493 1722 concessa
2514 1669 2954 1738 periterationem
2978 1670 3276 1725 inﬁrmatis.
3308 1672 3443 1739 Fiat,
3460 1673 3566 1729 ﬁat.
3592 1674 3683 1729 Va:

435 1761 660 1815 lcdictus
687 1764 776 1831 qui
806 1778 987 1818 verum
1022 1764 1213 1818 Filium
1248 1765 1343 1820 Dei
1389 1780 1454 1819 cx
1501 1766 1770 1820 voluntate
1801 1775 2001 1821 tantum
2036 1754 2082 1813 Β
2108 1757 2259 1813 νοδίε
2274 1759 2363 1827 (illi
2390 1759 2554 1826 lapsis
2574 1759 2948 1826 Ρωηίιεηῑίῧυε
2964 1761 3170 1816 veniam
3198 1763 3531 1817 "ibuelidam
3557 1778 3680 1819 8858

436 1853 563 1907 dicit
610 1869 750 1919 ('SSe,
794 1865 845 1908 et
887 1871 989 1907 non
1042 1858 1216 1924 potius
1258 1856 1325 1911 de
1360 1857 1656 1911 nativitate.
1706 1857 1845 1923 Fiat,
1894 1858 2001 1911 fiat.

437 1945 747 2001 Maledictus
777 1949 865 2016 qtti
891 1948 1020 2003 dicit
1050 1970 1061 2001 :
1098 1950 1221 2003 Erat
1258 1958 1465 2017 tempus
1494 1952 1707 2021 quando
1739 1968 1843 2007 non
1892 1961 2009 2007 erat

440 2036 622 2092 Filius.
668 2038 801 2101 Fiat,
836 2039 946 2094 ﬁat.
989 2039 1301 2095 Maledictus
1344 2042 1435 2110 qui
1475 2041 1609 2096 hanc
1638 2043 1730 2097 Dei
1762 2044 2009 2098 nativita-

441 2140 543 2183 tem
571 2144 639 2184 ex
669 2129 826 2185 nullis
852 2131 1184 2187 exstantibus
1207 2131 1517 2200 phantasma
1557 2149 1675 2189 esse
1699 2136 2004 2202 conﬁtetur,

439 2223 579 2291 quod
610 2222 783 2279 Grmci
814 2225 864 2288 ἐξ
894 2226 982 2277 οὐκ
1011 2222 1162 2280 ὄντων
1193 2225 1484 2295 appellant.
1521 2225 1659 2292 Fiat,
1700 2227 1810 2282 ﬁat.
1842 2227 2006 2283 Male-

440 2314 616 2368 dictus
643 2315 732 2384 qui
764 2314 1093 2369 divinitatem
1127 2314 1243 2370 Filii
1278 2316 1370 2371 Dei
1410 2317 1541 2371 dicit
1571 2316 1778 2372 initium
1814 2318 2011 2373 habere

441 2405 509 2460 de
540 2416 800 2473 tempore,
835 2414 1008 2460 ortum
1041 2421 1106 2461 ex
1139 2407 1323 2473 nihilo,
1368 2423 1561 2463 nomen
1592 2410 1739 2477 quasi
1778 2408 2011 2475 adoptio-

443 2496 526 2550 nis
556 2499 849 2551 accessisse
877 2512 1048 2567 nuper
1069 2512 1136 2551 ex
1166 2498 1353 2555 altero.
1390 2498 1523 2563 Fiat,
1558 2498 1664 2552 ﬁat.
1701 2499 2013 2553 Maledictus

447 2586 537 2654 qui
583 2601 744 2640 unum
777 2586 844 2641 de
876 2602 998 2651 uno,
1028 2587 1218 2641 Filium
1258 2588 1322 2640 de
1350 2587 1506 2642 Patre
1534 2604 1656 2641 vere
1688 2592 1866 2642 natum
1908 2606 2011 2643 non

445 2675 746 2731 conﬁtetur.
790 2678 928 2744 Fiat,
974 2678 1086 2731 ﬁat.
1135 2679 1445 2733 Maledictus
1480 2681 1569 2742 qui
1613 2680 2015 2748 impassibiliter

446 2764 641 2818 Filiutn
692 2775 870 2819 natum
916 2767 982 2822 de
1022 2767 1178 2823 Patre
1218 2784 1322 2822 non
1374 2770 1677 2823 conﬁtetur.
1729 2770 1867 2835 Fiat,
1900 2770 2009 2824 ﬁat.

446 2854 759 2909 Maledictus
785 2855 874 2924 qui
913 2856 1042 2911 dicit
1074 2874 1085 2911 :
1116 2858 1237 2912 Fuit
1283 2859 1570 2928 aliquando
1600 2860 1756 2915 Pater
1784 2862 1901 2916 sine
1932 2861 2019 2917 Fi-

450 2946 543 3002 lio.
579 2948 715 3012 Fiat,
759 2948 868 3002 ﬁat.
914 2950 1228 3005 Maletlictus
1258 2953 1345 3021 qui
1391 2967 1495 3006 non
1550 2953 1853 3016 conﬁtetur,
1895 2968 2020 3009 ante

448 3051 608 3091 omne
630 3037 849 3091 omnino
882 3039 1219 3107 principium,
1250 3041 1330 3093 vel
1366 3041 1573 3095 initium
1616 3056 1829 3111 semper
1859 3042 2020 3095 fuisse

2111 1864 2215 1902 non
2246 1850 2481 1903 creditis.
2508 1850 2645 1914 Fiat,
2678 1852 2786 1905 ﬁat.
2820 1852 2982 1924 258
3014 1852 3103 1907 Va:
3127 1853 3277 1907 vobis
3299 1855 3385 1923 qui
3413 1854 3605 1922 Patris,
3635 1865 3685 1912 et

2110 1941 2253 2011 Filii,
2282 1951 2338 1997 et
2353 1944 2522 1997 sancti
2545 1943 2774 2012 Spiritus
2797 1956 2955 1998 unam
2990 1960 3271 2013 personam
3294 1946 3602 2010 defenditis,
3636 1957 3686 2003 et

2108 2050 2215 2090 non
2248 2045 2378 2101 tres,
2410 2037 2701 2091 secundum
2729 2038 2839 2105 ipsa
2865 2038 3081 2091 nomina
3104 2038 3368 2093 veritatis.
3401 2039 3538 2103 Fiat,
3564 2040 3676 2094 ﬁat.

2112 2129 2203 2184 Vae
2232 2131 2383 2185 vobis
2412 2131 2500 2199 qui
2530 2131 2598 2185 de
2628 2130 2727 2185 hac
2750 2133 2895 2186 unita
2931 2132 3333 2201 incomparabili
3355 2131 3687 2199 plenitudine

2111 2221 2307 2276 divina:
2352 2222 2629 2278 Trinitatis
2675 2223 3067 2290 estensionem,
3110 2224 3192 2279 vel
3225 2224 3570 2284 excisionem,
3602 2225 3685 2278 vel

2114 2314 2509 2382 protensionem
2543 2314 2773 2383 aliquam
2805 2314 2857 2368 in
2902 2314 2984 2369 his
3022 2330 3142 2369 esse
3170 2313 3511 2381 proﬁtemini.
3546 2312 3684 2377 Fiat,

2114 2402 2224 2456 ﬁat.
2254 2402 2343 2456 Va:
2373 2403 2522 2457 vobis
2542 2403 2631 2472 qui
2654 2403 2720 2458 de
2747 2403 2846 2456 hac
2866 2404 3013 2457 unita
3046 2403 3375 2471 plenitudine
3400 2404 3591 2468 Patris,
3628 2414 3684 2457 et

2115 2497 2257 2565 Filii,
2314 2495 2483 2551 sancti
2524 2496 2755 2565 Spiritus
2794 2496 3180 2551 derivationem
3226 2503 3282 2551 et
3327 2495 3683 2551 deﬁuxionem

2114 2588 2345 2658 aliquam
2379 2590 2431 2642 in
2475 2590 2557 2643 his
2599 2603 2720 2643 esse
2753 2587 3056 2643 defenditis.
3094 2586 3226 2651 Fiat,
3260 2586 3373 2640 ﬁat.
3414 2586 3507 2641 Vae
3533 2587 3684 2641 vobis

2117 2681 2207 2749 qui
2237 2681 2289 2733 in
2316 2682 2458 2733 unita
2484 2679 2761 2734 divinitate
2790 2678 3065 2733 Trinitatis
3102 2693 3257 2733 unam
3288 2677 3682 2747 przescieutiam

2120 2788 2241 2829 esse
2273 2774 2498 2844 negatis.
2530 2773 2667 2841 Fiat,
2706 2774 2815 2827 ﬁat.
2850 2773 2939 2827 Vae
2966 2772 3121 2829 vobis
3161 2774 3250 2843 qui
3291 2772 3387 2827 Dei
3418 2772 3606 2827 Filium
3633 2774 3686 2825 in

2120 2868 2233 2935 ipsa
2266 2866 2596 2936 prtescientia
2627 2881 2729 2935 qua
2754 2866 2912 2921 Pater
2938 2875 3019 2921 est
3052 2881 3173 2921 esse
3200 2866 3436 2935 negatis;
3458 2874 3517 2920 ut
3544 2866 3685 2920 diem

2122 2970 2177 3014 et
2210 2960 2394 3014 horam
2422 2960 2608 3028 judicii
2639 2960 2852 3029 quando
2875 2960 3110 3013 futurum
3141 2960 3228 3022 sit,
3267 2974 3388 3013 eum
3415 2961 3687 3029 ignorare

2124 3049 2345 3103 dicatis:
2370 3050 2494 3104 dum
2522 3050 2635 3117 ipse
2664 3050 2729 3103 de
2755 3064 2813 3105 se
2842 3049 3198 3104 testimonium
3228 3050 3371 3118 prius
3401 3050 3686 3119 perhibue-

449 3124 644 3180 Filium
669 3141 789 3181 cum
823 3126 1000 3181 Patre.
1034 3127 1169 3191 Fiat,
1203 3127 1312 3181 ﬁat.
1340 3130 1647 3184 Maledictus
1667 3132 1754 3197 qui
1783 3130 1894 3184 haec
1922 3133 2020 3184 tria
2048 3120 2093 3182 C
2128 3144 2195 3197 fit
2222 3142 2287 3196 ad
2326 3143 2557 3208 Patrem,
2597 3142 2650 3196 in
2687 3144 2980 3197 centesimo
3022 3150 3211 3196 octavo
3239 3142 3448 3196 decimo
3482 3142 3689 3209 psalmo

450 3219 687 3281 nomina,
732 3218 783 3271 id
822 3227 903 3272 est
932 3218 1125 3284 Patris,
1156 3231 1212 3273 et
1236 3219 1380 3285 Filii,
1418 3230 1471 3274 et
1498 3222 1667 3275 sancti
1704 3220 1930 3289 Spiritus
1964 3223 2017 3276 in

452 3322 608 3361 unam
637 3308 967 3363 tantummdo
991 3310 1161 3364 Patris
1186 3326 1466 3379 personam
1497 3326 1616 3366 esse
1637 3314 1937 3380 conﬁtetur,
1968 3324 2021 3369 et

453 3414 557 3453 non
602 3410 707 3453 tres
748 3400 1037 3454 secundum
1083 3401 1196 3470 ipsa
1242 3402 1455 3457 nomina
1487 3418 1611 3456 vera
1646 3418 2016 3471 personarum.

454 3490 590 3551 Fiat,
634 3490 740 3544 ﬁat.
792 3491 1103 3547 Maledictus
1144 3494 1232 3562 qui
1284 3495 1637 3550 immortalem
1687 3496 2019 3551 divinitatem

455 3581 571 3635 Filii
616 3582 707 3635 Dei
743 3597 863 3636 esse
892 3598 994 3636 non
1034 3584 1337 3641 conﬁtetur.
1376 3586 1510 3653 Fiat,
1554 3589 1663 3640 ﬁat.
1709 3588 2021 3643 Maledictus

454 3674 544 3743 qui
587 3673 655 3727 de
694 3676 1021 3742 sempiterno
1064 3674 1198 3729 Filio
1246 3676 1337 3730 Dei
1380 3676 1681 3731 dicitzNon
1714 3680 1869 3750 257
1908 3689 2021 3732 erat

454 3774 735 3835 antequam
783 3766 850 3819 de
891 3766 1050 3820 Maria
1102 3778 1429 3821 nasceretur.
1478 3768 1609 3833 Fiat,
1648 3770 1755 3824 ﬁat.
1806 3770 2022 3824 Maledi-

454 3865 573 3910 ctus
610 3857 700 3925 qui
728 3859 930 3910 unitam
969 3857 1223 3913 deitatem
1260 3858 1452 3926 Patris,
1496 3868 1550 3914 et
1579 3860 1720 3925 Filii,
1759 3870 1813 3914 et
1853 3865 2019 3915 sancti

454 3952 708 4020 Spiritus,
742 3968 807 4007 ex
836 3953 1059 4007 caritate
1089 3951 1391 4007 concordire
1428 3961 1633 4006 tantum
1662 3968 1781 4007 esse
1812 3956 2023 4021 proﬁte-

455 4051 561 4109 tur,
591 4052 645 4098 et
686 4059 789 4096 non
832 4044 998 4113 magis
1028 4058 1126 4112 per
1159 4044 1295 4096 hanc
1328 4044 1495 4111 ipsam
1542 4045 1741 4097 unitam
1771 4042 2023 4097 divinita-

456 4141 582 4187 tem.
626 4133 766 4201 Fiat,
819 4134 927 4187 ﬁat.
982 4134 1293 4190 Maledictus
1315 4135 1404 4204 qui
1441 4136 1638 4189 unitam
1676 4137 1927 4191 deitatem
1971 4138 2020 4191 in

456 4233 565 4278 tres
591 4224 687 4277 has
720 4238 974 4293 personas
998 4239 1117 4280 esse
1146 4242 1248 4279 non
1271 4226 1577 4279 conﬁtetur.
1604 4225 1741 4289 Fiat,
1776 4226 1887 4282 fiat.
1914 4227 2023 4279 Ma-

457 4312 681 4368 ledictus
711 4315 799 4383 qui
841 4316 1097 4369 unitatem
1131 4316 1481 4384 plenitudinis
1520 4316 1711 4369 divina:
1752 4315 2026 4370 Trinitatis

458 4403 737 4458 indivisam
769 4419 889 4459 esse
917 4420 1020 4458 non
1052 4407 1359 4460 conﬁtetur.
1399 4407 1535 4475 Fiat,
1567 4406 1679 4460 ﬁat.
1715 4407 2026 4462 Maledicuts

458 4494 545 4561 qui
591 4494 789 4546 unitam
835 4494 1214 4561 sempiternam
1256 4496 1591 4549 divinitatem
1632 4497 2023 4567 incomparahi-
2056 4487 2099 4544 Ι)

460 4582 564 4636 lem
594 4583 780 4637 Patris.
816 4591 871 4636 et
910 4583 1052 4649 Filii,
1095 4594 1149 4636 et
1197 4585 1366 4638 sancti
1392 4585 1622 4652 Spiritus
1670 4602 1775 4639 non
1803 4590 2024 4641 Conﬁte-

459 4683 563 4726 tur.
599 4673 734 4737 Fiat,
781 4674 891 4728 ﬁat.
939 4675 1252 4729 Maledictus
1287 4676 1374 4743 qui
1416 4676 1673 4730 adversus
1700 4679 1933 4746 vigorem
1974 4691 2029 4731 et

460 4778 740 4820 censuram
768 4765 959 4820 divinae
987 4766 1277 4835 Scriptura:
1309 4767 1448 4821 hunc
1490 4782 1672 4821 verum
1708 4768 1871 4822 Deum
1903 4769 2024 4836 Spi-

462 4856 619 4908 ritum
650 4855 992 4921 Paraclitum,
1024 4856 1257 4920 Patrem,
1291 4866 1383 4911 aut
1415 4856 1629 4917 Filium,
1663 4858 1747 4911 vel
1777 4867 1923 4912 certe
1948 4858 2028 4910 fa-

461 4958 667 5001 cturam
695 4957 913 5015 usurpat
937 4949 1136 5004 debere
1178 4950 1445 5005 conﬁteri.
1493 4949 1631 5015 Fiat,
1673 4950 1784 5003 ﬁat.
1817 4950 2028 5004 Maledi-

465 5049 579 5093 ctus
608 5038 694 5107 qui
721 5037 909 5091 Filium
937 5037 1050 5105 Dei,
1080 5039 1243 5093 Deum
1277 5056 1489 5107 verum,
1521 5040 1792 5095 hominem
1822 5041 1889 5095 de
1919 5042 2029 5096 Ma-

464 5131 541 5184 ria
569 5129 786 5199 Virgine
811 5144 979 5199 nuper
1006 5132 1362 5198 assumpsisse
1391 5146 1489 5201 pro
1520 5140 1700 5185 nostra
1727 5131 1895 5186 salute
1924 5149 2028 5186 non

461 5223 766 5276 conﬁtetur.
801 5220 939 5286 Fiat,
971 5220 1079 5273 ﬁat.
1114 5221 1430 5277 Maledictus
1463 5222 1552 5290 qui
1590 5222 1681 5275 Dei
1712 5221 1903 5275 Filium
1937 5221 2034 5275 ho-

464 5314 662 5367 minem
702 5310 1070 5366 tantummodo
1111 5313 1407 5365 solitarinm
1458 5313 1539 5366 vel
1580 5328 1768 5381 purum
1800 5321 2033 5367 tantum-

464 5404 626 5456 modo
662 5402 969 5457 conﬁtetur.
1023 5402 1163 5467 Fiat,
1224 5402 1336 5454 ﬁat.
1383 5402 1697 5455 Maledictus
1735 5404 1823 5471 qui
1866 5404 2030 5458 Deum

467 5496 560 5550 Dei
594 5496 785 5552 Filium
830 5497 1237 5567 sempiternum,
1280 5496 1347 5550 de
1387 5497 1753 5567 assumptione
1803 5497 2033 5552 hominis

468 5602 635 5654 nuper
679 5591 778 5642 hoc
823 5564 1141 5658 principium
1185 5588 1382 5641 habere
1419 5564 1682 5655 assigna't.
1732 5586 1867 5651 Fiat,
1917 5587 2031 5641 ﬁat.

471 5676 775 5734 lMaledictus
804 5680 894 5749 qui
914 5680 1165 5736 deitatem
1192 5678 1308 5748 ejus
1341 5692 1551 5749 passam
1584 5692 1705 5733 esse
1728 5678 2030 5734 conﬁtetur.

2123 3234 2307 3288 dit'ens
2331 3250 2345 3287 :
2376 3232 2459 3287 Me
2481 3244 2889 3302 ea‘spertaverunt
2910 3242 3192 3303 peccatores
3220 3242 3273 3286 ut
3302 3236 3565 3301 perderent
3585 3250 3687 3298 me,

2122 3327 2409 3380 testimonia
2437 3337 2604 3381 autem
2627 3338 2714 3380 tua
2750 3342 2851 3379 non
2889 3326 3276 3391 intellexerunt;
3303 3327 3531 3379 omnium
3565 3342 3689 3380 con-

2122 3420 2509 3473 summationem
2533 3418 2658 3485 vidi,
2683 3428 2731 3471 et
2762 3418 2933 3486 linem.
2964 3415 3125 3471 Vides
3155 3430 3303 3483 ergo,
3337 3430 3444 3470 non
3483 3424 3687 3469 tantum

2122 3524 2275 3565 suum
2304 3509 2467 3575 diem,
2500 3519 2591 3563 aut
2618 3509 2801 3562 horam
2821 3508 3005 3577 judicii
3048 3506 3217 3572 scire,
3235 3507 3328 3562 sed
3355 3517 3410 3563 et
3448 3508 3689 3563 omnium

2125 3604 2438 3659 saeculorum
2479 3602 2989 3669 consummationem
3018 3608 3203 3668 postea
3244 3598 3561 3653 futurorum.
3597 3599 3690 3653 Va:

2127 3696 2279 3750 vobis
2311 3696 2400 3761 qui
2427 3693 2620 3748 Filium
2654 3694 2743 3747 Dei
2771 3692 2840 3746 de
2878 3691 3039 3745 Maria
3068 3690 3285 3760 Virgine
3314 3690 3448 3745 nihil
3477 3705 3685 3745 assum-

2124 3790 2299 3859 psisse
2325 3786 2565 3842 creditis.
2606 3785 2743 3851 Fiat,
2771 3784 2882 3839 ﬁat.
2919 3785 3008 3839 Vm
3040 3783 3189 3839 vobis
3236 3784 3325 3853 qui
3372 3782 3557 3836 Filium
3597 3783 3688 3836 Dei

2123 3882 2475 3938 mediatorem
2514 3878 2610 3933 Dei
2641 3886 2696 3933 et
2723 3877 2999 3932 hominum
3041 3890 3148 3930 non
3177 3872 3525 3929 conﬁtemini.
3550 3872 3687 3936 Fiat,

2125 3974 2237 4028 ﬁat.
2262 3974 2355 4028 Vae
2380 3972 2533 4027 vobis
2561 3971 2650 4041 qui
2678 3971 2841 4025 falsos
2867 3968 3153 4037 prophetas
3175 3977 3266 4021 aut
3292 3966 3450 4020 falsos
3475 3975 3690 4033 aposto-

2128 4068 2207 4119 los
2238 4066 2287 4119 in
2338 4063 2709 4118 auctoritatem
2751 4060 3015 4129 accipitis.
3064 4057 3159 4111 Vae
3196 4057 3349 4111 vobis
3375 4056 3465 4126 qui
3507 4055 3689 4124 gravia

2126 4166 2343 4228 peccata
2372 4154 2673 4218 admittitis,
2701 4163 2755 4210 et
2778 4153 3036 4208 adversus
3078 4149 3446 4205 auctoritatem
3477 4158 3690 4216 aposto-

2127 4254 2297 4307 lorum
2329 4251 2541 4319 nuptias
2568 4248 2830 4304 secundas
2856 4246 3139 4301 damnatis.
3170 4246 3307 4309 Fiat,
3338 4244 3446 4298 ﬁat.
3479 4243 3572 4297 Vte
3594 4258 3693 4295 vo-

2127 4344 2209 4400 bis
2236 4346 2323 4412 qui
2356 4351 2630 4413 peccatutn
2672 4353 2765 4397 aut
2794 4350 3017 4397 mortem
3052 4338 3215 4393 Deum
3244 4338 3435 4393 fecisse
3472 4336 3696 4392 ascribi-

2132 4436 2218 4487 tis.
2251 4434 2385 4499 Fiat,
2416 4435 2523 4486 ﬁat.
2557 4434 2647 4486 Va:
2680 4432 2831 4486 vobis
2858 4436 2948 4500 qui
2980 4431 3119 4485 hunc
3163 4430 3416 4485 mundum
3444 4444 3471 4481 a
3500 4437 3696 4483 semet-

2133 4530 2251 4596 ipso
2274 4543 2488 4595 semper
2524 4536 2849 4580 coteternum
2883 4524 2991 4578 Deo
3031 4524 3193 4579 fuisse
3231 4524 3513 4585 ascribitis,
3544 4530 3638 4574 aut
3665 4536 3697 4575 a

2134 4619 2249 4673 Deo
2292 4617 2487 4671 factum
2536 4630 2653 4670 esse
2691 4616 2915 4684 negatis.
2946 4612 3084 4679 Fiat,
3124 4614 3231 4667 ﬁat.
3289 4613 3378 4666 ναι
3418 4611 3569 4666 vobis
3605 4612 3697 4680 qui

2130 4708 2384 4761 mnttdnm
2420 4722 2487 4761 ex
2528 4708 2700 4776 aliqua
2745 4706 3039 4775 subiacenti
3090 4704 3307 4758 materia
3341 4704 3534 4757 factum
3579 4717 3702 4758 esse

2130 4797 2436 4852 defenditis.
2477 4796 2617 4861 Fiat,
2649 4798 2758 4849 ﬁat.
2784 4796 2876 4851 Va:
2914 4795 3064 4849 vobis
3089 4796 3179 4863 qui
3206 4810 3310 4848 non
3342 4809 3434 4859 per
3466 4795 3605 4847 hunc
3626 4793 3703 4847 fa-

2132 4898 2336 4943 ctorem
2378 4888 2545 4942 Deum
2577 4889 2810 4949 Patrem,
2856 4896 2911 4940 et
2952 4886 3165 4949 Filium,
3200 4895 3253 4939 et
3288 4884 3540 4953 Spiritum
3577 4897 3704 4936 san-

2136 4990 2277 5036 ctum
2302 4989 2493 5034 cuncta
2524 4995 2641 5048 quae
2672 4980 2722 5032 in
2756 4979 2907 5034 caelis
2940 4985 3066 5032 sunt
3085 4989 3136 5030 et
3158 4976 3209 5030 in
3242 4985 3405 5039 terra,
3436 4974 3487 5029 id
3514 4983 3599 5029 est
3627 4973 3705 5028 vi-

2132 5073 2303 5129 sibilia
2327 5072 2712 5138 eLinvisibilia,
2736 5071 2871 5125 facta
2896 5084 3014 5125 esse
3043 5067 3276 5124 creditis.

2142 5210 2423 5269 Idemidem
2451 5214 2534 5268 hic
2558 5225 2733 5267 contra
2761 5214 2955 5265 diversa
2993 5213 3253 5281 mortifero
3292 5228 3481 5264 venena
3520 5210 3709 5262 draco-

2384 5302 2505 5337 num
2531 5297 2573 5338 et
2596 5286 2832 5354 aspidnm
2855 5293 2925 5335 est
2953 5294 3125 5335 nostra
3147 5284 3457 5352 congressio.
3542 5356 3547 5359 _

2206 5407 2371 5477 ι259
2401 5405 2454 5460 Si
2488 5404 2605 5473 quis
2646 5403 2929 5458 conﬁtetur
2973 5403 3216 5471 angelum
3256 5402 3604 5468 apostaticum
3653 5401 3710 5454 in

2141 5507 2323 5549 natura
2356 5510 2459 5565 qua
2489 5495 2658 5549 factus
2684 5505 2789 5559 est,
2824 5509 2926 5547 non
2961 5509 2988 5547 a
3024 5494 3134 5548 Deo
3174 5494 3366 5547 factum
3399 5492 3577 5554 fuisse,
3608 5492 3713 5545 sed

2141 5603 2169 5639 a
2197 5602 2254 5642 se
2284 5602 2422 5649 esse,
2469 5597 2525 5641 ut
2564 5586 2653 5640 det
2692 5586 2766 5639 illi
2810 5587 3189 5651 sempiternum
3220 5600 3339 5639 cum
3373 5585 3477 5638 Deo
3511 5582 3715 5653 princi-

2144 5682 2312 5748 pium.
2343 5678 2622 5733 anathema
2651 5678 2746 5731 illi.
2776 5676 2831 5733 Si
2858 5676 2976 5745 quis
3000 5676 3286 5732 conﬁtetur
3315 5676 3558 5745 angelum
3580 5689 3714 5744 apo-
