3958 6176
216 300 296 355 ρει
1555 292 1921 347 TRINITATE
1962 294 2086 348 UB.
2130 296 2238 350 Vll.

3337 302 3445 357 28?.

215 416 434 469 staticum
465 412 515 463 in
552 410 690 465 mala
725 418 910 465 natura
932 425 961 463 a
994 410 1105 463 Deo
1132 407 1330 463 factum
1364 408 1550 474 fuisse,
1579 417 1630 463 et
1662 423 1766 461 non
1796 411 1844 467 Δ
1873 407 1926 461 in
1953 409 2299 475 causpicahili
2333 411 2549 463 materia
2583 410 2727 465 visus
2760 410 2939 477 fuerit,
2988 411 3199 481 ignoras
3228 413 3281 467 in
3311 429 3447 482 pra:-

215 506 385 561 dixerit
413 519 534 559 eum
564 518 594 556 a
622 503 909 571 semetipso
931 503 1203 557 voluntate
1224 516 1316 555 sua
1342 501 1542 554 malum
1567 514 1765 555 concc-

216 600 356 669 pisse,
386 596 673 651 anathema
704 595 801 650 illi.
850 594 903 651 Si
936 595 1051 663 quis
1080 594 1363 649 confitetur
1390 593 1635 662 angelum
1667 592 1765 647 Sa-

216 699 333 742 tanzn
360 687 616 741 mundum
646 686 861 752 fecisse,
893 686 1032 755 quod
1059 685 1218 748 absit,
1240 694 1295 739 et
1317 700 1421 739 non
1440 683 1766 750 judicaverit

215 794 352 833 omne
374 785 651 847 peccatum
681 792 777 845 per
821 779 994 844 ipsimi
1030 776 1372 829 adinventnm
1418 774 1609 839 fuisse,
1639 789 1765 827 ana-

216 871 368 925 thema
401 870 501 923 illi.
524 869 580 926 Si
614 870 737 939 quis
762 867 1044 923 conﬁtetur
1073 867 1213 935 quod
1245 867 1382 921 Deus
1404 867 1634 921 animam
1666 866 1768 920 ho-

216 961 350 1016 minis
381 968 588 1013 tantnm
637 958 843 1023 fecerit,
891 964 946 1012 et
970 957 1193 1012 Satanas
1220 956 1267 1010 ei
1309 971 1503 1024 corpus
1532 956 1765 1025 plasma-

216 1054 350 1115 verit,
397 1051 541 1120 quod
581 1049 744 1115 absit,
792 1049 1071 1103 anathema
1110 1047 1207 1100 illi.
1257 1046 1313 1102 Si
1340 1050 1458 1113 quis
1484 1048 1771 1101 conﬁtetur

216 1144 397 1197 animas
429 1143 727 1207 hominum,
779 1143 830 1196 in
877 1141 1211 1195 revolutione
1248 1154 1432 1194 rursus
1464 1139 1518 1194 in
1547 1140 1765 1204 mundo,

215 1245 286 1286 aut
310 1234 359 1288 in
389 1233 719 1296 hominibus,
758 1243 849 1285 aut
875 1233 926 1286 in
957 1232 1269 1301 pecudibus,
1300 1242 1389 1285 aut
1419 1232 1470 1285 in
1504 1234 1769 1302 serpenti-

217 1324 297 1377 bus
324 1322 542 1384 reverti.
585 1322 868 1377 anathema
913 1323 1010 1377 illi.
1058 1323 1115 1378 Si
1145 1326 1263 1391 quis
1287 1324 1571 1378 conﬁtetur
1597 1323 1768 1379 homi-

217 1431 316 1470 nem
344 1416 399 1469 in
435 1416 613 1468 anima
647 1424 849 1468 tantum
890 1414 941 1467 in
972 1414 1111 1468 diem
1152 1415 1336 1483 judicii
1368 1430 1664 1485 resurgere,
1714 1424 1769 1470 et

217 1523 303 1562 non
330 1523 452 1561 cum
481 1521 727 1573 corpore,
774 1506 1220 1574 quemadmodum
1254 1507 1393 1560 Deus
1422 1508 1572 1561 illum
1618 1508 1765 1573 fecit,

216 1598 479 1653 anathema
528 1598 623 1652 illi.
679 1597 733 1651 Si
781 1598 898 1665 quis
939 1599 1224 1652 conﬁtetur
1264 1598 1452 1653 Filium
1481 1600 1574 1653 Dei
1617 1599 1765 1668 quasi

217 1690 534 1757 phantasma,
585 1688 663 1741 sic
708 1688 760 1741 in
794 1685 1008 1742 homine
1036 1687 1205 1741 visum
1253 1688 1435 1755 fuisse,
1483 1689 1767 1745 anathema

1871 501 2241 567 ﬁgurationem
2264 502 2445 568 operis
2474 503 2730 571 assumpti
2762 503 3014 567 hominis,
3043 503 3156 557 sive
3184 504 3447 575 futurijn-

1867 592 1991 645 dieii
2018 593 2132 647 hanc
2157 601 2342 647 cuncta
2377 594 2427 647 in
2451 608 2516 648 eo
2542 602 2872 663 prmostensa
2900 594 3084 660 fuisse,
3110 604 3164 650 et
3188 611 3296 650 non
3316 610 3449 650 sane

1870 684 2154 738 invisibilis
2183 699 2312 753 pura
2344 684 2536 751 deitas,
2559 686 2698 740 sicut
2725 697 2939 741 cautum
2968 697 3051 742 est
3082 705 3095 739 :
3124 687 3252 741 Haec
3275 688 3446 741 omnia

1868 776 1922 828 in
1948 776 2117 845 ﬁgura
2137 776 2274 845 facta
2294 786 2412 829 sunt
2439 778 2598 829 nostri
2623 777 2673 847 (Ι
2705 776 2822 831 Cor.
2855 793 2907 841 ι,
2939 776 2992 846 6)
3028 795 3040 829 :
3077 778 3159 832 sin
3189 793 3339 841 vero,
3367 793 3447 832 rc-
3595 797 3599 801 '

1869 867 2073 935 sponde
2105 865 2232 919 mihi
2263 867 2389 935 quia
2429 866 2479 919 in
2507 867 2698 935 angelo
2720 867 2866 921 visus
2896 877 3000 933 est,
3034 868 3270 937 nunquid
3300 867 3445 922 divi-

1870 961 2011 1014 nitas
2030 960 2146 1030 cjns
2172 960 2385 1028 proprie
2405 960 2639 1030 angelica
2664 961 2779 1013 est?
2804 960 3043 1029 Autquia
3066 960 3120 1013 in
3148 960 3444 1014 certamine

1868 1053 2207 1107 eolluctantis
2236 1054 2376 1106 sicut
2404 1052 2566 1106 homo
2597 1052 2858 1120 palpatus,
2895 1052 2973 1106 vel
3005 1053 3147 1106 visus
3172 1062 3275 1120 est,
3304 1068 3440 1106 nun-

1868 1140 1995 1209 quid
2028 1152 2215 1195 natura
2248 1141 2339 1194 Dei
2368 1141 2516 1210 quasi
2563 1148 2752 1194 natura
2783 1140 3013 1194 hominis
3041 1140 3318 1208 palpabilis
3346 1149 3442 1194 aut

1858 1232 2093 1299 visibilis
2115 1233 2230 1287 est?
2257 1233 2363 1286 Aut
2387 1233 2507 1301 quia
2532 1232 2583 1285 in
2610 1232 2743 1285 rubo
2766 1241 2825 1285 ut
2852 1230 2989 1300 ignis
3016 1231 3159 1285 visus
3179 1239 3281 1295 est,
3304 1247 3443 1285 nun-

1867 1324 1992 1393 quid
2022 1322 2310 1376 substantia
2337 1323 2451 1390 ejus
2481 1322 2601 1376 talis
2627 1321 2747 1379 est?
2772 1322 2876 1377 Aut
2902 1322 3027 1391 quia
3056 1320 3366 1390 frequenter
3386 1322 3439 1375 in

1866 1416 2023 1471 variis
2050 1414 2326 1482 Speciebus
2368 1416 2511 1468 visus
2557 1423 2657 1481 est,
2709 1412 2946 1484 nunquid
2988 1414 3065 1467 sic
3093 1420 3149 1467 et
3191 1412 3431 1467 diversas

1868 1508 2180 1573 permixtas,
2214 1506 2330 1560 sive
2354 1514 2635 1560 concretas
2665 1515 2880 1561 naturas
2908 1506 2958 1559 in
2992 1506 3284 1573 semetipso
3307 1518 3440 1559 con-

1868 1596 2038 1652 tinet?
2063 1597 2186 1650 dum
2208 1597 2355 1651 unita
2386 1596 2556 1650 deitas
2585 1596 2871 1651 indiscreta
2916 1597 3005 1661 sit,
3051 1595 3440 1664 invisibilisque

1870 1690 1989 1757 ejus
2018 1690 2287 1757 majestas.
2322 1689 2501 1758 Itaque
2547 1689 2783 1757 intellige
2811 1703 2930 1742 cum
2978 1689 3029 1741 in
3066 1689 3267 1757 angelis
3295 1688 3440 1742 visus

216 1782 298 1834 illi.
320 1781 371 1835 Si
392 1780 515 1850 quis
542 1779 825 1834 conﬁtetur
849 1795 1032 1835 verum
1063 1780 1359 1847 hominem,
1384 1796 1539 1849 quem
1564 1795 1769 1835 assum-
1803 1765 1843 1824 Β
1870 1788 1975 1845 est,
2002 1783 2215 1834 nuntius
2242 1780 2412 1834 Patris
2442 1788 2801 1848 prmostensus
2836 1788 2937 1834 est.
2971 1779 3095 1833 Sive
3123 1779 3175 1833 in
3201 1779 3438 1841 homine,

216 1875 319 1943 psit,
343 1889 453 1926 non
475 1888 604 1927 vere
633 1873 1003 1937 manducasse,
1028 1884 1115 1926 aut
1144 1872 1361 1935 bibisse,
1389 1884 1481 1927 aut
1507 1873 1770 1943 lacryma-

214 1975 305 2018 tum
335 1964 524 2023 fuisse.
556 1971 609 2017 et
635 1964 946 2032 sanguinem
973 1964 1214 2026 sudasse,
1254 1972 1307 2017 et
1337 1978 1550 2032 passum
1578 1963 1765 2031 fuisse,

213 2066 258 2109 et
278 2056 658 2119 resurrexisse,
685 2062 741 2108 et
770 2055 821 2106 in
853 2055 1003 2109 caelis
1031 2054 1096 2106 ad
1128 2054 1396 2107 dexteram
1438 2054 1607 2108 Patris
1632 2069 1765 2110 eon-

212 2147 414 2212 sedisse,
447 2147 735 2201 anathema
767 2146 861 2200 illi.
912 2147 967 2200 Si
1002 2148 1121 2215 quis
1151 2147 1431 2201 conﬁtetur
1461 2146 1647 2200 Filium
1674 2147 1765 2201 Dei

213 2237 331 2292 sicut
348 2252 546 2306 aquam
579 2250 675 2306 per
701 2236 949 2300 ﬁstulam,
973 2237 1047 2291 sic
1071 2252 1161 2304 per
1186 2251 1380 2304 corpus
1393 2237 1569 2291 Maria:
1591 2248 1769 2291 trans-

213 2329 321 2383 itum
370 2329 592 2387 tecisse,
637 2337 728 2379 aut
776 2327 905 2379 nihil
936 2327 1002 2380 de
1030 2342 1090 2380 ea
1124 2329 1475 2395 assumpsisse
1517 2327 1762 2394 affirmet,

212 2420 474 2471 anathema
508 2417 605 2471 illi.
635 2416 689 2471 Si
717 2418 836 2485 quis
861 2415 1143 2470 conﬁtetur
1168 2418 1371 2469 animas
1396 2416 1669 2470 hominum
1701 2420 1767 2473 de

213 2510 400 2580 propria
425 2507 725 2565 substantia
752 2508 845 2561 Dei
872 2522 1009 2570 esse,
1041 2507 1180 2576 quod
1208 2506 1365 2573 absit,
1398 2516 1574 2561 utnec
1603 2508 1767 2563 factas

211 2614 289 2652 eas
313 2615 339 2651 a
371 2600 487 2652 Deo
511 2598 775 2661 afﬁrmet;
804 2607 856 2651 et
879 2596 1017 2665 quod
1046 2597 1393 2649 substantiam
1415 2611 1565 2650 suam
1590 2596 1767 2653 facere

210 2692 315 2757 quis
341 2700 541 2760 potest,
574 2690 856 2743 anathema
885 2690 979 2743 illi.
1028 2688 1084 2743 Si
1116 2690 1231 2757 quis
1257 2689 1541 2745 conﬁtetur
1564 2691 1768 2747 animas

213 2784 472 2837 hominum
520 2796 734 2849 semper
774 2794 892 2834 cum
926 2779 1034 2835 Deo
1074 2780 1256 2845 fuisse,
1303 2789 1364 2835 ut
1405 2791 1633 2837 teternas
1676 2798 1768 2837 eas

209 2875 443 2941 assignat,
471 2881 529 2927 et
554 2887 655 2925 nec
683 2872 848 2924 factas
882 2886 979 2925 nec
1011 2871 1119 2926 ﬁeri
1143 2886 1233 2926 cas
1264 2886 1421 2940 posse
1446 2873 1615 2939 dicat;
1644 2874 1766 2929 dum

208 2970 444 3037 scripturn
474 2966 578 3020 sit:
612 2965 710 3028 Qui
734 2965 848 3033 [erit
877 2965 1013 3033 quod
1040 2972 1113 3017 est
1139 2981 1169 3016 a
1190 2966 1334 3034 foris,
1354 2966 1468 3031 fecit
1496 2976 1542 3020 et
1565 2967 1618 3019 id
1636 2967 1768 3035 quod

209 3059 327 3111 intus
346 3068 443 3119 est,
475 3057 763 3109 anathema
794 3054 889 3108 illi.
922 3054 978 3110 Si
1011 3057 1129 3124 quis
1158 3055 1359 3109 Novum
1391 3066 1444 3111 et
1478 3058 1637 3113 Vetus
1668 3059 1768 3117 Te-

1870 1874 1993 1941 quia
2020 1873 2090 1927 de
2120 1873 2281 1926 Maria
2332 1872 2537 1940 virgine
2580 1887 2749 1942 nuper
2776 1880 2932 1927 natus
2957 1881 3073 1935 est;
3122 1871 3207 1926 vel
3238 1871 3291 1925 in
3322 1872 3441 1940 igne

1873 1967 2075 2034 utique,
2120 1964 2239 2034 quia
2266 1964 2521 2032 judicium
2551 1978 2619 2017 ex
2646 1978 2713 2018 eo
2742 1962 2974 2016 futurum
3003 1971 3107 2027 est,
3138 1963 3265 2016 dum
3305 1961 3441 2015 scri-

1872 2069 2019 2128 ptum
2045 2057 2132 2121 sit,
2160 2056 2283 2126 quia
2308 2056 2481 2124 magni
2512 2054 2713 2108 consilii
2736 2055 2944 2123 angelus
2966 2065 3047 2108 est
3073 2052 3228 2122 (Isai.
3250 2068 3320 2118 ts,
3346 2052 3437 2121 5):

1868 2161 1925 2205 et
1972 2150 2023 2202 in
2068 2148 2284 2202 homine
2329 2146 2590 2201 mediator
2616 2144 2925 2198 Emmanuel
2954 2153 3111 2197 natus
3147 2144 3245 2208 sit;
3295 2152 3349 2196 et
3387 2142 3440 2195 in

1869 2242 1991 2309 igne
2010 2240 2159 2310 quasi
2174 2238 2433 2295 conﬂator
2455 2236 2567 2291 auri
2597 2245 2651 2291 et
2675 2237 2902 2306 argenti,
2924 2244 2982 2290 ut
3006 2236 3246 2291 cordium
3268 2234 3441 2303 justo-

1869 2347 1989 2387 rum
2019 2331 2275 2399 probator
2302 2329 2395 2383 sit.
2423 2328 2736 2395 Quanquam
2768 2336 2822 2381 et
2850 2327 2901 2380 in
2930 2326 3013 2379 his
3052 2326 3331 2395 speciebus
3355 2339 3440 2378 as-

1868 2423 2117 2491 sumptis,
2149 2419 2419 2488 quomodo
2450 2418 2637 2483 voluit,
2668 2419 2814 2472 visus
2837 2417 2927 2482 sit,
2958 2426 3138 2470 tamen
3167 2416 3218 2469 in
3245 2415 3440 2469 deitate

1871 2513 2010 2567 idem
2040 2511 2155 2580 ipse
2183 2509 2468 2565 invisibilis
2496 2516 2602 2573 est,
2630 2508 2802 2575 qualis
2831 2522 3044 2574 semper
3062 2506 3200 2574 apud
3225 2506 3437 2558 Patrem

1871 2602 1969 2657 fuit
2006 2613 2060 2658 et
2095 2610 2197 2657 est.
2231 2601 2426 2657 Procul
2464 2600 2627 2655 dubio
2671 2600 2785 2656 hate
2827 2609 3013 2655 cuncta
3061 2608 3187 2653 tune
3224 2599 3360 2652 Deus
3388 2598 3440 2651 in

1876 2699 2096 2765 ﬁguram
2130 2695 2360 2749 hominis
2412 2703 2684 2763 operatur,
2740 2697 2861 2765 quia
2900 2710 3034 2759 Opus
3077 2694 3234 2748 futuri
3285 2695 3336 2746 in
3366 2708 3434 2747 eo
3502 2728 3511 2736 ρ

1864 2792 1975 2859 jam
2009 2791 2520 2859 praeostendebatur,
2564 2791 2701 2859 quod
2736 2772 2849 2857 ipse
2879 2789 3101 2843 absolvit
3127 2774 3312 2842 dicens
3340 2805 3352 2838 :
3379 2788 3440 2841 Si

1869 2883 1994 2935 mihi
2026 2898 2127 2936 non
2168 2882 2395 2945 creditis,
2442 2882 2521 2935 vel
2558 2882 2791 2949 Operibus
2836 2881 3053 2944 credite,
3100 2881 3222 2949 quia
3261 2895 3353 2948 ego
3386 2879 3439 2931 in

1876 2972 2028 3027 Patre
2058 2982 2103 3025 et
2128 2971 2285 3026 Pater
2306 2972 2359 3027 in
2397 2988 2476 3024 me
2503 2980 2574 3024 est
2607 2969 2784 3036 (Joan.
2815 2986 2867 3037 χ,
2900 2970 3013 3037 58).
3062 2970 3247 3024 Nonne
3276 2969 3439 3021 inira-

1874 3065 1999 3118 bdia
2028 3063 2170 3119 Deus
2199 3078 2434 3132 praesens
2463 3062 2805 3129 operabatur,
2835 3071 2889 3115 et
2913 3076 3074 3130 opera
3102 3076 3195 3115 sua
3224 3077 3318 3129 per
3343 3060 3439 3114 ho-

207 3158 521 3203 stamentum
565 3146 917 3218 blasphemat,
958 3146 1237 3201 anathema
1279 3147 1375 3201 illi.
1408 3149 1466 3203 Si
1499 3152 1617 3219 quis
1648 3166 1768 3205 san-
1797 3129 1843 3191 δ
1878 3157 2070 3212 minem
2095 3129 2229 3210 facta
2260 3154 2716 3225 agnoscebantur?
2760 3162 2815 3208 et
2858 3168 2960 3208 non
2994 3164 3169 3209 tamen
3197 3154 3365 3208 deitas
3386 3154 3437 3207 in

209 3254 306 3297 ctos
333 3240 696 3312 patriarchas,
741 3248 831 3293 aut
876 3241 1181 3309 prophetas,
1226 3250 1318 3293 aut
1355 3242 1647 3310 apostolos,
1678 3255 1769 3299 aut

208 3344 455 3404 martyres
485 3332 843 3400 blaSphemat,
871 3332 1153 3385 anathema
1188 3331 1284 3384 illi.
1336 3330 1390 3385 Si
1437 3332 1553 3401 quis
1599 3335 1769 3388 solem

209 3434 287 3478 aut
308 3427 469 3497 260
503 3424 704 3488 lunam,
744 3423 824 3477 vel
859 3423 1223 3490 hujuscemodi
1272 3424 1530 3478 facturam
1560 3424 1767 3491 adorat,

208 3524 476 3573 anathema
512 3516 609 3570 illi.
639 3516 697 3570 Si
728 3514 846 3582 quis
870 3522 1061 3583 praater
1090 3530 1251 3568 unum
1286 3514 1450 3569 Deum
1482 3531 1693 3581 verum,
1718 3515 1770 3570 id

209 3618 279 3661 est
308 3608 547 3673 Patrem,
578 3616 631 3661 et
652 3606 863 3667 Filium,
892 3615 946 3660 et
972 3616 1211 3660 sanctum
1238 3606 1515 3674 Spiritum,
1544 3608 1769 3661 alterum

210 3698 378 3763 Deum,
425 3698 559 3752 dum
594 3711 700 3750 non
730 3696 799 3750 sit
827 3696 1045 3750 omnino
1073 3697 1207 3750 alter
1241 3696 1398 3762 Deus,
1440 3698 1767 3752 adorandum

208 3791 507 3858 crediderit,
534 3789 815 3843 anathema
845 3788 941 3842 illi.
987 3789 1041 3843 Si
1074 3790 1190 3857 quis
1217 3790 1284 3843 de
1319 3789 1541 3843 indivisa
1572 3790 1767 3844 immu-

205 3881 448 3950 tabilique
502 3879 831 3949 plenitudine
879 3882 1222 3948 sempiterna:
1267 3881 1560 3935 divinitatis
1601 3881 1763 3937 dicit:

208 3970 467 4027 Notabilis
515 3982 571 4026 et
616 3972 979 4026 convertibilis
1027 3981 1111 4026 est
1163 3983 1347 4026 natura
1379 3973 1521 4038 Filii,
1567 3982 1625 4029 ut
1668 3974 1770 4051 hoc

202 4066 349 4118 modo
378 4065 607 4120 desierit
633 4080 753 4119 esse
791 4064 927 4133 quod
953 4064 1059 4133 jam
1089 4065 1291 4132 pridem
1332 4065 1519 4133 fuerat,
1550 4066 1772 4121 anathe-

204 4159 393 4212 mailli.
421 4159 564 4212 Dum
598 4156 792 4210 dicitur
814 4155 940 4209 mihi
971 4155 1109 4221 quod
1153 4156 1441 4210 multifarie
1464 4168 1494 4209 a
1526 4157 1771 4210 Patribus

1876 3264 1942 3303 eo
1972 3248 2269 3311 videbatur,
2310 3246 2449 3300 sicut
2476 3246 2606 3300 dixit
2632 3264 2645 3299 :
2673 3246 2771 3313 Qui
2800 3262 2880 3299 me
2906 3246 3057 3311 videt,
3103 3246 3236 3298 videt
3266 3254 3312 3298 et
3337 3244 3440 3297 Pa-

1879 3350 2005 3394 trem
2030 3354 2216 3393 meum.
2246 3337 2402 3393 Vides
2423 3339 2545 3407 quia
2574 3338 2736 3391 Deum
2761 3345 2819 3390 ut
2841 3347 2918 3391 est
2946 3351 3078 3406 pure
3101 3351 3257 3392 nemo
3283 3336 3440 3407 261

1880 3430 2015 3481 vidit
2062 3442 2315 3497 unquam,
2354 3442 2389 3480 ο
2418 3427 2695 3481 haeretica?
2743 3426 2925 3495 Itaque
2965 3427 3009 3480 si
3050 3441 3165 3497 qua:
3210 3425 3444 3481 luereses

1876 3532 1999 3573 sunt
2024 3538 2143 3589 quae
2170 3536 2268 3574 nos
2310 3520 2495 3581 latent,
2527 3519 2622 3575 sed
2663 3530 2717 3575 et
2746 3536 2861 3589 qua:
2902 3520 3092 3573 futura:
3121 3527 3275 3585 sunt,
3324 3532 3444 3586 qua:

1874 3612 2129 3665 adversus
2158 3610 2314 3666 ﬁdem
2359 3611 2558 3679 regula:
2600 3611 2941 3679 evangelicae,
2987 3618 3042 3664 et
3071 3609 3326 3663 Ecclesiae
3353 3623 3445 3663 ca-

1878 3702 2089 3755 tholica:
2135 3710 2261 3756 sunt
2308 3702 2501 3755 futura:
2541 3702 2823 3755 anathema
2857 3700 3168 3754 habeantur.
3217 3699 3273 3753 Si
3323 3700 3444 3767 quis

1876 3800 2060 3845 contra
2102 3792 2442 3846 traditionem
2468 3790 2706 3857 canonis,
2741 3790 3110 3844 haereticorum
3139 3788 3443 3856 apocrypha

1875 3899 1993 3952 qua:
2024 3883 2259 3938 Ecclesia
2303 3883 2563 3938 catholica
2610 3882 2827 3935 omnino
2872 3896 2977 3934 non
3026 3881 3231 3947 recipit,
3283 3895 3443 3947 super

1875 3975 1990 4029 hzec
2018 3990 2331 4045 prmponere
2358 3975 2441 4029 vel
2462 3973 2748 4029 defendere
2771 3972 3017 4038 voluerit,
3040 3972 3318 4023 anathema
3350 3970 3438 4023 sit.

1875 4066 2015 4133 Fiat,
2043 4066 2155 4120 ﬁat.

1129 4285 1608 4394 LIBER
1682 4283 2525 4394 SEPTIMUS.

656 4447 748 4507 De
790 4446 1176 4523 professione
1216 4444 1444 4523 regula:
1484 4443 1825 4518 catholicae,
1868 4465 2008 4507 cum
2052 4446 2476 4525 increpatione
2522 4444 2977 4507 hereticorum.

267 4593 491 4661 Propter
527 4590 670 4656 quod
712 4588 1104 4658 impensissime
1152 4589 1376 4642 obsecro
1424 4589 1765 4645 sublimitatis
1794 4600 1846 4660 ι)
1870 4595 2120 4646 omnibus
2159 4592 2406 4662 gentibus
2438 4590 2712 4660 praemium
2754 4589 2880 4642 vitae.
2920 4597 3134 4643 aeterna:
3175 4589 3443 4658 promitti-

198 4686 433 4753 gloriam,
488 4695 544 4737 ut
573 4683 793 4751 clonges
833 4697 860 4733 a
893 4681 1141 4735 sensibus
1190 4681 1383 4735 nostris
1431 4682 1546 4737 hate
1594 4683 1770 4737 eradi-

197 4776 355 4828 canda
384 4787 544 4843 atque
571 4770 933 4828 comburenda
972 4768 1173 4826 semina
1218 4774 1460 4837 zizanize,
1511 4784 1565 4828 et
1594 4788 1764 4843 quan-

198 4872 302 4918 tum
327 4865 693 4919 distatoriens
714 4863 782 4917 ab
810 4877 1025 4925 occasu,
1058 4872 1260 4917 tantum
1291 4865 1506 4919 recedat
1535 4880 1563 4917 a
1590 4867 1764 4920 cordi-

196 4956 291 5010 bus
318 4960 518 5012 nostris
548 4958 664 5011 hwc
691 4958 742 5011 in
774 4956 1037 5025 superiori
1066 4956 1201 5010 libro
1230 4960 1535 5029 praescripta
1558 4974 1588 5011 a
1611 4958 1765 5014 nobis

192 5049 489 5103 adulterina
508 5049 883 5104 haereticorum
903 5047 1189 5102 confessio.
1217 5048 1368 5103 Unde
1393 5059 1520 5119 puto
1548 5051 1631 5104 hic
1654 5050 1763 5119 jam

193 5143 389 5195 nullam
433 5143 747 5211 ignorantia:
796 5142 961 5196 fuisse
1004 5142 1314 5197 derelictam
1364 5144 1764 5198 excusationem

191 5234 327 5289 inter
360 5234 503 5287 viam
544 5234 678 5288 lucis
718 5243 774 5288 et
820 5234 958 5287 viam
1003 5234 1364 5289 tenebrarum.
1406 5235 1546 5305 Ergo
1588 5235 1767 5291 ubiubi

192 5325 361 5391 placet
414 5325 656 5395 quisquis
705 5340 765 5380 es
816 5325 1177 5394 proﬁciscere.
1225 5326 1365 5382 Sane
1422 5342 1525 5380 non
1580 5342 1768 5383 sumus

192 5419 363 5472 muli
396 5420 454 5472 in
485 5426 820 5473 sacramento
847 5418 1023 5472 divino
1046 5419 1297 5481 celando;
1331 5418 1425 5473 sed
1455 5419 1623 5489 magis
1646 5420 1768 5473 hor-

191 5516 362 5565 tamur
393 5521 462 5565 ut
507 5513 557 5565 in
590 5511 727 5564 viam
757 5510 1147 5564 benedictionis
1187 5513 1363 5564 uniter
1408 5511 1767 5581 ingredientes

186 5602 548 5656 inveniamur.
596 5601 747 5656 Unde
775 5601 925 5669 prius
955 5601 1107 5662 nobis
1138 5602 1364 5655 maxima
1396 5618 1521 5656 cura
1551 5604 1645 5655 fuit
1670 5602 1765 5655 do.

187 5695 334 5748 (cudi
366 5695 443 5749 de
486 5703 588 5750 tam
631 5692 932 5749 admirabili
974 5694 1243 5762 regalique
1284 5694 1522 5758 decreto,
1576 5693 1628 5746 in
1659 5709 1765 5764 quo

1879 4694 1982 4747 tur,
2013 4684 2222 4737 dicente
2246 4682 2511 4736 Domino:
2547 4680 2736 4734 Euntes
2774 4680 3022 4747 baptizate
3059 4697 3233 4734 omnes
3273 4693 3449 4751 gentes

1874 4776 1926 4828 in
1956 4776 2156 4828 nomine
2186 4773 2359 4827 Patris
2378 4815 2393 4840 ,
2445 4783 2493 4827 et
2526 4770 2674 4840 Filii,
2707 4781 2754 4824 et
2784 4771 3009 4843 Spiritus
3034 4772 3199 4825 sancti
3230 4771 3443 4844 (Matth.

1874 4883 2064 4933 xxvru,
2090 4866 2198 4937 i9).
2229 4866 2366 4921 Vere
2396 4880 2496 4935 ego
2525 4865 2578 4918 in
2606 4863 2707 4917 hoc
2726 4865 2856 4918 satis
2885 4863 3142 4931 admiror,
3176 4873 3231 4918 et
3260 4864 3312 4919 in
3334 4876 3446 4920 stu-

1875 4976 2004 5029 pore
2035 4960 2229 5015 mentis
2257 4958 2456 5013 diutius
2488 4960 2720 5013 intentus
2751 4956 3000 5012 collaudo
3040 4965 3240 5012 tantam
3268 4972 3447 5011 sacra-

1873 5054 2094 5106 tissima:
2121 5048 2394 5104 Trinitatis
2422 5048 2646 5119 gloriam
2672 5048 2722 5101 in
2741 5047 3019 5102 duodecim
3052 5048 3257 5117 penitus
3281 5050 3443 5120 262

1872 5143 2051 5197 verbis
2081 5140 2479 5195 distinctionum
2513 5140 2595 5194 vel
2626 5140 2848 5210 syllabis
2878 5139 3113 5195 breviter
3156 5140 3318 5194 fuisse
3347 5155 3443 5192 ex-

1875 5235 2124 5303 positam.
2178 5232 2311 5286 Vere
2346 5232 2398 5285 in
2429 5231 2531 5285 hoc
2556 5230 2736 5308 edicto
2765 5232 2967 5285 unitum
2999 5229 3208 5284 deitatis
3250 5242 3439 5281 nomen

1876 5324 2048 5378 Patris
2076 5333 2131 5377 et
2157 5322 2295 5391 Filii,
2318 5333 2371 5376 et
2392 5322 2625 5391 Spiritus
2650 5323 2819 5376 sancti
2837 5332 2959 5374 ante
2988 5318 3315 5389 praemissum
3337 5325 3439 5372 est.

1875 5417 2014 5471 Vere
2045 5418 2096 5470 in
2128 5416 2226 5470 hac
2257 5414 2615 5469 saeratiSsima
2645 5413 2907 5467 Trinitate
2939 5411 3153 5464 nomina
3179 5410 3232 5462 in
3260 5422 3445 5477 ρει-ξος

1872 5510 1957 5564 nis
1987 5519 2190 5563 tantmn
2220 5508 2465 5562 distincta
2490 5516 2633 5562 sunt.
2662 5506 2800 5560 Vere
2828 5518 2926 5559 nec
2951 5503 3058 5564 lex,
3085 5515 3181 5555 nec
3206 5500 3440 5570 prophe-

1877 5611 1941 5653 tae
1971 5610 2075 5653 tam
2123 5600 2370 5654 absolute
2398 5599 2500 5653 hoc
2532 5612 2782 5653 arcanum
2814 5594 3124 5664 mysterium
3173 5592 3441 5649 revelave~

1873 5702 2016 5747 runt.
2046 5692 2180 5748 Vere
2209 5707 2367 5757 super
2395 5705 2606 5746 omnem
2627 5685 3032 5743 custodiendam
3062 5685 3319 5743 divinitus
3336 5687 3469 5745 di».
