  <div class='ocr_page' id='page_1' title='image "/cluster/home/n/w/nwhite01/storage/ocr_20150623/62/hvd.32044054758693/147.png"; bbox 0 0 3958 6176; ppageno 0'>
   <div class='ocr_carea' id='block_1_1' title="bbox 483 267 591 323">
    <p class='ocr_par' dir='ltr' id='par_1_1' title="bbox 483 267 591 323">
     <span class='ocr_line' id='line_1_1' title="bbox 483 267 591 323; baseline 0.009 -2"><span class='ocrx_word' id='word_1_1' title='bbox 483 267 591 323; x_wconf 73' lang='grc'><strong>285</strong></span> 
     </span>
    </p>
   </div>
   <div class='ocr_carea' id='block_1_2' title="bbox 1800 250 2432 310">
    <p class='ocr_par' dir='ltr' id='par_1_2' title="bbox 1800 250 2432 310">
     <span class='ocr_line' id='line_1_2' title="bbox 1800 250 2432 310; baseline 0.008 -5"><span class='ocrx_word' id='word_1_2' title='bbox 1800 252 2021 310; x_wconf 77' lang='lat' dir='ltr'><strong>\‘lGlLll</strong></span> <span class='ocrx_word' id='word_1_3' title='bbox 2064 250 2432 310; x_wconf 68' lang='lat' dir='ltr'><strong>TAPSliNSlS</strong></span> 
     </span>
    </p>
   </div>
   <div class='ocr_carea' id='block_1_3' title="bbox 3662 266 3771 321">
    <p class='ocr_par' dir='ltr' id='par_1_3' title="bbox 3662 266 3771 321">
     <span class='ocr_line' id='line_1_3' title="bbox 3662 266 3771 321; baseline 0 -2"><span class='ocrx_word' id='word_1_4' title='bbox 3662 266 3771 321; x_wconf 65' lang='grc'><strong>284</strong></span> 
     </span>
    </p>
   </div>
   <div class='ocr_carea' id='block_1_4' title="bbox 480 362 3773 452">
    <p class='ocr_par' dir='ltr' id='par_1_4' title="bbox 480 362 3773 452">
     <span class='ocr_line' id='line_1_4' title="bbox 480 362 3773 452; baseline 0.002 -18"><span class='ocrx_word' id='word_1_5' title='bbox 480 379 801 452; x_wconf 73' lang='lat' dir='ltr'><strong>positionem</strong></span> <span class='ocrx_word' id='word_1_6' title='bbox 866 377 968 432; x_wconf 91' lang='lat' dir='ltr'><strong>hoc</strong></span> <span class='ocrx_word' id='word_1_7' title='bbox 1029 376 1261 430; x_wconf 74' lang='lat' dir='ltr'><strong>maxime</strong></span> <span class='ocrx_word' id='word_1_8' title='bbox 1304 370 1713 428; x_wconf 86' lang='lat' dir='ltr'><strong>custodiendum</strong></span> <span class='ocrx_word' id='word_1_9' title='bbox 1758 380 1859 422; x_wconf 86' lang='lat' dir='ltr'><strong>cst.</strong></span> <span class='ocrx_word' id='word_1_10' title='bbox 1935 369 2073 421; x_wconf 63' lang='lat' dir='ltr'><strong>Vere</strong></span> <span class='ocrx_word' id='word_1_11' title='bbox 2104 363 2154 421; x_wconf 82' lang='grc' dir='ltr'><strong>Α</strong></span> <span class='ocrx_word' id='word_1_12' title='bbox 2187 362 2441 427; x_wconf 80' lang='lat' dir='ltr'><strong>nistralur</strong></span> <span class='ocrx_word' id='word_1_13' title='bbox 2462 379 2641 419; x_wconf 71' lang='lat' dir='ltr'><strong>sermo</strong></span> <span class='ocrx_word' id='word_1_14' title='bbox 2659 367 2960 435; x_wconf 56' lang='lat' dir='ltr'><strong>sapientiae.</strong></span> <span class='ocrx_word' id='word_1_15' title='bbox 2996 368 3107 423; x_wconf 63' lang='lat' dir='ltr'><strong>Sive</strong></span> <span class='ocrx_word' id='word_1_16' title='bbox 3130 369 3351 424; x_wconf 63' lang='lat' dir='ltr'><strong>Verbum</strong></span> <span class='ocrx_word' id='word_1_17' title='bbox 3377 371 3634 437; x_wconf 66' lang='grc' dir='ltr'><strong>εεῖθιιιὶίιξν</strong></span> <span class='ocrx_word' id='word_1_18' title='bbox 3658 376 3773 431; x_wconf 69' lang='grc' dir='ltr'><strong>δῖνα</strong></span> 
     </span>
    </p>
   </div>
   <div class='ocr_carea' id='block_1_5' title="bbox 481 459 2052 539">
    <p class='ocr_par' dir='ltr' id='par_1_5' title="bbox 481 459 2052 539">
     <span class='ocr_line' id='line_1_5' title="bbox 481 459 2052 539; baseline -0.008 -13"><span class='ocrx_word' id='word_1_19' title='bbox 481 488 640 539; x_wconf 84' lang='lat' dir='ltr'><strong>super</strong></span> <span class='ocrx_word' id='word_1_20' title='bbox 659 472 759 526; x_wconf 90' lang='lat' dir='ltr'><strong>hoc</strong></span> <span class='ocrx_word' id='word_1_21' title='bbox 789 485 891 525; x_wconf 93' lang='lat' dir='ltr'><strong>non</strong></span> <span class='ocrx_word' id='word_1_22' title='bbox 919 478 1000 524; x_wconf 86' lang='lat' dir='ltr'><strong>est</strong></span> <span class='ocrx_word' id='word_1_23' title='bbox 1023 466 1163 537; x_wconf 84' lang='lat' dir='ltr'><strong>quod</strong></span> <span class='ocrx_word' id='word_1_24' title='bbox 1193 466 1346 533; x_wconf 87' lang='lat' dir='ltr'><strong>addi,</strong></span> <span class='ocrx_word' id='word_1_25' title='bbox 1374 473 1426 518; x_wconf 87' lang='lat' dir='ltr'><strong>et</strong></span> <span class='ocrx_word' id='word_1_26' title='bbox 1454 464 1521 517; x_wconf 90' lang='lat' dir='ltr'><strong>ab</strong></span> <span class='ocrx_word' id='word_1_27' title='bbox 1545 464 1644 515; x_wconf 90' lang='lat' dir='ltr'><strong>hoc</strong></span> <span class='ocrx_word' id='word_1_28' title='bbox 1671 477 1779 515; x_wconf 89' lang='lat' dir='ltr'><strong>non</strong></span> <span class='ocrx_word' id='word_1_29' title='bbox 1804 469 1886 514; x_wconf 92' lang='lat' dir='ltr'><strong>est</strong></span> <span class='ocrx_word' id='word_1_30' title='bbox 1910 459 2052 528; x_wconf 87' lang='lat' dir='ltr'><strong>quod</strong></span> 
     </span>
    </p>
   </div>
   <div class='ocr_carea' id='block_1_6' title="bbox 481 553 2049 632">
    <p class='ocr_par' dir='ltr' id='par_1_6' title="bbox 481 553 2049 632">
     <span class='ocr_line' id='line_1_6' title="bbox 481 553 2049 632; baseline -0.008 -13"><span class='ocrx_word' id='word_1_31' title='bbox 481 565 647 619; x_wconf 87' lang='lat' dir='ltr'><strong>minui</strong></span> <span class='ocrx_word' id='word_1_32' title='bbox 677 563 860 632; x_wconf 88' lang='lat' dir='ltr'><strong>possit.</strong></span> <span class='ocrx_word' id='word_1_33' title='bbox 911 560 1049 615; x_wconf 81' lang='lat' dir='ltr'><strong>Vere</strong></span> <span class='ocrx_word' id='word_1_34' title='bbox 1098 560 1149 612; x_wconf 92' lang='lat' dir='ltr'><strong>in</strong></span> <span class='ocrx_word' id='word_1_35' title='bbox 1182 558 1282 611; x_wconf 88' lang='lat' dir='ltr'><strong>hoc.</strong></span> <span class='ocrx_word' id='word_1_36' title='bbox 1310 558 1508 609; x_wconf 83' lang='lat' dir='ltr'><strong>donum</strong></span> <span class='ocrx_word' id='word_1_37' title='bbox 1557 553 1803 622; x_wconf 80' lang='lat' dir='ltr'><strong>baptismi</strong></span> <span class='ocrx_word' id='word_1_38' title='bbox 1849 568 2049 622; x_wconf 70' lang='lat' dir='ltr'><strong>praece-</strong></span> 
     </span>
    </p>
   </div>
   <div class='ocr_carea' id='block_1_7' title="bbox 482 647 1778 724">
    <p class='ocr_par' dir='ltr' id='par_1_7' title="bbox 482 647 1778 724">
     <span class='ocr_line' id='line_1_7' title="bbox 482 647 1778 724; baseline -0.009 -15"><span class='ocrx_word' id='word_1_39' title='bbox 482 666 629 724; x_wconf 88' lang='lat' dir='ltr'><strong>ptum</strong></span> <span class='ocrx_word' id='word_1_40' title='bbox 658 655 854 708; x_wconf 87' lang='lat' dir='ltr'><strong>addere</strong></span> <span class='ocrx_word' id='word_1_41' title='bbox 883 652 966 707; x_wconf 88' lang='lat' dir='ltr'><strong>vel</strong></span> <span class='ocrx_word' id='word_1_42' title='bbox 1000 650 1241 703; x_wconf 84' lang='lat' dir='ltr'><strong>minuere</strong></span> <span class='ocrx_word' id='word_1_43' title='bbox 1272 647 1641 716; x_wconf 86' lang='lat' dir='ltr'><strong>blasphemum</strong></span> <span class='ocrx_word' id='word_1_44' title='bbox 1677 655 1778 700; x_wconf 89' lang='lat' dir='ltr'><strong>est.</strong></span> 
     </span>
    </p>
   </div>
   <div class='ocr_carea' id='block_1_8' title="bbox 555 739 2054 815">
    <p class='ocr_par' dir='ltr' id='par_1_8' title="bbox 555 739 2054 815">
     <span class='ocr_line' id='line_1_8' title="bbox 555 739 2054 815; baseline -0.005 -16"><span class='ocrx_word' id='word_1_45' title='bbox 555 745 919 815; x_wconf 86' lang='lat' dir='ltr'><strong>Interrogatio.</strong></span> <span class='ocrx_word' id='word_1_46' title='bbox 963 744 1016 795; x_wconf 91' lang='lat' dir='ltr'><strong>Si</strong></span> <span class='ocrx_word' id='word_1_47' title='bbox 1060 743 1174 795; x_wconf 76' lang='lat' dir='ltr'><strong>haec</strong></span> <span class='ocrx_word' id='word_1_48' title='bbox 1200 742 1276 795; x_wconf 91' lang='lat' dir='ltr'><strong>sic</strong></span> <span class='ocrx_word' id='word_1_49' title='bbox 1323 755 1381 794; x_wconf 88' lang='lat' dir='ltr'><strong>se</strong></span> <span class='ocrx_word' id='word_1_50' title='bbox 1427 740 1643 803; x_wconf 84' lang='lat' dir='ltr'><strong>habent,</strong></span> <span class='ocrx_word' id='word_1_51' title='bbox 1676 749 1734 792; x_wconf 92' lang='lat' dir='ltr'><strong>ut</strong></span> <span class='ocrx_word' id='word_1_52' title='bbox 1762 740 1828 792; x_wconf 90' lang='lat' dir='ltr'><strong>de</strong></span> <span class='ocrx_word' id='word_1_53' title='bbox 1874 739 2054 809; x_wconf 79' lang='lat' dir='ltr'><strong>regula</strong></span> 
     </span>
    </p>
   </div>
   <div class='ocr_carea' id='block_1_9' title="bbox 484 830 2021 904">
    <p class='ocr_par' dir='ltr' id='par_1_9' title="bbox 484 830 2021 904">
     <span class='ocr_line' id='line_1_9' title="bbox 484 830 2021 904; baseline -0.008 -10"><span class='ocrx_word' id='word_1_54' title='bbox 484 839 875 904; x_wconf 88' lang='lat' dir='ltr'><strong>Scripturarum</strong></span> <span class='ocrx_word' id='word_1_55' title='bbox 906 832 1033 886; x_wconf 92' lang='lat' dir='ltr'><strong>mihi</strong></span> <span class='ocrx_word' id='word_1_56' title='bbox 1057 832 1317 896; x_wconf 67' lang='lat' dir='ltr'><strong>declares,</strong></span> <span class='ocrx_word' id='word_1_57' title='bbox 1351 830 1741 898; x_wconf 67' lang='lat' dir='ltr'><strong>impensissime</strong></span> <span class='ocrx_word' id='word_1_58' title='bbox 1768 830 2021 883; x_wconf 78' lang='lat' dir='ltr'><strong>obsecro.</strong></span> 
     </span>
    </p>
   </div>
   <div class='ocr_carea' id='block_1_10' title="bbox 558 921 2055 993">
    <p class='ocr_par' dir='ltr' id='par_1_10' title="bbox 558 921 2055 993">
     <span class='ocr_line' id='line_1_10' title="bbox 558 921 2055 993; baseline -0.003 -15"><span class='ocrx_word' id='word_1_59' title='bbox 558 924 861 993; x_wconf 75' lang='lat' dir='ltr'><strong>Responsio.</strong></span> <span class='ocrx_word' id='word_1_60' title='bbox 915 923 1060 978; x_wconf 91' lang='lat' dir='ltr'><strong>Scito</strong></span> <span class='ocrx_word' id='word_1_61' title='bbox 1088 924 1233 990; x_wconf 90' lang='lat' dir='ltr'><strong>prius</strong></span> <span class='ocrx_word' id='word_1_62' title='bbox 1262 923 1311 974; x_wconf 94' lang='lat' dir='ltr'><strong>in</strong></span> <span class='ocrx_word' id='word_1_63' title='bbox 1346 922 1441 975; x_wconf 87' lang='lat' dir='ltr'><strong>hac</strong></span> <span class='ocrx_word' id='word_1_64' title='bbox 1474 921 1761 987; x_wconf 67' lang='lat' dir='ltr'><strong>Scriptura:</strong></span> <span class='ocrx_word' id='word_1_65' title='bbox 1791 921 2055 975; x_wconf 74' lang='lat' dir='ltr'><strong>sententia</strong></span> 
     </span>
    </p>
   </div>
   <div class='ocr_carea' id='block_1_11' title="bbox 482 1004 2060 1084">
    <p class='ocr_par' dir='ltr' id='par_1_11' title="bbox 482 1004 2060 1084">
     <span class='ocr_line' id='line_1_11' title="bbox 482 1004 2060 1084; baseline -0.001 -15"><span class='ocrx_word' id='word_1_66' title='bbox 482 1004 850 1084; x_wconf 77' lang='lat' dir='ltr'><strong>argumentum</strong></span> <span class='ocrx_word' id='word_1_67' title='bbox 882 1014 999 1068; x_wconf 89' lang='lat' dir='ltr'><strong>ﬁdei</strong></span> <span class='ocrx_word' id='word_1_68' title='bbox 1031 1028 1150 1066; x_wconf 88' lang='lat' dir='ltr'><strong>esse</strong></span> <span class='ocrx_word' id='word_1_69' title='bbox 1176 1012 1496 1082; x_wconf 80' lang='lat' dir='ltr'><strong>expositum,</strong></span> <span class='ocrx_word' id='word_1_70' title='bbox 1539 1027 1660 1065; x_wconf 89' lang='lat' dir='ltr'><strong>cum</strong></span> <span class='ocrx_word' id='word_1_71' title='bbox 1694 1013 2060 1082; x_wconf 89' lang='lat' dir='ltr'><strong>increpatione</strong></span> 
     </span>
    </p>
   </div>
   <div class='ocr_carea' id='block_1_12' title="bbox 482 1105 2070 1175">
    <p class='ocr_par' dir='ltr' id='par_1_12' title="bbox 482 1105 2070 1175">
     <span class='ocr_line' id='line_1_12' title="bbox 482 1105 2070 1175; baseline -0.002 -13"><span class='ocrx_word' id='word_1_72' title='bbox 482 1109 728 1162; x_wconf 83' lang='lat' dir='ltr'><strong>nocturni</strong></span> <span class='ocrx_word' id='word_1_73' title='bbox 759 1106 1241 1175; x_wconf 87' lang='lat' dir='ltr'><strong>superseminantis</strong></span> <span class='ocrx_word' id='word_1_74' title='bbox 1281 1106 1558 1158; x_wconf 78' lang='lat' dir='ltr'><strong>zizaniam.</strong></span> <span class='ocrx_word' id='word_1_75' title='bbox 1592 1105 1635 1158; x_wconf 91' lang='grc'>0</span> <span class='ocrx_word' id='word_1_76' title='bbox 1666 1106 1818 1173; x_wconf 90' lang='lat' dir='ltr'><strong>plena</strong></span> <span class='ocrx_word' id='word_1_77' title='bbox 1852 1108 2070 1174; x_wconf 77' lang='lat' dir='ltr'><strong>praesti-</strong></span> 
     </span>
    </p>
   </div>
   <div class='ocr_carea' id='block_1_13' title="bbox 482 1199 2067 1269">
    <p class='ocr_par' dir='ltr' id='par_1_13' title="bbox 482 1199 2067 1269">
     <span class='ocr_line' id='line_1_13' title="bbox 482 1199 2067 1269; baseline 0.001 -15"><span class='ocrx_word' id='word_1_78' title='bbox 482 1202 585 1269; x_wconf 80' lang='lat' dir='ltr'><strong>giis</strong></span> <span class='ocrx_word' id='word_1_79' title='bbox 628 1202 846 1255; x_wconf 82' lang='lat' dir='ltr'><strong>obsessa</strong></span> <span class='ocrx_word' id='word_1_80' title='bbox 891 1215 1043 1254; x_wconf 89' lang='lat' dir='ltr'><strong>mens</strong></span> <span class='ocrx_word' id='word_1_81' title='bbox 1089 1199 1460 1252; x_wconf 72' lang='lat' dir='ltr'><strong>hmretieorum</strong></span> <span class='ocrx_word' id='word_1_82' title='bbox 1502 1213 1529 1251; x_wconf 89' lang='lat' dir='ltr'><strong>a</strong></span> <span class='ocrx_word' id='word_1_83' title='bbox 1574 1199 1821 1253; x_wconf 84' lang='lat' dir='ltr'><strong>diabolo!</strong></span> <span class='ocrx_word' id='word_1_84' title='bbox 1868 1200 1976 1253; x_wconf 89' lang='lat' dir='ltr'><strong>Cur</strong></span> <span class='ocrx_word' id='word_1_85' title='bbox 2016 1201 2067 1255; x_wconf 91' lang='lat' dir='ltr'><strong>in</strong></span> 
     </span>
    </p>
   </div>
   <div class='ocr_carea' id='block_1_14' title="bbox 486 1290 2065 1361">
    <p class='ocr_par' dir='ltr' id='par_1_14' title="bbox 486 1290 2065 1361">
     <span class='ocr_line' id='line_1_14' title="bbox 486 1290 2065 1361; baseline 0.001 -16"><span class='ocrx_word' id='word_1_86' title='bbox 486 1293 701 1347; x_wconf 90' lang='lat' dir='ltr'><strong>nomine</strong></span> <span class='ocrx_word' id='word_1_87' title='bbox 732 1292 921 1357; x_wconf 86' lang='lat' dir='ltr'><strong>Patris,</strong></span> <span class='ocrx_word' id='word_1_88' title='bbox 973 1302 1026 1346; x_wconf 86' lang='lat' dir='ltr'><strong>et</strong></span> <span class='ocrx_word' id='word_1_89' title='bbox 1053 1292 1194 1358; x_wconf 87' lang='lat' dir='ltr'><strong>Filii,</strong></span> <span class='ocrx_word' id='word_1_90' title='bbox 1246 1301 1295 1345; x_wconf 88' lang='lat' dir='ltr'><strong>et</strong></span> <span class='ocrx_word' id='word_1_91' title='bbox 1325 1292 1492 1344; x_wconf 80' lang='lat' dir='ltr'><strong>sancti</strong></span> <span class='ocrx_word' id='word_1_92' title='bbox 1519 1290 1751 1358; x_wconf 79' lang='lat' dir='ltr'><strong>Spiritus</strong></span> <span class='ocrx_word' id='word_1_93' title='bbox 1802 1294 2065 1361; x_wconf 86' lang='lat' dir='ltr'><strong>baptizas,</strong></span> 
     </span>
    </p>
   </div>
   <div class='ocr_carea' id='block_1_15' title="bbox 485 1383 2073 1451">
    <p class='ocr_par' dir='ltr' id='par_1_15' title="bbox 485 1383 2073 1451">
     <span class='ocr_line' id='line_1_15' title="bbox 485 1383 2073 1451; baseline -0.001 -11"><span class='ocrx_word' id='word_1_94' title='bbox 485 1396 535 1440; x_wconf 87' lang='lat' dir='ltr'><strong>et</strong></span> <span class='ocrx_word' id='word_1_95' title='bbox 567 1387 767 1438; x_wconf 84' lang='lat' dir='ltr'><strong>unitam</strong></span> <span class='ocrx_word' id='word_1_96' title='bbox 821 1385 1075 1438; x_wconf 91' lang='lat' dir='ltr'><strong>deitatem</strong></span> <span class='ocrx_word' id='word_1_97' title='bbox 1122 1383 1493 1451; x_wconf 73' lang='lat' dir='ltr'><strong>blasphemas?</strong></span> <span class='ocrx_word' id='word_1_98' title='bbox 1543 1397 1639 1436; x_wconf 91' lang='lat' dir='ltr'><strong>cur</strong></span> <span class='ocrx_word' id='word_1_99' title='bbox 1685 1384 1904 1436; x_wconf 90' lang='lat' dir='ltr'><strong>nomina</strong></span> <span class='ocrx_word' id='word_1_100' title='bbox 1954 1396 2073 1438; x_wconf 90' lang='lat' dir='ltr'><strong>tan-</strong></span> 
     </span>
    </p>
   </div>
   <div class='ocr_carea' id='block_1_16' title="bbox 486 1474 2070 1545">
    <p class='ocr_par' dir='ltr' id='par_1_16' title="bbox 486 1474 2070 1545">
     <span class='ocr_line' id='line_1_16' title="bbox 486 1474 2070 1545; baseline -0.001 -15"><span class='ocrx_word' id='word_1_101' title='bbox 486 1485 598 1530; x_wconf 86' lang='lat' dir='ltr'><strong>tum</strong></span> <span class='ocrx_word' id='word_1_102' title='bbox 648 1476 856 1533; x_wconf 86' lang='lat' dir='ltr'><strong>Patris.</strong></span> <span class='ocrx_word' id='word_1_103' title='bbox 904 1486 960 1529; x_wconf 88' lang='lat' dir='ltr'><strong>et</strong></span> <span class='ocrx_word' id='word_1_104' title='bbox 1004 1474 1153 1539; x_wconf 86' lang='lat' dir='ltr'><strong>Filii,</strong></span> <span class='ocrx_word' id='word_1_105' title='bbox 1207 1484 1260 1529; x_wconf 91' lang='lat' dir='ltr'><strong>et</strong></span> <span class='ocrx_word' id='word_1_106' title='bbox 1289 1476 1453 1528; x_wconf 79' lang='lat' dir='ltr'><strong>sancti</strong></span> <span class='ocrx_word' id='word_1_107' title='bbox 1496 1476 1727 1545; x_wconf 86' lang='lat' dir='ltr'><strong>Spiritus</strong></span> <span class='ocrx_word' id='word_1_108' title='bbox 1772 1477 2070 1541; x_wconf 82' lang='lat' dir='ltr'><strong>conﬁteris,</strong></span> 
     </span>
    </p>
   </div>
   <div class='ocr_carea' id='block_1_17' title="bbox 487 1565 2076 1633">
    <p class='ocr_par' dir='ltr' id='par_1_17' title="bbox 487 1565 2076 1633">
     <span class='ocr_line' id='line_1_17' title="bbox 487 1565 2076 1633; baseline 0.001 -14"><span class='ocrx_word' id='word_1_109' title='bbox 487 1576 541 1619; x_wconf 88' lang='lat' dir='ltr'><strong>et</strong></span> <span class='ocrx_word' id='word_1_110' title='bbox 571 1566 773 1619; x_wconf 88' lang='lat' dir='ltr'><strong>unitum</strong></span> <span class='ocrx_word' id='word_1_111' title='bbox 802 1582 994 1619; x_wconf 87' lang='lat' dir='ltr'><strong>nomen</strong></span> <span class='ocrx_word' id='word_1_112' title='bbox 1044 1565 1337 1620; x_wconf 77' lang='lat' dir='ltr'><strong>divinitatis</strong></span> <span class='ocrx_word' id='word_1_113' title='bbox 1364 1568 1634 1633; x_wconf 81' lang='lat' dir='ltr'><strong>almegas?</strong></span> <span class='ocrx_word' id='word_1_114' title='bbox 1673 1581 1769 1621; x_wconf 90' lang='lat' dir='ltr'><strong>cur</strong></span> <span class='ocrx_word' id='word_1_115' title='bbox 1810 1567 2076 1625; x_wconf 86' lang='lat' dir='ltr'><strong>iudicatur</strong></span> 
     </span>
    </p>
   </div>
   <div class='ocr_carea' id='block_1_18' title="bbox 491 1654 2076 1727">
    <p class='ocr_par' dir='ltr' id='par_1_18' title="bbox 491 1654 2076 1727">
     <span class='ocr_line' id='line_1_18' title="bbox 491 1654 2076 1727; baseline 0.001 -18"><span class='ocrx_word' id='word_1_116' title='bbox 491 1654 686 1717; x_wconf 88' lang='lat' dir='ltr'><strong>unitas,</strong></span> <span class='ocrx_word' id='word_1_117' title='bbox 713 1657 755 1709; x_wconf 87' lang='lat' dir='ltr'><strong>si</strong></span> <span class='ocrx_word' id='word_1_118' title='bbox 785 1656 836 1709; x_wconf 92' lang='lat' dir='ltr'><strong>in</strong></span> <span class='ocrx_word' id='word_1_119' title='bbox 868 1656 1040 1719; x_wconf 83' lang='lat' dir='ltr'><strong>Patre,</strong></span> <span class='ocrx_word' id='word_1_120' title='bbox 1064 1668 1115 1709; x_wconf 84' lang='lat' dir='ltr'><strong>et</strong></span> <span class='ocrx_word' id='word_1_121' title='bbox 1142 1656 1298 1720; x_wconf 87' lang='lat' dir='ltr'><strong>Filio,</strong></span> <span class='ocrx_word' id='word_1_122' title='bbox 1331 1666 1383 1709; x_wconf 89' lang='lat' dir='ltr'><strong>et</strong></span> <span class='ocrx_word' id='word_1_123' title='bbox 1412 1666 1597 1710; x_wconf 86' lang='lat' dir='ltr'><strong>sancto</strong></span> <span class='ocrx_word' id='word_1_124' title='bbox 1615 1657 1823 1727; x_wconf 75' lang='lat' dir='ltr'><strong>Spiritu</strong></span> <span class='ocrx_word' id='word_1_125' title='bbox 1854 1672 1960 1711; x_wconf 92' lang='lat' dir='ltr'><strong>non</strong></span> <span class='ocrx_word' id='word_1_126' title='bbox 1992 1667 2076 1712; x_wconf 89' lang='lat' dir='ltr'><strong>est</strong></span> 
     </span>
    </p>
   </div>
   <div class='ocr_carea' id='block_1_19' title="bbox 2179 455 3775 537">
    <p class='ocr_par' dir='ltr' id='par_1_19' title="bbox 2179 455 3775 537">
     <span class='ocr_line' id='line_1_19' title="bbox 2179 455 3775 537; baseline 0.012 -31"><span class='ocrx_word' id='word_1_127' title='bbox 2179 455 2329 518; x_wconf 88' lang='lat' dir='ltr'><strong>ﬁdes,</strong></span> <span class='ocrx_word' id='word_1_128' title='bbox 2349 457 2462 512; x_wconf 84' lang='lat' dir='ltr'><strong>sive</strong></span> <span class='ocrx_word' id='word_1_129' title='bbox 2480 460 2650 527; x_wconf 82' lang='lat' dir='ltr'><strong>gratia</strong></span> <span class='ocrx_word' id='word_1_130' title='bbox 2669 461 2976 530; x_wconf 85' lang='lat' dir='ltr'><strong>sanitatum,</strong></span> <span class='ocrx_word' id='word_1_131' title='bbox 2999 478 3091 516; x_wconf 89' lang='lat' dir='ltr'><strong>seu</strong></span> <span class='ocrx_word' id='word_1_132' title='bbox 3111 466 3353 532; x_wconf 86' lang='lat' dir='ltr'><strong>operatio</strong></span> <span class='ocrx_word' id='word_1_133' title='bbox 3371 467 3652 537; x_wconf 88' lang='lat' dir='ltr'><strong>virtutum,</strong></span> <span class='ocrx_word' id='word_1_134' title='bbox 3674 486 3775 525; x_wconf 88' lang='lat' dir='ltr'><strong>seu</strong></span> 
     </span>
    </p>
   </div>
   <div class='ocr_carea' id='block_1_20' title="bbox 2174 548 3766 629">
    <p class='ocr_par' dir='ltr' id='par_1_20' title="bbox 2174 548 3766 629">
     <span class='ocr_line' id='line_1_20' title="bbox 2174 548 3766 629; baseline 0.012 -30"><span class='ocrx_word' id='word_1_135' title='bbox 2174 548 2475 617; x_wconf 74' lang='lat' dir='ltr'><strong>prophetia,</strong></span> <span class='ocrx_word' id='word_1_136' title='bbox 2509 566 2601 605; x_wconf 89' lang='lat' dir='ltr'><strong>seu</strong></span> <span class='ocrx_word' id='word_1_137' title='bbox 2634 555 2900 621; x_wconf 85' lang='lat' dir='ltr'><strong>separatio</strong></span> <span class='ocrx_word' id='word_1_138' title='bbox 2926 556 3241 624; x_wconf 89' lang='lat' dir='ltr'><strong>spirituum,</strong></span> <span class='ocrx_word' id='word_1_139' title='bbox 3272 559 3372 612; x_wconf 88' lang='lat' dir='ltr'><strong>nisi</strong></span> <span class='ocrx_word' id='word_1_140' title='bbox 3411 563 3663 629; x_wconf 85' lang='lat' dir='ltr'><strong>quoniam</strong></span> <span class='ocrx_word' id='word_1_141' title='bbox 3696 565 3766 618; x_wconf 90' lang='lat' dir='ltr'><strong>de</strong></span> 
     </span>
    </p>
   </div>
   <div class='ocr_carea' id='block_1_21' title="bbox 2176 642 3767 717">
    <p class='ocr_par' dir='ltr' id='par_1_21' title="bbox 2176 642 3767 717">
     <span class='ocr_line' id='line_1_21' title="bbox 2176 642 3767 717; baseline 0.009 -23"><span class='ocrx_word' id='word_1_142' title='bbox 2176 642 2320 695; x_wconf 88' lang='lat' dir='ltr'><strong>unita</strong></span> <span class='ocrx_word' id='word_1_143' title='bbox 2353 643 2686 711; x_wconf 88' lang='lat' dir='ltr'><strong>plenitudine</strong></span> <span class='ocrx_word' id='word_1_144' title='bbox 2716 647 2831 700; x_wconf 86' lang='lat' dir='ltr'><strong>est?</strong></span> <span class='ocrx_word' id='word_1_145' title='bbox 2860 648 3180 717; x_wconf 57' lang='lat' dir='ltr'><strong>hypocrita},</strong></span> <span class='ocrx_word' id='word_1_146' title='bbox 3221 649 3413 705; x_wconf 88' lang='lat' dir='ltr'><strong>discite</strong></span> <span class='ocrx_word' id='word_1_147' title='bbox 3442 668 3601 706; x_wconf 83' lang='lat' dir='ltr'><strong>unam</strong></span> <span class='ocrx_word' id='word_1_148' title='bbox 3641 670 3767 709; x_wconf 90' lang='lat' dir='ltr'><strong>esse</strong></span> 
     </span>
    </p>
   </div>
   <div class='ocr_carea' id='block_1_22' title="bbox 2172 732 3760 814">
    <p class='ocr_par' dir='ltr' id='par_1_22' title="bbox 2172 732 3760 814">
     <span class='ocr_line' id='line_1_22' title="bbox 2172 732 3760 814; baseline 0.01 -31"><span class='ocrx_word' id='word_1_149' title='bbox 2172 732 2544 799; x_wconf 89' lang='lat' dir='ltr'><strong>operationem</strong></span> <span class='ocrx_word' id='word_1_150' title='bbox 2575 735 2626 789; x_wconf 92' lang='lat' dir='ltr'><strong>in</strong></span> <span class='ocrx_word' id='word_1_151' title='bbox 2658 746 2849 791; x_wconf 91' lang='lat' dir='ltr'><strong>natura</strong></span> <span class='ocrx_word' id='word_1_152' title='bbox 2882 738 3074 803; x_wconf 82' lang='lat' dir='ltr'><strong>Patris,</strong></span> <span class='ocrx_word' id='word_1_153' title='bbox 3098 750 3150 792; x_wconf 90' lang='lat' dir='ltr'><strong>et</strong></span> <span class='ocrx_word' id='word_1_154' title='bbox 3181 738 3326 806; x_wconf 85' lang='lat' dir='ltr'><strong>Filii,</strong></span> <span class='ocrx_word' id='word_1_155' title='bbox 3354 753 3408 796; x_wconf 91' lang='lat' dir='ltr'><strong>et</strong></span> <span class='ocrx_word' id='word_1_156' title='bbox 3434 744 3606 797; x_wconf 84' lang='lat' dir='ltr'><strong>sancti</strong></span> <span class='ocrx_word' id='word_1_157' title='bbox 3634 748 3760 814; x_wconf 89' lang='lat' dir='ltr'><strong>Spi-</strong></span> 
     </span>
    </p>
   </div>
   <div class='ocr_carea' id='block_1_23' title="bbox 2174 823 3769 903">
    <p class='ocr_par' dir='ltr' id='par_1_23' title="bbox 2174 823 3769 903">
     <span class='ocr_line' id='line_1_23' title="bbox 2174 823 3769 903; baseline 0.011 -29"><span class='ocrx_word' id='word_1_158' title='bbox 2174 823 2328 889; x_wconf 91' lang='lat' dir='ltr'><strong>ritus,</strong></span> <span class='ocrx_word' id='word_1_159' title='bbox 2378 825 2505 879; x_wconf 86' lang='lat' dir='ltr'><strong>dum</strong></span> <span class='ocrx_word' id='word_1_160' title='bbox 2558 841 2715 892; x_wconf 76' lang='lat' dir='ltr'><strong>Opera</strong></span> <span class='ocrx_word' id='word_1_161' title='bbox 2760 844 2876 898; x_wconf 64' lang='lat' dir='ltr'><strong>quae</strong></span> <span class='ocrx_word' id='word_1_162' title='bbox 2923 840 3178 897; x_wconf 89' lang='lat' dir='ltr'><strong>operatur</strong></span> <span class='ocrx_word' id='word_1_163' title='bbox 3219 832 3395 897; x_wconf 86' lang='lat' dir='ltr'><strong>Pater,</strong></span> <span class='ocrx_word' id='word_1_164' title='bbox 3440 835 3552 901; x_wconf 88' lang='lat' dir='ltr'><strong>ipsa</strong></span> <span class='ocrx_word' id='word_1_165' title='bbox 3600 852 3769 903; x_wconf 86' lang='lat' dir='ltr'><strong>opera</strong></span> 
     </span>
    </p>
   </div>
   <div class='ocr_carea' id='block_1_24' title="bbox 2176 917 3764 992">
    <p class='ocr_par' dir='ltr' id='par_1_24' title="bbox 2176 917 3764 992">
     <span class='ocr_line' id='line_1_24' title="bbox 2176 917 3764 992; baseline 0.009 -24"><span class='ocrx_word' id='word_1_166' title='bbox 2176 917 2355 970; x_wconf 89' lang='lat' dir='ltr'><strong>uniter</strong></span> <span class='ocrx_word' id='word_1_167' title='bbox 2374 918 2815 974; x_wconf 72' lang='lat' dir='ltr'><strong>demonstrantur</strong></span> <span class='ocrx_word' id='word_1_168' title='bbox 2840 936 2960 977; x_wconf 89' lang='lat' dir='ltr'><strong>esse</strong></span> <span class='ocrx_word' id='word_1_169' title='bbox 2987 931 3041 976; x_wconf 90' lang='lat' dir='ltr'><strong>et</strong></span> <span class='ocrx_word' id='word_1_170' title='bbox 3061 922 3197 987; x_wconf 80' lang='lat' dir='ltr'><strong>Filii,</strong></span> <span class='ocrx_word' id='word_1_171' title='bbox 3229 934 3285 977; x_wconf 91' lang='lat' dir='ltr'><strong>et</strong></span> <span class='ocrx_word' id='word_1_172' title='bbox 3311 927 3479 978; x_wconf 85' lang='lat' dir='ltr'><strong>sancti</strong></span> <span class='ocrx_word' id='word_1_173' title='bbox 3503 926 3764 992; x_wconf 83' lang='lat' dir='ltr'><strong>Spiritus.</strong></span> 
     </span>
    </p>
   </div>
   <div class='ocr_carea' id='block_1_25' title="bbox 2177 1007 3766 1082">
    <p class='ocr_par' dir='ltr' id='par_1_25' title="bbox 2177 1007 3766 1082">
     <span class='ocr_line' id='line_1_25' title="bbox 2177 1007 3766 1082; baseline 0.008 -22"><span class='ocrx_word' id='word_1_174' title='bbox 2177 1007 2246 1060; x_wconf 75' lang='lat' dir='ltr'><strong>Ita</strong></span> <span class='ocrx_word' id='word_1_175' title='bbox 2275 1017 2330 1061; x_wconf 93' lang='lat' dir='ltr'><strong>et</strong></span> <span class='ocrx_word' id='word_1_176' title='bbox 2358 1009 2522 1064; x_wconf 81' lang='lat' dir='ltr'><strong>Filius</strong></span> <span class='ocrx_word' id='word_1_177' title='bbox 2552 1010 2691 1079; x_wconf 91' lang='lat' dir='ltr'><strong>quod</strong></span> <span class='ocrx_word' id='word_1_178' title='bbox 2722 1021 2993 1080; x_wconf 82' lang='lat' dir='ltr'><strong>operatur,</strong></span> <span class='ocrx_word' id='word_1_179' title='bbox 3035 1012 3149 1067; x_wconf 73' lang='lat' dir='ltr'><strong>haec</strong></span> <span class='ocrx_word' id='word_1_180' title='bbox 3182 1013 3294 1082; x_wconf 88' lang='lat' dir='ltr'><strong>ipsa</strong></span> <span class='ocrx_word' id='word_1_181' title='bbox 3326 1031 3486 1079; x_wconf 80' lang='lat' dir='ltr'><strong>Opera</strong></span> <span class='ocrx_word' id='word_1_182' title='bbox 3522 1018 3766 1071; x_wconf 80' lang='lat' dir='ltr'><strong>referan-</strong></span> 
     </span>
    </p>
   </div>
   <div class='ocr_carea' id='block_1_26' title="bbox 2176 1100 3770 1173">
    <p class='ocr_par' dir='ltr' id='par_1_26' title="bbox 2176 1100 3770 1173">
     <span class='ocr_line' id='line_1_26' title="bbox 2176 1100 3770 1173; baseline 0.006 -20"><span class='ocrx_word' id='word_1_183' title='bbox 2176 1108 2264 1153; x_wconf 89' lang='lat' dir='ltr'><strong>tur</strong></span> <span class='ocrx_word' id='word_1_184' title='bbox 2296 1101 2360 1152; x_wconf 86' lang='lat' dir='ltr'><strong>ad</strong></span> <span class='ocrx_word' id='word_1_185' title='bbox 2390 1100 2627 1168; x_wconf 84' lang='lat' dir='ltr'><strong>Patrem,</strong></span> <span class='ocrx_word' id='word_1_186' title='bbox 2674 1112 2727 1156; x_wconf 91' lang='lat' dir='ltr'><strong>et</strong></span> <span class='ocrx_word' id='word_1_187' title='bbox 2751 1104 2815 1155; x_wconf 85' lang='lat' dir='ltr'><strong>ad</strong></span> <span class='ocrx_word' id='word_1_188' title='bbox 2847 1104 3197 1171; x_wconf 87' lang='lat' dir='ltr'><strong>principalem</strong></span> <span class='ocrx_word' id='word_1_189' title='bbox 3230 1105 3510 1173; x_wconf 86' lang='lat' dir='ltr'><strong>Spiritum.</strong></span> <span class='ocrx_word' id='word_1_190' title='bbox 3564 1108 3770 1163; x_wconf 87' lang='lat' dir='ltr'><strong>Eadem</strong></span> 
     </span>
    </p>
   </div>
   <div class='ocr_carea' id='block_1_27' title="bbox 2182 1190 3771 1265">
    <p class='ocr_par' dir='ltr' id='par_1_27' title="bbox 2182 1190 3771 1265">
     <span class='ocr_line' id='line_1_27' title="bbox 2182 1190 3771 1265; baseline 0.005 -22"><span class='ocrx_word' id='word_1_191' title='bbox 2182 1199 2237 1243; x_wconf 88' lang='lat' dir='ltr'><strong>et</strong></span> <span class='ocrx_word' id='word_1_192' title='bbox 2263 1190 2497 1257; x_wconf 85' lang='lat' dir='ltr'><strong>Spiritus</strong></span> <span class='ocrx_word' id='word_1_193' title='bbox 2527 1192 2821 1247; x_wconf 89' lang='lat' dir='ltr'><strong>Paraelitus</strong></span> <span class='ocrx_word' id='word_1_194' title='bbox 2862 1195 3132 1261; x_wconf 90' lang='lat' dir='ltr'><strong>quomodo</strong></span> <span class='ocrx_word' id='word_1_195' title='bbox 3167 1204 3441 1262; x_wconf 87' lang='lat' dir='ltr'><strong>operatur,</strong></span> <span class='ocrx_word' id='word_1_196' title='bbox 3495 1196 3610 1250; x_wconf 65' lang='lat' dir='ltr'><strong>haec</strong></span> <span class='ocrx_word' id='word_1_197' title='bbox 3654 1198 3771 1265; x_wconf 76' lang='lat' dir='ltr'><strong>ipsa</strong></span> 
     </span>
    </p>
   </div>
   <div class='ocr_carea' id='block_1_28' title="bbox 2176 1280 3771 1352">
    <p class='ocr_par' dir='ltr' id='par_1_28' title="bbox 2176 1280 3771 1352">
     <span class='ocr_line' id='line_1_28' title="bbox 2176 1280 3771 1352; baseline 0.004 -17"><span class='ocrx_word' id='word_1_198' title='bbox 2176 1295 2341 1350; x_wconf 88' lang='lat' dir='ltr'><strong>opera</strong></span> <span class='ocrx_word' id='word_1_199' title='bbox 2375 1284 2553 1337; x_wconf 88' lang='lat' dir='ltr'><strong>uniter</strong></span> <span class='ocrx_word' id='word_1_200' title='bbox 2583 1284 2929 1339; x_wconf 87' lang='lat' dir='ltr'><strong>declarentur</strong></span> <span class='ocrx_word' id='word_1_201' title='bbox 2957 1300 3075 1340; x_wconf 86' lang='lat' dir='ltr'><strong>esse</strong></span> <span class='ocrx_word' id='word_1_202' title='bbox 3102 1293 3157 1339; x_wconf 90' lang='lat' dir='ltr'><strong>et</strong></span> <span class='ocrx_word' id='word_1_203' title='bbox 3194 1285 3385 1352; x_wconf 82' lang='lat' dir='ltr'><strong>Patris,</strong></span> <span class='ocrx_word' id='word_1_204' title='bbox 3407 1280 3474 1341; x_wconf 57' lang='lat' dir='ltr'><strong>&#39;et</strong></span> <span class='ocrx_word' id='word_1_205' title='bbox 3502 1288 3643 1342; x_wconf 84' lang='lat' dir='ltr'><strong>Filii.</strong></span> <span class='ocrx_word' id='word_1_206' title='bbox 3680 1290 3771 1342; x_wconf 80' lang='lat' dir='ltr'><strong>Vi-</strong></span> 
     </span>
    </p>
   </div>
   <div class='ocr_carea' id='block_1_29' title="bbox 2176 1374 3775 1448">
    <p class='ocr_par' dir='ltr' id='par_1_29' title="bbox 2176 1374 3775 1448">
     <span class='ocr_line' id='line_1_29' title="bbox 2176 1374 3775 1448; baseline 0.005 -20"><span class='ocrx_word' id='word_1_207' title='bbox 2176 1374 2273 1428; x_wconf 90' lang='lat' dir='ltr'><strong>des</strong></span> <span class='ocrx_word' id='word_1_208' title='bbox 2301 1376 2501 1429; x_wconf 89' lang='lat' dir='ltr'><strong>unitam</strong></span> <span class='ocrx_word' id='word_1_209' title='bbox 2530 1391 2651 1432; x_wconf 86' lang='lat' dir='ltr'><strong>esse</strong></span> <span class='ocrx_word' id='word_1_210' title='bbox 2680 1378 2990 1432; x_wconf 82' lang='lat' dir='ltr'><strong>earumdem</strong></span> <span class='ocrx_word' id='word_1_211' title='bbox 3031 1378 3396 1448; x_wconf 89' lang='lat' dir='ltr'><strong>operationem</strong></span> <span class='ocrx_word' id='word_1_212' title='bbox 3443 1382 3492 1433; x_wconf 91' lang='lat' dir='ltr'><strong>in</strong></span> <span class='ocrx_word' id='word_1_213' title='bbox 3528 1397 3632 1434; x_wconf 93' lang='lat' dir='ltr'><strong>uua</strong></span> <span class='ocrx_word' id='word_1_214' title='bbox 3675 1398 3775 1435; x_wconf 84' lang='lat' dir='ltr'><strong>na-</strong></span> 
     </span>
    </p>
   </div>
   <div class='ocr_carea' id='block_1_30' title="bbox 2188 1468 2583 1521">
    <p class='ocr_par' dir='ltr' id='par_1_30' title="bbox 2188 1468 2583 1521">
     <span class='ocr_line' id='line_1_30' title="bbox 2188 1468 2583 1521; baseline 0.008 -3"><span class='ocrx_word' id='word_1_215' title='bbox 2188 1476 2304 1519; x_wconf 90' lang='lat' dir='ltr'><strong>tura</strong></span> <span class='ocrx_word' id='word_1_216' title='bbox 2337 1468 2583 1521; x_wconf 82' lang='lat' dir='ltr'><strong>deitatis?</strong></span> 
     </span>
    </p>
   </div>
   <div class='ocr_carea' id='block_1_31' title="bbox 2251 1553 3774 1627">
    <p class='ocr_par' dir='ltr' id='par_1_31' title="bbox 2251 1553 3774 1627">
     <span class='ocr_line' id='line_1_31' title="bbox 2251 1553 3774 1627; baseline 0.007 -21"><span class='ocrx_word' id='word_1_217' title='bbox 2251 1553 2619 1627; x_wconf 83' lang='lat' dir='ltr'><strong>Interrogatio.</strong></span> <span class='ocrx_word' id='word_1_218' title='bbox 2666 1557 2814 1627; x_wconf 78' lang='lat' dir='ltr'><strong>Rogo</strong></span> <span class='ocrx_word' id='word_1_219' title='bbox 2861 1568 2924 1612; x_wconf 91' lang='lat' dir='ltr'><strong>&#39;ut</strong></span> <span class='ocrx_word' id='word_1_220' title='bbox 2973 1558 3086 1613; x_wconf 78' lang='lat' dir='ltr'><strong>lucc</strong></span> <span class='ocrx_word' id='word_1_221' title='bbox 3136 1559 3274 1613; x_wconf 81' lang='lat' dir='ltr'><strong>dicta</strong></span> <span class='ocrx_word' id='word_1_222' title='bbox 3331 1559 3398 1613; x_wconf 89' lang='lat' dir='ltr'><strong>de</strong></span> <span class='ocrx_word' id='word_1_223' title='bbox 3450 1560 3774 1616; x_wconf 86' lang='lat' dir='ltr'><strong>auctoritate</strong></span> 
     </span>
    </p>
   </div>
   <div class='ocr_carea' id='block_1_32' title="bbox 2180 1645 3261 1715">
    <p class='ocr_par' dir='ltr' id='par_1_32' title="bbox 2180 1645 3261 1715">
     <span class='ocr_line' id='line_1_32' title="bbox 2180 1645 3261 1715; baseline 0.006 -19"><span class='ocrx_word' id='word_1_224' title='bbox 2180 1645 2354 1699; x_wconf 90' lang='lat' dir='ltr'><strong>adhuc</strong></span> <span class='ocrx_word' id='word_1_225' title='bbox 2385 1646 2780 1715; x_wconf 61' lang='lat' dir='ltr'><strong>scripturarum</strong></span> <span class='ocrx_word' id='word_1_226' title='bbox 2814 1649 2942 1702; x_wconf 82' lang='lat' dir='ltr'><strong>milii</strong></span> <span class='ocrx_word' id='word_1_227' title='bbox 2973 1649 3261 1704; x_wconf 78' lang='lat' dir='ltr'><strong>edisseras.</strong></span> 
     </span>
    </p>
   </div>
   <div class='ocr_carea' id='block_1_33' title="bbox 491 1728 2089 1815">
    <p class='ocr_par' dir='ltr' id='par_1_33' title="bbox 491 1746 2072 1815">
     <span class='ocr_line' id='line_1_33' title="bbox 491 1746 2072 1815; baseline 0.001 -16"><span class='ocrx_word' id='word_1_228' title='bbox 491 1762 593 1799; x_wconf 89' lang='lat' dir='ltr'><strong>una</strong></span> <span class='ocrx_word' id='word_1_229' title='bbox 624 1757 786 1815; x_wconf 88' lang='lat' dir='ltr'><strong>atque</strong></span> <span class='ocrx_word' id='word_1_230' title='bbox 809 1746 994 1800; x_wconf 87' lang='lat' dir='ltr'><strong>eadem</strong></span> <span class='ocrx_word' id='word_1_231' title='bbox 1035 1747 1146 1814; x_wconf 89' lang='lat' dir='ltr'><strong>ipsa</strong></span> <span class='ocrx_word' id='word_1_232' title='bbox 1178 1746 1397 1815; x_wconf 65' lang='lat' dir='ltr'><strong>a‘qualis</strong></span> <span class='ocrx_word' id='word_1_233' title='bbox 1438 1746 1711 1813; x_wconf 88' lang='lat' dir='ltr'><strong>plenitudo</strong></span> <span class='ocrx_word' id='word_1_234' title='bbox 1744 1747 2072 1801; x_wconf 88' lang='lat' dir='ltr'><strong>divinitatis?</strong></span> 
     </span>
    </p>
   </div>
   <div class='ocr_carea' id='block_1_34' title="bbox 2199 1728 3771 1815">
    <p class='ocr_par' dir='ltr' id='par_1_34' title="bbox 2252 1738 3771 1808">
     <span class='ocr_line' id='line_1_34' title="bbox 2252 1738 3771 1808; baseline 0.003 -18"><span class='ocrx_word' id='word_1_235' title='bbox 2252 1738 2552 1803; x_wconf 83' lang='lat' dir='ltr'><strong>Responsio.</strong></span> <span class='ocrx_word' id='word_1_236' title='bbox 2583 1740 2797 1803; x_wconf 69' lang='lat' dir='ltr'><strong>Quaeso,</strong></span> <span class='ocrx_word' id='word_1_237' title='bbox 2824 1739 2932 1807; x_wconf 81' lang='lat' dir='ltr'><strong>jam</strong></span> <span class='ocrx_word' id='word_1_238' title='bbox 2967 1740 3178 1808; x_wconf 63' lang='lat' dir='ltr'><strong>quoties</strong></span> <span class='ocrx_word' id='word_1_239' title='bbox 3208 1738 3301 1793; x_wconf 87' lang='lat' dir='ltr'><strong>tibi</strong></span> <span class='ocrx_word' id='word_1_240' title='bbox 3333 1740 3619 1794; x_wconf 84' lang='lat' dir='ltr'><strong>indicatum</strong></span> <span class='ocrx_word' id='word_1_241' title='bbox 3652 1752 3771 1795; x_wconf 86' lang='lat' dir='ltr'><strong>est:</strong></span> 
     </span>
    </p>
   </div>
   <div class='ocr_carea' id='block_1_35' title="bbox 490 1837 2079 1906">
    <p class='ocr_par' dir='ltr' id='par_1_35' title="bbox 490 1837 2079 1906">
     <span class='ocr_line' id='line_1_35' title="bbox 490 1837 2079 1906; baseline -0.001 -15"><span class='ocrx_word' id='word_1_242' title='bbox 490 1853 588 1891; x_wconf 91' lang='lat' dir='ltr'><strong>cur</strong></span> <span class='ocrx_word' id='word_1_243' title='bbox 614 1840 678 1892; x_wconf 90' lang='lat' dir='ltr'><strong>ad</strong></span> <span class='ocrx_word' id='word_1_244' title='bbox 714 1848 954 1892; x_wconf 88' lang='lat' dir='ltr'><strong>nostrum</strong></span> <span class='ocrx_word' id='word_1_245' title='bbox 998 1837 1327 1891; x_wconf 86' lang='lat' dir='ltr'><strong>intellectum</strong></span> <span class='ocrx_word' id='word_1_246' title='bbox 1358 1838 1514 1890; x_wconf 86' lang='lat' dir='ltr'><strong>Pater</strong></span> <span class='ocrx_word' id='word_1_247' title='bbox 1557 1837 1819 1906; x_wconf 78' lang='lat' dir='ltr'><strong>signiﬁcat</strong></span> <span class='ocrx_word' id='word_1_248' title='bbox 1862 1839 1930 1892; x_wconf 92' lang='lat' dir='ltr'><strong>de</strong></span> <span class='ocrx_word' id='word_1_249' title='bbox 1958 1840 2079 1891; x_wconf 91' lang='lat' dir='ltr'><strong>uni-</strong></span> 
     </span>
    </p>
   </div>
   <div class='ocr_carea' id='block_1_36' title="bbox 491 1928 2074 1999">
    <p class='ocr_par' dir='ltr' id='par_1_36' title="bbox 491 1928 2074 1999">
     <span class='ocr_line' id='line_1_36' title="bbox 491 1928 2074 1999; baseline 0 -15"><span class='ocrx_word' id='word_1_250' title='bbox 491 1933 667 1997; x_wconf 76' lang='lat' dir='ltr'><strong>genito</strong></span> <span class='ocrx_word' id='word_1_251' title='bbox 687 1930 821 1984; x_wconf 89' lang='lat' dir='ltr'><strong>Filio</strong></span> <span class='ocrx_word' id='word_1_252' title='bbox 843 1944 939 1983; x_wconf 90' lang='lat' dir='ltr'><strong>suo</strong></span> <span class='ocrx_word' id='word_1_253' title='bbox 965 1947 977 1982; x_wconf 92' lang='lat'>:</span> <span class='ocrx_word' id='word_1_254' title='bbox 1000 1928 1077 1982; x_wconf 75' lang='lat' dir='ltr'><strong>Ea:</strong></span> <span class='ocrx_word' id='word_1_255' title='bbox 1094 1939 1234 1981; x_wconf 85' lang='lat' dir='ltr'><strong>utero</strong></span> <span class='ocrx_word' id='word_1_256' title='bbox 1253 1940 1370 1984; x_wconf 87' lang='lat' dir='ltr'><strong>ante</strong></span> <span class='ocrx_word' id='word_1_257' title='bbox 1388 1930 1657 1998; x_wconf 79' lang='lat' dir='ltr'><strong>luciferum</strong></span> <span class='ocrx_word' id='word_1_258' title='bbox 1672 1932 1823 1999; x_wconf 85' lang='lat' dir='ltr'><strong>genui</strong></span> <span class='ocrx_word' id='word_1_259' title='bbox 1844 1932 1920 1998; x_wconf 82' lang='lat' dir='ltr'><strong>te(</strong></span> <span class='ocrx_word' id='word_1_260' title='bbox 1933 1930 2074 1986; x_wconf 83' lang='lat' dir='ltr'><strong>Psul.</strong></span> 
     </span>
    </p>
   </div>
   <div class='ocr_carea' id='block_1_37' title="bbox 492 2019 2080 2091">
    <p class='ocr_par' dir='ltr' id='par_1_37' title="bbox 492 2019 2080 2091">
     <span class='ocr_line' id='line_1_37' title="bbox 492 2019 2080 2091; baseline -0.002 -14"><span class='ocrx_word' id='word_1_261' title='bbox 492 2040 602 2078; x_wconf 79' lang='lat' dir='ltr'><strong>cur.</strong></span> <span class='ocrx_word' id='word_1_262' title='bbox 626 2025 703 2091; x_wconf 84' lang='lat'><strong>&#39;5),</strong></span> <span class='ocrx_word' id='word_1_263' title='bbox 730 2024 770 2074; x_wconf 88' lang='lat' dir='ltr'><strong>si</strong></span> <span class='ocrx_word' id='word_1_264' title='bbox 808 2036 903 2075; x_wconf 84' lang='lat' dir='ltr'><strong>vos</strong></span> <span class='ocrx_word' id='word_1_265' title='bbox 928 2021 1259 2074; x_wconf 84' lang='lat' dir='ltr'><strong>divinitatem</strong></span> <span class='ocrx_word' id='word_1_266' title='bbox 1287 2019 1407 2074; x_wconf 88' lang='lat' dir='ltr'><strong>Filii</strong></span> <span class='ocrx_word' id='word_1_267' title='bbox 1438 2020 1529 2073; x_wconf 85' lang='lat' dir='ltr'><strong>Dei</strong></span> <span class='ocrx_word' id='word_1_268' title='bbox 1559 2029 1816 2087; x_wconf 88' lang='lat' dir='ltr'><strong>creatam,</strong></span> <span class='ocrx_word' id='word_1_269' title='bbox 1847 2023 1928 2076; x_wconf 92' lang='lat' dir='ltr'><strong>vel</strong></span> <span class='ocrx_word' id='word_1_270' title='bbox 1952 2037 2080 2076; x_wconf 84' lang='lat' dir='ltr'><strong>cen-</strong></span> 
     </span>
    </p>
   </div>
   <div class='ocr_carea' id='block_1_38' title="bbox 494 2112 2079 2180">
    <p class='ocr_par' dir='ltr' id='par_1_38' title="bbox 494 2112 2079 2180">
     <span class='ocr_line' id='line_1_38' title="bbox 494 2112 2079 2180; baseline -0.001 -13"><span class='ocrx_word' id='word_1_271' title='bbox 494 2115 682 2180; x_wconf 89' lang='lat' dir='ltr'><strong>ditam,</strong></span> <span class='ocrx_word' id='word_1_272' title='bbox 716 2124 807 2167; x_wconf 89' lang='lat' dir='ltr'><strong>aut</strong></span> <span class='ocrx_word' id='word_1_273' title='bbox 838 2113 1108 2167; x_wconf 76' lang='lat' dir='ltr'><strong>fundatam</strong></span> <span class='ocrx_word' id='word_1_274' title='bbox 1132 2126 1250 2166; x_wconf 91' lang='lat' dir='ltr'><strong>esse</strong></span> <span class='ocrx_word' id='word_1_275' title='bbox 1282 2112 1591 2167; x_wconf 88' lang='lat' dir='ltr'><strong>testamini?</strong></span> <span class='ocrx_word' id='word_1_276' title='bbox 1616 2127 1712 2164; x_wconf 73' lang='lat' dir='ltr'><strong>cur</strong></span> <span class='ocrx_word' id='word_1_277' title='bbox 1736 2128 1869 2166; x_wconf 91' lang='lat' dir='ltr'><strong>unus</strong></span> <span class='ocrx_word' id='word_1_278' title='bbox 1897 2114 1947 2165; x_wconf 92' lang='lat' dir='ltr'><strong>in</strong></span> <span class='ocrx_word' id='word_1_279' title='bbox 1975 2128 2079 2167; x_wconf 91' lang='lat' dir='ltr'><strong>uno</strong></span> 
     </span>
    </p>
   </div>
   <div class='ocr_carea' id='block_1_39' title="bbox 496 2202 2082 2273">
    <p class='ocr_par' dir='ltr' id='par_1_39' title="bbox 496 2202 2082 2273">
     <span class='ocr_line' id='line_1_39' title="bbox 496 2202 2082 2273; baseline -0.001 -14"><span class='ocrx_word' id='word_1_280' title='bbox 496 2216 598 2271; x_wconf 89' lang='lat' dir='ltr'><strong>est,</strong></span> <span class='ocrx_word' id='word_1_281' title='bbox 629 2206 671 2258; x_wconf 91' lang='lat' dir='ltr'><strong>si</strong></span> <span class='ocrx_word' id='word_1_282' title='bbox 703 2205 867 2259; x_wconf 87' lang='lat' dir='ltr'><strong>divisa</strong></span> <span class='ocrx_word' id='word_1_283' title='bbox 908 2214 1097 2259; x_wconf 90' lang='lat' dir='ltr'><strong>natura</strong></span> <span class='ocrx_word' id='word_1_284' title='bbox 1142 2204 1259 2258; x_wconf 89' lang='lat' dir='ltr'><strong>est?</strong></span> <span class='ocrx_word' id='word_1_285' title='bbox 1297 2218 1391 2256; x_wconf 90' lang='lat' dir='ltr'><strong>cur</strong></span> <span class='ocrx_word' id='word_1_286' title='bbox 1415 2219 1509 2273; x_wconf 90' lang='lat' dir='ltr'><strong>ego</strong></span> <span class='ocrx_word' id='word_1_287' title='bbox 1546 2213 1592 2257; x_wconf 89' lang='lat' dir='ltr'><strong>et</strong></span> <span class='ocrx_word' id='word_1_288' title='bbox 1624 2202 1781 2256; x_wconf 89' lang='lat' dir='ltr'><strong>Pater</strong></span> <span class='ocrx_word' id='word_1_289' title='bbox 1808 2220 1967 2257; x_wconf 89' lang='lat' dir='ltr'><strong>unum</strong></span> <span class='ocrx_word' id='word_1_290' title='bbox 1995 2221 2082 2258; x_wconf 82' lang='lat' dir='ltr'><strong>su-</strong></span> 
     </span>
    </p>
   </div>
   <div class='ocr_carea' id='block_1_40' title="bbox 498 2294 2084 2365">
    <p class='ocr_par' dir='ltr' id='par_1_40' title="bbox 498 2294 2084 2365">
     <span class='ocr_line' id='line_1_40' title="bbox 498 2294 2084 2365; baseline 0.001 -16"><span class='ocrx_word' id='word_1_291' title='bbox 498 2313 610 2349; x_wconf 78' lang='lat' dir='ltr'><strong>mus</strong></span> <span class='ocrx_word' id='word_1_292' title='bbox 641 2295 825 2365; x_wconf 82' lang='lat' dir='ltr'><strong>(Joan.</strong></span> <span class='ocrx_word' id='word_1_293' title='bbox 856 2311 911 2359; x_wconf 84' lang='lat' dir='ltr'><strong>x,</strong></span> <span class='ocrx_word' id='word_1_294' title='bbox 943 2294 1055 2363; x_wconf 80' lang='lat'><strong>&#39;50),</strong></span> <span class='ocrx_word' id='word_1_295' title='bbox 1108 2294 1152 2349; x_wconf 90' lang='lat' dir='ltr'><strong>si</strong></span> <span class='ocrx_word' id='word_1_296' title='bbox 1189 2310 1292 2349; x_wconf 89' lang='lat' dir='ltr'><strong>non</strong></span> <span class='ocrx_word' id='word_1_297' title='bbox 1337 2304 1420 2348; x_wconf 84' lang='lat' dir='ltr'><strong>est</strong></span> <span class='ocrx_word' id='word_1_298' title='bbox 1468 2295 1521 2348; x_wconf 94' lang='lat' dir='ltr'><strong>in</strong></span> <span class='ocrx_word' id='word_1_299' title='bbox 1552 2294 1635 2348; x_wconf 85' lang='lat' dir='ltr'><strong>his</strong></span> <span class='ocrx_word' id='word_1_300' title='bbox 1665 2310 1767 2349; x_wconf 86' lang='lat' dir='ltr'><strong>una</strong></span> <span class='ocrx_word' id='word_1_301' title='bbox 1806 2296 1973 2350; x_wconf 89' lang='lat' dir='ltr'><strong>virtus</strong></span> <span class='ocrx_word' id='word_1_302' title='bbox 1999 2311 2084 2350; x_wconf 86' lang='lat' dir='ltr'><strong>sa-</strong></span> 
     </span>
    </p>
   </div>
   <div class='ocr_carea' id='block_1_41' title="bbox 499 2385 2084 2457">
    <p class='ocr_par' dir='ltr' id='par_1_41' title="bbox 499 2385 2084 2457">
     <span class='ocr_line' id='line_1_41' title="bbox 499 2385 2084 2457; baseline 0.001 -18"><span class='ocrx_word' id='word_1_303' title='bbox 499 2387 715 2457; x_wconf 65' lang='lat' dir='ltr'><strong>pientiae</strong></span> <span class='ocrx_word' id='word_1_304' title='bbox 745 2396 799 2441; x_wconf 90' lang='lat' dir='ltr'><strong>et</strong></span> <span class='ocrx_word' id='word_1_305' title='bbox 824 2385 1155 2440; x_wconf 82' lang='lat' dir='ltr'><strong>divinitatis?</strong></span> <span class='ocrx_word' id='word_1_306' title='bbox 1179 2401 1274 2439; x_wconf 87' lang='lat' dir='ltr'><strong>cur</strong></span> <span class='ocrx_word' id='word_1_307' title='bbox 1301 2386 1473 2439; x_wconf 87' lang='lat' dir='ltr'><strong>omnia</strong></span> <span class='ocrx_word' id='word_1_308' title='bbox 1504 2402 1614 2438; x_wconf 81' lang='lat' dir='ltr'><strong>mea</strong></span> <span class='ocrx_word' id='word_1_309' title='bbox 1642 2395 1729 2438; x_wconf 90' lang='lat' dir='ltr'><strong>tua</strong></span> <span class='ocrx_word' id='word_1_310' title='bbox 1757 2398 1893 2451; x_wconf 87' lang='lat' dir='ltr'><strong>sunt,</strong></span> <span class='ocrx_word' id='word_1_311' title='bbox 1923 2398 1969 2440; x_wconf 90' lang='lat' dir='ltr'><strong>et</strong></span> <span class='ocrx_word' id='word_1_312' title='bbox 1996 2397 2084 2441; x_wconf 87' lang='lat' dir='ltr'><strong>tua</strong></span> 
     </span>
    </p>
   </div>
   <div class='ocr_carea' id='block_1_42' title="bbox 500 2478 2082 2551">
    <p class='ocr_par' dir='ltr' id='par_1_42' title="bbox 500 2478 2082 2551">
     <span class='ocr_line' id='line_1_42' title="bbox 500 2478 2082 2551; baseline 0.002 -19"><span class='ocrx_word' id='word_1_313' title='bbox 500 2497 611 2533; x_wconf 84' lang='lat' dir='ltr'><strong>mea</strong></span> <span class='ocrx_word' id='word_1_314' title='bbox 635 2478 944 2550; x_wconf 86' lang='lat' dir='ltr'><strong>sunt(Joan.</strong></span> <span class='ocrx_word' id='word_1_315' title='bbox 971 2496 1099 2549; x_wconf 80' lang='lat' dir='ltr'><strong>xvn,</strong></span> <span class='ocrx_word' id='word_1_316' title='bbox 1127 2479 1237 2551; x_wconf 78' lang='grc'><strong>10),</strong></span> <span class='ocrx_word' id='word_1_317' title='bbox 1256 2479 1300 2534; x_wconf 90' lang='lat' dir='ltr'><strong>si</strong></span> <span class='ocrx_word' id='word_1_318' title='bbox 1320 2494 1423 2533; x_wconf 90' lang='lat' dir='ltr'><strong>non</strong></span> <span class='ocrx_word' id='word_1_319' title='bbox 1451 2479 1607 2534; x_wconf 88' lang='lat' dir='ltr'><strong>estin</strong></span> <span class='ocrx_word' id='word_1_320' title='bbox 1639 2480 1720 2533; x_wconf 91' lang='lat' dir='ltr'><strong>his</strong></span> <span class='ocrx_word' id='word_1_321' title='bbox 1752 2495 1856 2534; x_wconf 89' lang='lat' dir='ltr'><strong>una</strong></span> <span class='ocrx_word' id='word_1_322' title='bbox 1887 2480 2082 2549; x_wconf 89' lang='lat' dir='ltr'><strong>deitas,</strong></span> 
     </span>
    </p>
   </div>
   <div class='ocr_carea' id='block_1_43' title="bbox 502 2570 2087 2641">
    <p class='ocr_par' dir='ltr' id='par_1_43' title="bbox 502 2570 2087 2641">
     <span class='ocr_line' id='line_1_43' title="bbox 502 2570 2087 2641; baseline -0.001 -17"><span class='ocrx_word' id='word_1_323' title='bbox 502 2572 617 2625; x_wconf 83' lang='lat' dir='ltr'><strong>sive</strong></span> <span class='ocrx_word' id='word_1_324' title='bbox 648 2586 748 2623; x_wconf 92' lang='lat' dir='ltr'><strong>una</strong></span> <span class='ocrx_word' id='word_1_325' title='bbox 778 2572 1019 2641; x_wconf 83' lang='lat' dir='ltr'><strong>operatio</strong></span> <span class='ocrx_word' id='word_1_326' title='bbox 1051 2570 1306 2624; x_wconf 66' lang='lat' dir='ltr'><strong>facturae?</strong></span> <span class='ocrx_word' id='word_1_327' title='bbox 1353 2586 1450 2624; x_wconf 92' lang='lat' dir='ltr'><strong>cur</strong></span> <span class='ocrx_word' id='word_1_328' title='bbox 1479 2585 1662 2624; x_wconf 90' lang='lat' dir='ltr'><strong>verum</strong></span> <span class='ocrx_word' id='word_1_329' title='bbox 1712 2570 1921 2625; x_wconf 86' lang='lat' dir='ltr'><strong>Patrem</strong></span> <span class='ocrx_word' id='word_1_330' title='bbox 1969 2571 2087 2625; x_wconf 91' lang='lat' dir='ltr'><strong>bla-</strong></span> 
     </span>
    </p>
   </div>
   <div class='ocr_carea' id='block_1_44' title="bbox 503 2660 2089 2731">
    <p class='ocr_par' dir='ltr' id='par_1_44' title="bbox 503 2660 2089 2731">
     <span class='ocr_line' id='line_1_44' title="bbox 503 2660 2089 2731; baseline 0.001 -16"><span class='ocrx_word' id='word_1_331' title='bbox 503 2661 818 2727; x_wconf 77' lang='lat' dir='ltr'><strong>Sphematis,</strong></span> <span class='ocrx_word' id='word_1_332' title='bbox 864 2677 984 2715; x_wconf 87' lang='lat' dir='ltr'><strong>eum</strong></span> <span class='ocrx_word' id='word_1_333' title='bbox 1037 2661 1226 2715; x_wconf 84' lang='lat' dir='ltr'><strong>Filium</strong></span> <span class='ocrx_word' id='word_1_334' title='bbox 1270 2660 1386 2731; x_wconf 87' lang='lat' dir='ltr'><strong>ejus</strong></span> <span class='ocrx_word' id='word_1_335' title='bbox 1430 2676 1616 2715; x_wconf 88' lang='lat' dir='ltr'><strong>verum</strong></span> <span class='ocrx_word' id='word_1_336' title='bbox 1667 2669 1927 2716; x_wconf 86' lang='lat' dir='ltr'><strong>creaturae</strong></span> <span class='ocrx_word' id='word_1_337' title='bbox 1976 2679 2089 2717; x_wconf 64' lang='lat' dir='ltr'><strong>suae</strong></span> 
     </span>
    </p>
   </div>
   <div class='ocr_carea' id='block_1_45' title="bbox 510 2752 2093 2826">
    <p class='ocr_par' dir='ltr' id='par_1_45' title="bbox 510 2752 2093 2826">
     <span class='ocr_line' id='line_1_45' title="bbox 510 2752 2093 2826; baseline 0.003 -20"><span class='ocrx_word' id='word_1_338' title='bbox 510 2754 833 2822; x_wconf 65' lang='lat' dir='ltr'><strong>comparatis</strong></span> <span class='ocrx_word' id='word_1_339' title='bbox 860 2753 882 2806; x_wconf 70' lang='grc' dir='ltr'><em>ἲ</em></span> <span class='ocrx_word' id='word_1_340' title='bbox 910 2768 1004 2808; x_wconf 85' lang='lat' dir='ltr'><strong>cur</strong></span> <span class='ocrx_word' id='word_1_341' title='bbox 1030 2752 1143 2822; x_wconf 90' lang='lat' dir='ltr'><strong>ipse</strong></span> <span class='ocrx_word' id='word_1_342' title='bbox 1171 2753 1370 2808; x_wconf 89' lang='lat' dir='ltr'><strong>clamat</strong></span> <span class='ocrx_word' id='word_1_343' title='bbox 1393 2770 1411 2808; x_wconf 92' lang='lat'><strong><em>:</em></strong></span> <span class='ocrx_word' id='word_1_344' title='bbox 1437 2754 1546 2826; x_wconf 85' lang='lat' dir='ltr'><strong>Ego</strong></span> <span class='ocrx_word' id='word_1_345' title='bbox 1569 2755 1621 2808; x_wconf 88' lang='lat' dir='ltr'><strong>in</strong></span> <span class='ocrx_word' id='word_1_346' title='bbox 1656 2755 1831 2820; x_wconf 85' lang='lat' dir='ltr'><strong>Patre,</strong></span> <span class='ocrx_word' id='word_1_347' title='bbox 1863 2764 1907 2809; x_wconf 91' lang='lat' dir='ltr'><strong>et</strong></span> <span class='ocrx_word' id='word_1_348' title='bbox 1935 2755 2093 2810; x_wconf 82' lang='lat' dir='ltr'><strong>Pater</strong></span> 
     </span>
    </p>
   </div>
   <div class='ocr_carea' id='block_1_46' title="bbox 505 2844 2095 2917">
    <p class='ocr_par' dir='ltr' id='par_1_46' title="bbox 505 2844 2095 2917">
     <span class='ocr_line' id='line_1_46' title="bbox 505 2844 2095 2917; baseline 0.001 -18"><span class='ocrx_word' id='word_1_349' title='bbox 505 2848 559 2899; x_wconf 89' lang='lat' dir='ltr'><strong>in</strong></span> <span class='ocrx_word' id='word_1_350' title='bbox 592 2863 668 2898; x_wconf 89' lang='lat' dir='ltr'><strong>me</strong></span> <span class='ocrx_word' id='word_1_351' title='bbox 689 2844 866 2915; x_wconf 81' lang='lat' dir='ltr'><strong>(Joan.</strong></span> <span class='ocrx_word' id='word_1_352' title='bbox 896 2862 1003 2911; x_wconf 78' lang='lat' dir='ltr'><strong>xw,</strong></span> <span class='ocrx_word' id='word_1_353' title='bbox 1040 2848 1126 2917; x_wconf 86' lang='grc' dir='ltr'><strong>Η)</strong></span> <span class='ocrx_word' id='word_1_354' title='bbox 1171 2847 1217 2901; x_wconf 90' lang='lat' dir='ltr'><strong>si</strong></span> <span class='ocrx_word' id='word_1_355' title='bbox 1248 2848 1457 2904; x_wconf 91' lang='lat' dir='ltr'><strong>diversa</strong></span> <span class='ocrx_word' id='word_1_356' title='bbox 1488 2850 1573 2904; x_wconf 92' lang='lat' dir='ltr'><strong>vel</strong></span> <span class='ocrx_word' id='word_1_357' title='bbox 1600 2849 1779 2903; x_wconf 76' lang='lat' dir='ltr'><strong>excisa</strong></span> <span class='ocrx_word' id='word_1_358' title='bbox 1809 2850 1859 2903; x_wconf 93' lang='lat' dir='ltr'><strong>in</strong></span> <span class='ocrx_word' id='word_1_359' title='bbox 1893 2849 1975 2903; x_wconf 91' lang='lat' dir='ltr'><strong>his</strong></span> <span class='ocrx_word' id='word_1_360' title='bbox 2001 2866 2095 2902; x_wconf 87' lang='lat' dir='ltr'><strong>na-</strong></span> 
     </span>
    </p>
   </div>
   <div class='ocr_carea' id='block_1_47' title="bbox 507 2936 2095 3008">
    <p class='ocr_par' dir='ltr' id='par_1_47' title="bbox 507 2936 2095 3008">
     <span class='ocr_line' id='line_1_47' title="bbox 507 2936 2095 3008; baseline 0.002 -18"><span class='ocrx_word' id='word_1_361' title='bbox 507 2945 624 2990; x_wconf 90' lang='lat' dir='ltr'><strong>tura</strong></span> <span class='ocrx_word' id='word_1_362' title='bbox 652 2936 767 2989; x_wconf 86' lang='lat' dir='ltr'><strong>est?</strong></span> <span class='ocrx_word' id='word_1_363' title='bbox 817 2952 911 2990; x_wconf 87' lang='lat' dir='ltr'><strong>cur</strong></span> <span class='ocrx_word' id='word_1_364' title='bbox 954 2938 1044 3008; x_wconf 85' lang='lat' dir='ltr'><strong>qui</strong></span> <span class='ocrx_word' id='word_1_365' title='bbox 1094 2954 1172 2991; x_wconf 90' lang='lat' dir='ltr'><strong>me</strong></span> <span class='ocrx_word' id='word_1_366' title='bbox 1200 2938 1353 3004; x_wconf 82' lang='lat' dir='ltr'><strong>ridet,</strong></span> <span class='ocrx_word' id='word_1_367' title='bbox 1394 2940 1526 2993; x_wconf 83' lang='lat' dir='ltr'><strong>videt</strong></span> <span class='ocrx_word' id='word_1_368' title='bbox 1580 2949 1627 2993; x_wconf 88' lang='lat' dir='ltr'><strong>et</strong></span> <span class='ocrx_word' id='word_1_369' title='bbox 1675 2938 1880 2993; x_wconf 82' lang='lat' dir='ltr'><strong>Patrem</strong></span> <span class='ocrx_word' id='word_1_370' title='bbox 1927 2958 2095 2994; x_wconf 86' lang='lat' dir='ltr'><strong>meum</strong></span> 
     </span>
    </p>
   </div>
   <div class='ocr_carea' id='block_1_48' title="bbox 509 3024 2096 3096">
    <p class='ocr_par' dir='ltr' id='par_1_48' title="bbox 509 3024 2096 3096">
     <span class='ocr_line' id='line_1_48' title="bbox 509 3024 2096 3096; baseline 0.005 -18"><span class='ocrx_word' id='word_1_371' title='bbox 509 3024 698 3096; x_wconf 68' lang='lat' dir='ltr'><strong>(Mitt,</strong></span> <span class='ocrx_word' id='word_1_372' title='bbox 731 3026 787 3095; x_wconf 88' lang='lat'><strong>9)</strong></span> <span class='ocrx_word' id='word_1_373' title='bbox 840 3026 1059 3090; x_wconf 88' lang='lat' dir='ltr'><strong>iudicat,</strong></span> <span class='ocrx_word' id='word_1_374' title='bbox 1103 3028 1147 3082; x_wconf 93' lang='lat' dir='ltr'><strong>si</strong></span> <span class='ocrx_word' id='word_1_375' title='bbox 1195 3043 1298 3083; x_wconf 90' lang='lat' dir='ltr'><strong>non</strong></span> <span class='ocrx_word' id='word_1_376' title='bbox 1329 3038 1411 3083; x_wconf 89' lang='lat' dir='ltr'><strong>est</strong></span> <span class='ocrx_word' id='word_1_377' title='bbox 1453 3030 1502 3083; x_wconf 91' lang='lat' dir='ltr'><strong>in</strong></span> <span class='ocrx_word' id='word_1_378' title='bbox 1551 3029 1633 3083; x_wconf 88' lang='lat' dir='ltr'><strong>his</strong></span> <span class='ocrx_word' id='word_1_379' title='bbox 1661 3046 1761 3084; x_wconf 92' lang='lat' dir='ltr'><strong>una</strong></span> <span class='ocrx_word' id='word_1_380' title='bbox 1810 3030 2096 3086; x_wconf 75' lang='lat' dir='ltr'><strong>invisibilis</strong></span> 
     </span>
    </p>
   </div>
   <div class='ocr_carea' id='block_1_49' title="bbox 2185 1826 3771 1899">
    <p class='ocr_par' dir='ltr' id='par_1_49' title="bbox 2185 1826 3771 1899">
     <span class='ocr_line' id='line_1_49' title="bbox 2185 1826 3771 1899; baseline 0.005 -20"><span class='ocrx_word' id='word_1_381' title='bbox 2185 1826 2285 1890; x_wconf 88' lang='lat' dir='ltr'><strong>lle,</strong></span> <span class='ocrx_word' id='word_1_382' title='bbox 2319 1828 2574 1895; x_wconf 74' lang='lat' dir='ltr'><strong>baptizate</strong></span> <span class='ocrx_word' id='word_1_383' title='bbox 2599 1845 2770 1880; x_wconf 87' lang='lat' dir='ltr'><strong>omnes</strong></span> <span class='ocrx_word' id='word_1_384' title='bbox 2792 1840 2958 1897; x_wconf 85' lang='lat' dir='ltr'><strong>gentes</strong></span> <span class='ocrx_word' id='word_1_385' title='bbox 2990 1832 3042 1882; x_wconf 87' lang='lat' dir='ltr'><strong>in</strong></span> <span class='ocrx_word' id='word_1_386' title='bbox 3073 1832 3275 1884; x_wconf 84' lang='lat' dir='ltr'><strong>nomine</strong></span> <span class='ocrx_word' id='word_1_387' title='bbox 3302 1830 3495 1899; x_wconf 83' lang='lat' dir='ltr'><strong>Patris,</strong></span> <span class='ocrx_word' id='word_1_388' title='bbox 3525 1844 3571 1887; x_wconf 85' lang='lat' dir='ltr'><strong>et</strong></span> <span class='ocrx_word' id='word_1_389' title='bbox 3613 1833 3771 1898; x_wconf 82' lang='lat' dir='ltr'><strong>Filii,</strong></span> 
     </span>
    </p>
   </div>
   <div class='ocr_carea' id='block_1_50' title="bbox 2182 1918 3781 1992">
    <p class='ocr_par' dir='ltr' id='par_1_50' title="bbox 2182 1918 3781 1992">
     <span class='ocr_line' id='line_1_50' title="bbox 2182 1918 3781 1992; baseline 0.006 -22"><span class='ocrx_word' id='word_1_390' title='bbox 2182 1930 2228 1971; x_wconf 88' lang='lat' dir='ltr'><strong>et</strong></span> <span class='ocrx_word' id='word_1_391' title='bbox 2250 1920 2415 1971; x_wconf 81' lang='lat' dir='ltr'><strong>sancti</strong></span> <span class='ocrx_word' id='word_1_392' title='bbox 2449 1919 2674 1988; x_wconf 79' lang='lat' dir='ltr'><strong>Spiritus</strong></span> <span class='ocrx_word' id='word_1_393' title='bbox 2696 1918 2910 1988; x_wconf 81' lang='lat' dir='ltr'><strong>(Matth.</strong></span> <span class='ocrx_word' id='word_1_394' title='bbox 2945 1935 3129 1986; x_wconf 75' lang='lat' dir='ltr'><strong>xxvnt,</strong></span> <span class='ocrx_word' id='word_1_395' title='bbox 3158 1921 3284 1992; x_wconf 79' lang='lat' dir='ltr'><strong>l9)?</strong></span> <span class='ocrx_word' id='word_1_396' title='bbox 3314 1924 3420 1976; x_wconf 73' lang='lat' dir='ltr'><strong>Aut</strong></span> <span class='ocrx_word' id='word_1_397' title='bbox 3440 1925 3484 1978; x_wconf 91' lang='lat' dir='ltr'><strong>si</strong></span> <span class='ocrx_word' id='word_1_398' title='bbox 3513 1926 3628 1979; x_wconf 68' lang='lat' dir='ltr'><strong>hate</strong></span> <span class='ocrx_word' id='word_1_399' title='bbox 3649 1941 3781 1979; x_wconf 84' lang='lat' dir='ltr'><strong>con-</strong></span> 
     </span>
    </p>
   </div>
   <div class='ocr_carea' id='block_1_51' title="bbox 2186 2012 3777 2083">
    <p class='ocr_par' dir='ltr' id='par_1_51' title="bbox 2186 2012 3777 2083">
     <span class='ocr_line' id='line_1_51' title="bbox 2186 2012 3777 2083; baseline 0.006 -17"><span class='ocrx_word' id='word_1_400' title='bbox 2186 2012 2495 2066; x_wconf 78' lang='lat' dir='ltr'><strong>tradicenda</strong></span> <span class='ocrx_word' id='word_1_401' title='bbox 2539 2013 2816 2067; x_wconf 84' lang='lat' dir='ltr'><strong>existimas</strong></span> <span class='ocrx_word' id='word_1_402' title='bbox 2838 2055 2853 2080; x_wconf 92' lang='lat'><strong>,</strong></span> <span class='ocrx_word' id='word_1_403' title='bbox 2892 2030 2958 2069; x_wconf 90' lang='lat' dir='ltr'><strong>eo</strong></span> <span class='ocrx_word' id='word_1_404' title='bbox 2986 2017 3123 2083; x_wconf 92' lang='lat' dir='ltr'><strong>quod</strong></span> <span class='ocrx_word' id='word_1_405' title='bbox 3157 2017 3211 2071; x_wconf 92' lang='lat' dir='ltr'><strong>in</strong></span> <span class='ocrx_word' id='word_1_406' title='bbox 3254 2034 3415 2073; x_wconf 91' lang='lat' dir='ltr'><strong>unum</strong></span> <span class='ocrx_word' id='word_1_407' title='bbox 3446 2021 3647 2075; x_wconf 85' lang='lat' dir='ltr'><strong>donum</strong></span> <span class='ocrx_word' id='word_1_408' title='bbox 3676 2022 3777 2075; x_wconf 85' lang='lat' dir='ltr'><strong>ha-</strong></span> 
     </span>
    </p>
   </div>
   <div class='ocr_carea' id='block_1_52' title="bbox 2186 2104 3783 2173">
    <p class='ocr_par' dir='ltr' id='par_1_52' title="bbox 2186 2104 3783 2173">
     <span class='ocr_line' id='line_1_52' title="bbox 2186 2104 3783 2173; baseline 0.009 -18"><span class='ocrx_word' id='word_1_409' title='bbox 2186 2104 2369 2172; x_wconf 90' lang='lat' dir='ltr'><strong>ptismi</strong></span> <span class='ocrx_word' id='word_1_410' title='bbox 2396 2104 2740 2173; x_wconf 85' lang='lat' dir='ltr'><strong>operationes</strong></span> <span class='ocrx_word' id='word_1_411' title='bbox 2768 2108 3209 2164; x_wconf 82' lang='lat' dir='ltr'><strong>nominedeitatis</strong></span> <span class='ocrx_word' id='word_1_412' title='bbox 3239 2110 3415 2165; x_wconf 90' lang='lat' dir='ltr'><strong>uniter</strong></span> <span class='ocrx_word' id='word_1_413' title='bbox 3444 2113 3493 2166; x_wconf 91' lang='lat' dir='ltr'><strong>in</strong></span> <span class='ocrx_word' id='word_1_414' title='bbox 3508 2113 3783 2169; x_wconf 83' lang='lat' dir='ltr'><strong>Trinitate</strong></span> 
     </span>
    </p>
   </div>
   <div class='ocr_carea' id='block_1_53' title="bbox 2187 2198 3776 2269">
    <p class='ocr_par' dir='ltr' id='par_1_53' title="bbox 2187 2198 3776 2269">
     <span class='ocr_line' id='line_1_53' title="bbox 2187 2198 3776 2269; baseline 0.006 -19"><span class='ocrx_word' id='word_1_415' title='bbox 2187 2212 2291 2250; x_wconf 93' lang='lat' dir='ltr'><strong>non</strong></span> <span class='ocrx_word' id='word_1_416' title='bbox 2315 2198 2711 2264; x_wconf 84' lang='lat' dir='ltr'><strong>contineantur,</strong></span> <span class='ocrx_word' id='word_1_417' title='bbox 2731 2213 2825 2253; x_wconf 92' lang='lat' dir='ltr'><strong>cur</strong></span> <span class='ocrx_word' id='word_1_418' title='bbox 2852 2209 2906 2253; x_wconf 88' lang='grc' dir='ltr'><strong>ιιι</strong></span> <span class='ocrx_word' id='word_1_419' title='bbox 2938 2201 3037 2255; x_wconf 90' lang='lat' dir='ltr'><strong>hoc</strong></span> <span class='ocrx_word' id='word_1_420' title='bbox 3058 2204 3275 2257; x_wconf 90' lang='lat' dir='ltr'><strong>nomine</strong></span> <span class='ocrx_word' id='word_1_421' title='bbox 3299 2203 3511 2260; x_wconf 87' lang='lat' dir='ltr'><strong>deitatis</strong></span> <span class='ocrx_word' id='word_1_422' title='bbox 3533 2205 3776 2269; x_wconf 88' lang='lat' dir='ltr'><strong>sublato,</strong></span> 
     </span>
    </p>
   </div>
   <div class='ocr_carea' id='block_1_54' title="bbox 2189 2286 3787 2364">
    <p class='ocr_par' dir='ltr' id='par_1_54' title="bbox 2189 2286 3787 2364">
     <span class='ocr_line' id='line_1_54' title="bbox 2189 2286 3787 2364; baseline 0.005 -23"><span class='ocrx_word' id='word_1_423' title='bbox 2189 2287 2383 2354; x_wconf 88' lang='lat' dir='ltr'><strong>Patris,</strong></span> <span class='ocrx_word' id='word_1_424' title='bbox 2419 2286 2581 2359; x_wconf 65' lang='grc'><strong>264</strong></span> <span class='ocrx_word' id='word_1_425' title='bbox 2609 2299 2663 2343; x_wconf 91' lang='lat' dir='ltr'><strong>et</strong></span> <span class='ocrx_word' id='word_1_426' title='bbox 2693 2289 2835 2354; x_wconf 87' lang='lat' dir='ltr'><strong>Filii,</strong></span> <span class='ocrx_word' id='word_1_427' title='bbox 2867 2300 2922 2344; x_wconf 87' lang='lat' dir='ltr'><strong>et</strong></span> <span class='ocrx_word' id='word_1_428' title='bbox 2945 2293 3111 2347; x_wconf 87' lang='lat' dir='ltr'><strong>sancti</strong></span> <span class='ocrx_word' id='word_1_429' title='bbox 3143 2292 3394 2363; x_wconf 86' lang='lat' dir='ltr'><strong>Spiritus,</strong></span> <span class='ocrx_word' id='word_1_430' title='bbox 3428 2295 3666 2364; x_wconf 83' lang='lat' dir='ltr'><strong>baptizas</strong></span> <span class='ocrx_word' id='word_1_431' title='bbox 3691 2297 3787 2349; x_wconf 85' lang='lat' dir='ltr'><strong>di-</strong></span> 
     </span>
    </p>
   </div>
   <div class='ocr_carea' id='block_1_55' title="bbox 2190 2381 3788 2453">
    <p class='ocr_par' dir='ltr' id='par_1_55' title="bbox 2190 2381 3788 2453">
     <span class='ocr_line' id='line_1_55' title="bbox 2190 2381 3788 2453; baseline 0.006 -20"><span class='ocrx_word' id='word_1_432' title='bbox 2190 2381 2363 2435; x_wconf 90' lang='lat' dir='ltr'><strong>cendo</strong></span> <span class='ocrx_word' id='word_1_433' title='bbox 2390 2398 2404 2437; x_wconf 88' lang='lat'><strong>:</strong></span> <span class='ocrx_word' id='word_1_434' title='bbox 2433 2381 2641 2452; x_wconf 79' lang='lat' dir='ltr'><strong>Baptizo</strong></span> <span class='ocrx_word' id='word_1_435' title='bbox 2673 2392 2719 2436; x_wconf 91' lang='lat' dir='ltr'><strong>te</strong></span> <span class='ocrx_word' id='word_1_436' title='bbox 2762 2384 2813 2435; x_wconf 87' lang='lat' dir='ltr'><strong>in</strong></span> <span class='ocrx_word' id='word_1_437' title='bbox 2848 2382 3022 2449; x_wconf 86' lang='lat' dir='ltr'><strong>Patre,</strong></span> <span class='ocrx_word' id='word_1_438' title='bbox 3063 2394 3109 2439; x_wconf 86' lang='lat' dir='ltr'><strong>et</strong></span> <span class='ocrx_word' id='word_1_439' title='bbox 3140 2386 3193 2439; x_wconf 87' lang='lat' dir='ltr'><strong>in</strong></span> <span class='ocrx_word' id='word_1_440' title='bbox 3232 2384 3397 2453; x_wconf 78' lang='lat' dir='ltr'><strong>Filio,</strong></span> <span class='ocrx_word' id='word_1_441' title='bbox 3442 2398 3488 2441; x_wconf 88' lang='lat' dir='ltr'><strong>et</strong></span> <span class='ocrx_word' id='word_1_442' title='bbox 3520 2389 3574 2441; x_wconf 87' lang='lat' dir='ltr'><strong>in</strong></span> <span class='ocrx_word' id='word_1_443' title='bbox 3603 2398 3788 2442; x_wconf 85' lang='lat' dir='ltr'><strong>sancto</strong></span> 
     </span>
    </p>
   </div>
   <div class='ocr_carea' id='block_1_56' title="bbox 2192 2473 3789 2544">
    <p class='ocr_par' dir='ltr' id='par_1_56' title="bbox 2192 2473 3789 2544">
     <span class='ocr_line' id='line_1_56' title="bbox 2192 2473 3789 2544; baseline 0.004 -16"><span class='ocrx_word' id='word_1_444' title='bbox 2192 2473 2414 2544; x_wconf 81' lang='lat' dir='ltr'><strong>Spiritu,</strong></span> <span class='ocrx_word' id='word_1_445' title='bbox 2441 2486 2488 2527; x_wconf 88' lang='lat' dir='ltr'><strong>et</strong></span> <span class='ocrx_word' id='word_1_446' title='bbox 2521 2476 2702 2527; x_wconf 84' lang='lat' dir='ltr'><strong>nonin</strong></span> <span class='ocrx_word' id='word_1_447' title='bbox 2734 2492 2833 2529; x_wconf 87' lang='lat' dir='ltr'><strong>uno</strong></span> <span class='ocrx_word' id='word_1_448' title='bbox 2864 2478 3103 2531; x_wconf 85' lang='lat' dir='ltr'><strong>nomine?</strong></span> <span class='ocrx_word' id='word_1_449' title='bbox 3152 2478 3220 2534; x_wconf 87' lang='lat' dir='ltr'><strong>Ut</strong></span> <span class='ocrx_word' id='word_1_450' title='bbox 3260 2479 3364 2534; x_wconf 87' lang='lat' dir='ltr'><strong>hoc</strong></span> <span class='ocrx_word' id='word_1_451' title='bbox 3406 2480 3565 2534; x_wconf 87' lang='lat' dir='ltr'><strong>modo</strong></span> <span class='ocrx_word' id='word_1_452' title='bbox 3614 2481 3789 2534; x_wconf 80' lang='lat' dir='ltr'><strong>artiﬁ-</strong></span> 
     </span>
    </p>
   </div>
   <div class='ocr_carea' id='block_1_57' title="bbox 2194 2567 3793 2626">
    <p class='ocr_par' dir='ltr' id='par_1_57' title="bbox 2194 2567 3793 2626">
     <span class='ocr_line' id='line_1_57' title="bbox 2194 2567 3793 2626; baseline 0.003 -6"><span class='ocrx_word' id='word_1_453' title='bbox 2194 2570 2337 2621; x_wconf 86' lang='lat' dir='ltr'><strong>ciose</strong></span> <span class='ocrx_word' id='word_1_454' title='bbox 2389 2567 2590 2619; x_wconf 89' lang='lat' dir='ltr'><strong>unitum</strong></span> <span class='ocrx_word' id='word_1_455' title='bbox 2642 2582 2835 2621; x_wconf 84' lang='lat' dir='ltr'><strong>nomen</strong></span> <span class='ocrx_word' id='word_1_456' title='bbox 2886 2583 3071 2623; x_wconf 87' lang='lat' dir='ltr'><strong>eorum</strong></span> <span class='ocrx_word' id='word_1_457' title='bbox 3126 2570 3286 2624; x_wconf 87' lang='lat' dir='ltr'><strong>tacite</strong></span> <span class='ocrx_word' id='word_1_458' title='bbox 3330 2572 3383 2624; x_wconf 93' lang='lat' dir='ltr'><strong>in</strong></span> <span class='ocrx_word' id='word_1_459' title='bbox 3433 2570 3634 2626; x_wconf 81' lang='lat' dir='ltr'><strong>deitate</strong></span> <span class='ocrx_word' id='word_1_460' title='bbox 3676 2586 3793 2625; x_wconf 90' lang='lat' dir='ltr'><strong>non</strong></span> 
     </span>
    </p>
   </div>
   <div class='ocr_carea' id='block_1_58' title="bbox 2196 2659 3794 2731">
    <p class='ocr_par' dir='ltr' id='par_1_58' title="bbox 2196 2659 3794 2731">
     <span class='ocr_line' id='line_1_58' title="bbox 2196 2659 3794 2731; baseline 0.006 -20"><span class='ocrx_word' id='word_1_461' title='bbox 2196 2660 2496 2723; x_wconf 89' lang='lat' dir='ltr'><strong>nominare,</strong></span> <span class='ocrx_word' id='word_1_462' title='bbox 2526 2660 2606 2713; x_wconf 90' lang='lat' dir='ltr'><strong>vel</strong></span> <span class='ocrx_word' id='word_1_463' title='bbox 2638 2659 2925 2727; x_wconf 78' lang='lat' dir='ltr'><strong>abnegare,</strong></span> <span class='ocrx_word' id='word_1_464' title='bbox 2973 2661 3068 2715; x_wconf 87' lang='lat' dir='ltr'><strong>sed</strong></span> <span class='ocrx_word' id='word_1_465' title='bbox 3096 2668 3151 2716; x_wconf 85' lang='lat' dir='ltr'><strong>et.</strong></span> <span class='ocrx_word' id='word_1_466' title='bbox 3192 2662 3410 2717; x_wconf 88' lang='lat' dir='ltr'><strong>nomina</strong></span> <span class='ocrx_word' id='word_1_467' title='bbox 3440 2662 3493 2717; x_wconf 85' lang='lat' dir='ltr'><strong>in</strong></span> <span class='ocrx_word' id='word_1_468' title='bbox 3540 2665 3794 2731; x_wconf 61' lang='lat' dir='ltr'><strong>perscriis</strong></span> 
     </span>
    </p>
   </div>
   <div class='ocr_carea' id='block_1_59' title="bbox 2197 2751 3797 2820">
    <p class='ocr_par' dir='ltr' id='par_1_59' title="bbox 2197 2751 3797 2820">
     <span class='ocr_line' id='line_1_59' title="bbox 2197 2751 3797 2820; baseline 0.004 -17"><span class='ocrx_word' id='word_1_469' title='bbox 2197 2751 2568 2804; x_wconf 85' lang='lat' dir='ltr'><strong>tantummodo</strong></span> <span class='ocrx_word' id='word_1_470' title='bbox 2608 2766 2796 2806; x_wconf 91' lang='lat' dir='ltr'><strong>eorum</strong></span> <span class='ocrx_word' id='word_1_471' title='bbox 2842 2751 2978 2805; x_wconf 90' lang='lat' dir='ltr'><strong>velis</strong></span> <span class='ocrx_word' id='word_1_472' title='bbox 3019 2752 3312 2820; x_wconf 78' lang='lat' dir='ltr'><strong>assignare.</strong></span> <span class='ocrx_word' id='word_1_473' title='bbox 3342 2753 3472 2818; x_wconf 81' lang='lat' dir='ltr'><strong>Quia</strong></span> <span class='ocrx_word' id='word_1_474' title='bbox 3500 2752 3544 2805; x_wconf 88' lang='lat' dir='ltr'><strong>si</strong></span> <span class='ocrx_word' id='word_1_475' title='bbox 3568 2754 3647 2807; x_wconf 91' lang='lat' dir='ltr'><strong>sic</strong></span> <span class='ocrx_word' id='word_1_476' title='bbox 3673 2761 3797 2809; x_wconf 86' lang='lat' dir='ltr'><strong>erat</strong></span> 
     </span>
    </p>
   </div>
   <div class='ocr_carea' id='block_1_60' title="bbox 2197 2841 3795 2911">
    <p class='ocr_par' dir='ltr' id='par_1_60' title="bbox 2197 2841 3795 2911">
     <span class='ocr_line' id='line_1_60' title="bbox 2197 2841 3795 2911; baseline 0.001 -16"><span class='ocrx_word' id='word_1_477' title='bbox 2197 2841 2573 2895; x_wconf 83' lang='lat' dir='ltr'><strong>celebrandum</strong></span> <span class='ocrx_word' id='word_1_478' title='bbox 2600 2841 2886 2911; x_wconf 85' lang='lat' dir='ltr'><strong>baptisma,</strong></span> <span class='ocrx_word' id='word_1_479' title='bbox 2911 2843 3219 2898; x_wconf 88' lang='lat' dir='ltr'><strong>obtinuerat</strong></span> <span class='ocrx_word' id='word_1_480' title='bbox 3248 2843 3570 2898; x_wconf 83' lang='lat' dir='ltr'><strong>Arianorum</strong></span> <span class='ocrx_word' id='word_1_481' title='bbox 3600 2858 3795 2899; x_wconf 86' lang='lat' dir='ltr'><strong>asser-</strong></span> 
     </span>
    </p>
   </div>
   <div class='ocr_carea' id='block_1_61' title="bbox 2201 2932 3795 3004">
    <p class='ocr_par' dir='ltr' id='par_1_61' title="bbox 2201 2932 3795 3004">
     <span class='ocr_line' id='line_1_61' title="bbox 2201 2932 3795 3004; baseline 0.001 -18"><span class='ocrx_word' id='word_1_482' title='bbox 2201 2933 2303 2999; x_wconf 89' lang='lat' dir='ltr'><strong>tio,</strong></span> <span class='ocrx_word' id='word_1_483' title='bbox 2330 2932 2420 3002; x_wconf 91' lang='lat' dir='ltr'><strong>qui</strong></span> <span class='ocrx_word' id='word_1_484' title='bbox 2451 2937 2532 2987; x_wconf 90' lang='lat' dir='ltr'><strong>sic</strong></span> <span class='ocrx_word' id='word_1_485' title='bbox 2559 2934 2816 2995; x_wconf 87' lang='lat' dir='ltr'><strong>sentiunt,</strong></span> <span class='ocrx_word' id='word_1_486' title='bbox 2841 2933 3012 2989; x_wconf 91' lang='lat' dir='ltr'><strong>utubi</strong></span> <span class='ocrx_word' id='word_1_487' title='bbox 3039 2934 3256 2988; x_wconf 88' lang='lat' dir='ltr'><strong>nomina</strong></span> <span class='ocrx_word' id='word_1_488' title='bbox 3290 2934 3342 2988; x_wconf 91' lang='lat' dir='ltr'><strong>in</strong></span> <span class='ocrx_word' id='word_1_489' title='bbox 3376 2935 3618 3004; x_wconf 88' lang='lat' dir='ltr'><strong>personis</strong></span> <span class='ocrx_word' id='word_1_490' title='bbox 3650 2934 3795 2989; x_wconf 88' lang='lat' dir='ltr'><strong>indi-</strong></span> 
     </span>
    </p>
   </div>
   <div class='ocr_carea' id='block_1_62' title="bbox 2201 3025 3798 3097">
    <p class='ocr_par' dir='ltr' id='par_1_62' title="bbox 2201 3025 3798 3097">
     <span class='ocr_line' id='line_1_62' title="bbox 2201 3025 3798 3097; baseline 0.001 -18"><span class='ocrx_word' id='word_1_491' title='bbox 2201 3034 2347 3089; x_wconf 89' lang='lat' dir='ltr'><strong>cant,</strong></span> <span class='ocrx_word' id='word_1_492' title='bbox 2382 3025 2455 3079; x_wconf 87' lang='lat' dir='ltr'><strong>ibi</strong></span> <span class='ocrx_word' id='word_1_493' title='bbox 2486 3025 2644 3079; x_wconf 86' lang='lat' dir='ltr'><strong>simul</strong></span> <span class='ocrx_word' id='word_1_494' title='bbox 2674 3041 2794 3080; x_wconf 89' lang='lat' dir='ltr'><strong>cum</strong></span> <span class='ocrx_word' id='word_1_495' title='bbox 2825 3025 2957 3093; x_wconf 82' lang='lat' dir='ltr'><strong>ipsis</strong></span> <span class='ocrx_word' id='word_1_496' title='bbox 2985 3025 3313 3093; x_wconf 88' lang='lat' dir='ltr'><strong>nominibus,</strong></span> <span class='ocrx_word' id='word_1_497' title='bbox 3360 3035 3414 3082; x_wconf 84' lang='lat' dir='ltr'><strong>et</strong></span> <span class='ocrx_word' id='word_1_498' title='bbox 3444 3026 3679 3097; x_wconf 79' lang='lat' dir='ltr'><strong>singulas</strong></span> <span class='ocrx_word' id='word_1_499' title='bbox 3708 3028 3798 3080; x_wconf 89' lang='lat' dir='ltr'><strong>vel</strong></span> 
     </span>
    </p>
   </div>
   <div class='ocr_carea' id='block_1_63' title="bbox 512 3102 3800 3187">
    <p class='ocr_par' dir='ltr' id='par_1_63' title="bbox 512 3102 3800 3187">
     <span class='ocr_line' id='line_1_63' title="bbox 512 3102 3800 3187; baseline 0.002 -19"><span class='ocrx_word' id='word_1_500' title='bbox 512 3116 687 3183; x_wconf 71' lang='lat' dir='ltr'><strong>imago</strong></span> <span class='ocrx_word' id='word_1_501' title='bbox 714 3126 918 3171; x_wconf 78' lang='lat' dir='ltr'><strong>natura:</strong></span> <span class='ocrx_word' id='word_1_502' title='bbox 942 3116 1223 3170; x_wconf 83' lang='lat' dir='ltr'><strong>veritatis?</strong></span> <span class='ocrx_word' id='word_1_503' title='bbox 1251 3133 1346 3172; x_wconf 89' lang='lat' dir='ltr'><strong>cur</strong></span> <span class='ocrx_word' id='word_1_504' title='bbox 1372 3118 1576 3187; x_wconf 79' lang='lat' dir='ltr'><strong>legitis:</strong></span> <span class='ocrx_word' id='word_1_505' title='bbox 1613 3118 1829 3174; x_wconf 86' lang='lat' dir='ltr'><strong>Servare</strong></span> <span class='ocrx_word' id='word_1_506' title='bbox 1851 3122 2097 3175; x_wconf 85' lang='lat' dir='ltr'><strong>unitatem</strong></span> <span class='ocrx_word' id='word_1_507' title='bbox 2127 3102 2173 3163; x_wconf 66' lang='grc' dir='ltr'><strong>(ἶ</strong></span> <span class='ocrx_word' id='word_1_508' title='bbox 2206 3117 2445 3170; x_wconf 80' lang='lat' dir='ltr'><strong>diversas</strong></span> <span class='ocrx_word' id='word_1_509' title='bbox 2474 3117 2800 3171; x_wconf 86' lang='lat' dir='ltr'><strong>substantias</strong></span> <span class='ocrx_word' id='word_1_510' title='bbox 2826 3130 2949 3171; x_wconf 85' lang='lat' dir='ltr'><strong>esse</strong></span> <span class='ocrx_word' id='word_1_511' title='bbox 2978 3118 3343 3186; x_wconf 88' lang='lat' dir='ltr'><strong>pronuntient,</strong></span> <span class='ocrx_word' id='word_1_512' title='bbox 3376 3126 3433 3171; x_wconf 81' lang='lat' dir='ltr'><strong>ut</strong></span> <span class='ocrx_word' id='word_1_513' title='bbox 3454 3118 3713 3171; x_wconf 86' lang='lat' dir='ltr'><strong>unitatem</strong></span> <span class='ocrx_word' id='word_1_514' title='bbox 3744 3117 3800 3172; x_wconf 88' lang='lat' dir='ltr'><strong>in</strong></span> 
     </span>
    </p>
   </div>
   <div class='ocr_carea' id='block_1_64' title="bbox 515 3205 2095 3282">
    <p class='ocr_par' dir='ltr' id='par_1_64' title="bbox 515 3205 2095 3282">
     <span class='ocr_line' id='line_1_64' title="bbox 515 3205 2095 3282; baseline 0.004 -21"><span class='ocrx_word' id='word_1_515' title='bbox 515 3205 743 3278; x_wconf 85' lang='lat' dir='ltr'><strong>Spiritus</strong></span> <span class='ocrx_word' id='word_1_516' title='bbox 764 3208 816 3261; x_wconf 89' lang='lat' dir='ltr'><strong>in</strong></span> <span class='ocrx_word' id='word_1_517' title='bbox 838 3209 1039 3261; x_wconf 77' lang='lat' dir='ltr'><strong>uinculo</strong></span> <span class='ocrx_word' id='word_1_518' title='bbox 1058 3210 1197 3274; x_wconf 81' lang='lat' dir='ltr'><strong>pacis</strong></span> <span class='ocrx_word' id='word_1_519' title='bbox 1225 3208 1445 3279; x_wconf 82' lang='lat' dir='ltr'><strong>(Ep/tes.</strong></span> <span class='ocrx_word' id='word_1_520' title='bbox 1470 3209 1636 3280; x_wconf 78' lang='lat' dir='ltr'><strong>tv,5),</strong></span> <span class='ocrx_word' id='word_1_521' title='bbox 1667 3211 1710 3264; x_wconf 84' lang='lat' dir='ltr'><strong>si</strong></span> <span class='ocrx_word' id='word_1_522' title='bbox 1739 3227 1859 3265; x_wconf 91' lang='lat' dir='ltr'><strong>eum</strong></span> <span class='ocrx_word' id='word_1_523' title='bbox 1890 3212 1957 3267; x_wconf 93' lang='lat' dir='ltr'><strong>de</strong></span> <span class='ocrx_word' id='word_1_524' title='bbox 1985 3213 2095 3282; x_wconf 87' lang='lat' dir='ltr'><strong>ipsa</strong></span> 
     </span>
    </p>
   </div>
   <div class='ocr_carea' id='block_1_65' title="bbox 516 3300 2099 3373">
    <p class='ocr_par' dir='ltr' id='par_1_65' title="bbox 516 3300 2099 3373">
     <span class='ocr_line' id='line_1_65' title="bbox 516 3300 2099 3373; baseline 0.004 -19"><span class='ocrx_word' id='word_1_525' title='bbox 516 3301 663 3355; x_wconf 90' lang='lat' dir='ltr'><strong>unita</strong></span> <span class='ocrx_word' id='word_1_526' title='bbox 692 3301 893 3356; x_wconf 90' lang='lat' dir='ltr'><strong>deitate</strong></span> <span class='ocrx_word' id='word_1_527' title='bbox 921 3300 1115 3367; x_wconf 79' lang='lat' dir='ltr'><strong>Patris,</strong></span> <span class='ocrx_word' id='word_1_528' title='bbox 1143 3312 1195 3356; x_wconf 91' lang='lat' dir='ltr'><strong>et</strong></span> <span class='ocrx_word' id='word_1_529' title='bbox 1230 3303 1345 3357; x_wconf 80' lang='lat' dir='ltr'><strong>Filii</strong></span> <span class='ocrx_word' id='word_1_530' title='bbox 1378 3319 1497 3358; x_wconf 89' lang='lat' dir='ltr'><strong>esse</strong></span> <span class='ocrx_word' id='word_1_531' title='bbox 1525 3319 1631 3358; x_wconf 92' lang='lat' dir='ltr'><strong>non</strong></span> <span class='ocrx_word' id='word_1_532' title='bbox 1678 3305 1959 3373; x_wconf 86' lang='lat' dir='ltr'><strong>accipitis?</strong></span> <span class='ocrx_word' id='word_1_533' title='bbox 2004 3322 2099 3362; x_wconf 90' lang='lat' dir='ltr'><strong>cur</strong></span> 
     </span>
    </p>
   </div>
   <div class='ocr_carea' id='block_1_66' title="bbox 515 3391 2099 3470">
    <p class='ocr_par' dir='ltr' id='par_1_66' title="bbox 515 3391 2099 3470">
     <span class='ocr_line' id='line_1_66' title="bbox 515 3391 2099 3470; baseline 0.005 -25"><span class='ocrx_word' id='word_1_534' title='bbox 515 3391 692 3460; x_wconf 82' lang='lat' dir='ltr'><strong>legitis</strong></span> <span class='ocrx_word' id='word_1_535' title='bbox 723 3392 830 3447; x_wconf 74' lang='lat' dir='ltr'><strong>Vas</strong></span> <span class='ocrx_word' id='word_1_536' title='bbox 858 3394 1140 3447; x_wconf 85' lang='lat' dir='ltr'><strong>electionis</strong></span> <span class='ocrx_word' id='word_1_537' title='bbox 1168 3393 1369 3449; x_wconf 79' lang='lat' dir='ltr'><strong>dixisse</strong></span> <span class='ocrx_word' id='word_1_538' title='bbox 1401 3411 1414 3447; x_wconf 87' lang='lat'>:</span> <span class='ocrx_word' id='word_1_539' title='bbox 1447 3394 1635 3449; x_wconf 83' lang='lat' dir='ltr'><strong>Omnes</strong></span> <span class='ocrx_word' id='word_1_540' title='bbox 1663 3413 1821 3450; x_wconf 88' lang='lat' dir='ltr'><strong>unum</strong></span> <span class='ocrx_word' id='word_1_541' title='bbox 1843 3398 2099 3470; x_wconf 87' lang='lat' dir='ltr'><strong>Spiritum</strong></span> 
     </span>
    </p>
   </div>
   <div class='ocr_carea' id='block_1_67' title="bbox 517 3484 2099 3557">
    <p class='ocr_par' dir='ltr' id='par_1_67' title="bbox 517 3484 2099 3557">
     <span class='ocr_line' id='line_1_67' title="bbox 517 3484 2099 3557; baseline 0.006 -20"><span class='ocrx_word' id='word_1_542' title='bbox 517 3486 801 3553; x_wconf 76' lang='lat' dir='ltr'><strong>putavimus</strong></span> <span class='ocrx_word' id='word_1_543' title='bbox 832 3485 885 3554; x_wconf 85' lang='grc' dir='ltr'><strong>(Ι</strong></span> <span class='ocrx_word' id='word_1_544' title='bbox 918 3484 1036 3541; x_wconf 88' lang='lat' dir='ltr'><strong>Cor.</strong></span> <span class='ocrx_word' id='word_1_545' title='bbox 1072 3502 1144 3554; x_wconf 87' lang='lat' dir='ltr'><strong>tv,</strong></span> <span class='ocrx_word' id='word_1_546' title='bbox 1174 3487 1288 3557; x_wconf 78' lang='grc'><strong>15),</strong></span> <span class='ocrx_word' id='word_1_547' title='bbox 1318 3488 1360 3542; x_wconf 90' lang='lat' dir='ltr'><strong>si</strong></span> <span class='ocrx_word' id='word_1_548' title='bbox 1382 3503 1501 3542; x_wconf 90' lang='lat' dir='ltr'><strong>eum</strong></span> <span class='ocrx_word' id='word_1_549' title='bbox 1525 3504 1619 3543; x_wconf 90' lang='lat' dir='ltr'><strong>vos</strong></span> <span class='ocrx_word' id='word_1_550' title='bbox 1641 3489 1707 3544; x_wconf 92' lang='lat' dir='ltr'><strong>de</strong></span> <span class='ocrx_word' id='word_1_551' title='bbox 1739 3491 1882 3546; x_wconf 85' lang='lat' dir='ltr'><strong>unita</strong></span> <span class='ocrx_word' id='word_1_552' title='bbox 1911 3502 2099 3547; x_wconf 88' lang='lat' dir='ltr'><strong>natura</strong></span> 
     </span>
    </p>
   </div>
   <div class='ocr_carea' id='block_1_68' title="bbox 517 3576 2099 3650">
    <p class='ocr_par' dir='ltr' id='par_1_68' title="bbox 517 3576 2099 3650">
     <span class='ocr_line' id='line_1_68' title="bbox 517 3576 2099 3650; baseline 0.006 -21"><span class='ocrx_word' id='word_1_553' title='bbox 517 3576 864 3632; x_wconf 82' lang='lat' dir='ltr'><strong>discernitis?</strong></span> <span class='ocrx_word' id='word_1_554' title='bbox 909 3592 1004 3632; x_wconf 87' lang='lat' dir='ltr'><strong>cur</strong></span> <span class='ocrx_word' id='word_1_555' title='bbox 1052 3579 1136 3633; x_wconf 92' lang='lat' dir='ltr'><strong>hic</strong></span> <span class='ocrx_word' id='word_1_556' title='bbox 1179 3579 1468 3637; x_wconf 86' lang='lat' dir='ltr'><strong>advocatus</strong></span> <span class='ocrx_word' id='word_1_557' title='bbox 1509 3581 1741 3650; x_wconf 87' lang='lat' dir='ltr'><strong>Spiritus</strong></span> <span class='ocrx_word' id='word_1_558' title='bbox 1786 3585 2025 3639; x_wconf 75' lang='lat' dir='ltr'><strong>veritatis</strong></span> <span class='ocrx_word' id='word_1_559' title='bbox 2069 3599 2099 3638; x_wconf 91' lang='lat' dir='ltr'><strong>a</strong></span> 
     </span>
    </p>
   </div>
   <div class='ocr_carea' id='block_1_69' title="bbox 520 3669 2101 3740">
    <p class='ocr_par' dir='ltr' id='par_1_69' title="bbox 520 3669 2101 3740">
     <span class='ocr_line' id='line_1_69' title="bbox 520 3669 2101 3740; baseline 0.005 -19"><span class='ocrx_word' id='word_1_560' title='bbox 520 3669 633 3722; x_wconf 90' lang='lat' dir='ltr'><strong>Deo</strong></span> <span class='ocrx_word' id='word_1_561' title='bbox 662 3669 817 3724; x_wconf 86' lang='lat' dir='ltr'><strong>Patre</strong></span> <span class='ocrx_word' id='word_1_562' title='bbox 847 3670 1091 3740; x_wconf 90' lang='lat' dir='ltr'><strong>procedit</strong></span> <span class='ocrx_word' id='word_1_563' title='bbox 1118 3679 1171 3726; x_wconf 92' lang='lat' dir='ltr'><strong>et</strong></span> <span class='ocrx_word' id='word_1_564' title='bbox 1192 3673 1358 3736; x_wconf 88' lang='lat' dir='ltr'><strong>venit,</strong></span> <span class='ocrx_word' id='word_1_565' title='bbox 1396 3672 1440 3726; x_wconf 90' lang='lat' dir='ltr'><strong>si</strong></span> <span class='ocrx_word' id='word_1_566' title='bbox 1471 3687 1567 3727; x_wconf 88' lang='lat' dir='ltr'><strong>vos</strong></span> <span class='ocrx_word' id='word_1_567' title='bbox 1594 3687 1714 3727; x_wconf 88' lang='lat' dir='ltr'><strong>eum</strong></span> <span class='ocrx_word' id='word_1_568' title='bbox 1748 3673 1800 3727; x_wconf 93' lang='lat' dir='ltr'><strong>in</strong></span> <span class='ocrx_word' id='word_1_569' title='bbox 1838 3676 1939 3728; x_wconf 90' lang='lat' dir='ltr'><strong>alia</strong></span> <span class='ocrx_word' id='word_1_570' title='bbox 1971 3676 2101 3730; x_wconf 87' lang='lat' dir='ltr'><strong>sub-</strong></span> 
     </span>
    </p>
   </div>
   <div class='ocr_carea' id='block_1_70' title="bbox 520 3762 2099 3833">
    <p class='ocr_par' dir='ltr' id='par_1_70' title="bbox 520 3762 2099 3833">
     <span class='ocr_line' id='line_1_70' title="bbox 520 3762 2099 3833; baseline 0.004 -18"><span class='ocrx_word' id='word_1_571' title='bbox 520 3762 716 3815; x_wconf 82' lang='lat' dir='ltr'><strong>stantia</strong></span> <span class='ocrx_word' id='word_1_572' title='bbox 747 3762 906 3833; x_wconf 78' lang='lat'><strong>263</strong></span> <span class='ocrx_word' id='word_1_573' title='bbox 936 3777 1056 3817; x_wconf 90' lang='lat' dir='ltr'><strong>esse</strong></span> <span class='ocrx_word' id='word_1_574' title='bbox 1084 3762 1358 3818; x_wconf 85' lang='lat' dir='ltr'><strong>asseritis?</strong></span> <span class='ocrx_word' id='word_1_575' title='bbox 1395 3780 1494 3818; x_wconf 74' lang='lat' dir='ltr'><strong>cur</strong></span> <span class='ocrx_word' id='word_1_576' title='bbox 1526 3764 1626 3819; x_wconf 92' lang='lat' dir='ltr'><strong>hoc</strong></span> <span class='ocrx_word' id='word_1_577' title='bbox 1654 3766 1856 3819; x_wconf 91' lang='lat' dir='ltr'><strong>unitum</strong></span> <span class='ocrx_word' id='word_1_578' title='bbox 1905 3781 2099 3822; x_wconf 93' lang='lat' dir='ltr'><strong>nomen</strong></span> 
     </span>
    </p>
   </div>
   <div class='ocr_carea' id='block_1_71' title="bbox 520 3852 2103 3927">
    <p class='ocr_par' dir='ltr' id='par_1_71' title="bbox 520 3852 2103 3927">
     <span class='ocr_line' id='line_1_71' title="bbox 520 3852 2103 3927; baseline 0.004 -21"><span class='ocrx_word' id='word_1_579' title='bbox 520 3852 814 3910; x_wconf 87' lang='lat' dir='ltr'><strong>divinitatis</strong></span> <span class='ocrx_word' id='word_1_580' title='bbox 840 3854 1124 3920; x_wconf 90' lang='lat' dir='ltr'><strong>celebrari,</strong></span> <span class='ocrx_word' id='word_1_581' title='bbox 1151 3864 1204 3909; x_wconf 90' lang='lat' dir='ltr'><strong>et</strong></span> <span class='ocrx_word' id='word_1_582' title='bbox 1226 3854 1567 3909; x_wconf 85' lang='lat' dir='ltr'><strong>honoriﬁcari</strong></span> <span class='ocrx_word' id='word_1_583' title='bbox 1597 3855 1865 3911; x_wconf 90' lang='lat' dir='ltr'><strong>invenitur</strong></span> <span class='ocrx_word' id='word_1_584' title='bbox 1895 3857 1946 3911; x_wconf 94' lang='lat' dir='ltr'><strong>in</strong></span> <span class='ocrx_word' id='word_1_585' title='bbox 1971 3872 2103 3927; x_wconf 79' lang='lat' dir='ltr'><strong>gen-</strong></span> 
     </span>
    </p>
   </div>
   <div class='ocr_carea' id='block_1_72' title="bbox 522 3944 2104 4017">
    <p class='ocr_par' dir='ltr' id='par_1_72' title="bbox 522 3944 2104 4017">
     <span class='ocr_line' id='line_1_72' title="bbox 522 3944 2104 4017; baseline 0.004 -17"><span class='ocrx_word' id='word_1_586' title='bbox 522 3944 683 4009; x_wconf 87' lang='lat' dir='ltr'><strong>tibus,</strong></span> <span class='ocrx_word' id='word_1_587' title='bbox 718 3946 764 4000; x_wconf 89' lang='lat' dir='ltr'><strong>si</strong></span> <span class='ocrx_word' id='word_1_588' title='bbox 796 3948 847 4000; x_wconf 92' lang='lat' dir='ltr'><strong>in</strong></span> <span class='ocrx_word' id='word_1_589' title='bbox 880 3946 995 4016; x_wconf 83' lang='lat' dir='ltr'><strong>ipso</strong></span> <span class='ocrx_word' id='word_1_590' title='bbox 1033 3947 1251 4002; x_wconf 87' lang='lat' dir='ltr'><strong>nomine</strong></span> <span class='ocrx_word' id='word_1_591' title='bbox 1279 3948 1558 4002; x_wconf 87' lang='lat' dir='ltr'><strong>Trinitatis</strong></span> <span class='ocrx_word' id='word_1_592' title='bbox 1598 3948 1895 4017; x_wconf 89' lang='lat' dir='ltr'><strong>baptismus</strong></span> <span class='ocrx_word' id='word_1_593' title='bbox 1926 3952 2104 4006; x_wconf 87' lang='lat' dir='ltr'><strong>uniter</strong></span> 
     </span>
    </p>
   </div>
   <div class='ocr_carea' id='block_1_73' title="bbox 522 4038 2100 4112">
    <p class='ocr_par' dir='ltr' id='par_1_73' title="bbox 522 4038 2100 4112">
     <span class='ocr_line' id='line_1_73' title="bbox 522 4038 2100 4112; baseline 0.003 -21"><span class='ocrx_word' id='word_1_594' title='bbox 522 4053 628 4091; x_wconf 89' lang='lat' dir='ltr'><strong>non</strong></span> <span class='ocrx_word' id='word_1_595' title='bbox 647 4038 949 4093; x_wconf 78' lang='lat' dir='ltr'><strong>celebratur</strong></span> <span class='ocrx_word' id='word_1_596' title='bbox 962 4038 1288 4093; x_wconf 87' lang='lat' dir='ltr'><strong>divinitatis?</strong></span> <span class='ocrx_word' id='word_1_597' title='bbox 1307 4054 1402 4093; x_wconf 89' lang='lat' dir='ltr'><strong>cur</strong></span> <span class='ocrx_word' id='word_1_598' title='bbox 1413 4038 1538 4093; x_wconf 83' lang='lat' dir='ltr'><strong>Tres</strong></span> <span class='ocrx_word' id='word_1_599' title='bbox 1559 4056 1720 4093; x_wconf 87' lang='lat' dir='ltr'><strong>unum</strong></span> <span class='ocrx_word' id='word_1_600' title='bbox 1736 4052 1853 4095; x_wconf 84' lang='lat' dir='ltr'><strong>sunt</strong></span> <span class='ocrx_word' id='word_1_601' title='bbox 1874 4039 1926 4112; x_wconf 91' lang='grc'><strong>(1</strong></span> <span class='ocrx_word' id='word_1_602' title='bbox 1941 4045 2100 4095; x_wconf 89' lang='lat' dir='ltr'><strong>.Iaan.</strong></span> 
     </span>
    </p>
   </div>
   <div class='ocr_carea' id='block_1_74' title="bbox 520 4126 2104 4201">
    <p class='ocr_par' dir='ltr' id='par_1_74' title="bbox 520 4126 2104 4201">
     <span class='ocr_line' id='line_1_74' title="bbox 520 4126 2104 4201; baseline 0.004 -20"><span class='ocrx_word' id='word_1_603' title='bbox 520 4144 576 4194; x_wconf 88' lang='lat' dir='ltr'><strong>v,</strong></span> <span class='ocrx_word' id='word_1_604' title='bbox 610 4130 664 4200; x_wconf 88' lang='lat'><strong>7)</strong></span> <span class='ocrx_word' id='word_1_605' title='bbox 696 4130 952 4185; x_wconf 81' lang='lat' dir='ltr'><strong>Joannem</strong></span> <span class='ocrx_word' id='word_1_606' title='bbox 983 4126 1369 4200; x_wconf 72' lang='lat' dir='ltr'><strong>evangelistam</strong></span> <span class='ocrx_word' id='word_1_607' title='bbox 1395 4130 1591 4186; x_wconf 82' lang='lat' dir='ltr'><strong>dixisse</strong></span> <span class='ocrx_word' id='word_1_608' title='bbox 1620 4132 1811 4201; x_wconf 78' lang='lat' dir='ltr'><strong>legitis,</strong></span> <span class='ocrx_word' id='word_1_609' title='bbox 1850 4134 1895 4187; x_wconf 92' lang='lat' dir='ltr'><strong>si</strong></span> <span class='ocrx_word' id='word_1_610' title='bbox 1923 4134 2104 4187; x_wconf 84' lang='lat' dir='ltr'><strong>diver-</strong></span> 
     </span>
    </p>
   </div>
   <div class='ocr_carea' id='block_1_75' title="bbox 520 4223 2104 4293">
    <p class='ocr_par' dir='ltr' id='par_1_75' title="bbox 520 4223 2104 4293">
     <span class='ocr_line' id='line_1_75' title="bbox 520 4223 2104 4293; baseline 0.003 -18"><span class='ocrx_word' id='word_1_611' title='bbox 520 4237 609 4275; x_wconf 87' lang='lat' dir='ltr'><strong>sas</strong></span> <span class='ocrx_word' id='word_1_612' title='bbox 638 4232 853 4277; x_wconf 90' lang='lat' dir='ltr'><strong>naturas</strong></span> <span class='ocrx_word' id='word_1_613' title='bbox 884 4225 933 4276; x_wconf 92' lang='lat' dir='ltr'><strong>in</strong></span> <span class='ocrx_word' id='word_1_614' title='bbox 967 4223 1207 4293; x_wconf 88' lang='lat' dir='ltr'><strong>personis</strong></span> <span class='ocrx_word' id='word_1_615' title='bbox 1235 4238 1354 4278; x_wconf 91' lang='lat' dir='ltr'><strong>esse</strong></span> <span class='ocrx_word' id='word_1_616' title='bbox 1383 4224 1658 4293; x_wconf 87' lang='lat' dir='ltr'><strong>accipitis?</strong></span> <span class='ocrx_word' id='word_1_617' title='bbox 1683 4240 1780 4279; x_wconf 92' lang='lat' dir='ltr'><strong>cur</strong></span> <span class='ocrx_word' id='word_1_618' title='bbox 1806 4240 1969 4279; x_wconf 91' lang='lat' dir='ltr'><strong>unum</strong></span> <span class='ocrx_word' id='word_1_619' title='bbox 2003 4226 2104 4280; x_wconf 87' lang='lat' dir='ltr'><strong>do-</strong></span> 
     </span>
    </p>
   </div>
   <div class='ocr_carea' id='block_1_76' title="bbox 523 4313 2099 4386">
    <p class='ocr_par' dir='ltr' id='par_1_76' title="bbox 523 4313 2099 4386">
     <span class='ocr_line' id='line_1_76' title="bbox 523 4313 2099 4386; baseline 0.004 -20"><span class='ocrx_word' id='word_1_620' title='bbox 523 4329 651 4366; x_wconf 89' lang='lat' dir='ltr'><strong>num</strong></span> <span class='ocrx_word' id='word_1_621' title='bbox 671 4313 917 4383; x_wconf 86' lang='lat' dir='ltr'><strong>baptismi</strong></span> <span class='ocrx_word' id='word_1_622' title='bbox 936 4317 1224 4370; x_wconf 85' lang='lat' dir='ltr'><strong>secundum</strong></span> <span class='ocrx_word' id='word_1_623' title='bbox 1243 4316 1437 4385; x_wconf 87' lang='lat' dir='ltr'><strong>stylum</strong></span> <span class='ocrx_word' id='word_1_624' title='bbox 1466 4317 1752 4386; x_wconf 72' lang='lat' dir='ltr'><strong>Scriptura:</strong></span> <span class='ocrx_word' id='word_1_625' title='bbox 1769 4331 1888 4373; x_wconf 89' lang='lat' dir='ltr'><strong>esse</strong></span> <span class='ocrx_word' id='word_1_626' title='bbox 1903 4319 2099 4386; x_wconf 89' lang='lat' dir='ltr'><strong>dicitis,</strong></span> 
     </span>
    </p>
   </div>
   <div class='ocr_carea' id='block_1_77' title="bbox 522 4405 2104 4475">
    <p class='ocr_par' dir='ltr' id='par_1_77' title="bbox 522 4405 2104 4475">
     <span class='ocr_line' id='line_1_77' title="bbox 522 4405 2104 4475; baseline 0.006 -18"><span class='ocrx_word' id='word_1_627' title='bbox 522 4406 567 4458; x_wconf 89' lang='lat' dir='ltr'><strong>si</strong></span> <span class='ocrx_word' id='word_1_628' title='bbox 592 4405 962 4475; x_wconf 85' lang='lat' dir='ltr'><strong>discrepantes</strong></span> <span class='ocrx_word' id='word_1_629' title='bbox 994 4419 1210 4461; x_wconf 87' lang='lat' dir='ltr'><strong>naturas</strong></span> <span class='ocrx_word' id='word_1_630' title='bbox 1240 4410 1290 4462; x_wconf 93' lang='lat' dir='ltr'><strong>iu</strong></span> <span class='ocrx_word' id='word_1_631' title='bbox 1326 4409 1498 4474; x_wconf 88' lang='lat' dir='ltr'><strong>Patre,</strong></span> <span class='ocrx_word' id='word_1_632' title='bbox 1548 4422 1601 4464; x_wconf 90' lang='lat' dir='ltr'><strong>et</strong></span> <span class='ocrx_word' id='word_1_633' title='bbox 1630 4411 1781 4472; x_wconf 83' lang='lat' dir='ltr'><strong>Filio.</strong></span> <span class='ocrx_word' id='word_1_634' title='bbox 1825 4422 1879 4466; x_wconf 91' lang='lat' dir='ltr'><strong>et</strong></span> <span class='ocrx_word' id='word_1_635' title='bbox 1920 4426 2104 4467; x_wconf 85' lang='lat' dir='ltr'><strong>sancto</strong></span> 
     </span>
    </p>
   </div>
   <div class='ocr_carea' id='block_1_78' title="bbox 2207 3202 3801 3279">
    <p class='ocr_par' dir='ltr' id='par_1_78' title="bbox 2207 3202 3801 3279">
     <span class='ocr_line' id='line_1_78' title="bbox 2207 3202 3801 3279; baseline 0.001 -18"><span class='ocrx_word' id='word_1_636' title='bbox 2207 3202 2495 3262; x_wconf 78' lang='lat' dir='ltr'><strong>Concordia</strong></span> <span class='ocrx_word' id='word_1_637' title='bbox 2544 3216 2751 3261; x_wconf 89' lang='lat' dir='ltr'><strong>tantum</strong></span> <span class='ocrx_word' id='word_1_638' title='bbox 2803 3208 3043 3262; x_wconf 88' lang='lat' dir='ltr'><strong>caritatis</strong></span> <span class='ocrx_word' id='word_1_639' title='bbox 3077 3223 3196 3263; x_wconf 89' lang='lat' dir='ltr'><strong>esse</strong></span> <span class='ocrx_word' id='word_1_640' title='bbox 3237 3210 3533 3279; x_wconf 81' lang='lat' dir='ltr'><strong>assignent,</strong></span> <span class='ocrx_word' id='word_1_641' title='bbox 3583 3218 3641 3263; x_wconf 90' lang='lat' dir='ltr'><strong>et</strong></span> <span class='ocrx_word' id='word_1_642' title='bbox 3685 3224 3801 3263; x_wconf 91' lang='lat' dir='ltr'><strong>non</strong></span> 
     </span>
    </p>
   </div>
   <div class='ocr_carea' id='block_1_79' title="bbox 2204 3300 3805 3371">
    <p class='ocr_par' dir='ltr' id='par_1_79' title="bbox 2204 3300 3805 3371">
     <span class='ocr_line' id='line_1_79' title="bbox 2204 3300 3805 3371; baseline 0.001 -18"><span class='ocrx_word' id='word_1_643' title='bbox 2204 3300 2379 3370; x_wconf 89' lang='lat' dir='ltr'><strong>potius</strong></span> <span class='ocrx_word' id='word_1_644' title='bbox 2420 3300 2472 3353; x_wconf 93' lang='lat' dir='ltr'><strong>in</strong></span> <span class='ocrx_word' id='word_1_645' title='bbox 2501 3300 2647 3355; x_wconf 91' lang='lat' dir='ltr'><strong>unita</strong></span> <span class='ocrx_word' id='word_1_646' title='bbox 2680 3300 3013 3370; x_wconf 89' lang='lat' dir='ltr'><strong>plenitudine</strong></span> <span class='ocrx_word' id='word_1_647' title='bbox 3060 3300 3376 3355; x_wconf 87' lang='lat' dir='ltr'><strong>divinitatis.</strong></span> <span class='ocrx_word' id='word_1_648' title='bbox 3428 3301 3495 3355; x_wconf 86' lang='lat' dir='ltr'><strong>Et</strong></span> <span class='ocrx_word' id='word_1_649' title='bbox 3523 3301 3650 3371; x_wconf 91' lang='lat' dir='ltr'><strong>quid</strong></span> <span class='ocrx_word' id='word_1_650' title='bbox 3682 3317 3805 3355; x_wconf 71' lang='lat' dir='ltr'><strong>am-</strong></span> 
     </span>
    </p>
   </div>
   <div class='ocr_carea' id='block_1_80' title="bbox 2204 3386 3804 3463">
    <p class='ocr_par' dir='ltr' id='par_1_80' title="bbox 2204 3386 3804 3463">
     <span class='ocr_line' id='line_1_80' title="bbox 2204 3386 3804 3463; baseline 0.001 -18"><span class='ocrx_word' id='word_1_651' title='bbox 2204 3394 2347 3463; x_wconf 89' lang='lat' dir='ltr'><strong>plius</strong></span> <span class='ocrx_word' id='word_1_652' title='bbox 2371 3394 2437 3447; x_wconf 91' lang='lat' dir='ltr'><strong>ad</strong></span> <span class='ocrx_word' id='word_1_653' title='bbox 2469 3392 2620 3447; x_wconf 66' lang='lat' dir='ltr'><strong>haec?</strong></span> <span class='ocrx_word' id='word_1_654' title='bbox 2652 3401 2709 3447; x_wconf 92' lang='lat' dir='ltr'><strong>nt</strong></span> <span class='ocrx_word' id='word_1_655' title='bbox 2735 3392 2923 3447; x_wconf 91' lang='lat' dir='ltr'><strong>unitati</strong></span> <span class='ocrx_word' id='word_1_656' title='bbox 2955 3393 3072 3457; x_wconf 90' lang='lat' dir='ltr'><strong>Dei,</strong></span> <span class='ocrx_word' id='word_1_657' title='bbox 3114 3386 3288 3446; x_wconf 86' lang='lat' dir='ltr'><strong>Patris</strong></span> <span class='ocrx_word' id='word_1_658' title='bbox 3311 3407 3525 3457; x_wconf 91' lang='lat' dir='ltr'><strong>nomen,</strong></span> <span class='ocrx_word' id='word_1_659' title='bbox 3571 3400 3626 3445; x_wconf 90' lang='lat' dir='ltr'><strong>et</strong></span> <span class='ocrx_word' id='word_1_660' title='bbox 3650 3392 3804 3457; x_wconf 87' lang='lat' dir='ltr'><strong>Filii,</strong></span> 
     </span>
    </p>
   </div>
   <div class='ocr_carea' id='block_1_81' title="bbox 2205 3484 3806 3556">
    <p class='ocr_par' dir='ltr' id='par_1_81' title="bbox 2205 3484 3806 3556">
     <span class='ocr_line' id='line_1_81' title="bbox 2205 3484 3806 3556; baseline -0.001 -16"><span class='ocrx_word' id='word_1_661' title='bbox 2205 3495 2260 3540; x_wconf 93' lang='lat' dir='ltr'><strong>et</strong></span> <span class='ocrx_word' id='word_1_662' title='bbox 2290 3487 2458 3541; x_wconf 85' lang='lat' dir='ltr'><strong>sancti</strong></span> <span class='ocrx_word' id='word_1_663' title='bbox 2490 3485 2744 3554; x_wconf 89' lang='lat' dir='ltr'><strong>Spiritus,</strong></span> <span class='ocrx_word' id='word_1_664' title='bbox 2783 3487 2936 3556; x_wconf 88' lang='lat' dir='ltr'><strong>quasi</strong></span> <span class='ocrx_word' id='word_1_665' title='bbox 2966 3484 3273 3554; x_wconf 88' lang='lat' dir='ltr'><strong>adoptivum</strong></span> <span class='ocrx_word' id='word_1_666' title='bbox 3304 3500 3474 3554; x_wconf 83' lang='lat' dir='ltr'><strong>nuper</strong></span> <span class='ocrx_word' id='word_1_667' title='bbox 3499 3485 3806 3539; x_wconf 82' lang='lat' dir='ltr'><strong>accessisse</strong></span> 
     </span>
    </p>
   </div>
   <div class='ocr_carea' id='block_1_82' title="bbox 2208 3576 3806 3650">
    <p class='ocr_par' dir='ltr' id='par_1_82' title="bbox 2208 3576 3806 3650">
     <span class='ocr_line' id='line_1_82' title="bbox 2208 3576 3806 3650; baseline -0.004 -15"><span class='ocrx_word' id='word_1_668' title='bbox 2208 3582 2578 3650; x_wconf 89' lang='lat' dir='ltr'><strong>proﬁteantur,</strong></span> <span class='ocrx_word' id='word_1_669' title='bbox 2611 3588 2669 3635; x_wconf 91' lang='lat' dir='ltr'><strong>ut</strong></span> <span class='ocrx_word' id='word_1_670' title='bbox 2710 3580 2811 3636; x_wconf 88' lang='lat' dir='ltr'><strong>hoc</strong></span> <span class='ocrx_word' id='word_1_671' title='bbox 2857 3595 3051 3635; x_wconf 85' lang='lat' dir='ltr'><strong>nomen</strong></span> <span class='ocrx_word' id='word_1_672' title='bbox 3082 3579 3329 3634; x_wconf 89' lang='lat' dir='ltr'><strong>videatur</strong></span> <span class='ocrx_word' id='word_1_673' title='bbox 3356 3594 3476 3635; x_wconf 90' lang='lat' dir='ltr'><strong>esse</strong></span> <span class='ocrx_word' id='word_1_674' title='bbox 3502 3594 3571 3633; x_wconf 80' lang='lat' dir='ltr'><strong>ex</strong></span> <span class='ocrx_word' id='word_1_675' title='bbox 3602 3576 3806 3646; x_wconf 88' lang='lat' dir='ltr'><strong>nihilo,</strong></span> 
     </span>
    </p>
   </div>
   <div class='ocr_carea' id='block_1_83' title="bbox 2207 3671 3806 3745">
    <p class='ocr_par' dir='ltr' id='par_1_83' title="bbox 2207 3671 3806 3745">
     <span class='ocr_line' id='line_1_83' title="bbox 2207 3671 3806 3745; baseline -0.001 -18"><span class='ocrx_word' id='word_1_676' title='bbox 2207 3682 2305 3729; x_wconf 62' lang='lat' dir='ltr'><strong>aut,</strong></span> <span class='ocrx_word' id='word_1_677' title='bbox 2327 3690 2393 3728; x_wconf 85' lang='lat' dir='ltr'><strong>ex</strong></span> <span class='ocrx_word' id='word_1_678' title='bbox 2423 3676 2596 3729; x_wconf 87' lang='lat' dir='ltr'><strong>altero</strong></span> <span class='ocrx_word' id='word_1_679' title='bbox 2626 3674 2710 3730; x_wconf 89' lang='lat' dir='ltr'><strong>vel</strong></span> <span class='ocrx_word' id='word_1_680' title='bbox 2746 3683 2991 3745; x_wconf 89' lang='lat' dir='ltr'><strong>tempore</strong></span> <span class='ocrx_word' id='word_1_681' title='bbox 3015 3690 3029 3728; x_wconf 89' lang='lat'><strong>:</strong></span> <span class='ocrx_word' id='word_1_682' title='bbox 3055 3672 3194 3743; x_wconf 87' lang='lat' dir='ltr'><strong>qttod</strong></span> <span class='ocrx_word' id='word_1_683' title='bbox 3224 3673 3383 3728; x_wconf 88' lang='lat' dir='ltr'><strong>absit.</strong></span> <span class='ocrx_word' id='word_1_684' title='bbox 3436 3671 3566 3726; x_wconf 85' lang='lat' dir='ltr'><strong>Nam</strong></span> <span class='ocrx_word' id='word_1_685' title='bbox 3611 3687 3806 3727; x_wconf 89' lang='lat' dir='ltr'><strong>verum</strong></span> 
     </span>
    </p>
   </div>
   <div class='ocr_carea' id='block_1_84' title="bbox 2208 3764 3804 3832">
    <p class='ocr_par' dir='ltr' id='par_1_84' title="bbox 2208 3764 3804 3832">
     <span class='ocr_line' id='line_1_84' title="bbox 2208 3764 3804 3832; baseline -0.001 -12"><span class='ocrx_word' id='word_1_686' title='bbox 2208 3780 2405 3820; x_wconf 90' lang='lat' dir='ltr'><strong>nomen</strong></span> <span class='ocrx_word' id='word_1_687' title='bbox 2430 3765 2644 3821; x_wconf 90' lang='lat' dir='ltr'><strong>deitatis</strong></span> <span class='ocrx_word' id='word_1_688' title='bbox 2671 3764 2761 3820; x_wconf 91' lang='lat' dir='ltr'><strong>ubi</strong></span> <span class='ocrx_word' id='word_1_689' title='bbox 2792 3767 3093 3832; x_wconf 89' lang='lat' dir='ltr'><strong>nominant,</strong></span> <span class='ocrx_word' id='word_1_690' title='bbox 3132 3764 3197 3819; x_wconf 90' lang='lat' dir='ltr'><strong>ad</strong></span> <span class='ocrx_word' id='word_1_691' title='bbox 3231 3780 3390 3818; x_wconf 90' lang='lat' dir='ltr'><strong>unam</strong></span> <span class='ocrx_word' id='word_1_692' title='bbox 3420 3768 3804 3819; x_wconf 90' lang='lat' dir='ltr'><strong>tantummodo</strong></span> 
     </span>
    </p>
   </div>
   <div class='ocr_carea' id='block_1_85' title="bbox 2208 3855 3806 3926">
    <p class='ocr_par' dir='ltr' id='par_1_85' title="bbox 2208 3855 3806 3926">
     <span class='ocr_line' id='line_1_85' title="bbox 2208 3855 3806 3926; baseline -0.001 -16"><span class='ocrx_word' id='word_1_693' title='bbox 2208 3871 2493 3926; x_wconf 69' lang='lat' dir='ltr'><strong>personam</strong></span> <span class='ocrx_word' id='word_1_694' title='bbox 2526 3855 2701 3911; x_wconf 82' lang='lat' dir='ltr'><strong>Patris</strong></span> <span class='ocrx_word' id='word_1_695' title='bbox 2753 3858 2868 3911; x_wconf 59' lang='lat' dir='ltr'><strong>hate</strong></span> <span class='ocrx_word' id='word_1_696' title='bbox 2896 3856 3125 3910; x_wconf 90' lang='lat' dir='ltr'><strong>dicendo</strong></span> <span class='ocrx_word' id='word_1_697' title='bbox 3170 3855 3479 3923; x_wconf 89' lang='lat' dir='ltr'><strong>ascribunt,</strong></span> <span class='ocrx_word' id='word_1_698' title='bbox 3527 3868 3584 3911; x_wconf 90' lang='lat' dir='ltr'><strong>ut</strong></span> <span class='ocrx_word' id='word_1_699' title='bbox 3616 3871 3806 3911; x_wconf 73' lang='lat' dir='ltr'><strong>veram</strong></span> 
     </span>
    </p>
   </div>
   <div class='ocr_carea' id='block_1_86' title="bbox 2208 3948 3804 4020">
    <p class='ocr_par' dir='ltr' id='par_1_86' title="bbox 2208 3948 3804 4020">
     <span class='ocr_line' id='line_1_86' title="bbox 2208 3948 3804 4020; baseline -0.001 -14"><span class='ocrx_word' id='word_1_700' title='bbox 2208 3952 2464 4006; x_wconf 85' lang='lat' dir='ltr'><strong>unitatem</strong></span> <span class='ocrx_word' id='word_1_701' title='bbox 2492 3950 2790 4005; x_wconf 88' lang='lat' dir='ltr'><strong>divinitatis</strong></span> <span class='ocrx_word' id='word_1_702' title='bbox 2817 3950 3087 4016; x_wconf 90' lang='lat' dir='ltr'><strong>dividant;</strong></span> <span class='ocrx_word' id='word_1_703' title='bbox 3124 3951 3211 4020; x_wconf 90' lang='lat' dir='ltr'><strong>qui</strong></span> <span class='ocrx_word' id='word_1_704' title='bbox 3241 3948 3331 4005; x_wconf 87' lang='lat' dir='ltr'><strong>ubi</strong></span> <span class='ocrx_word' id='word_1_705' title='bbox 3356 3949 3568 4004; x_wconf 90' lang='lat' dir='ltr'><strong>nomina</strong></span> <span class='ocrx_word' id='word_1_706' title='bbox 3589 3959 3804 4004; x_wconf 90' lang='lat' dir='ltr'><strong>tantum</strong></span> 
     </span>
    </p>
   </div>
   <div class='ocr_carea' id='block_1_87' title="bbox 2207 4041 3808 4111">
    <p class='ocr_par' dir='ltr' id='par_1_87' title="bbox 2207 4041 3808 4111">
     <span class='ocr_line' id='line_1_87' title="bbox 2207 4041 3808 4111; baseline 0.001 -15"><span class='ocrx_word' id='word_1_707' title='bbox 2207 4042 2259 4096; x_wconf 90' lang='lat' dir='ltr'><strong>in</strong></span> <span class='ocrx_word' id='word_1_708' title='bbox 2294 4044 2537 4111; x_wconf 87' lang='lat' dir='ltr'><strong>personis</strong></span> <span class='ocrx_word' id='word_1_709' title='bbox 2564 4041 2822 4096; x_wconf 90' lang='lat' dir='ltr'><strong>deberent</strong></span> <span class='ocrx_word' id='word_1_710' title='bbox 2853 4041 3181 4105; x_wconf 86' lang='lat' dir='ltr'><strong>discernere,</strong></span> <span class='ocrx_word' id='word_1_711' title='bbox 3226 4041 3296 4096; x_wconf 87' lang='lat' dir='ltr'><strong>ibi</strong></span> <span class='ocrx_word' id='word_1_712' title='bbox 3330 4042 3487 4096; x_wconf 89' lang='lat' dir='ltr'><strong>simul</strong></span> <span class='ocrx_word' id='word_1_713' title='bbox 3517 4056 3639 4095; x_wconf 92' lang='lat' dir='ltr'><strong>cum</strong></span> <span class='ocrx_word' id='word_1_714' title='bbox 3670 4042 3808 4110; x_wconf 89' lang='lat' dir='ltr'><strong>ipsis</strong></span> 
     </span>
    </p>
   </div>
   <div class='ocr_carea' id='block_1_88' title="bbox 2209 4132 3803 4203">
    <p class='ocr_par' dir='ltr' id='par_1_88' title="bbox 2209 4132 3803 4203">
     <span class='ocr_line' id='line_1_88' title="bbox 2209 4132 3803 4203; baseline 0.001 -16"><span class='ocrx_word' id='word_1_715' title='bbox 2209 4134 2515 4189; x_wconf 89' lang='lat' dir='ltr'><strong>nominibus</strong></span> <span class='ocrx_word' id='word_1_716' title='bbox 2538 4142 2593 4189; x_wconf 89' lang='lat' dir='ltr'><strong>et</strong></span> <span class='ocrx_word' id='word_1_717' title='bbox 2624 4142 2734 4188; x_wconf 90' lang='lat' dir='ltr'><strong>tres</strong></span> <span class='ocrx_word' id='word_1_718' title='bbox 2756 4140 2971 4187; x_wconf 85' lang='lat' dir='ltr'><strong>naturas</strong></span> <span class='ocrx_word' id='word_1_719' title='bbox 2987 4132 3228 4188; x_wconf 83' lang='lat' dir='ltr'><strong>diversas</strong></span> <span class='ocrx_word' id='word_1_720' title='bbox 3248 4133 3582 4203; x_wconf 84' lang='lat' dir='ltr'><strong>distinguunt</strong></span> <span class='ocrx_word' id='word_1_721' title='bbox 3608 4151 3621 4186; x_wconf 90' lang='lat'><strong>:</strong></span> <span class='ocrx_word' id='word_1_722' title='bbox 3650 4136 3803 4203; x_wconf 88' lang='lat' dir='ltr'><strong>quod</strong></span> 
     </span>
    </p>
   </div>
   <div class='ocr_carea' id='block_1_89' title="bbox 2209 4225 3807 4295">
    <p class='ocr_par' dir='ltr' id='par_1_89' title="bbox 2209 4225 3807 4295">
     <span class='ocr_line' id='line_1_89' title="bbox 2209 4225 3807 4295; baseline 0 -14"><span class='ocrx_word' id='word_1_723' title='bbox 2209 4228 2349 4283; x_wconf 89' lang='lat' dir='ltr'><strong>absit</strong></span> <span class='ocrx_word' id='word_1_724' title='bbox 2378 4244 2406 4281; x_wconf 89' lang='lat' dir='ltr'><strong>a</strong></span> <span class='ocrx_word' id='word_1_725' title='bbox 2437 4227 2630 4294; x_wconf 90' lang='lat' dir='ltr'><strong>nobis,</strong></span> <span class='ocrx_word' id='word_1_726' title='bbox 2680 4242 2747 4281; x_wconf 93' lang='lat' dir='ltr'><strong>ne</strong></span> <span class='ocrx_word' id='word_1_727' title='bbox 2793 4227 2947 4281; x_wconf 89' lang='lat' dir='ltr'><strong>istam</strong></span> <span class='ocrx_word' id='word_1_728' title='bbox 2998 4225 3387 4295; x_wconf 80' lang='lat' dir='ltr'><strong>blasphemiam</strong></span> <span class='ocrx_word' id='word_1_729' title='bbox 3430 4226 3807 4293; x_wconf 84' lang='lat' dir='ltr'><strong>admittauius,</strong></span> 
     </span>
    </p>
   </div>
   <div class='ocr_carea' id='block_1_90' title="bbox 2208 4316 3807 4373">
    <p class='ocr_par' dir='ltr' id='par_1_90' title="bbox 2208 4316 3807 4373">
     <span class='ocr_line' id='line_1_90' title="bbox 2208 4316 3807 4373; baseline -0.001 0"><span class='ocrx_word' id='word_1_730' title='bbox 2208 4336 2328 4373; x_wconf 91' lang='lat' dir='ltr'><strong>cum</strong></span> <span class='ocrx_word' id='word_1_731' title='bbox 2364 4335 2526 4373; x_wconf 91' lang='lat' dir='ltr'><strong>unum</strong></span> <span class='ocrx_word' id='word_1_732' title='bbox 2557 4334 2753 4372; x_wconf 87' lang='lat' dir='ltr'><strong>nomen</strong></span> <span class='ocrx_word' id='word_1_733' title='bbox 2777 4317 2993 4372; x_wconf 89' lang='lat' dir='ltr'><strong>deitatis</strong></span> <span class='ocrx_word' id='word_1_734' title='bbox 3024 4317 3076 4370; x_wconf 90' lang='lat' dir='ltr'><strong>in</strong></span> <span class='ocrx_word' id='word_1_735' title='bbox 3104 4316 3367 4371; x_wconf 86' lang='lat' dir='ltr'><strong>Trinitate</strong></span> <span class='ocrx_word' id='word_1_736' title='bbox 3396 4317 3573 4370; x_wconf 91' lang='lat' dir='ltr'><strong>uniter</strong></span> <span class='ocrx_word' id='word_1_737' title='bbox 3597 4316 3807 4371; x_wconf 77' lang='lat' dir='ltr'><strong>dictum</strong></span> 
     </span>
    </p>
   </div>
   <div class='ocr_carea' id='block_1_91' title="bbox 2214 4412 3811 4483">
    <p class='ocr_par' dir='ltr' id='par_1_91' title="bbox 2214 4412 3811 4483">
     <span class='ocr_line' id='line_1_91' title="bbox 2214 4412 3811 4483; baseline 0.002 -16"><span class='ocrx_word' id='word_1_738' title='bbox 2214 4414 2563 4483; x_wconf 88' lang='lat' dir='ltr'><strong>accipiamus,</strong></span> <span class='ocrx_word' id='word_1_739' title='bbox 2617 4429 2713 4483; x_wconf 90' lang='lat' dir='ltr'><strong>per</strong></span> <span class='ocrx_word' id='word_1_740' title='bbox 2759 4414 2903 4483; x_wconf 84' lang='lat' dir='ltr'><strong>quod</strong></span> <span class='ocrx_word' id='word_1_741' title='bbox 2936 4423 2989 4468; x_wconf 87' lang='lat' dir='ltr'><strong>et</strong></span> <span class='ocrx_word' id='word_1_742' title='bbox 3037 4412 3409 4468; x_wconf 89' lang='lat' dir='ltr'><strong>remissionem</strong></span> <span class='ocrx_word' id='word_1_743' title='bbox 3444 4423 3811 4483; x_wconf 80' lang='lat' dir='ltr'><strong>peccatorum</strong></span> 
     </span>
    </p>
   </div>
   <div class='ocr_carea' id='block_1_92' title="bbox 525 4479 3811 4574">
    <p class='ocr_par' dir='ltr' id='par_1_92' title="bbox 525 4479 3811 4574">
     <span class='ocr_line' id='line_1_92' title="bbox 525 4479 3811 4574; baseline 0.002 -24"><span class='ocrx_word' id='word_1_744' title='bbox 525 4496 728 4563; x_wconf 87' lang='lat' dir='ltr'><strong>Spiritu</strong></span> <span class='ocrx_word' id='word_1_745' title='bbox 761 4513 880 4552; x_wconf 86' lang='lat' dir='ltr'><strong>esse</strong></span> <span class='ocrx_word' id='word_1_746' title='bbox 910 4499 1293 4566; x_wconf 69' lang='lat' dir='ltr'><strong>praescribitis?</strong></span> <span class='ocrx_word' id='word_1_747' title='bbox 1323 4515 1417 4554; x_wconf 93' lang='lat' dir='ltr'><strong>cur</strong></span> <span class='ocrx_word' id='word_1_748' title='bbox 1447 4503 1740 4557; x_wconf 89' lang='lat' dir='ltr'><strong>secundum</strong></span> <span class='ocrx_word' id='word_1_749' title='bbox 1764 4505 2105 4560; x_wconf 86' lang='lat' dir='ltr'><strong>traditionem</strong></span> <span class='ocrx_word' id='word_1_750' title='bbox 2133 4479 2184 4538; x_wconf 73' lang='grc' dir='ltr'><strong>Β</strong></span> <span class='ocrx_word' id='word_1_751' title='bbox 2216 4507 2481 4573; x_wconf 86' lang='lat' dir='ltr'><strong>baptismo</strong></span> <span class='ocrx_word' id='word_1_752' title='bbox 2502 4514 2759 4574; x_wconf 85' lang='lat' dir='ltr'><strong>operante</strong></span> <span class='ocrx_word' id='word_1_753' title='bbox 2779 4504 3144 4572; x_wconf 86' lang='lat' dir='ltr'><strong>suscepimus;</strong></span> <span class='ocrx_word' id='word_1_754' title='bbox 3176 4503 3391 4558; x_wconf 90' lang='lat' dir='ltr'><strong>nomina</strong></span> <span class='ocrx_word' id='word_1_755' title='bbox 3417 4519 3546 4558; x_wconf 90' lang='lat' dir='ltr'><strong>vero</strong></span> <span class='ocrx_word' id='word_1_756' title='bbox 3569 4512 3811 4557; x_wconf 88' lang='lat' dir='ltr'><strong>tantum-</strong></span> 
     </span>
    </p>
   </div>
   <div class='ocr_carea' id='block_1_93' title="bbox 528 4587 2111 4655">
    <p class='ocr_par' dir='ltr' id='par_1_93' title="bbox 528 4587 2111 4655">
     <span class='ocr_line' id='line_1_93' title="bbox 528 4587 2111 4655; baseline 0.007 -16"><span class='ocrx_word' id='word_1_757' title='bbox 528 4587 849 4655; x_wconf 83' lang='lat' dir='ltr'><strong>baptisnium</strong></span> <span class='ocrx_word' id='word_1_758' title='bbox 878 4592 1159 4645; x_wconf 85' lang='lat' dir='ltr'><strong>celebratis</strong></span> <span class='ocrx_word' id='word_1_759' title='bbox 1189 4599 1243 4644; x_wconf 89' lang='lat' dir='ltr'><strong>et</strong></span> <span class='ocrx_word' id='word_1_760' title='bbox 1283 4594 1334 4644; x_wconf 90' lang='lat' dir='ltr'><strong>in</strong></span> <span class='ocrx_word' id='word_1_761' title='bbox 1365 4591 1705 4649; x_wconf 66' lang='lat' dir='ltr'><strong>confessione</strong></span> <span class='ocrx_word' id='word_1_762' title='bbox 1735 4597 1938 4650; x_wconf 89' lang='lat' dir='ltr'><strong>unitum</strong></span> <span class='ocrx_word' id='word_1_763' title='bbox 1968 4612 2111 4650; x_wconf 87' lang='lat' dir='ltr'><strong>sem-</strong></span> 
     </span>
    </p>
   </div>
   <div class='ocr_carea' id='block_1_94' title="bbox 503 4679 2105 4757">
    <p class='ocr_par' dir='ltr' id='par_1_94' title="bbox 503 4679 2105 4757">
     <span class='ocr_line' id='line_1_94' title="bbox 503 4679 2105 4757; baseline 0.009 -27"><span class='ocrx_word' id='word_1_764' title='bbox 503 4679 794 4747; x_wconf 47' lang='lat' dir='ltr'><strong>.piternum</strong></span> <span class='ocrx_word' id='word_1_765' title='bbox 821 4697 1017 4734; x_wconf 84' lang='lat' dir='ltr'><strong>nomen</strong></span> <span class='ocrx_word' id='word_1_766' title='bbox 1039 4682 1314 4737; x_wconf 83' lang='lat' dir='ltr'><strong>Trinitatis</strong></span> <span class='ocrx_word' id='word_1_767' title='bbox 1336 4683 1745 4751; x_wconf 78' lang='lat' dir='ltr'><strong>blaSphematis?</strong></span> <span class='ocrx_word' id='word_1_768' title='bbox 1776 4688 2105 4757; x_wconf 67' lang='lat' dir='ltr'><strong>llypocritat,</strong></span> 
     </span>
    </p>
   </div>
   <div class='ocr_carea' id='block_1_95' title="bbox 524 4770 2109 4848">
    <p class='ocr_par' dir='ltr' id='par_1_95' title="bbox 524 4770 2109 4848">
     <span class='ocr_line' id='line_1_95' title="bbox 524 4770 2109 4848; baseline 0.009 -26"><span class='ocrx_word' id='word_1_769' title='bbox 524 4770 797 4840; x_wconf 83' lang='lat' dir='ltr'><strong>quomodo</strong></span> <span class='ocrx_word' id='word_1_770' title='bbox 820 4773 1079 4840; x_wconf 87' lang='lat' dir='ltr'><strong>accipitis,</strong></span> <span class='ocrx_word' id='word_1_771' title='bbox 1107 4775 1207 4841; x_wconf 84' lang='lat' dir='ltr'><strong>Qui</strong></span> <span class='ocrx_word' id='word_1_772' title='bbox 1221 4776 1444 4829; x_wconf 82' lang='lat' dir='ltr'><strong>nascitur</strong></span> <span class='ocrx_word' id='word_1_773' title='bbox 1463 4792 1527 4830; x_wconf 78' lang='lat' dir='ltr'><strong>ea:</strong></span> <span class='ocrx_word' id='word_1_774' title='bbox 1544 4776 1765 4845; x_wconf 87' lang='lat' dir='ltr'><strong>Spiritu,</strong></span> <span class='ocrx_word' id='word_1_775' title='bbox 1783 4780 2011 4848; x_wconf 86' lang='lat' dir='ltr'><strong>Spiritus</strong></span> <span class='ocrx_word' id='word_1_776' title='bbox 2036 4794 2109 4836; x_wconf 85' lang='lat' dir='ltr'><strong>est</strong></span> 
     </span>
    </p>
   </div>
   <div class='ocr_carea' id='block_1_96' title="bbox 529 4862 2109 4944">
    <p class='ocr_par' dir='ltr' id='par_1_96' title="bbox 529 4862 2109 4944">
     <span class='ocr_line' id='line_1_96' title="bbox 529 4862 2109 4944; baseline 0.011 -32"><span class='ocrx_word' id='word_1_777' title='bbox 529 4862 710 4931; x_wconf 71' lang='lat' dir='ltr'><strong>(Joan.</strong></span> <span class='ocrx_word' id='word_1_778' title='bbox 734 4862 903 4930; x_wconf 85' lang='lat' dir='ltr'><strong>ut,6).</strong></span> <span class='ocrx_word' id='word_1_779' title='bbox 930 4865 973 4917; x_wconf 90' lang='lat' dir='ltr'><strong>si</strong></span> <span class='ocrx_word' id='word_1_780' title='bbox 995 4879 1047 4919; x_wconf 90' lang='lat' dir='ltr'><strong>et</strong></span> <span class='ocrx_word' id='word_1_781' title='bbox 1067 4866 1296 4936; x_wconf 88' lang='lat' dir='ltr'><strong>Spiritus</strong></span> <span class='ocrx_word' id='word_1_782' title='bbox 1324 4869 1612 4937; x_wconf 86' lang='lat' dir='ltr'><strong>paraclitus</strong></span> <span class='ocrx_word' id='word_1_783' title='bbox 1630 4868 1768 4926; x_wconf 89' lang='lat' dir='ltr'><strong>Deus</strong></span> <span class='ocrx_word' id='word_1_784' title='bbox 1801 4887 1919 4926; x_wconf 89' lang='lat' dir='ltr'><strong>esse</strong></span> <span class='ocrx_word' id='word_1_785' title='bbox 1950 4889 2109 4944; x_wconf 79' lang='lat' dir='ltr'><strong>nega-</strong></span> 
     </span>
    </p>
   </div>
   <div class='ocr_carea' id='block_1_97' title="bbox 525 4954 2108 5034">
    <p class='ocr_par' dir='ltr' id='par_1_97' title="bbox 525 4954 2108 5034">
     <span class='ocr_line' id='line_1_97' title="bbox 525 4954 2108 5034; baseline 0.011 -29"><span class='ocrx_word' id='word_1_786' title='bbox 525 4954 648 5007; x_wconf 89' lang='lat' dir='ltr'><strong>tur?</strong></span> <span class='ocrx_word' id='word_1_787' title='bbox 672 4956 983 5025; x_wconf 60' lang='lat' dir='ltr'><strong>ltypocritie,</strong></span> <span class='ocrx_word' id='word_1_788' title='bbox 1000 4960 1264 5024; x_wconf 84' lang='lat' dir='ltr'><strong>quomodo</strong></span> <span class='ocrx_word' id='word_1_789' title='bbox 1283 4962 1547 5030; x_wconf 87' lang='lat' dir='ltr'><strong>inSpiritu</strong></span> <span class='ocrx_word' id='word_1_790' title='bbox 1572 4963 1796 5020; x_wconf 90' lang='lat' dir='ltr'><strong>adorare</strong></span> <span class='ocrx_word' id='word_1_791' title='bbox 1817 4976 2048 5034; x_wconf 88' lang='lat' dir='ltr'><strong>oportet,</strong></span> <span class='ocrx_word' id='word_1_792' title='bbox 2063 4968 2108 5023; x_wconf 91' lang='lat' dir='ltr'><strong>si</strong></span> 
     </span>
    </p>
   </div>
   <div class='ocr_carea' id='block_1_98' title="bbox 530 5046 2110 5126">
    <p class='ocr_par' dir='ltr' id='par_1_98' title="bbox 530 5046 2110 5126">
     <span class='ocr_line' id='line_1_98' title="bbox 530 5046 2110 5126; baseline 0.009 -27"><span class='ocrx_word' id='word_1_793' title='bbox 530 5046 667 5100; x_wconf 87' lang='lat' dir='ltr'><strong>Deus</strong></span> <span class='ocrx_word' id='word_1_794' title='bbox 688 5046 916 5116; x_wconf 82' lang='lat' dir='ltr'><strong>Spiritus</strong></span> <span class='ocrx_word' id='word_1_795' title='bbox 936 5064 1056 5103; x_wconf 82' lang='lat' dir='ltr'><strong>esse</strong></span> <span class='ocrx_word' id='word_1_796' title='bbox 1083 5053 1337 5119; x_wconf 79' lang='lat' dir='ltr'><strong>negatur?</strong></span> <span class='ocrx_word' id='word_1_797' title='bbox 1364 5055 1678 5123; x_wconf 59' lang='lat' dir='ltr'><strong>hypocriten,</strong></span> <span class='ocrx_word' id='word_1_798' title='bbox 1695 5071 1928 5126; x_wconf 90' lang='lat' dir='ltr'><strong>quonam</strong></span> <span class='ocrx_word' id='word_1_799' title='bbox 1950 5059 2110 5113; x_wconf 88' lang='lat' dir='ltr'><strong>modo</strong></span> 
     </span>
    </p>
   </div>
   <div class='ocr_carea' id='block_1_99' title="bbox 526 5140 2109 5219">
    <p class='ocr_par' dir='ltr' id='par_1_99' title="bbox 526 5140 2109 5219">
     <span class='ocr_line' id='line_1_99' title="bbox 526 5140 2109 5219; baseline 0.006 -25"><span class='ocrx_word' id='word_1_800' title='bbox 526 5141 819 5211; x_wconf 87' lang='lat' dir='ltr'><strong>suscipitis,</strong></span> <span class='ocrx_word' id='word_1_801' title='bbox 847 5140 894 5193; x_wconf 82' lang='lat' dir='ltr'><strong>ll</strong></span> <span class='ocrx_word' id='word_1_802' title='bbox 902 5157 973 5193; x_wconf 75' lang='grc' dir='ltr'><strong>ωε</strong></span> <span class='ocrx_word' id='word_1_803' title='bbox 991 5140 1165 5194; x_wconf 88' lang='lat' dir='ltr'><strong>omnia</strong></span> <span class='ocrx_word' id='word_1_804' title='bbox 1192 5154 1432 5209; x_wconf 87' lang='lat' dir='ltr'><strong>operatur</strong></span> <span class='ocrx_word' id='word_1_805' title='bbox 1455 5163 1586 5199; x_wconf 87' lang='lat' dir='ltr'><strong>unus</strong></span> <span class='ocrx_word' id='word_1_806' title='bbox 1612 5157 1763 5218; x_wconf 84' lang='lat' dir='ltr'><strong>atque</strong></span> <span class='ocrx_word' id='word_1_807' title='bbox 1785 5150 1920 5202; x_wconf 86' lang='lat' dir='ltr'><strong>idem</strong></span> <span class='ocrx_word' id='word_1_808' title='bbox 1938 5149 2109 5219; x_wconf 82' lang='lat' dir='ltr'><strong>Spiri-</strong></span> 
     </span>
    </p>
   </div>
   <div class='ocr_carea' id='block_1_100' title="bbox 526 5233 2106 5308">
    <p class='ocr_par' dir='ltr' id='par_1_100' title="bbox 526 5233 2106 5308">
     <span class='ocr_line' id='line_1_100' title="bbox 526 5233 2106 5308; baseline 0.007 -24"><span class='ocrx_word' id='word_1_809' title='bbox 526 5242 633 5299; x_wconf 76' lang='lat' dir='ltr'><strong>tus,</strong></span> <span class='ocrx_word' id='word_1_810' title='bbox 655 5234 881 5287; x_wconf 82' lang='lat' dir='ltr'><strong>dividens</strong></span> <span class='ocrx_word' id='word_1_811' title='bbox 904 5233 1173 5302; x_wconf 85' lang='lat' dir='ltr'><strong>unicuique</strong></span> <span class='ocrx_word' id='word_1_812' title='bbox 1190 5233 1319 5288; x_wconf 84' lang='lat' dir='ltr'><strong>sicut</strong></span> <span class='ocrx_word' id='word_1_813' title='bbox 1349 5239 1450 5288; x_wconf 84' lang='lat' dir='ltr'><strong>vult</strong></span> <span class='ocrx_word' id='word_1_814' title='bbox 1469 5236 1523 5307; x_wconf 70' lang='grc' dir='ltr'><strong>(Ι</strong></span> <span class='ocrx_word' id='word_1_815' title='bbox 1539 5237 1655 5292; x_wconf 79' lang='lat' dir='ltr'><strong>Cor.</strong></span> <span class='ocrx_word' id='word_1_816' title='bbox 1674 5256 1765 5308; x_wconf 80' lang='lat' dir='ltr'><strong>xu,</strong></span> <span class='ocrx_word' id='word_1_817' title='bbox 1786 5242 1805 5294; x_wconf 83' lang='grc'><strong>1</strong></span> <span class='ocrx_word' id='word_1_818' title='bbox 1825 5241 1898 5308; x_wconf 87' lang='lat' dir='ltr'><strong>l),</strong></span> <span class='ocrx_word' id='word_1_819' title='bbox 1923 5242 1966 5295; x_wconf 87' lang='lat' dir='ltr'><strong>si</strong></span> <span class='ocrx_word' id='word_1_820' title='bbox 1985 5257 2106 5295; x_wconf 89' lang='lat' dir='ltr'><strong>eum</strong></span> 
     </span>
    </p>
   </div>
   <div class='ocr_carea' id='block_1_101' title="bbox 526 5323 2107 5401">
    <p class='ocr_par' dir='ltr' id='par_1_101' title="bbox 526 5323 2107 5401">
     <span class='ocr_line' id='line_1_101' title="bbox 526 5323 2107 5401; baseline 0.006 -23"><span class='ocrx_word' id='word_1_821' title='bbox 526 5325 595 5379; x_wconf 88' lang='lat' dir='ltr'><strong>de</strong></span> <span class='ocrx_word' id='word_1_822' title='bbox 622 5328 763 5379; x_wconf 88' lang='lat' dir='ltr'><strong>unita</strong></span> <span class='ocrx_word' id='word_1_823' title='bbox 811 5323 1024 5381; x_wconf 87' lang='lat' dir='ltr'><strong>deitatis</strong></span> <span class='ocrx_word' id='word_1_824' title='bbox 1064 5325 1378 5393; x_wconf 84' lang='lat' dir='ltr'><strong>operatione</strong></span> <span class='ocrx_word' id='word_1_825' title='bbox 1421 5330 1741 5383; x_wconf 85' lang='lat' dir='ltr'><strong>secernitis?</strong></span> <span class='ocrx_word' id='word_1_826' title='bbox 1791 5334 2107 5401; x_wconf 66' lang='lat' dir='ltr'><strong>nypocrittc,</strong></span> 
     </span>
    </p>
   </div>
   <div class='ocr_carea' id='block_1_102' title="bbox 528 5416 2109 5489">
    <p class='ocr_par' dir='ltr' id='par_1_102' title="bbox 528 5416 2109 5489">
     <span class='ocr_line' id='line_1_102' title="bbox 528 5416 2109 5489; baseline 0.006 -22"><span class='ocrx_word' id='word_1_827' title='bbox 528 5418 797 5483; x_wconf 84' lang='lat' dir='ltr'><strong>quomodo</strong></span> <span class='ocrx_word' id='word_1_828' title='bbox 818 5417 1055 5487; x_wconf 85' lang='lat' dir='ltr'><strong>accipitis</strong></span> <span class='ocrx_word' id='word_1_829' title='bbox 1084 5418 1279 5472; x_wconf 84' lang='lat' dir='ltr'><strong>dictum</strong></span> <span class='ocrx_word' id='word_1_830' title='bbox 1309 5416 1496 5485; x_wconf 84' lang='lat' dir='ltr'><strong>fuisse,</strong></span> <span class='ocrx_word' id='word_1_831' title='bbox 1529 5418 1677 5477; x_wconf 82' lang='lat' dir='ltr'><strong>Idem</strong></span> <span class='ocrx_word' id='word_1_832' title='bbox 1700 5421 1948 5489; x_wconf 75' lang='lat' dir='ltr'><strong>Spiritus,</strong></span> <span class='ocrx_word' id='word_1_833' title='bbox 1976 5425 2109 5478; x_wconf 85' lang='lat' dir='ltr'><strong>idem</strong></span> 
     </span>
    </p>
   </div>
   <div class='ocr_carea' id='block_1_103' title="bbox 528 5504 2112 5581">
    <p class='ocr_par' dir='ltr' id='par_1_103' title="bbox 528 5504 2112 5581">
     <span class='ocr_line' id='line_1_103' title="bbox 528 5504 2112 5581; baseline 0.007 -24"><span class='ocrx_word' id='word_1_834' title='bbox 528 5504 805 5575; x_wconf 81' lang='lat' dir='ltr'><strong>Dominus,</strong></span> <span class='ocrx_word' id='word_1_835' title='bbox 825 5512 955 5563; x_wconf 86' lang='lat' dir='ltr'><strong>idem</strong></span> <span class='ocrx_word' id='word_1_836' title='bbox 985 5520 1030 5564; x_wconf 89' lang='lat' dir='ltr'><strong>et</strong></span> <span class='ocrx_word' id='word_1_837' title='bbox 1046 5508 1181 5563; x_wconf 82' lang='lat' dir='ltr'><strong>Deus</strong></span> <span class='ocrx_word' id='word_1_838' title='bbox 1213 5507 1404 5581; x_wconf 71' lang='lat' dir='ltr'><strong>(Ibidt,</strong></span> <span class='ocrx_word' id='word_1_839' title='bbox 1428 5512 1482 5577; x_wconf 70' lang='grc'><strong>4,</strong></span> <span class='ocrx_word' id='word_1_840' title='bbox 1502 5511 1555 5576; x_wconf 85' lang='grc'><strong>5,</strong></span> <span class='ocrx_word' id='word_1_841' title='bbox 1576 5509 1655 5581; x_wconf 80' lang='grc'><strong>6),</strong></span> <span class='ocrx_word' id='word_1_842' title='bbox 1683 5511 1729 5565; x_wconf 90' lang='lat' dir='ltr'><strong>si</strong></span> <span class='ocrx_word' id='word_1_843' title='bbox 1754 5526 1881 5567; x_wconf 86' lang='lat' dir='ltr'><strong>cum</strong></span> <span class='ocrx_word' id='word_1_844' title='bbox 1904 5527 1998 5566; x_wconf 86' lang='lat' dir='ltr'><strong>vos</strong></span> <span class='ocrx_word' id='word_1_845' title='bbox 2030 5530 2112 5568; x_wconf 85' lang='lat' dir='ltr'><strong>ve-</strong></span> 
     </span>
    </p>
   </div>
   <div class='ocr_carea' id='block_1_104' title="bbox 529 5599 2109 5683">
    <p class='ocr_par' dir='ltr' id='par_1_104' title="bbox 529 5599 2109 5683">
     <span class='ocr_line' id='line_1_104' title="bbox 529 5599 2109 5683; baseline 0.006 -33"><span class='ocrx_word' id='word_1_846' title='bbox 529 5612 647 5651; x_wconf 81' lang='lat' dir='ltr'><strong>rum</strong></span> <span class='ocrx_word' id='word_1_847' title='bbox 667 5599 834 5653; x_wconf 89' lang='lat' dir='ltr'><strong>Deum</strong></span> <span class='ocrx_word' id='word_1_848' title='bbox 857 5601 924 5683; x_wconf 81' lang='lat' dir='ltr'><strong>de</strong></span> <span class='ocrx_word' id='word_1_849' title='bbox 950 5617 1075 5657; x_wconf 85' lang='lat' dir='ltr'><strong>vera</strong></span> <span class='ocrx_word' id='word_1_850' title='bbox 1098 5603 1240 5658; x_wconf 86' lang='lat' dir='ltr'><strong>unita</strong></span> <span class='ocrx_word' id='word_1_851' title='bbox 1268 5613 1454 5659; x_wconf 86' lang='lat' dir='ltr'><strong>natura</strong></span> <span class='ocrx_word' id='word_1_852' title='bbox 1481 5603 1532 5658; x_wconf 91' lang='lat' dir='ltr'><strong>in</strong></span> <span class='ocrx_word' id='word_1_853' title='bbox 1555 5603 1807 5657; x_wconf 82' lang='lat' dir='ltr'><strong>omnibus</strong></span> <span class='ocrx_word' id='word_1_854' title='bbox 1848 5603 2109 5661; x_wconf 87' lang='lat' dir='ltr'><strong>mirabilia</strong></span> 
     </span>
    </p>
   </div>
   <div class='ocr_carea' id='block_1_105' title="bbox 525 5694 2112 5769">
    <p class='ocr_par' dir='ltr' id='par_1_105' title="bbox 525 5694 2112 5769">
     <span class='ocr_line' id='line_1_105' title="bbox 525 5694 2112 5769; baseline 0.009 -26"><span class='ocrx_word' id='word_1_855' title='bbox 525 5698 835 5759; x_wconf 85' lang='lat' dir='ltr'><strong>operantem</strong></span> <span class='ocrx_word' id='word_1_856' title='bbox 851 5708 955 5749; x_wconf 90' lang='lat' dir='ltr'><strong>non</strong></span> <span class='ocrx_word' id='word_1_857' title='bbox 970 5694 1268 5767; x_wconf 79' lang='lat' dir='ltr'><strong>suscipitis?</strong></span> <span class='ocrx_word' id='word_1_858' title='bbox 1286 5697 1596 5769; x_wconf 61' lang='lat' dir='ltr'><strong>hypocriten,</strong></span> <span class='ocrx_word' id='word_1_859' title='bbox 1634 5710 1728 5768; x_wconf 79' lang='lat' dir='ltr'><strong>per</strong></span> <span class='ocrx_word' id='word_1_860' title='bbox 1744 5710 1901 5766; x_wconf 85' lang='lat' dir='ltr'><strong>quem</strong></span> <span class='ocrx_word' id='word_1_861' title='bbox 1915 5700 2112 5757; x_wconf 86' lang='lat' dir='ltr'><strong>submi-</strong></span> 
     </span>
    </p>
   </div>
   <div class='ocr_carea' id='block_1_106' title="bbox 2216 4595 3811 4667">
    <p class='ocr_par' dir='ltr' id='par_1_106' title="bbox 2216 4595 3811 4667">
     <span class='ocr_line' id='line_1_106' title="bbox 2216 4595 3811 4667; baseline -0.001 -17"><span class='ocrx_word' id='word_1_862' title='bbox 2216 4596 2376 4650; x_wconf 89' lang='lat' dir='ltr'><strong>modo</strong></span> <span class='ocrx_word' id='word_1_863' title='bbox 2404 4596 2608 4667; x_wconf 74' lang='lat' dir='ltr'><strong>singula</strong></span> <span class='ocrx_word' id='word_1_864' title='bbox 2634 4597 2685 4649; x_wconf 92' lang='lat' dir='ltr'><strong>in</strong></span> <span class='ocrx_word' id='word_1_865' title='bbox 2719 4596 2965 4665; x_wconf 86' lang='lat' dir='ltr'><strong>personis</strong></span> <span class='ocrx_word' id='word_1_866' title='bbox 2989 4596 3223 4664; x_wconf 80' lang='lat' dir='ltr'><strong>perfecte</strong></span> <span class='ocrx_word' id='word_1_867' title='bbox 3252 4595 3671 4664; x_wconf 83' lang='lat' dir='ltr'><strong>distinguamus.</strong></span> <span class='ocrx_word' id='word_1_868' title='bbox 3700 4595 3811 4649; x_wconf 53' lang='lat' dir='ltr'><strong>Ro.</strong></span> 
     </span>
    </p>
   </div>
   <div class='ocr_carea' id='block_1_107' title="bbox 2214 4686 3808 4756">
    <p class='ocr_par' dir='ltr' id='par_1_107' title="bbox 2214 4686 3808 4756">
     <span class='ocr_line' id='line_1_107' title="bbox 2214 4686 3808 4756; baseline 0.003 -19"><span class='ocrx_word' id='word_1_869' title='bbox 2214 4703 2303 4755; x_wconf 82' lang='lat' dir='ltr'><strong>go,</strong></span> <span class='ocrx_word' id='word_1_870' title='bbox 2337 4688 2423 4741; x_wconf 91' lang='lat' dir='ltr'><strong>ubi</strong></span> <span class='ocrx_word' id='word_1_871' title='bbox 2456 4687 2726 4741; x_wconf 88' lang='lat' dir='ltr'><strong>vinculum</strong></span> <span class='ocrx_word' id='word_1_872' title='bbox 2759 4686 2882 4741; x_wconf 91' lang='lat' dir='ltr'><strong>ﬁdei</strong></span> <span class='ocrx_word' id='word_1_873' title='bbox 2931 4687 3202 4741; x_wconf 88' lang='lat' dir='ltr'><strong>invenitur</strong></span> <span class='ocrx_word' id='word_1_874' title='bbox 3231 4687 3372 4756; x_wconf 89' lang='lat' dir='ltr'><strong>apud</strong></span> <span class='ocrx_word' id='word_1_875' title='bbox 3419 4702 3534 4749; x_wconf 88' lang='lat' dir='ltr'><strong>eos,</strong></span> <span class='ocrx_word' id='word_1_876' title='bbox 3583 4687 3628 4741; x_wconf 90' lang='lat' dir='ltr'><strong>si</strong></span> <span class='ocrx_word' id='word_1_877' title='bbox 3675 4688 3808 4743; x_wconf 87' lang='lat' dir='ltr'><strong>sub-</strong></span> 
     </span>
    </p>
   </div>
   <div class='ocr_carea' id='block_1_108' title="bbox 2215 4767 3813 4833">
    <p class='ocr_par' dir='ltr' id='par_1_108' title="bbox 2215 4767 3813 4833">
     <span class='ocr_line' id='line_1_108' title="bbox 2215 4767 3813 4833; baseline -0.001 -1"><span class='ocrx_word' id='word_1_878' title='bbox 2215 4778 2428 4833; x_wconf 63' lang='lat' dir='ltr'><strong>stantiae</strong></span> <span class='ocrx_word' id='word_1_879' title='bbox 2475 4767 2692 4832; x_wconf 81' lang='lat' dir='ltr'><strong>unitatis</strong></span> <span class='ocrx_word' id='word_1_880' title='bbox 2739 4792 2932 4831; x_wconf 89' lang='lat' dir='ltr'><strong>nomen</strong></span> <span class='ocrx_word' id='word_1_881' title='bbox 2978 4778 3031 4831; x_wconf 93' lang='lat' dir='ltr'><strong>in</strong></span> <span class='ocrx_word' id='word_1_882' title='bbox 3078 4777 3341 4833; x_wconf 89' lang='lat' dir='ltr'><strong>Trinitate</strong></span> <span class='ocrx_word' id='word_1_883' title='bbox 3391 4793 3496 4831; x_wconf 92' lang='lat' dir='ltr'><strong>non</strong></span> <span class='ocrx_word' id='word_1_884' title='bbox 3555 4778 3813 4832; x_wconf 86' lang='lat' dir='ltr'><strong>tenetur?</strong></span> 
     </span>
    </p>
   </div>
   <div class='ocr_carea' id='block_1_109' title="bbox 2216 4872 3809 4944">
    <p class='ocr_par' dir='ltr' id='par_1_109' title="bbox 2216 4872 3809 4944">
     <span class='ocr_line' id='line_1_109' title="bbox 2216 4872 3809 4944; baseline -0.003 -15"><span class='ocrx_word' id='word_1_885' title='bbox 2216 4877 2365 4943; x_wconf 76' lang='lat' dir='ltr'><strong>Rogo</strong></span> <span class='ocrx_word' id='word_1_886' title='bbox 2386 4872 2834 4944; x_wconf 86' lang='lat' dir='ltr'><strong>quemadmodum</strong></span> <span class='ocrx_word' id='word_1_887' title='bbox 2866 4874 2917 4927; x_wconf 91' lang='lat' dir='ltr'><strong>in</strong></span> <span class='ocrx_word' id='word_1_888' title='bbox 2944 4873 3166 4943; x_wconf 77' lang='lat' dir='ltr'><strong>singulis</strong></span> <span class='ocrx_word' id='word_1_889' title='bbox 3187 4873 3432 4939; x_wconf 86' lang='lat' dir='ltr'><strong>personis</strong></span> <span class='ocrx_word' id='word_1_890' title='bbox 3458 4872 3697 4942; x_wconf 82' lang='lat' dir='ltr'><strong>singulas</strong></span> <span class='ocrx_word' id='word_1_891' title='bbox 3724 4873 3809 4927; x_wconf 85' lang='lat' dir='ltr'><strong>vel</strong></span> 
     </span>
    </p>
   </div>
   <div class='ocr_carea' id='block_1_110' title="bbox 2215 4964 3812 5035">
    <p class='ocr_par' dir='ltr' id='par_1_110' title="bbox 2215 4964 3812 5035">
     <span class='ocr_line' id='line_1_110' title="bbox 2215 4964 3812 5035; baseline -0.004 -14"><span class='ocrx_word' id='word_1_892' title='bbox 2215 4968 2460 5021; x_wconf 88' lang='lat' dir='ltr'><strong>diversas</strong></span> <span class='ocrx_word' id='word_1_893' title='bbox 2490 4964 2851 5035; x_wconf 89' lang='lat' dir='ltr'><strong>plenitudines</strong></span> <span class='ocrx_word' id='word_1_894' title='bbox 2876 4979 2997 5021; x_wconf 76' lang='lat' dir='ltr'><strong>ease</strong></span> <span class='ocrx_word' id='word_1_895' title='bbox 3037 4964 3329 5029; x_wconf 90' lang='lat' dir='ltr'><strong>aseribitis,</strong></span> <span class='ocrx_word' id='word_1_896' title='bbox 3373 4964 3502 5018; x_wconf 90' lang='lat' dir='ltr'><strong>dum</strong></span> <span class='ocrx_word' id='word_1_897' title='bbox 3536 4964 3685 5017; x_wconf 87' lang='lat' dir='ltr'><strong>unita</strong></span> <span class='ocrx_word' id='word_1_898' title='bbox 3716 4980 3812 5017; x_wconf 86' lang='lat' dir='ltr'><strong>na-</strong></span> 
     </span>
    </p>
   </div>
   <div class='ocr_carea' id='block_1_111' title="bbox 2219 5055 3809 5127">
    <p class='ocr_par' dir='ltr' id='par_1_111' title="bbox 2219 5055 3809 5127">
     <span class='ocr_line' id='line_1_111' title="bbox 2219 5055 3809 5127; baseline -0.004 -13"><span class='ocrx_word' id='word_1_899' title='bbox 2219 5069 2337 5114; x_wconf 90' lang='lat' dir='ltr'><strong>tura</strong></span> <span class='ocrx_word' id='word_1_900' title='bbox 2381 5058 2452 5112; x_wconf 90' lang='lat' dir='ltr'><strong>sit</strong></span> <span class='ocrx_word' id='word_1_901' title='bbox 2497 5058 2549 5112; x_wconf 92' lang='lat' dir='ltr'><strong>in</strong></span> <span class='ocrx_word' id='word_1_902' title='bbox 2586 5056 2688 5113; x_wconf 89' lang='lat' dir='ltr'><strong>hac</strong></span> <span class='ocrx_word' id='word_1_903' title='bbox 2718 5059 2830 5126; x_wconf 90' lang='lat' dir='ltr'><strong>ipsa</strong></span> <span class='ocrx_word' id='word_1_904' title='bbox 2878 5056 3211 5127; x_wconf 84' lang='lat' dir='ltr'><strong>plenitudine</strong></span> <span class='ocrx_word' id='word_1_905' title='bbox 3257 5055 3457 5111; x_wconf 72' lang='lat' dir='ltr'><strong>divina:</strong></span> <span class='ocrx_word' id='word_1_906' title='bbox 3487 5055 3809 5109; x_wconf 84' lang='lat' dir='ltr'><strong>Trinitatis?</strong></span> 
     </span>
    </p>
   </div>
   <div class='ocr_carea' id='block_1_112' title="bbox 2220 5147 3809 5222">
    <p class='ocr_par' dir='ltr' id='par_1_112' title="bbox 2220 5147 3809 5222">
     <span class='ocr_line' id='line_1_112' title="bbox 2220 5147 3809 5222; baseline -0.003 -17"><span class='ocrx_word' id='word_1_907' title='bbox 2220 5152 2391 5222; x_wconf 76' lang='lat' dir='ltr'><strong>Rogo,</strong></span> <span class='ocrx_word' id='word_1_908' title='bbox 2422 5149 2693 5219; x_wconf 89' lang='lat' dir='ltr'><strong>quomodo</strong></span> <span class='ocrx_word' id='word_1_909' title='bbox 2716 5157 2827 5204; x_wconf 86' lang='lat' dir='ltr'><strong>tres</strong></span> <span class='ocrx_word' id='word_1_910' title='bbox 2856 5163 3018 5203; x_wconf 92' lang='lat' dir='ltr'><strong>unum</strong></span> <span class='ocrx_word' id='word_1_911' title='bbox 3048 5157 3195 5213; x_wconf 89' lang='lat' dir='ltr'><strong>sunt,</strong></span> <span class='ocrx_word' id='word_1_912' title='bbox 3244 5148 3291 5203; x_wconf 91' lang='lat' dir='ltr'><strong>si</strong></span> <span class='ocrx_word' id='word_1_913' title='bbox 3320 5147 3534 5203; x_wconf 87' lang='lat' dir='ltr'><strong>diversa</strong></span> <span class='ocrx_word' id='word_1_914' title='bbox 3561 5147 3613 5200; x_wconf 91' lang='lat' dir='ltr'><strong>in</strong></span> <span class='ocrx_word' id='word_1_915' title='bbox 3643 5148 3809 5201; x_wconf 60' lang='lat' dir='ltr'><strong>utris.</strong></span> 
     </span>
    </p>
   </div>
   <div class='ocr_carea' id='block_1_113' title="bbox 2217 5239 3809 5314">
    <p class='ocr_par' dir='ltr' id='par_1_113' title="bbox 2217 5239 3809 5314">
     <span class='ocr_line' id='line_1_113' title="bbox 2217 5239 3809 5314; baseline 0 -21"><span class='ocrx_word' id='word_1_916' title='bbox 2217 5258 2323 5314; x_wconf 89' lang='lat' dir='ltr'><strong>que</strong></span> <span class='ocrx_word' id='word_1_917' title='bbox 2351 5249 2435 5296; x_wconf 87' lang='lat' dir='ltr'><strong>est</strong></span> <span class='ocrx_word' id='word_1_918' title='bbox 2460 5251 2647 5296; x_wconf 89' lang='lat' dir='ltr'><strong>natura</strong></span> <span class='ocrx_word' id='word_1_919' title='bbox 2681 5240 3012 5296; x_wconf 83' lang='lat' dir='ltr'><strong>divinitatis?</strong></span> <span class='ocrx_word' id='word_1_920' title='bbox 3039 5241 3208 5309; x_wconf 79' lang='lat' dir='ltr'><strong>Rogo,</strong></span> <span class='ocrx_word' id='word_1_921' title='bbox 3240 5239 3692 5310; x_wconf 86' lang='lat' dir='ltr'><strong>quemadmodum</strong></span> <span class='ocrx_word' id='word_1_922' title='bbox 3719 5254 3809 5294; x_wconf 86' lang='lat' dir='ltr'><strong>se-</strong></span> 
     </span>
    </p>
   </div>
   <div class='ocr_carea' id='block_1_114' title="bbox 2220 5329 3805 5401">
    <p class='ocr_par' dir='ltr' id='par_1_114' title="bbox 2220 5329 3805 5401">
     <span class='ocr_line' id='line_1_114' title="bbox 2220 5329 3805 5401; baseline -0.001 -16"><span class='ocrx_word' id='word_1_923' title='bbox 2220 5330 2523 5401; x_wconf 89' lang='lat' dir='ltr'><strong>ptiformem</strong></span> <span class='ocrx_word' id='word_1_924' title='bbox 2557 5332 2696 5386; x_wconf 90' lang='lat' dir='ltr'><strong>hunc</strong></span> <span class='ocrx_word' id='word_1_925' title='bbox 2720 5329 2978 5401; x_wconf 89' lang='lat' dir='ltr'><strong>Spiritum</strong></span> <span class='ocrx_word' id='word_1_926' title='bbox 3024 5332 3323 5401; x_wconf 66' lang='lat' dir='ltr'><strong>sapientiai,</strong></span> <span class='ocrx_word' id='word_1_927' title='bbox 3372 5338 3430 5387; x_wconf 88' lang='lat' dir='ltr'><strong>et</strong></span> <span class='ocrx_word' id='word_1_928' title='bbox 3479 5330 3805 5392; x_wconf 85' lang='lat' dir='ltr'><strong>intellectus,</strong></span> 
     </span>
    </p>
   </div>
   <div class='ocr_carea' id='block_1_115' title="bbox 2219 5422 3808 5491">
    <p class='ocr_par' dir='ltr' id='par_1_115' title="bbox 2219 5422 3808 5491">
     <span class='ocr_line' id='line_1_115' title="bbox 2219 5422 3808 5491; baseline -0.003 -13"><span class='ocrx_word' id='word_1_929' title='bbox 2219 5423 2476 5491; x_wconf 89' lang='lat' dir='ltr'><strong>Spiritum</strong></span> <span class='ocrx_word' id='word_1_930' title='bbox 2507 5422 2741 5487; x_wconf 88' lang='lat' dir='ltr'><strong>consilii,</strong></span> <span class='ocrx_word' id='word_1_931' title='bbox 2785 5433 2839 5477; x_wconf 92' lang='lat' dir='ltr'><strong>et</strong></span> <span class='ocrx_word' id='word_1_932' title='bbox 2865 5423 3098 5486; x_wconf 90' lang='lat' dir='ltr'><strong>virtutis,</strong></span> <span class='ocrx_word' id='word_1_933' title='bbox 3144 5423 3404 5489; x_wconf 87' lang='lat' dir='ltr'><strong>Spiritum</strong></span> <span class='ocrx_word' id='word_1_934' title='bbox 3451 5423 3713 5484; x_wconf 69' lang='lat' dir='ltr'><strong>scientiae,</strong></span> <span class='ocrx_word' id='word_1_935' title='bbox 3750 5430 3808 5475; x_wconf 89' lang='lat' dir='ltr'><strong>et</strong></span> 
     </span>
    </p>
   </div>
   <div class='ocr_carea' id='block_1_116' title="bbox 2218 5510 3805 5585">
    <p class='ocr_par' dir='ltr' id='par_1_116' title="bbox 2218 5510 3805 5585">
     <span class='ocr_line' id='line_1_116' title="bbox 2218 5510 3805 5585; baseline -0.004 -16"><span class='ocrx_word' id='word_1_936' title='bbox 2218 5516 2451 5585; x_wconf 89' lang='lat' dir='ltr'><strong>pietatis,</strong></span> <span class='ocrx_word' id='word_1_937' title='bbox 2491 5514 2754 5583; x_wconf 92' lang='lat' dir='ltr'><strong>Spiritum</strong></span> <span class='ocrx_word' id='word_1_938' title='bbox 2806 5513 3017 5567; x_wconf 87' lang='lat' dir='ltr'><strong>timoris</strong></span> <span class='ocrx_word' id='word_1_939' title='bbox 3044 5512 3254 5568; x_wconf 91' lang='lat' dir='ltr'><strong>Domini</strong></span> <span class='ocrx_word' id='word_1_940' title='bbox 3294 5514 3345 5567; x_wconf 91' lang='lat' dir='ltr'><strong>in</strong></span> <span class='ocrx_word' id='word_1_941' title='bbox 3387 5528 3549 5567; x_wconf 89' lang='lat' dir='ltr'><strong>manu</strong></span> <span class='ocrx_word' id='word_1_942' title='bbox 3583 5510 3805 5580; x_wconf 79' lang='lat' dir='ltr'><strong>imposi-</strong></span> 
     </span>
    </p>
   </div>
   <div class='ocr_carea' id='block_1_117' title="bbox 2215 5600 3807 5673">
    <p class='ocr_par' dir='ltr' id='par_1_117' title="bbox 2215 5600 3807 5673">
     <span class='ocr_line' id='line_1_117' title="bbox 2215 5600 3807 5673; baseline -0.006 -10"><span class='ocrx_word' id='word_1_943' title='bbox 2215 5607 2377 5663; x_wconf 89' lang='lat' dir='ltr'><strong>tionis</strong></span> <span class='ocrx_word' id='word_1_944' title='bbox 2402 5606 2653 5662; x_wconf 70' lang='lat' dir='ltr'><strong>chrisma:</strong></span> <span class='ocrx_word' id='word_1_945' title='bbox 2682 5603 2943 5673; x_wconf 89' lang='lat' dir='ltr'><strong>consequi</strong></span> <span class='ocrx_word' id='word_1_946' title='bbox 2993 5614 3293 5671; x_wconf 88' lang='lat' dir='ltr'><strong>merentur,</strong></span> <span class='ocrx_word' id='word_1_947' title='bbox 3335 5617 3495 5673; x_wconf 88' lang='lat' dir='ltr'><strong>quem</strong></span> <span class='ocrx_word' id='word_1_948' title='bbox 3540 5601 3610 5655; x_wconf 91' lang='lat' dir='ltr'><strong>de</strong></span> <span class='ocrx_word' id='word_1_949' title='bbox 3655 5600 3807 5655; x_wconf 89' lang='lat' dir='ltr'><strong>unita</strong></span> 
     </span>
    </p>
   </div>
   <div class='ocr_carea' id='block_1_118' title="bbox 2215 5691 3805 5767">
    <p class='ocr_par' dir='ltr' id='par_1_118' title="bbox 2215 5691 3805 5767">
     <span class='ocr_line' id='line_1_118' title="bbox 2215 5691 3805 5767; baseline -0.004 -12"><span class='ocrx_word' id='word_1_950' title='bbox 2215 5698 2550 5767; x_wconf 82' lang='lat' dir='ltr'><strong>plenitudine</strong></span> <span class='ocrx_word' id='word_1_951' title='bbox 2569 5696 2862 5755; x_wconf 83' lang='lat' dir='ltr'><strong>divinitatis</strong></span> <span class='ocrx_word' id='word_1_952' title='bbox 2887 5696 3185 5755; x_wconf 83' lang='lat' dir='ltr'><strong>consistere</strong></span> <span class='ocrx_word' id='word_1_953' title='bbox 3215 5710 3321 5755; x_wconf 91' lang='lat' dir='ltr'><strong>non</strong></span> <span class='ocrx_word' id='word_1_954' title='bbox 3346 5693 3671 5767; x_wconf 68' lang='lat' dir='ltr'><strong>conﬁtetur?</strong></span> <span class='ocrx_word' id='word_1_955' title='bbox 3694 5691 3805 5748; x_wconf 71' lang='lat' dir='ltr'><strong>lto-</strong></span> 
     </span>
    </p>
   </div>
  </div>
