3958 6176
207 327 299 383 285

1430 327 1508 384 ΠΣ
1548 326 1921 383 ΤΠΙΝΙΤΑΤΕ
1966 328 2093 384 LIB.
2139 331 2269 386 VIII.

3367 338 3473 393 “283

210 455 286 509 go,
323 451 430 491 non
462 435 672 505 legistis
697 437 1001 505 apostolum
1030 434 1247 489 Petrum
1280 436 1457 491 claves
1485 440 1637 508 regni
1677 453 1786 493 ete-
1819 443 1864 500 Α
1893 442 2065 497 adhuc
2096 444 2227 497 nihil
2277 455 2329 500 te
2376 458 2679 503 commovet
2724 449 2791 503 de
2833 450 2913 505 his
2944 465 3062 519 qua:
3111 452 3356 520 superius
3385 469 3474 507 se-

210 528 368 585 lorum
398 526 715 592 habentem,
749 526 966 579 Anania:
986 525 1224 581 dixisse:
1251 526 1422 590 Quare
1441 526 1666 582 Satanas
1691 530 1788 581 im-

211 619 354 687 plevit
374 633 466 671 cor
493 628 638 670 tuum
658 618 729 670 ad
757 618 1103 671 mentiendum
1126 616 1352 687 Spiritui
1377 621 1596 671 sancto?
1626 620 1688 673 Et
1714 620 1790 674 sic

212 719 516 782 prosecutus
546 710 707 781 265
730 718 813 764 est
835 725 849 762 :
870 707 991 762 Non
1012 710 1253 763 mentitus
1279 724 1331 762 es
1355 708 1675 775 hominibus,
1700 714 1790 764 sed

212 802 333 865 Deo,
359 801 405 855 si
433 814 534 854 vos
562 814 685 854 eum
716 799 882 853 Deum
914 813 1095 853 verum
1128 813 1249 854 esse
1269 800 1517 868 negatis?
1552 801 1719 869 Rogo,
1744 802 1788 854 si

214 895 340 949 Deus
369 907 481 946 non
510 901 649 956 erat,
681 900 742 945 ut
761 890 961 957 dicitis,
993 890 1077 944 hic
1102 890 1386 960 paraclitus
1416 890 1664 960 Spiritus,
1694 908 1791 947 cur

212 986 299 1041 sibi
331 994 539 1039 tantam
571 984 945 1039 auctoritatem
975 984 1334 1052 praesumebat
1367 984 1432 1037 ad
1476 984 1786 1054 discipulos,

213 1079 423 1133 dicens:
457 1077 741 1148 Segregate
781 1076 907 1129 mihi
937 1073 1184 1140 Paulum,
1230 1084 1276 1128 et
1310 1074 1623 1140 Barnabam,
1663 1092 1791 1144 quos

213 1169 329 1238 elegi
356 1170 411 1220 in
438 1182 572 1237 opus
595 1167 864 1220 ministerii
891 1168 944 1219 in
972 1182 1071 1234 quo
1100 1166 1353 1233 assumpsi
1380 1181 1468 1219 eos
1506 1166 1642 1234 (Act.
1674 1182 1787 1230 xm,

215 1261 295 1330 2)?
328 1259 495 1313 Vides
521 1259 646 1327 quia
672 1258 814 1312 Deus
838 1265 922 1312 est
967 1258 1057 1326 qui
1081 1258 1398 1326 segregavit,
1442 1268 1496 1311 et
1518 1259 1603 1325 qui
1628 1258 1792 1327 elegit

216 1353 261 1407 in
286 1365 424 1421 opus
462 1350 767 1414 ministerii,
822 1349 875 1403 in
915 1363 1021 1418 quo
1056 1358 1111 1403 et
1138 1349 1427 1417 assumpsit
1467 1363 1582 1402 eos.
1617 1349 1787 1416 Rogo.

215 1444 656 1518 quemadmodum
685 1443 803 1496 haec
830 1442 976 1496 unita
1008 1441 1281 1508 plenitudo
1303 1442 1497 1495 divinas
1515 1441 1792 1495 Trinitatis

216 1556 241 1594 s
266 1538 417 1593 vobis
446 1536 727 1600 dividitur,
772 1549 894 1589 cum
933 1548 1069 1593 unus
1106 1532 1161 1586 in
1192 1548 1318 1597 uno,
1365 1541 1455 1587 aut
1482 1542 1627 1587 certe
1656 1548 1790 1585 unus

216 1632 262 1685 in
288 1632 532 1699 utrisque
574 1628 873 1683 consistere
916 1627 1055 1680 inter
1091 1640 1150 1681 se
1193 1625 1570 1681 declarentur?
1617 1627 1786 1694 Rogo,

216 1723 292 1775 ubi
321 1737 430 1775 una
466 1722 605 1774 ﬁdes
635 1734 756 1774 esse
783 1719 1103 1781 ostenditur,
1138 1716 1185 1771 si
1212 1718 1536 1787 sempiterna
1558 1717 1791 1771 Trinitas

1892 534 2124 587 cundum
2158 535 2451 605 Scriptum
2494 541 2850 594 rectissimam
2899 542 3093 597 lineam
3137 545 3201 597 ad
3231 542 3473 597 ordinem

1892 625 1986 679 tibi
2016 625 2303 695 diligenter
2332 631 2553 695 exposui
2573 673 2586 692 ,
2610 632 2811 699 optime
2840 633 3156 700 Theophile,
3188 644 3244 689 ut
3276 649 3477 703 cogno-

1892 730 2010 769 scas
2042 717 2359 784 verborum,
2391 720 2457 774 de
2489 723 2684 790 quibus
2711 726 2817 790 jam
2854 725 3099 793 superius
3126 726 3367 780 eruditus
3393 743 3472 790 cs,

1892 810 2171 864 veritatem
2198 826 2213 865 :
2243 812 2333 865 Ait
2361 816 2826 885 psalmographus,
2858 817 2967 871 imo
3006 832 3276 887 praesagus
3306 818 3473 887 Spiri-

1893 910 1977 952 Ius
2014 916 2108 968 per
2147 902 2614 972 psalmographum
2646 923 2660 959 :
2696 906 2860 961 Verbo
2903 908 3108 962 Domini
3137 912 3248 963 cazli
3286 911 3475 976 ﬁrmati

1891 1003 2040 1057 sunt,
2064 1003 2110 1047 et
2142 995 2344 1062 Spiritu
2387 998 2491 1050 oris
2528 1001 2640 1069 ejus
2668 1000 2833 1054 omnis
2878 1002 3039 1054 virtus
3083 1017 3255 1055 eorum
3298 1001 3470 1070 (Psol.

1892 1101 2071 1151 χχιιι,
2102 1086 2180 1153 6).
2212 1086 2406 1155 Utique
2427 1088 2611 1145 dicens
2635 1089 2897 1159 Verbum,
2927 1091 3119 1146 Filium
3146 1094 3472 1148 declaravit:

1895 1178 2175 1231 Dominum
2206 1188 2384 1233 autem
2418 1180 2630 1235 Patrem
2659 1183 2775 1251 ejus
2814 1185 3096 1249 indicavit,
3138 1196 3190 1241 ct
3218 1176 3473 1255 Spiritum

1892 1270 2001 1322 oris
2040 1270 2179 1334 ejus,
2211 1270 2466 1339 Spiritum
2515 1274 2865 1341 principalem
2898 1290 3017 1331 esse
3059 1278 3470 1331 demonstravit.

1897 1359 2054 1413 \‘ides
2085 1374 2244 1428 quam
2288 1360 2525 1416 breviter
2564 1378 2660 1431 per
2698 1366 2939 1433 singulas
2977 1368 3395 1436 signiﬁcationes
3426 1371 3477 1421 in

1894 1449 2135 1514 personis
2168 1449 2344 1504 inesse
2384 1450 2657 1516 distinxit,
2691 1453 2740 1506 id
2774 1465 2854 1508 est
2906 1456 3135 1510 Verbum
3158 1497 3172 1521 ,
3204 1466 3257 1510 ct
3300 1457 3476 1510 Domi-

1895 1555 2049 1603 num,
2071 1549 2123 1595 et
2144 1541 2432 1607 Spiritum;
2464 1553 2517 1597 et
2544 1542 2743 1598 unitam
2776 1548 3144 1613 operationem
3174 1550 3225 1601 in
3255 1548 3335 1602 his
3357 1563 3477 1603 esse

1892 1634 2162 1687 ostendit?
2190 1632 2319 1687 Nam
2350 1635 2395 1689 si
2439 1644 2491 1689 te
2530 1636 2705 1691 adhuc
2752 1639 2803 1691 in
2834 1640 3011 1708 aliquo
3048 1640 3368 1709 ambiguitas
3400 1650 3478 1694 te~

1895 1731 2016 1787 net,
2047 1724 2236 1777 eadem
2283 1726 2396 1792 ipsa
2443 1737 2649 1795 repeto.
2680 1727 2776 1781 Ubi
2825 1730 2985 1799 233
3023 1730 3125 1796 ait,
3166 1729 3329 1783 Verbo
3370 1729 3477 1785 Doo

216 1814 341 1881 apud
368 1828 468 1868 eos
496 1812 676 1866 uniter
716 1825 837 1866 esse
864 1825 971 1864 non
1002 1809 1294 1876 accipitur?
1335 1808 1443 1863 Cur
1470 1809 1663 1878 legitis,
1708 1808 1789 1862 Ea:
1821 1814 1862 1874 Β
1893 1815 2047 1877 mini,
2077 1830 2179 1867 non
2207 1829 2396 1868 sonum
2429 1818 2573 1873 vocis
2608 1817 3154 1873 inconsubstantivum
3184 1835 3305 1875 esse
3334 1822 3477 1875 acci-

214 1910 334 1978 ipso,
365 1918 413 1961 et
438 1922 531 1975 per
557 1908 753 1975 ipsum,
785 1914 831 1958 et
858 1905 911 1957 in
941 1905 1052 1973 ipso
1076 1903 1256 1973 (Rom.
1280 1918 1354 1966 XI,
1379 1900 1471 1971 35)
1501 1901 1545 1955 si
1574 1901 1788 1955 unitatis

215 2017 397 2055 nomen
425 2002 479 2053 in
511 1999 714 2053 deitate
743 1997 1019 2051 Trinitatis
1045 1993 1302 2058 dividitis,
1349 2002 1399 2048 et
1429 1993 1627 2047 unitam
1661 2007 1786 2061 ope-

214 2095 466 2147 rationem
509 2105 702 2144 eorum
736 2089 789 2143 in
822 2090 1023 2143 factura
1051 2102 1170 2142 esse
1197 2087 1441 2156 negatis?
1483 2086 1650 2152 Rogo,
1682 2102 1785 2141 non

216 2186 404 2254 legistis
434 2184 754 2253 Apostolum
799 2182 1016 2249 dixisse,
1065 2180 1148 2235 Ea:
1179 2181 1318 2245 Deo,
1366 2196 1536 2233 coram
1560 2178 1690 2245 Deo,
1733 2179 1789 2231 in

216 2275 402 2329 Christo
426 2276 693 2345 loquimur
715 2272 798 2343 (II
824 2274 946 2327 Cor.
970 2289 1025 2336 ιι,
1056 2274 1166 2342 17),
1197 2273 1248 2327 id
1273 2281 1444 2326 estex
1480 2273 1590 2325 Deo
1610 2272 1785 2336 Patre,

215 2378 260 2421 et
282 2382 461 2421 coram
496 2367 608 2420 Deo
654 2374 840 2419 sancto
866 2364 1091 2433 Spiritu,
1145 2364 1197 2417 in
1248 2363 1465 2439 Christo
1509 2362 1645 2416 Filio
1696 2362 1790 2417 Dei

217 2460 574 2513 testimonium
618 2456 1011 2526 praedicamus?
1072 2455 1180 2509 Cur
1217 2454 1394 2525 legitis
1438 2453 1791 2521 historiogra-

217 2553 362 2620 pbum
394 2552 637 2621 Moysem
664 2550 947 2615 indicasse,
982 2548 1049 2603 Et
1076 2549 1205 2602 dixit
1226 2547 1388 2612 Deus,
1414 2556 1461 2600 et
1491 2545 1609 2617 fecit
1632 2545 1787 2609 Deus,

216 2657 255 2697 et
280 2644 537 2697 benedixit
568 2640 710 2696 Deus
737 2642 890 2712 (Gen.
926 2642 989 2709 I),
1022 2642 1065 2694 si
1102 2640 1203 2693 hoc
1229 2639 1380 2693 unito
1409 2638 1628 2691 nomine
1656 2636 1791 2690 divi-

216 2737 390 2790 nitatis
422 2735 603 2789 uniter
625 2742 904 2803 operatum
936 2731 1100 2787 fuisse
1132 2747 1236 2785 non
1261 2728 1536 2799 accipitis?

276 2832 642 2903 Interrogatio.
670 2830 847 2899 Itaque
875 2827 1322 2898 quemadmodum
1352 2824 1644 2881 multilarie
1674 2825 1792 2879 uni-

213 2933 311 2977 tum
340 2939 543 2979 nomen
571 2923 847 2976 Trinitatis
879 2921 1007 2975 mihi
1039 2921 1211 2990 palam
1247 2919 1419 2974 feciin
1445 2936 1469 2989 :1
1504 2921 1547 2974 si
1579 2932 1705 2989 ergo
1738 2924 1795 2971 et

214 3017 380 3068 omnia
420 3014 600 3068 uniter
629 3014 711 3067 sic
748 3012 800 3066 hi
839 3012 1105 3076 fecerunt,
1142 3010 1256 3064 haec
1285 3009 1425 3064 dicta
1456 3008 1524 3064 de
1561 3010 1794 3063 auctori-

214 3115 309 3160 tate
336 3116 398 3159 ut
427 3105 603 3160 adhuc
624 3105 745 3174 jure
773 3105 1060 3158 conﬁrmes
1088 3102 1320 3172 postulo.

1892 1910 2035 1976 pias,
2068 1923 2221 1975 quem
2264 1908 2307 1961 si
2353 1909 2557 1962 validus
2600 1913 2720 1977 quis
2763 1911 3005 1966 emiserit
3050 1913 3117 1966 de
3162 1914 3467 1974 montibus,

1889 1998 2027 2051 solet
2063 2011 2317 2051 reso:sare
2345 1998 2521 2052 echo:
2552 2000 2707 2067 cujus
2750 2010 2955 2055 tantum
2990 2003 3041 2055 in
3070 2002 3347 2069 phantasia
3380 2019 3477 2055 au-

1890 2089 2030 2142 ditus
2061 2098 2143 2143 est
2181 2091 2506 2155 resonantis,
2542 2092 2634 2145 sed
2673 2092 2845 2146 lactus
2876 2094 3078 2147 nullus.
3106 2093 3250 2148 Sane
3281 2093 3347 2148 de
3379 2095 3479 2148 hoc

1890 2183 2053 2234 verbo
2096 2181 2299 2236 Domini
2353 2184 2522 2236 nostri
2563 2184 2777 2252 oPaIris,
2810 2187 2897 2255 qui
2942 2198 3023 2241 est
3072 2187 3219 2241 salus
3264 2196 3478 2249 nostra,

1890 2271 2029 2324 sicut
2059 2270 2254 2340 ubique
2292 2272 2487 2327 divinae
2521 2273 2812 2341 Scriptum
2850 2285 3131 2342 testantur,
3161 2277 3282 2347 quia
3317 2277 3480 2331 Filius

1893 2364 1984 2417 Dei
2026 2364 2165 2417 Deus
2204 2374 2288 2419 est
2330 2366 2731 2437 subSIanIivus,
2779 2385 2872 2438 per
2914 2386 3072 2440 quem
3115 2372 3291 2424 omnia
3344 2370 3479 2425 facta

1888 2465 2035 2513 sunt.
2083 2458 2223 2526 Ergo
2268 2459 2389 2527 quia
2441 2459 2620 2513 dixit:
2662 2461 2826 2515 Verbo
2876 2463 3082 2517 Domini
3129 2464 3243 2516 caeli
3288 2464 3481 2532 [irritati

1890 2558 2036 2617 sunt,
2066 2560 2112 2604 et
2145 2550 2346 2617 Spiritu
2376 2554 2477 2606 oris
2518 2554 2630 2623 ejus
2672 2556 2836 2607 omnis
2875 2556 3038 2608 virtus
3080 2571 3250 2608 eorum
3296 2554 3476 2626 (Psal.

1893 2658 2072 2707 χχιιι,
2100 2642 2191 2713 6),
2219 2658 2482 2713 cognosce
2530 2645 2630 2699 hoc
2664 2645 2892 2700 Verbum
2938 2648 3326 2701 substantivum
3371 2661 3475 2700 non

1892 2732 2106 2787 aliunde
2144 2749 2306 2803 quam
2348 2733 2416 2789 de
2462 2734 2619 2790 Patre
2660 2736 2874 2805 proprie
2916 2747 3099 2789 natum
3142 2737 3341 2790 fuisse:
3382 2737 3476 2789 sed

1892 2834 1947 2878 et
1975 2822 2229 2892 Spiritum
2256 2824 2366 2879 oris
2390 2820 2525 2892 ejtis,
2554 2841 2675 2879 eum
2705 2826 2961 2894 Spiritum
2992 2827 3163 2889 dixit,
3194 2826 3283 2896 qui
3321 2826 3388 2881 de
3419 2843 3478 2882 se

1893 2915 2005 2986 ipsa
2036 2916 2181 2971 unita
2222 2917 2517 2971 substantia
2548 2918 2848 2987 processit,
2882 2917 3022 2972 sicut
3059 2928 3275 2971 cautum
3320 2919 3474 2973 inve-

1893 3008 2090 3077 nimus,
2120 3023 2222 3063 non
2253 3024 2323 3062 ex
2352 3010 2451 3062 alia
2480 3019 2668 3062 natura
2701 3024 2856 3078 quam
2886 3008 2953 3062 de
2981 3008 3096 3076 ipsa
3123 3025 3133 3060 :
3168 3022 3231 3062 ac
3260 3023 3354 3077 per
3379 3002 3501 3062 hoc'

1894 3099 2043 3154 unita
2069 3109 2153 3154 est
2181 3100 2373 3166 Patris,
2404 3099 2559 3163 Filii,
2588 3110 2641 3155 et
2672 3099 2904 3168 Spiritus
2931 3098 3103 3153 sancti
3143 3099 3438 3153 substantia
3464 3141 3479 3165 ,

277 3196 587 3266 Responsio.
621 3196 758 3250 Audi
798 3209 940 3249 nunc
983 3210 1145 3248 unum
1189 3195 1257 3248 de
1286 3192 1467 3248 multis
1515 3192 1787 3261 pertinens
1817 3185 1864 3250 C
1894 3206 2052 3262 quam
2085 3190 2259 3247 Graeci
2298 3190 2484 3245 dicunt
2513 3186 2705 3245 usiam.
2736 3189 2844 3246 Sed
2872 3199 2926 3247 et
2952 3191 3101 3245 unita
3140 3199 3220 3245 est
3245 3190 3483 3259 ejusdem

211 3290 529 3359 exemplum.
561 3288 831 3343 Hem’ento
875 3296 994 3357 post
1040 3287 1178 3341 hanc
1217 3296 1416 3341 tantam
1468 3284 1789 3340 satisfactio-

212 3395 353 3447 nem,
394 3381 675 3449 hucusque
703 3380 808 3435 erit
836 3378 958 3432 ﬁnis
1000 3393 1179 3433 sermo
1217 3378 1470 3433 dicentis.
1516 3377 1572 3432 Si
1611 3386 1789 3430 tamen

1894 3284 2173 3340 Trinitatis
2201 3282 2444 3354 operatio
2475 3283 2530 3337 in
2561 3283 2787 3361 iactura.

1106 3535 1649 3644 LIBER
1750 3534 2612 3644 θοΤΑνιΓδ.

1538 3676 1631 3735 De
1664 3673 1853 3735 Fidei
1881 3678 2145 3737 unitate.

1654 3791 1716 3825 AD
1733 3788 2047 3825 τιιεονιιιιωι.

271 3915 433 3971 Fides
461 3914 621 3969 unius
649 3912 963 3967 substantiae
992 3909 1266 3966 Trinitatis
1297 3910 1411 3963 haec
1441 3916 1553 3975 est,
1592 3907 1785 3969 Patris,

211 4018 257 4060 rt
293 4009 446 4073 Filii,
480 4017 535 4062 et
580 4008 813 4075 Spiritus
857 4005 1061 4069 sancti,
1093 4003 1212 4059 sine
1258 4004 1411 4058 initio
1454 4012 1787 4069 temporum,

209 4114 360 4166 super
392 4114 611 4153 omnem
638 4114 853 4152 sensum
881 4108 935 4151 et
963 4112 1266 4151 sermonem
1293 4106 1345 4150 et
1375 4095 1654 4164 spiritum,
1688 4108 1790 4147 una

210 4192 393 4253 virtus,
421 4207 560 4243 unus
593 4191 733 4243 Dens
760 4208 773 4241 :
803 4188 905 4242 tria
934 4203 1062 4242 vero
1086 4188 1375 4248 vocabula,
1403 4202 1505 4241 una
1537 4194 1792 4254 potestas,

211 4284 445 4337 nascitur
490 4284 581 4336 ltei
630 4281 861 4334 Verbum
911 4279 977 4333 de
1025 4278 1187 4333 Maria
1236 4278 1486 4348 Virgine,
1526 4278 1794 4344 accipiens

214 4390 405 4441 corpus
436 4374 695 4429 animale.
731 4372 836 4426 Sed
866 4371 980 4441 ipse
1010 4385 1201 4425 sensus
1227 4385 1333 4423 non
1373 4369 1684 4439 prmcellcns
1713 4370 1795 4423 est

216 4466 300 4520 Dei
332 4466 595 4521 Verbum.
626 4465 740 4519 Non
772 4463 1190 4534 comprehensus
1221 4476 1250 4514 a
1277 4477 1439 4516 earn».
1470 4476 1665 4524 sermo,
1700 4460 1793 4515 sed

216 4560 263 4611 in
285 4574 450 4613 carne
479 4569 534 4612 et
561 4572 725 4627 super
752 4572 998 4623 carnem,
1036 4556 1175 4610 sicut
1205 4554 1346 4608 Deus
1384 4557 1667 4621 pnescius,
1709 4552 1799 4607 Dei

215 4650 406 4714 virzus,
439 4650 533 4704 Dei
567 4650 785 4704 veritas.
822 4648 1015 4701 Passus
1059 4657 1237 4701 autem
1280 4645 1565 4698 humanam
1600 4643 1800 4710 passio-

214 4755 374 4792 nem:
411 4754 591 4793 sermo
639 4738 731 4792 Dei
769 4736 1131 4805 impassibilis.
1174 4736 1241 4789 Et
1284 4737 1335 4789 in
1386 4735 1633 4805 passione
1679 4734 1799 4804 qui-

212 4832 334 4885 dem
381 4845 584 4899 corpus
625 4828 873 4892 moritur,
904 4837 961 4881 ut
988 4827 1221 4881 vivilicet
1257 4825 1677 4896 protoplastum,
1713 4823 1802 4893 qui

211 4921 486 4976 ceciderat
514 4937 611 4989 per
642 4920 1079 4976 inobcdientiam.
1128 4920 1284 4989 267
1317 4919 1361 4973 0
1410 4919 1590 4979 homo,
1633 4915 1804 4970 deita-

210 5024 314 5067 tem
346 4998 573 5082 q't’tmris,
602 5013 847 5080 vitupero
879 5018 931 5064 te
958 5028 970 5062 :
1006 5012 1049 5063 si
1081 5010 1279 5073 credis,
1313 5009 1451 5063 bene
1482 5007 1635 5062 facis.
1663 5006 1799 5061 Cre-

209 5108 337 5162 dere
370 5106 470 5160 tibi
498 5106 706 5174 jussum
736 5114 847 5170 est,
895 5120 998 5159 non
1029 5106 1302 5158 discutere
1335 5104 1652 5171 permissum
1697 5110 1800 5156 est.

210 5198 262 5255 Si
294 5208 484 5253 autem
515 5198 760 5263 discutis,
790 5206 844 5251 et
885 5196 1039 5260 dicis,
1081 5195 1361 5261 Quomodo
1403 5192 1596 5246 Pater?
1629 5193 1697 5247 de
1726 5194 1805 5247 lu-

212 5295 356 5347 mine
407 5291 685 5356 excidisti;
718 5299 772 5344 et
798 5290 841 5344 si
886 5288 1109 5352 dixeris,
1154 5286 1434 5354 Quomodo
1476 5284 1678 5340 Filius?
1707 5301 1800 5341 oc-

208 5395 391 5439 curret
423 5383 521 5437 tibi
557 5397 738 5437 sermo
767 5381 1126 5450 protilteticus,
1153 5382 1338 5434 dicens
1364 5396 1375 5431 :
1409 5376 1801 5431 Generationem

209 5480 317 5544 eius
358 5477 484 5545 quis
519 5473 779 5528 enarrabit
831 5473 968 5544 (Act.
993 5488 1112 5537 VIII,
1138 5470 1267 5542 35)?
1294 5471 1427 5527 Vide
1456 5487 1584 5541 ergo
1629 5486 1695 5524 ne
1733 5469 1803 5524 si-

209 5568 415 5621 militer
443 5564 663 5619 excidas
687 5579 717 5617 a
746 5564 984 5618 lumine:
1018 5578 1174 5618 nemo
1200 5564 1344 5617 enim
1393 5563 1542 5617 novit
1586 5562 1801 5616 Patrem

211 5662 311 5713 nisi
346 5657 547 5724 Filius,
576 5671 751 5727 neque
784 5656 971 5711 Filium
1004 5656 1102 5711 nisi
1137 5658 1313 5711 l‘atcr.
1355 5656 1456 5722 Qui
1497 5666 1606 5711 tres
1638 5659 1803 5711 virtu-

212 5758 290 5807 tes
322 5751 569 5819 inducit,
600 5759 713 5807 tres
761 5749 891 5807 deos
929 5750 1237 5807 conﬁtetur.
1265 5748 1371 5807 Nos
1408 5761 1584 5806 autem
1631 5751 1801 5806 credi-

1893 3920 2013 3959 mus
2043 3914 2154 3961 tres
2200 3920 2480 3975 personas,
2529 3923 2689 3962 unam
2723 3909 3000 3970 deitatem.
3046 3910 3270 3976 Quando
3313 3919 3489 3966 autem

1896 4000 2259 4055 nominaveris
2310 4000 2557 4065 Patrem,
2599 4000 2864 4054 clariﬁcas
2906 4002 3135 4055 Filium:
3180 4010 3234 4057 et
3275 4002 3490 4071 quando

1898 4093 2260 4148 nominaveris
2286 4093 2478 4147 Filium
2498 4133 2512 4157 ,
2538 4096 2732 4147 adoras
2762 4093 2998 4147 Patrem.
3029 4094 3085 4149 Si
3112 4095 3303 4148 iterum
3328 4109 3488 4147 unam

1898 4197 2186 4254 personam
2209 4184 2489 4239 Trinitatis
2512 4184 2763 4252 dicimus,
2787 4185 3143 4254 jndaizamus,
3169 4185 3289 4254 quia
3318 4184 3491 4237 Judmi

1904 4292 2065 4331 uuam
2095 4290 2381 4346 personam
2414 4277 2628 4343 dicunt,
2654 4286 2709 4331 et
2733 4292 2893 4329 unum
2928 4276 3093 4329 Deum
3138 4276 3485 4329 conﬁtentur.

1903 4368 1959 4424 Si
1992 4378 2100 4424 tres
2136 4369 2270 4424 deos
2296 4369 2617 4435 inducimus,
2643 4368 2845 4423 similes
2868 4384 3051 4423 sumus
3080 4363 3349 4439 gentibus.
3386 4368 3492 4424 Sed

1903 4461 2225 4515 conﬁtemur
2254 4461 2465 4515 Patrem
2497 4462 2549 4514 in
2585 4461 2741 4526 Filio,
2770 4469 2824 4516 et
2857 4461 3043 4515 Filium
3088 4463 3139 4514 in
3170 4462 3325 4515 Patre
3367 4476 3488 4515 cum

1905 4551 2110 4620 Spiritu
2156 4564 2367 4606 saneto.
2400 4552 2517 4606 Non
2561 4562 2840 4623 separatur
2870 4555 3071 4618 unitas,
3104 4568 3209 4607 non
3242 4534 3495 4608 dividitur

1905 4645 2105 4709 deitas;
2155 4645 2295 4699 Deus
2318 4661 2382 4698 ex
2411 4644 2543 4711 Deo,
2579 4661 2682 4699 non
2711 4646 2815 4699 duo
2841 4646 2910 4698 dii
2939 4664 2950 4698 :
2984 4647 3152 4699 virtus
3180 4662 3243 4699 ex
3273 4646 3493 4712 virtute,

1905 4739 2000 4793 sed
2030 4753 2131 4792 una
2164 4737 2333 4791 virtus
2360 4754 2373 4789 :
2410 4738 2586 4791 lumen
2614 4738 2681 4791 de
2712 4739 2935 4801 lumine,
2965 4736 3057 4790 scd
3086 4753 3247 4791 unum
3276 4737 3453 4791 lumen
3480 4751 3495 4789 :

1906 4830 2106 4885 veritas
2141 4844 2204 4884 ex
2250 4830 2497 4894 veritate,
2525 4827 2620 4883 sed
2661 4843 2768 4882 una
2806 4829 3042 4882 veritas:
3076 4828 3227 4884 tesﬁs
3270 4844 3375 4883 non
3416 4837 3500 4883 est

1907 4923 2102 4978 (mlum
2122 4964 2135 4989 ,
2164 4937 2267 4976 non
2296 4931 2461 4988 terra,
2487 4936 2590 4975 nou
2620 4936 2785 4983 mare,
2814 4937 2917 4975 non
2952 4921 3038 4975 lux
3058 4967 3072 4989 ,
3097 4937 3200 4975 non
3235 4921 3498 4993 tenebrte,

1911 5034 2014 5072 non
2038 5016 2232 5085 angeli,
2258 5032 2427 5084 neque
2456 5015 2786 5083 archangeli,
2820 5030 2992 5081 neque
3014 5014 3297 5081 cherubin,
3326 5029 3498 5084 neque

1914 5110 2165 5180 seraphin
2182 5151 2195 5175 ,
2224 5108 2319 5163 sed
2344 5118 2462 5163 crat
2482 5118 2606 5163 ante
2635 5107 2948 5177 principium
2984 5108 3149 5162 Filius
3173 5123 3293 5162 cum
3318 5107 3497 5160 Patre.

1910 5204 2077 5258 Nemo
2098 5201 2370 5272 cognoscit
2394 5200 2789 5269 innascibilem,
2809 5202 2908 5256 nisi
2931 5201 3018 5271 qui
3042 5211 3198 5257 natus
3218 5211 3300 5255 est
3317 5200 3383 5253 ab
3399 5213 3493 5253 eo:

1911 5297 2011 5349 scit
2033 5294 2173 5348 unde
2190 5295 2263 5348 sit
2286 5302 2471 5358 natus;
2502 5309 2673 5361 neque
2702 5294 3009 5348 nascihilem
3037 5293 3226 5362 aliquis
3249 5292 3367 5354 scit,
3394 5289 3496 5341 nisi

1913 5387 2002 5457 qui
2026 5385 2229 5456 genuit.
2256 5384 2414 5439 Pater
2436 5384 2539 5438 scit
2560 5400 2717 5453 quem
2738 5385 3003 5454 genuerit,
3023 5382 3266 5437 similiter
3285 5378 3497 5448 genitus

1910 5479 2209 5548 genitorem
2231 5478 2355 5542 scit,
2386 5477 2559 5532 Patris
2589 5479 2869 5532 consilium
2890 5486 2941 5530 et
2960 5473 3234 5543 sapientia,
3267 5487 3368 5526 una
3388 5474 3498 5525 vir-

1913 5579 2017 5633 tus,
2046 5580 2100 5623 et
2128 5584 2231 5623 una
2260 5569 2457 5623 Deitas.
2488 5568 2829 5623 Nativitatem
2858 5568 2976 5623 Filii
3004 5565 3093 5620 Dei
3120 5564 3349 5634 quaeris?
3381 5564 3500 5635 lege

1914 5662 2181 5730 propriam
2215 5663 2542 5716 nativitatem
2569 5676 2634 5715 ex
2663 5659 2865 5729 virgine
2896 5658 3086 5723 Maria;
3127 5658 3221 5712 sed
3250 5658 3499 5713 nativitas

1919 5752 2038 5807 Filii
2071 5752 2166 5809 Dei
2209 5762 2334 5807 ante
2367 5751 2683 5823 principium
2704 5790 2718 5817 ,
2758 5748 2897 5819 apud
2929 5748 3139 5806 Patrem
3182 5760 3282 5808 est.
3314 5748 3498 5806 Conﬁo
