3958 6176
558 298 662 355 287

1856 304 2079 359 γιωωι
2120 304 2486 361 TAPSENSIS

3716 308 3817 363 283

561 426 677 468 teor
701 419 844 470 enim
867 433 1031 472 unum
1056 418 1450 482 innaseihilem,
1470 427 1523 472 et
1548 431 1711 471 unum
1742 426 1942 470 natum.
1963 416 2136 471 Conﬁ-
2164 422 2213 481 Α
2246 418 2420 471 factus
2450 420 2651 487 carnis,
2680 419 2853 473 Patris
2878 422 3093 483 virtute,
3123 421 3224 474 hoc
3254 428 3337 474 est
3356 420 3516 474 Jesus
3542 419 3813 476 Christus.

556 512 672 559 teor
700 506 911 562 Patrem
934 510 1377 578 omnipotentem,
1405 510 1522 563 sine
1548 509 1723 574 initio,
1743 508 1861 561 sine
1889 508 2012 573 ﬁne,
2036 510 2125 577 qui

552 599 732 650 omnia
752 605 919 662 tenet,
942 609 994 652 et
1014 616 1041 651 a
1072 600 1215 653 nullo
1247 608 1486 662 tenetur;
1515 598 1692 652 omnia
1719 600 1998 666 gubernat,
2022 607 2076 651 et
2096 612 2125 651 a

552 686 702 741 nullo
716 688 1073 755 gubernatur;
1097 692 1276 743 Omnia
1311 690 1475 754 videt,
1504 690 1617 757 ipse
1646 701 1822 743 autem
1845 690 2125 743 invisibilis

547 786 653 832 est.
678 778 946 831 Conliteor
968 780 1149 834 .lcsum
1176 781 1448 835 Christum
1482 780 1671 834 Filium
1698 780 1814 845 Dei,
1837 796 1958 835 cum
1980 779 2123 832 omni

546 869 775 921 consilio
813 879 866 923 et
892 869 1088 925 virtute
1121 883 1354 938 paterna:
1384 873 1616 929 deitatis.
1647 873 1910 940 Quantam
1945 883 2121 927 autem

544 959 796 1012 virtutem
828 961 987 1016 habet
1034 964 1211 1029 Pater,
1256 974 1454 1019 tantam
1489 966 1647 1020 habet
1687 976 1742 1021 et
1787 965 1972 1020 Filius.
2006 964 2122 1020 Non

542 1047 861 1104 ditniuuitur
882 1053 1093 1120 genitus
1112 1054 1181 1108 ab
1200 1069 1265 1108 eo
1289 1057 1376 1124 qui
1408 1065 1490 1110 est
1517 1055 1867 1109 innaseihilis.
1895 1055 2125 1124 Spiritus

543 1153 762 1198 sanctus
789 1161 962 1215 neque
992 1158 1172 1211 natus,
1206 1163 1377 1218 neque
1405 1148 1763 1210 innascibilis.
1792 1165 1896 1202 non
1929 1148 2120 1212 factus,

541 1247 717 1302 neque
745 1245 980 1291 creatus.
1021 1238 1077 1293 Si
1115 1249 1293 1294 autem
1323 1239 1509 1294 dixero
1540 1250 1755 1304 natum,
1786 1240 1920 1293 duos
1958 1238 2125 1294 Filios

538 1332 718 1380 statuo
738 1341 801 1380 ex
824 1328 986 1398 263
1017 1344 1121 1382 uno
1149 1330 1335 1393 Patre,
1360 1340 1414 1383 et
1446 1346 1551 1383 non
1579 1346 1741 1384 unum
1770 1345 1837 1385 ex
1868 1345 1993 1397 uno,
2029 1339 2124 1384 aut

538 1416 711 1470 soluat
755 1433 819 1472 ex
863 1420 1001 1474 solo.
1033 1421 1138 1474 Aut
1166 1436 1303 1474 unus
1344 1421 1503 1476 Pater
1547 1437 1613 1475 ex
1654 1435 1760 1491 quo
1789 1423 1995 1486 omnia,
2031 1429 2124 1476 aut

537 1521 675 1560 unus
701 1506 859 1562 Jesus
886 1507 1131 1565 Christus
1179 1527 1276 1581 per
1312 1526 1469 1581 quem
1501 1514 1702 1567 omnia.
1747 1513 1817 1568 Et
1855 1514 1898 1566 si
1929 1513 2121 1569 dixero

540 1595 942 1661 iunascihilem,
970 1600 1079 1667 jam
1112 1614 1219 1655 non
1248 1618 1386 1656 unus
1415 1608 1571 1657 Pater
1599 1604 1939 1672 omnipotens
1968 1603 2120 1658 inna-

537 1689 770 1754 scibilis;
802 1692 895 1743 sed
939 1692 1074 1746 duos
1121 1692 1251 1747 deos
1280 1703 1477 1748 statuo.
1514 1694 1578 1747 Et
1618 1695 1662 1747 si
1707 1694 1897 1749 dixero
1944 1693 2112 1748 factu-

533 1795 674 1846 ram,
707 1783 980 1852 gentiliter
1007 1800 1189 1853 qumro
1217 1801 1231 1841 :
1264 1796 1448 1855 gentes
1473 1784 1616 1840 enim
1639 1785 1901 1840 facturam
1927 1801 2116 1841 manus

532 1872 789 1937 adorant,
819 1883 872 1927 et
904 1890 1009 1928 non
1050 1874 1304 1931 factorem
1344 1876 1466 1931 caeli
1505 1888 1559 1932 et
1596 1887 1776 1933 terrm.
1818 1876 1955 1943 Quid
1987 1892 2116 1947 ergo

531 1960 698 2016 habes
723 1963 971 2019 edicere?
999 1962 1347 2031 phantasma?
1369 1967 1524 2022 Absit
1547 1985 1559 2020 :
1584 1968 1838 2035 quoniam
1867 1966 2118 2036 blasphe-

530 2054 636 2106 mia
681 2055 912 2121 Spiritus
955 2058 1126 2111 sancti
1166 2072 1270 2110 nou
1303 2057 1627 2112 remittetur.
1658 2057 1940 2124 Quomodo
1985 2074 2113 2127 ergo

527 2142 634 2196 duo
662 2142 799 2211 ligna
829 2145 1114 2212 conjunc1a
1134 2185 1148 2209 ,
1183 2146 1345 2200 missa
1382 2146 1436 2201 in
1468 2145 1737 2201 fornacem
1778 2146 1938 2215 ignis,
1966 2156 2020 2201 et
2045 2147 2112 2201 de

528 2234 733 2290 duobus
764 2236 923 2305 lignis
966 2238 1212 2306 procedit
1242 2239 1457 2293 ﬂamma
1493 2239 1901 2309 inseparabilis;
1937 2241 2018 2294 sic
2046 2241 2114 2295 de

530 2326 702 2383 Patris
722 2339 778 2384 et
810 2328 925 2384 Filii
954 2330 1154 2385 virtute
1191 2332 1437 2401 procedit
1482 2333 1717 2404 Spiritus
1757 2343 1998 2398 sanctus,
2032 2333 2111 2402 ip-

527 2436 639 2476 sam
666 2422 915 2478 virtutem
936 2423 1151 2479 deitatis
1178 2425 1410 2491 habens;
1439 2428 1575 2481 sicut
1597 2427 1941 2481 beatissimus
1970 2427 2105 2479 Pau-

528 2514 609 2569 lus
640 2515 845 2583 posuit,
883 2514 1106 2569 dicens:
1140 2515 1398 2571 Mediator
1430 2517 1524 2572 Dei
1551 2528 1598 2571 et
1627 2518 1919 2584 hominum,
1953 2518 2104 2589 homo

526 2603 758 2660 Christus
786 2605 938 2661 Iesus
966 2606 1017 2675 (Ι
1052 2607 1185 2663 Tim.
1210 2624 1278 2675 tt,
1306 2610 1384 2678 5).
1416 2610 1532 2664 Non
1582 2611 1722 2665 Deus
1768 2611 1857 2663 Dei
1905 2609 2110 2665 media-

526 2705 630 2762 tor,
660 2714 823 2753 unum
864 2699 1007 2753 enim
1034 2710 1118 2754 est
1160 2716 1331 2771 usque
1358 2702 1423 2756 ad
1455 2702 1809 2766 Trinitatem;
1836 2701 1931 2756 sed
1960 2702 2110 2756 acci-

526 2788 680 2855 piens
700 2804 897 2859 corpus
921 2791 991 2846 de
1018 2792 1233 2862 virgine
1259 2793 1455 2860 Maria,
1490 2793 1718 2848 induens
1742 2803 1979 2848 veterem
2012 2793 2109 2847 ho-

526 2884 723 2939 minem
743 2927 758 2951 ,
787 2885 877 2956 qui
907 2884 1183 2941 ceciderat
1211 2900 1305 2956 per
1349 2886 1767 2942 inobedicntiam
1796 2904 1809 2939 :
1843 2886 2108 2941 mediator

2148 1829 2191 1888 Β
2219 1797 2285 1888 ΒῩ

2236 508 2458 574 Quando
2481 519 2658 563 autem
2686 512 2977 579 assumpsit
2999 511 3294 577 apostolos,
3317 512 3458 564 sicut
3484 512 3814 581 evangelista

2234 606 2480 661 testatur,
2515 609 2567 651 et
2594 600 2839 653 ascendit
2864 601 2917 653 in
2949 610 3182 655 montem
3223 601 3496 655 excelsum
3516 641 3530 665 ,
3561 612 3617 655 et
3646 612 3816 656 trans-

2232 689 2479 758 ﬁguravit
2528 704 2588 745 se
2631 706 2814 746 coram
2858 693 2995 756 illis,
3036 702 3092 747 et
3129 707 3259 748 ecce
3304 693 3473 751 nubes
3530 694 3814 761 Splendida

2227 781 2507 847 cooperuit
2533 795 2695 835 eum:
2731 797 2837 836 non
2878 797 3007 836 vero
3047 782 3384 852 splendidam
3427 784 3681 839 virtutem
3716 786 3817 840 Pa-

2230 871 2327 924 tris
2365 870 2632 933 ostcndit,
2676 873 2819 926 sicut
2844 873 3059 941 quidam
3102 889 3199 943 per
3238 875 3542 942 vaniloqnia
3585 875 3813 937 docent.

2227 961 2467 1017 dicentes
2493 980 2504 1015 :
2537 963 2817 1029 Quomodo
2848 973 2957 1018 tres
2988 979 3231 1031 personae
3262 966 3314 1019 in
3347 982 3451 1019 una
3485 968 3704 1033 virtute,
3735 969 3813 1021 sic

2228 1055 2325 1108 tria
2356 1054 2639 1118 vocabula,
2671 1055 2767 1109 sed
2809 1070 2943 1110 unus
2992 1056 3148 1110 Deus.
3192 1057 3313 1111 Tria
3356 1060 3614 1113 voeabula
3654 1060 3811 1113 unius

2228 1146 2377 1199 vocis
2416 1160 2609 1201 nomen
2641 1144 2836 1211 Patris,
2860 1156 2914 1201 et
2944 1147 3095 1211 Filii,
3124 1156 3177 1202 et
3215 1148 3447 1216 Spiritus
3476 1150 3666 1203 sancti.
3708 1150 3811 1204 lte-

2224 1251 2341 1290 rum
2375 1236 2465 1290 illi
2489 1237 2786 1291 dividentes
2824 1238 3076 1293 virtutem
3116 1248 3172 1292 et
3207 1238 3462 1294 deitatem
3497 1239 3806 1308 Trinitatis,

2225 1323 2445 1379 dicunt:
2476 1326 2624 1380 Sicut
2653 1326 2966 1394 imperator,
2998 1328 3284 1396 praefectus
3319 1339 3373 1382 et
3397 1344 3605 1383 comes.
3632 1330 3807 1384 Absit.

2222 1415 2339 1471 Non
2369 1416 2521 1470 trado
2543 1431 2644 1486 ego
2674 1418 2815 1471 hanc
2837 1418 3169 1486 doctrinam,
3198 1429 3289 1472 ant
3322 1421 3479 1473 istam
3511 1422 3807 1489 expositio-

2224 1523 2382 1572 nem,
2423 1508 2517 1563 sed
2559 1510 2726 1578 magis
2768 1509 3194 1564 anathematizo.
3221 1509 3493 1580 Scriptum
3538 1521 3622 1567 est
3658 1513 3808 1567 enim

2222 1600 2275 1656 in
2314 1600 2513 1655 divinis
2539 1602 2861 1670 przeceptis:
2898 1602 3132 1656 Visibilia
3172 1604 3328 1674 hujus
3370 1605 3553 1658 mundi
3580 1606 3809 1659 invisibi-

2221 1692 2353 1745 libus
2393 1703 2752 1753 comparantur
2778 1693 3023 1763 (Reum,
3050 1692 3170 1749 20).
3211 1693 3490 1750 Terrenus
3519 1696 3664 1750 enim
3707 1698 3808 1751 im-

2273 1793 2436 1837 :rator
2464 1783 2533 1839 de
2572 1784 2744 1839 tribus
2784 1794 3024 1850 constat,
3058 1785 3154 1839 sed
3185 1801 3348 1839 unum
3378 1797 3461 1841 est
3494 1788 3808 1856 imperium.

2217 1877 2274 1932 Si
2303 1879 2615 1946 deposuerit
2652 1880 2897 1934 diadema
2927 1895 2957 1933 a
2986 1881 3161 1948 capite
3198 1894 3319 1945 suo,
3346 1880 3529 1937 Caesar
3554 1893 3669 1949 est,
3698 1900 3809 1938 non

2218 1966 2529 2036 imperator.
2556 1968 2709 2035 Quod
2750 1972 2794 2023 si
2825 1969 3136 2038 deposuerit
3167 1985 3489 2040 purpuram,
3517 1972 3808 2041 praefectus

2216 2070 2298 2117 est
2319 2061 2429 2131 jam
2469 2062 2550 2117 vir
2574 2063 2741 2117 solus.
2770 2063 2827 2116 Si
2862 2062 2955 2131 qui
2992 2061 3365 2132 blasphemant
3390 2063 3648 2133 Spiritum
3680 2079 3807 2119 san—

2214 2164 2387 2217 ctum,
2432 2170 2537 2208 non
2577 2164 2705 2209 sunt
2744 2155 3072 2223 Christiani,
3113 2156 3208 2211 sed
3254 2166 3381 2210 sunt
3422 2158 3561 2212 sicut
3605 2157 3809 2213 Judmi.

2216 2245 2346 2299 Nam
2376 2244 2544 2299 Judaei
2570 2261 2729 2300 unam
2761 2261 3044 2314 personam
3074 2247 3330 2312 adorant,
3362 2262 3462 2303 nos
3482 2259 3662 2304 autem
3694 2261 3809 2305 tres

2216 2352 2472 2406 personas
2496 2337 2833 2392 conﬁtemur.
2858 2339 3006 2393 Sicut
3034 2341 3327 2409 imperator
3353 2351 3621 2399 terrenus.
3643 2343 3731 2398 sic
3758 2355 3808 2398 et

2217 2428 2489 2483 caelestis:
2519 2428 2680 2482 homo
2709 2432 2759 2481 in
2794 2445 3023 2499 purpura
3043 2470 3059 2494 ,
3089 2440 3143 2485 et
3184 2447 3417 2501 purpura
3449 2435 3502 2487 in
3545 2433 3807 2499 homine;

2213 2534 2410 2574 corona
2449 2529 2627 2573 autem
2673 2521 2866 2589 capitis
2902 2522 3143 2577 continet
3190 2537 3479 2591 purpuram
3524 2533 3577 2577 et
3624 2523 3807 2579 homi-

2214 2628 2367 2676 nem,
2410 2614 2573 2684 269
2610 2629 2775 2668 unum
2824 2615 3105 2682 imperium
3150 2615 3364 2669 virtutis
3403 2616 3680 2671 ostendit:
3726 2618 3808 2671 sic

2214 2706 2372 2760 Pater
2410 2706 2464 2759 in
2516 2706 2672 2771 Filio,
2713 2714 2768 2759 et
2807 2704 2975 2759 Filius
3012 2705 3066 2760 in
3112 2704 3300 2771 Patre;
3341 2706 3573 2777 Spiritus
3618 2719 3807 2764 autem

2211 2803 2450 2861 sanctus,
2476 2796 2786 2865 eonjunctio
2824 2794 3059 2861 deitatis,
3102 2796 3274 2850 virtus
3301 2806 3358 2851 et
3394 2798 3569 2853 unitas
3610 2798 3805 2852 Trini-

2214 2889 2359 2941 tatis.

1574 3074 2043 3181 LIBER
2118 3072 2267 3180 Ν
2269 3071 2505 3180 ΟΝ
2513 3070 2733 3177 U'S.

1899 3238 2172 3302 Libellus
2210 3239 2419 3301 Fidei.

1960 3355 2020 3386 ΛΠ
2040 3354 2356 3389 τιιεῡρῐιιιωι.

596 3490 772 3549 Credo
798 3489 852 3546 in
883 3491 1050 3546 Deum
1089 3492 1300 3547 Patrem
1340 3468 1796 3561 omnipotentem»,
1824 3501 1880 3547 et
1917 3494 2105 3562 unige-
2133 3494 2179 3555 C
2210 3493 2371 3563 27o
2396 3506 2515 3547 esse
2538 3491 2591 3544 in
2617 3489 2776 3545 caelo.
2806 3488 2997 3544 Natum
3024 3488 3092 3544 de
3117 3488 3318 3557 Spiritu
3346 3496 3551 3556 saneto,
3585 3489 3656 3545 de
3683 3492 3802 3546 vir-

525 3584 696 3638 nitum
717 3581 898 3637 Jesum
930 3581 1200 3635 Christum
1236 3582 1567 3637 Salvatorem
1601 3592 1869 3650 nostrum,
1898 3593 1952 3638 et
1980 3583 2102 3652 Spi-

527 3674 686 3729 ritum
729 3681 970 3727 sanctum
1010 3689 1172 3727 unum
1215 3673 1381 3729 Deum
1414 3689 1535 3747 esse
1564 3677 1842 3731 conliteor.
1877 3676 1991 3731 Non
2028 3678 2105 3731 sie

525 3781 688 3820 imum
717 3764 869 3832 quasi
892 3766 1222 3832 solitarium,
1254 3780 1427 3835 neque
1453 3766 1704 3821 eumdem
1733 3769 1822 3837 qui
1858 3768 1971 3835 ipse
1999 3768 2101 3820 sibi

526 3858 682 3915 Pater
708 3860 806 3925 sit,
839 3859 952 3927 ipse
978 3858 1177 3925 Filius;
1209 3860 1301 3913 sed
1331 3859 1488 3914 Pater
1513 3875 1670 3914 verus
1694 3861 1882 3931 genuit
1908 3859 2103 3914 Filium

526 3964 738 4017 Verum,
769 3959 827 4005 ut
851 3960 969 4016 est,
1003 3952 1169 4007 Deum
1196 3951 1263 4007 de
1293 3953 1423 4019 Deo,
1452 3953 1631 4007 lumen
1668 3951 1734 4007 de
1766 3952 1988 4017 lumine,
2021 3953 2103 4006 vi-

525 4048 631 4092 tam
668 4054 736 4093 ex
776 4038 914 4103 vita,
956 4037 1256 4108 perfectum
1296 4037 1363 4092 de
1408 4038 1666 4107 perfecto,
1709 4046 1877 4091 totum
1907 4053 1935 4091 a
1968 4047 2102 4104 toto,

524 4132 738 4200 plenum
763 4146 792 4184 a
826 4130 1016 4199 pleno;
1048 4147 1154 4185 non
1186 4140 1429 4186 creatum
1469 4131 1562 4185 sed
1602 4132 1871 4201 genitum;
1903 4148 2008 4186 non
2036 4148 2102 4188 ex

524 4221 713 4286 nihilo,
747 4221 839 4277 sed
878 4236 944 4277 cx
981 4222 1170 4285 Patre,
1201 4225 1360 4278 unius
1403 4224 1717 4278 substantiae
1759 4239 1880 4278 cum
1921 4224 2100 4280 Patre.

523 4315 589 4369 Et
626 4316 882 4385 Spiritum
914 4326 1154 4370 sanctum
1183 4332 1366 4371 verum
1400 4316 1596 4380 Deum;
1630 4331 1734 4370 non
1765 4316 2096 4386 ingenium,

524 4421 698 4474 neque
738 4408 1005 4475 genitum;
1040 4424 1143 4461 non
1188 4418 1428 4462 creatum
1461 4422 1558 4461 nec
1589 4405 1814 4472 factum,
1847 4406 1939 4461 sed
1975 4415 2101 4475 pr‘o-

524 4496 801 4551 cedentem
854 4498 1022 4552 Patris
1051 4508 1104 4553 et
1138 4498 1285 4562 Filii,
1326 4513 1541 4567 semper
1579 4499 1630 4552 in
1684 4499 1837 4552 Patre
1876 4507 1931 4552 et
1971 4498 2103 4553 Filio

524 4595 872 4640 eomternum.
906 4586 1079 4641 Unum
1112 4597 1288 4640 tamen
1331 4588 1525 4651 Deum,
1554 4590 1643 4657 qui
1685 4603 1749 4643 ex
1787 4604 1892 4641 uno
1922 4587 2111 4665 Patre,

524 4683 579 4728 et
608 4685 773 4729 totum
813 4679 953 4745 quod
987 4678 1144 4733 Pater
1171 4679 1263 4733 sit.
1305 4678 1442 4732 Dens
1474 4688 1626 4729 natus
1652 4689 1734 4733 est
1764 4678 1932 4733 Filius
1960 4687 2017 4733 et
2047 4679 2099 4733 in

524 4768 682 4824 Patre
722 4779 891 4824 totum
937 4774 1075 4842 quod
1107 4782 1217 4836 est,
1247 4780 1413 4826 totum
1459 4769 1641 4839 genuit
1685 4770 1898 4824 Filium.
1941 4768 2101 4825 Pater

2205 3585 2331 3653 giue
2361 3584 2545 3638 Maria.
2579 3581 2814 3638 Verbum
2857 3595 2984 3635 caro
3015 3580 3244 3645 factum,
3286 3594 3393 3633 non
3435 3580 3613 3635 amisit
3642 3584 3801 3652 quod

2205 3676 2407 3743 fuerat,
2441 3673 2535 3728 sed
2566 3673 2731 3741 erepit
2780 3678 2902 3725 esSe
2939 3671 3079 3741 quod
3111 3685 3216 3724 non
3270 3678 3407 3726 erat.
3439 3670 3551 3725 Non
3594 3671 3801 3727 demu-

2206 3774 2371 3819 tatum
2421 3765 2619 3827 Deum,
2668 3763 2760 3817 sed
2810 3770 3247 3830 permanentem,
3300 3761 3458 3815 etiam
3510 3761 3798 3819 hominem

2205 3863 2419 3917 natum;
2453 3869 2557 3908 non
2589 3854 2915 3921 putativum,
2938 3867 3041 3905 non
3072 3858 3313 3917 aereum,
3344 3851 3438 3907 sed
3462 3866 3797 3920 corporeum

2205 3960 2421 4001 sensum
2468 3951 2523 3999 et
2564 3944 2795 3998 animam
2862 3942 3194 3998 habentem:
3238 3943 3308 3995 ita
3368 3957 3552 3997 verum
3615 3943 3804 3998 homi-

2209 4053 2364 4103 nem,
2423 4044 2481 4090 ut
2541 4050 2725 4089 verum
2791 4034 2957 4088 Deum
3021 4032 3415 4103 intelligimus:
3470 4034 3539 4086 ita
3596 4050 3801 4089 verum

2206 4127 2402 4187 Deum,
2439 4134 2496 4180 ut
2533 4140 2718 4181 verum
2762 4123 3031 4178 hominem
3075 4123 3240 4177 fuisse
3282 4124 3427 4177 nullo
3482 4124 3643 4178 modo
3672 4139 3803 4179 am-

2205 4218 2434 4289 bigimus
2475 4214 2858 4271 conﬁtendum.
2901 4214 3058 4268 Hunc
3095 4213 3341 4268 eumdem
3378 4213 3661 4267 Dominum
3700 4231 3805 4270 no-

2203 4318 2372 4365 strum
2424 4307 2604 4363 Jesum
2663 4305 2931 4361 Christum
2973 4304 3297 4374 adimplesse
3336 4304 3505 4375 legem
3562 4313 3617 4358 et
3665 4320 3806 4374 pro-

2205 4404 2421 4472 phetas,
2462 4413 2678 4469 passum
2725 4400 2823 4453 sub
2870 4397 3060 4452 Pontio
3110 4397 3315 4463 Pilato,
3355 4397 3709 4462 cruciﬁxum,
3747 4410 3808 4453 et

2205 4493 2500 4549 secundum
2524 4492 2824 4561 Scripturas
2846 4499 3115 4545 mortuum
3140 4499 3191 4543 et
3212 4491 3502 4557 sepultum,
3523 4497 3577 4544 et
3606 4504 3809 4544 secnn-

2206 4584 2332 4639 dum
2373 4583 2680 4654 Scripturas
2718 4583 2873 4638 tertia
2902 4582 2991 4637 die
3030 4597 3062 4636 a
3111 4583 3337 4636 mortuis
3381 4583 3754 4638 resurrexisse
3792 4603 3805 4637 :

2203 4685 2535 4747 assumptum
2560 4677 2613 4731 in
2641 4677 2817 4743 caelis,
2848 4677 3038 4731 sedere
3059 4676 3123 4729 ad
3146 4675 3421 4730 dexteram
3445 4674 3635 4738 Patris,
3666 4678 3809 4735 inde

2204 4777 2490 4823 venturum
2526 4768 2769 4837 judicare
2811 4768 2962 4822 vivos
3003 4777 3058 4823 et
3094 4778 3337 4823 mortuos
3383 4778 3809 4837 exspectamus,

524 4858 715 4913 Filium
749 4875 1008 4928 generans
1037 4878 1139 4917 non
1173 4862 1391 4926 minuit,
1425 4876 1524 4916 nec
1546 4862 1723 4914 amisit
1753 4861 2100 4931 plenitudinis
2132 4863 2179 4922 D
2207 4864 2260 4917 in
2289 4862 2447 4932 hujus
2479 4876 2650 4916 morte
2676 4872 2728 4917 et
2759 4863 3018 4932 sanguine
3048 4862 3417 4917 remissionem
3450 4872 3810 4931 peccatorum

524 4962 636 5005 sua:
660 4951 931 5005 deitatem.
961 4952 1151 5006 Tutum
1180 4965 1353 5009 autem
1383 4954 1525 5025 quod
1554 4953 1695 5009 Deus
1722 4954 1878 5009 Pater
1902 4963 2012 5023 est,
2048 4954 2099 5008 id

524 5053 645 5095 esse
676 5040 863 5095 Filium
894 5041 962 5094 ab
1000 5058 1063 5097 eo
1099 5054 1308 5109 natum,
1355 5045 1654 5100 certissime
1682 5053 1945 5110 tenentes,
1979 5060 2101 5101 cum

525 5132 725 5199 Spiritu
747 5142 930 5188 sancto
959 5149 1119 5187 unum
1149 5134 1313 5189 Deum
1344 5137 1580 5204 piissime
1608 5137 1948 5192 conﬁtemur.
1974 5135 2104 5193 Cre-

526 5225 700 5280 dimus
729 5225 782 5279 in
811 5225 992 5281 Jesum
1021 5225 1287 5281 Christum
1321 5227 1600 5282 Dominum
1633 5240 1874 5283 nostrum
1908 5228 2100 5283 Filium

531 5319 668 5385 ejus,
703 5333 796 5388 per
823 5334 979 5388 quem
1010 5321 1190 5372 omnia
1222 5329 1398 5373 creata
1443 5330 1595 5387 sunt,
1626 5336 1744 5389 quae
1775 5322 1825 5374 in
1858 5321 2011 5375 cmlis
2051 5331 2104 5377 et

529 5422 649 5473 qua:
677 5408 728 5463 in
754 5418 914 5481 terra,
940 5409 1169 5464 visibilis
1194 5418 1250 5464 et
1276 5409 1592 5475 invisibilia;
1624 5420 1840 5480 propter
1862 5419 2099 5465 nostram

530 5498 756 5554 salutem
782 5484 1123 5558 descendisse
1161 5499 1227 5556 dc
1256 5500 1413 5566 etnlo,
1441 5500 1531 5571 qui
1571 5513 1837 5568 nunquam
1867 5500 2104 5555 desierat

2207 4954 2545 5007 consecuturi
2572 4970 2584 5006 :
2628 4953 3023 5007 resuscitandos
3078 4967 3176 5006 nos
3218 4953 3285 5006 ab
3309 4968 3376 5007 eo
3406 4953 3458 5007 in
3490 4952 3572 5009 his
3601 4968 3809 5023 corpo-

2213 5045 2386 5107 ribus,
2418 5052 2472 5098 ct
2500 5043 2552 5097 in
2584 5043 2771 5099 eadem
2801 5034 2965 5099 carne
2995 5044 3047 5098 in
3090 5059 3193 5112 qua
3237 5052 3392 5098 natus
3437 5052 3544 5107 est,
3577 5059 3808 5114 passus,

2210 5147 2264 5192 et
2300 5144 2566 5202 mortuus,
2598 5144 2653 5191 et
2690 5138 3016 5200 resurrexit,
3057 5137 3291 5190 animam
3336 5150 3456 5190 eum
3490 5134 3591 5190 hac
3629 5150 3809 5193 carne

2210 5233 2478 5299 accepturi
2523 5230 2590 5285 ab
2619 5245 2704 5295 eo,
2736 5238 2827 5283 aut
2864 5230 3025 5284 vitam
3059 5236 3315 5284 aeternam
3354 5243 3450 5298 pro
3478 5227 3638 5282 bonis
3679 5244 3810 5284 me-

2211 5321 2348 5386 ritis,
2373 5331 2462 5375 aut
2504 5324 2821 5377 sententiam
2846 5336 2943 5392 pro
2966 5321 3201 5390 peccatis
3220 5330 3477 5377 aeternam
3504 5338 3516 5375 :
3546 5318 3648 5375 hoc
3680 5321 3809 5391 pla.

2212 5411 2344 5465 cuit.
2368 5412 2555 5468 Amen.
3042 5415 3053 5429 ‘
