3958 6176
214 354 314 409 289

1465 349 1551 403 DE
1595 348 1966 404 TRIN‘ITATE
2008 351 2133 404 ΙΛΙὶ.
2181 350 2246 404 Χ.

3368 353 3476 411 990

1181 509 1658 619 LIBER
1737 511 2493 622 DECIMUS.

1388 670 1734 752 Expositio
1770 672 1913 750 ﬁdei
1957 673 2299 735 catholicis.

1640 789 1699 821 AD
1729 786 2045 823 τηεηριΐιιτιιι.

277 902 512 957 Credere
551 901 802 966 iubemur
832 901 883 954 in
918 899 1008 952 Dei
1040 896 1212 951 Patris
1242 898 1704 965 omnipotentiam,
1731 911 1785 953 et
1815 905 1861 961 Α
1895 901 2027 955 dicit
2053 920 2063 953 :
2095 901 2203 969 Ego
2228 918 2341 953 sum
2367 902 2512 968 panis
2538 903 2627 970 qui
2660 903 2723 956 de
2752 904 2876 958 ctelo
2913 906 3151 959 descendi
3181 905 3369 977 (Joan.
3402 924 3474 971 ιιι,

216 996 323 1049 l-‘ilii
352 995 470 1059 eius
501 992 630 1047 Jesu
681 990 906 1053 Christi,
938 1000 991 1042 et
1035 988 1266 1056 Spiritus
1297 990 1465 1041 sanati
1509 991 1787 1043 indivisam

216 1086 413 1154 quidem
447 1093 499 1136 et
529 1082 943 1149 inseparabilem
984 1080 1317 1133 Trinitatem.
1374 1079 1495 1133 Hzl'c
1545 1082 1686 1133 enim
1736 1092 1789 1134 et

218 1177 482 1247 propheta:
510 1174 846 1234 cecinerunt,
872 1180 922 1224 et
956 1172 1211 1224 Dominus
1235 1169 1472 1231 tradidit,
1507 1180 1792 1226 tenuerunt

218 1278 265 1320 ct
286 1266 587 1319 docuerunt
626 1263 876 1331 apostoli.
926 1261 1050 1314 llzec
1080 1260 1376 1329 redemptio
1418 1264 1574 1332 271
1607 1264 1789 1315 tnundi

216 1368 317 1421 est,
350 1360 467 1409 hrcc
520 1354 653 1407 ﬁdes
686 1362 867 1407 nostra
908 1360 990 1405 est
1023 1363 1077 1405 et
1107 1352 1237 1415 vita,
1270 1360 1326 1403 ut
1354 1352 1597 1405 traditam
1639 1354 1792 1407 nobis

217 1466 366 1504 unam
401 1449 783 1511 substantiam,
816 1456 925 1501 tres
957 1461 1211 1516 personas
1250 1445 1636 1511 subsistentes,
1670 1462 1789 1513 per-

216 1543 396 1607 fectas,
426 1541 683 1607 aequales,
706 1538 1001 1594 coarterna's
1023 1536 1393 1599 conﬁteamur,
1417 1546 1468 1589 et
1494 1536 1699 1589 ﬁrmam
1732 1535 1793 1589 ﬁ-

216 1634 295 1687 dei
323 1632 722 1686 confessionem
756 1632 807 1683 in
855 1631 1012 1681 ﬁnem
1043 1642 1210 1690 uSqne
1240 1635 1524 1681 teneamus
1548 1628 1790 1679 illa-sam.

220 1723 275 1777 Et
304 1724 404 1775 hoc
443 1732 525 1776 est
571 1720 711 1790 quod
762 1719 934 1773 Graeci
972 1716 1247 1788 Ὁμούσιον
1285 1726 1475 1771 vocant
1510 1736 1523 1769 :
1554 1716 1604 1771 id
1652 1720 1792 1771 enim

218 1815 350 1881 quod
383 1813 632 1866 subsistit
654 1827 757 1864 non
790 1809 948 1864 habet
976 1809 1209 1871 aliunde,
1236 1809 1328 1862 sed
1359 1824 1513 1863 suum
1538 1818 1592 1863 et
1625 1824 1655 1863 a
1676 1825 1795 1864 sese

216 1917 310 1961 est.
343 1903 556 1957 Ca-tera
586 1917 717 1956 vero
745 1918 863 1971 (ιιι-ε
892 1910 1034 1963 ευηι,
1068 1899 1207 1970 quod
1254 1900 1469 1964 habent,
1517 1910 1792 1968 acceptum

220 1996 435 2050 habent.
469 1994 674 2048 Idcirco
691 1994 754 2045 ad
782 1994 981 2046 Musem
1015 1991 1153 2044 Deus
1186 1991 1417 2060 loquitur
1439 1991 1624 2044 dicens
1650 2009 1661 2044 :
1685 1989 1795 2057 Ego

217 2104 323 2141 sum
351 2087 444 2153 qui
466 2102 580 2138 sum
613 2083 806 2155 (Exod.
834 2099 910 2144 ut,
946 2084 1056 2149 M).
1094 2083 1155 2135 Et
1182 2098 1391 2135 rursum
1427 2099 1441 2136 :
1478 2081 1625 2134 Dices
1669 2082 1795 2150 ﬁliis

219 2176 421 2233 Israel:
459 2177 561 2244 Qui
607 2185 681 2229 est
711 2176 845 2228 misit
885 2191 980 2227 me.
1014 2174 1179 2227 Erant
1206 2177 1386 2244 utique
1433 2182 1557 2228 tunc
1581 2176 1750 2244 angeli
1778 2214 1792 2237 ,

1893 990 2022 1059 41),
2060 1008 2163 1045 non
2191 992 2335 1046 cadit
2366 993 2429 1045 ‘in
2459 1008 2677 1048 sensum
2708 1006 2970 1061 nostrum,
3006 1008 3062 1050 ut
3089 999 3239 1066 panis
3268 1000 3479 1055 esurire

1893 1082 2177 1137 credatur:
2210 1083 2288 1137 sic
2327 1092 2381 1137 et
2424 1084 2491 1138 de
2530 1100 2721 1139 somno
2765 1086 2889 1155 ejus
2939 1090 3338 1157 intelligendum
3368 1102 3472 1145 est.

1895 1172 2158 1239 Quoniam
2184 1175 2323 1228 sicut
2357 1190 2449 1242 per
2477 1190 2747 1243 somnum,
2794 1179 3037 1246 corporis
3065 1182 3262 1233 veritas
3281 1195 3478 1250 cogno-

1894 1265 2091 1331 scitur,
2125 1265 2203 1319 sic
2227 1280 2320 1333 per
2348 1266 2475 1320 illud
2507 1268 2645 1336 quod
2695 1270 2875 1323 statim
2923 1270 3098 1325 ventis
3136 1278 3192 1323 et
3231 1272 3478 1327 llnctibus

1896 1357 2142 1423 imperat,
2168 1373 2290 1412 vera
2316 1360 2430 1427 ejus
2459 1360 2708 1415 divinitas
2729 1364 3078 1431 approbatur.
3103 1364 3234 1418 Nam
3261 1377 3313 1419 et
3336 1368 3478 1433 quod

1896 1448 2158 1517 laerymas
2186 1464 2346 1517 super
2371 1449 2629 1504 Lazarum
2660 1452 2850 1519 fundit,
2880 1453 3272 1521 phantasmatis
3304 1458 3479 1524 susm-

1894 1538 1977 1591 cio
2009 1539 2208 1593 tollitur
2235 1558 2246 1592 :
2279 1541 2530 1611 lacryma:
2559 1542 2702 1595 enim
2728 1543 2839 1597 veri
2869 1546 3111 1613 corporis
3140 1556 3267 1600 sunt
3290 1548 3478 1602 humo-

1896 1644 2003 1685 res.
2028 1630 2157 1684 Cum
2184 1644 2361 1686 autem
2390 1634 2536 1696 dicit,
2567 1634 2777 1701 Lazare,
2804 1637 2883 1689 exi
2905 1641 3045 1706 foras
3063 1637 3242 1709 (Joan.
3269 1642 3478 1712 ιι,13),

1897 1730 1951 1775 et
1974 1724 2155 1776 statim
2186 1722 2278 1777 ille
2319 1725 2404 1793 qui
2429 1723 2539 1792 jam
2584 1726 2803 1791 ietebat,
2836 1734 3113 1796 aperiente
3140 1745 3199 1784 se
3232 1741 3371 1786 terra
3402 1734 3479 1786 vi-

1896 1826 1993 1863 vus
2040 1812 2300 1881 emergit,
2333 1829 2536 1883 magna:
2580 1815 2697 1883 ejus
2746 1816 3040 1872 divinitatis
3085 1819 3340 1874 indicium
3373 1832 3479 1876 est.

1895 1900 2010 1955 Jani
2045 1902 2170 1955 illud
2201 1901 2343 1971 quod
2375 1906 2448 1956 ait
2472 1945 2486 1968 ,
2518 1904 2701 1959 Tristis
2738 1917 2813 1959 est
2854 1909 3027 1961 anima
3060 1926 3168 1963 mea
3216 1928 3370 1981 usque
3410 1914 3478 1966 ad

1895 2002 2106 2045 mortem
2139 1992 2331 2063 (Marr.
2366 2010 2475 2061 xiv,
2506 1997 2616 2065 34),
2656 2012 2720 2051 ex
2753 1996 2852 2051 hac
2880 2001 2989 2066 ipsa
3023 2000 3205 2055 Lazari
3248 2004 3478 2059 suscita-

1898 2083 2045 2136 ti0ne
2090 2083 2317 2152 intelligi
2348 2094 2525 2153 potest
2568 2088 2838 2156 quomodo
2887 2088 3081 2144 debeat
3110 2091 3281 2161 accipi
3309 2110 3321 2144 :
3353 2096 3478 2161 quia

1902 2187 2007 2225 non
2041 2172 2223 2241 utique
2266 2175 2537 2228 metuebat
2567 2176 2818 2230 divinitas
2850 2190 3112 2245 mortem,
3146 2197 3265 2251 quae
3315 2183 3479 2239 verbo

220 2270 413 2334 throni,
442 2268 860 2331 dominationes,
887 2266 1102 2331 ctelum,
1139 2275 1303 2331 terra,
1336 2264 1418 2320 vel
1468 2267 1655 2321 maria.
1689 2266 1793 2321 Sed
1832 2270 1875 2329 Β
1905 2269 2143 2317 mortuos
2170 2265 2481 2331 suscitabat,
2514 2268 2608 2321 sed
2641 2266 2934 2322 humanum
2979 2271 3229 2326 allectum
3262 2287 3357 2342 per
3386 2276 3480 2328 tri-

219 2364 334 2432 quia
363 2362 454 2415 illa
485 2361 598 2415 sola
630 2370 708 2440 est
739 2359 932 2413 inlecta
965 2367 1173 2425 natura,
1200 2368 1252 2413 et
1286 2358 1337 2411 in
1362 2359 1531 2413 tribus
1554 2361 1794 2427 personis

220 2454 386 2507 deitas
415 2466 517 2505 una
551 2450 811 2515 subSistit,
860 2449 1061 2503 idcirco
1105 2449 1178 2502 ait
1215 2468 1227 2503 :
1261 2447 1369 2519 Ego
1393 2465 1507 2501 sum
1534 2451 1620 2518 qui
1658 2467 1791 2503 sum.

220 2546 471 2615 Quisquis
493 2557 669 2597 autem
696 2556 804 2597 tres
833 2543 1156 2604 ὑποστάσεις
1182 2542 1334 2606 dicit,
1364 2542 1414 2596 id
1440 2553 1521 2596 est
1543 2553 1652 2596 tres
1672 2544 1796 2597 sub-

220 2638 461 2702 stantias,
492 2636 539 2687 is
567 2635 666 2687 sub
695 2633 913 2688 nomine
940 2632 1149 2702 pietatis
1180 2642 1288 2686 tres
1317 2642 1537 2686 naturas
1569 2645 1796 2687 cooatur

222 2740 483 2781 asserere.
519 2724 586 2779 Et
607 2724 650 2778 si
680 2725 751 2779 ita
783 2734 887 2789 est,
910 2739 1005 2778 cur
1032 2724 1101 2777 ab
1128 2723 1237 2777 Arii
1259 2724 1549 2792 parietibus
1579 2739 1793 2792 separe-

224 2833 357 2881 mur,
411 2816 631 2886 perﬁdia
663 2815 896 2885 copulati
923 2814 946 2867 ?
980 2815 1071 2869 Ille
1094 2814 1235 2868 enim
1270 2815 1522 2883 gradibus
1549 2816 1797 2871 divinita-

222 2916 323 2962 tem
349 2906 567 2968 dividit.
600 2916 655 2961 et
680 2905 847 2961 Deum
879 2920 942 2960 ex
977 2905 1106 2973 Deo,
1139 2906 1188 2959 id
1218 2915 1301 2961 est
1331 2906 1521 2960 Filium
1545 2923 1609 2961 ex
1640 2910 1796 2963 Patre

222 3003 287 3058 ita
312 3002 629 3067 conﬁtetur,
654 3012 791 3057 utex
815 3001 925 3056 Deo
948 3003 1115 3056 lactus
1140 3001 1229 3067 sit,
1260 3016 1366 3055 non
1393 3002 1459 3056 de
1485 3001 1593 3055 Deo
1620 3012 1796 3055 nutus,

222 3096 311 3158 Qui
344 3094 391 3148 si
417 3104 580 3177 natus
600 3101 702 3157 est,
733 3093 890 3146 unius
917 3092 1233 3146 substantia:
1260 3098 1342 3145 est
1370 3108 1382 3143 :
1417 3092 1459 3145 si
1495 3091 1664 3147 factus
1691 3104 1793 3157 est,

222 3200 374 3239 vetus
401 3185 540 3238 ﬁlius
564 3199 667 3238 non
698 3193 800 3238 est.
829 3181 953 3236 Etsi
982 3198 1142 3237 verus
1166 3180 1307 3235 ﬁlius
1337 3197 1442 3234 non
1466 3193 1567 3244 est,
1596 3199 1692 3235 nec
1710 3199 1798 3237 ve-

222 3291 307 3329 rus
332 3276 502 3329 Deus.
536 3276 640 3327 Aut
670 3273 716 3327 si
747 3288 906 3327 verus
926 3272 1067 3327 Deus
1093 3281 1195 3337 est,
1215 3283 1265 3327 et
1292 3272 1360 3327 de
1382 3271 1536 3326 Patre
1560 3290 1664 3326 non
1694 3284 1795 3338 est,

222 3370 320 3422 duo
372 3376 504 3422 sunt
537 3367 796 3420 habentes
826 3365 1018 3433 singuli
1048 3374 1103 3419 et
1132 3367 1432 3418 voluntates
1454 3367 1718 3433 pmprias,
1745 3375 1799 3420 et

225 3461 445 3527 imperia
475 3458 706 3512 diversa.
743 3456 848 3511 Sed
880 3457 1133 3511 Dominus
1174 3468 1357 3512 noster
1380 3457 1533 3511 Jesus
1552 3458 1797 3513 Christus

225 3555 271 3605 in
306 3551 601 3620 Erangelio
631 3564 730 3603 suo
762 3565 923 3603 unum
953 3565 1012 3603 se
1056 3564 1174 3603 cum
1226 3550 1415 3611 Patre,
1447 3560 1500 3603 et
1544 3567 1606 3604 ex
1641 3550 1796 3605 Putre

1898 2353 2073 2407 stitias
2112 2356 2305 2409 anima:
2334 2355 2623 2412 indicabat.
2654 2358 2797 2412 Crux
2832 2376 3016 2429 aeque,
3050 2363 3261 2429 passio,
3303 2366 3480 2432 sepul-

1901 2451 2015 2495 tura
2036 2482 2052 2506 ,
2085 2460 2189 2498 nuo
2222 2446 2301 2499 vel
2334 2447 2503 2501 altero
2530 2447 2673 2501 dicto
2708 2449 2913 2503 Domini
2944 2452 3336 2520 discutiuntur,
3374 2470 3481 2521 quo

1904 2532 2080 2585 minus
2108 2535 2154 2587 ei
2188 2536 2499 2603 impotentia
2533 2537 2615 2590 vel
2658 2522 2946 2592 inﬁrmitas
2989 2542 3313 2610 ascribatur,
3358 2558 3479 2596 cum

1898 2622 2029 2676 dicit
2053 2624 2119 2677 ad
2148 2624 2363 2679 Judteos
2387 2643 2401 2678 :
2431 2625 2625 2681 Solvite
2647 2629 2888 2696 templum
2915 2635 3010 2682 hoc
3052 2629 3256 2701 (utique
3282 2646 3481 2699 corpus

1900 2728 2053 2767 suum
2077 2714 2394 2784 dicebat).et
2423 2732 2517 2785 ego
2540 2718 2593 2769 iu
2623 2718 2791 2771 triduo
2810 2719 3477 2789 suscitaboillud(.loau.u,

1903 2806 2013 2875 19).
2031 2806 2157 2860 Item
2187 2810 2261 2860 ait
2284 2825 2296 2859 :
2326 2806 2630 2862 Potestatem
2656 2809 2816 2862 habeo
2843 2826 3030 2875 ponere
3053 2813 3276 2865 animant
3293 2829 3477 2875 meam,

1900 2907 1948 2949 et
1970 2906 2265 2967 potestatem
2294 2900 2453 2953 habeo
2474 2902 2653 2954 iterum
2681 2918 2877 2956 sumere
2893 2903 3035 2955 illaut
3058 2904 3111 2973 (J
3120 2922 3239 2959 oan.
3271 2921 3327 2973 ι,
3361 2908 3477 2976 18).

1901 2988 1959 3044 Si
1990 2991 2231 3058 corporis
2259 2992 2340 3045 sui
2369 2993 2591 3047 suscitat
2623 2995 2902 3062 templum,
2931 2993 2977 3047 si
3008 3004 3244 3063 potestas
3272 3008 3355 3052 est
3386 3014 3479 3066 po-

1901 3083 2059 3138 nendi
2083 3084 2318 3138 animam
2342 3100 2437 3155 per
2463 3086 2787 3154 passionem,
2811 3098 2865 3141 et
2892 3089 3138 3143 sumendi
3170 3105 3267 3159 per
3292 3106 3476 3146 resur-

1900 3180 2217 3243 rectionem,
2242 3189 2418 3233 cesset
2448 3180 2499 3232 in
2532 3179 2744 3234 Christo
2786 3181 3108 3236 inlirmitatis
3139 3184 3359 3251 opinio,
3390 3185 3477 3239 ubi

1902 3279 2064 3325 tantae
2097 3270 2373 3338 potestatis
2400 3270 2700 3325 sublimitas
2745 3272 3068 3326 declaratur.
3116 3273 3305 3329 Omnia
3348 3291 3481 3345 ergo

1901 3364 1988 3434 pie
2033 3363 2372 3432 intelligenda
2429 3373 2591 3417 sunt:
2625 3366 2804 3417 omnia
2853 3366 2981 3435 ergo
3031 3367 3328 3423 honoriﬁce
3369 3378 3478 3424 tra-

1899 3457 2093 3511 ctanda
2121 3468 2267 3512 sunt.
2308 3456 2600 3526 Utrumque
2628 3458 2679 3510 in
2708 3458 2932 3511 Domino
2960 3462 3324 3517 conlitendum
3355 3473 3476 3528 est;

1900 3557 1955 3601 et
1977 3547 2145 3602 forma
2174 3537 2369 3613 Dei,‘in
2396 3563 2498 3618 qua
2520 3563 2735 3619 semper
2758 3548 2882 3614 fuit;
2904 3560 2958 3604 et
2981 3552 3147 3606 forma
3170 3555 3329 3619 servi,
3361 3570 3480 3625 quae

224 3659 332 3698 esse
364 3654 613 3706 testatur,
646 3658 766 3695 cum
796 3641 957 3695 dicit:
986 3641 1095 3713 Ego
1118 3657 1180 3695 ea.
1199 3640 1301 3694 Deo
1324 3642 1453 3695 exivi
1477 3640 1653 3709 (Joan.
1688 3657 1796 3705 xu,
1826 3647 1871 3707 ο
1904 3652 2121 3708 accepta
2150 3652 2231 3696 est
2264 3655 2482 3712 propter
2514 3657 2721 3698 servos.
2764 3644 3049 3699 Credenda
3099 3657 3181 3701 est
3220 3656 3276 3702 et
3303 3650 3480 3717 passio

223 3735 328 3803 9.7).
361 3733 437 3788 Et
473 3748 682 3787 rursum
712 3750 723 3785 :
755 3731 870 3802 Ego
898 3733 950 3785 in
983 3731 1140 3785 Patre
1169 3744 1215 3785 et
1248 3730 1405 3786 Pater
1434 3735 1487 3785 iu
1517 3751 1595 3787 me
1622 3732 1799 3801 (Joau.

223 3841 365 3894 xxiv,
406 3826 515 3895 10).
548 3824 678 3880 Item
705 3838 720 3876 :
747 3822 859 3894 Ego
882 3832 927 3877 et
950 3823 1109 3878 Pater
1136 3840 1293 3879 unum
1327 3841 1504 3879 sumus
1531 3825 1710 3893 (Juou.
1746 3844 1799 3893 χ,

223 3918 329 3987 30).
361 3918 433 3972 Et
482 3918 581 3982 Qui
608 3933 688 3971 me
717 3917 870 3980 videt,
900 3917 1029 3971 videt
1058 3928 1105 3970 et
1140 3916 1345 3971 Patrem
1379 3918 1556 3986 (Joan.
1585 3936 1691 3984 xtv,
1720 3921 1798 3991 9).

231 4010 503 4080 Siquidem
554 4010 667 4064 haec
696 4009 819 4065 ideo
848 4018 972 4064 sunt
1000 4010 1216 4079 scripta,
1268 4020 1327 4064 ut
1355 4026 1478 4064 vt-ra
1511 4012 1624 4080 ejus
1652 4013 1789 4067 divi-

225 4103 356 4156 nitas
386 4118 496 4155 non
515 4111 757 4170 negetur.
785 4101 890 4157 Sed
908 4102 996 4155 illa
1028 4102 1247 4157 forsitan
1275 4104 1365 4157 tibi
1398 4120 1644 4173 usurpas,
1681 4121 1800 4176 qua:

224 4207 444 4263 propter
490 4195 915 4248 incarnationem
963 4194 1078 4263 ejus
1120 4196 1315 4265 scripta
1350 4207 1506 4266 sunt,
1544 4207 1597 4252 ut
1624 4208 1748 4269 puta
1784 4218 1798 4254 :

226 4288 322 4351 Qui
348 4304 432 4339 me
464 4286 599 4341 misit
641 4288 810 4357 major
839 4303 918 4341 me
958 4297 1032 4342 est
1065 4286 1245 4357 (Joau.
1279 4305 1388 4356 xiv,
1422 4289 1534 4361 28).
1574 4291 1639 4346 Et
1678 4294 1801 4348 Non

223 4380 328 4429 veni
375 4379 547 4445 facere
592 4378 903 4432 voluntatem
932 4396 1093 4432 meam
1116 4420 1130 4442 ,
1175 4382 1262 4434 sed
1290 4386 1402 4449 ejus
1428 4385 1515 4452 qui
1561 4402 1637 4437 me
1666 4389 1801 4441 misit

226 4467 403 4537 (Joan.
431 4486 480 4533 v,
504 4470 620 4539 30).
653 4469 719 4523 Et
744 4467 915 4523 Filius
936 4487 969 4523 a
991 4486 1045 4524 se
1070 4471 1198 4524 nihil
1228 4482 1390 4541 potest
1417 4473 1586 4541 facere
1610 4477 1799 4546 (lbid.,

231 4560 333 4629 19).
361 4560 426 4614 Et
457 4560 579 4614 Non
610 4570 680 4614 est
709 4577 875 4613 meum
901 4562 1027 4614 dare
1054 4563 1210 4628 vobis,
1242 4566 1331 4616 sed
1359 4566 1536 4633 quibus
1565 4578 1800 4635 paratum

223 4660 289 4703 est
319 4666 352 4703 a
380 4650 534 4704 Patre
566 4649 787 4717 (Matth.
824 4668 921 4716 xx,
952 4651 1075 4719 25).
1127 4653 1193 4707 Et
1221 4666 1412 4708 caetera
1462 4655 1545 4710 Itis
1582 4658 1797 4713 similia.

221 4742 349 4807 Quae
373 4744 548 4797 omnia
582 4758 687 4798 noii
718 4744 991 4798 inﬁrmant
1020 4745 1238 4812 Filium,
1268 4732 1446 4816 neque
1475 4748 1796 4817 depretiant,

221 4836 309 4889 sed
339 4852 369 4887 a
400 4836 554 4890 Patre
597 4836 963 4905 distinguunt,
1005 4846 1058 4891 et
1087 4836 1205 4906 ejus
1236 4838 1590 4894 humilitatem
1636 4852 1687 4895 et
1717 4843 1799 4895 in-

221 4929 582 4982 carnationem
605 4929 915 4983 ostendunt.
938 4930 1042 4985 Sed
1075 4946 1173 4985 nec
1205 4931 1290 4985 illa
1318 4932 1529 4987 ﬁdelem
1563 4936 1794 4988 animam

1902 3730 2196 3785 secundum
2228 3747 2466 3798 carnem,
2498 3742 2553 3787 et
2581 3733 2979 3803 impassibilitas
3012 3738 3307 3792 secundum
3346 3739 3479 3795 divi-

1904 3821 2147 3876 nitatem.

1938 3949 2433 3990 INTERROGATIONES
2479 3951 2901 4002 ηιειιετιοοιιιγιι,
2943 3956 3010 3994 ΕΤ
3062 3954 3447 3999 Βεειιοκειοκεε

2474 4021 2904 4063 ελτιιοιιουιιυι.

1973 4096 2130 4167 273
2173 4095 2479 4151 Ilwrcticus.
2509 4096 2646 4152 Dens
2670 4097 2849 4166 Pater,
2878 4115 2947 4155 ex
2994 4100 3265 4158 voluntate
3294 4104 3477 4172 genuit

1901 4188 2096 4242 Filium
2115 4229 2129 4251 ,
2159 4203 2225 4241 an
2249 4204 2312 4243 ex
2339 4188 2667 4243 necessitate
2696 4189 2718 4241 τ

1974 4281 2275 4351 Responsio.
2307 4279 2418 4335 Nec
2447 4294 2509 4333 ex
2542 4280 2837 4345 voluntate,
2886 4297 2984 4337 nec
3021 4298 3084 4339 ex
3124 4284 3476 4354 necessitate,

1900 4375 2022 4443 quia
2055 4373 2164 4427 Deo
2186 4372 2326 4427 nulla
2358 4383 2537 4427 manet
2561 4374 2872 4428 necessitas.
2902 4374 3004 4429 Sed
3033 4384 3087 4429 et
3135 4374 3263 4429 mihi
3310 4377 3479 4433 inter-

1901 4467 2106 4535 roganti
2138 4484 2150 4518 :
2182 4467 2321 4521 Deus
2352 4466 2522 4521 bonus
2552 4476 2654 4529 est,
2685 4482 2754 4521 an
2788 4482 2893 4521 non
2917 4469 2940 4520 ?
2962 4466 3157 4539 Utique
3186 4467 3357 4524 bonus
3371 4478 3479 4526 est.

1902 4557 1977 4612 Ex
2008 4558 2300 4624 voluntate,
2346 4569 2437 4611 aut
2464 4573 2529 4612 ex
2577 4560 2919 4614 necessitate.
2963 4560 3019 4615 Si
3049 4576 3113 4615 ex
3160 4562 3479 4630 voluntate,

1903 4651 2072 4718 major
2094 4650 2203 4719 jam
2234 4658 2287 4704 et
2316 4650 2462 4719 prior
2488 4650 2735 4705 voluntas
2757 4660 2840 4705 est
2867 4668 2932 4707 ex
2962 4667 3066 4721 qua
3094 4652 3288 4709 bonus.
3324 4656 3379 4710 Si
3410 4671 3476 4711 ex

1900 4745 2247 4808 necessitate,
2279 4744 2447 4813 major
2473 4754 2553 4798 est
2601 4747 2914 4811 necessitas,
2946 4756 3001 4801 et
3048 4746 3187 4802 Deus
3218 4748 3480 4807 inﬁrmior

1902 4834 2145 4889 habetur.
2179 4835 2288 4902 Qua
2321 4835 2388 4890 de
2414 4850 2491 4898 re,
2512 4834 2676 4890 Filius
2704 4852 2770 4889 ex
2796 4836 2970 4903 Patre,
3000 4852 3104 4890 non
3137 4853 3201 4893 ex
3232 4840 3480 4895 volunta-

1903 4933 1975 4988 te,
2008 4941 2179 4993 neqne
2200 4940 2265 4979 ex
2296 4928 2637 4989 necessitate,
2662 4927 2755 4981 sed
2779 4943 2842 4981 es
2872 4928 3167 4984 substantia
3195 4941 3352 4987 natus
3373 4943 3479 4999 εει,

218 5016 614 5080 scandalizent,
656 5018 1139 5087 quibus'Dominus
1166 5022 1442 5091 esuriisse,
1490 5023 1755 5079 dormisse
1780 5065 1793 5090 ,
1825 5009 1876 5071 Β
1901 5016 2019 5085 quia
2063 5030 2222 5085 supra
2267 5017 2594 5071 voluntatem
2624 5028 2678 5073 et
2706 5019 3082 5074 necessitatem
3130 5030 3211 5076 est
3254 5022 3305 5076 id
3334 5025 3478 5093 quod

218 5107 541 5181 lacrymasse
568 5123 897 5166 memoratur
917 5152 934 5178 ,
958 5112 1203 5168 tristasse
1227 5128 1396 5184 usque
1438 5116 1502 5168 ad
1531 5125 1757 5169 mortem
1778 5157 1793 5181 ,

216 5204 523 5269 passionem
571 5218 784 5273 quoque
818 5213 872 5258 et
913 5220 1127 5259 crucem
1157 5222 1169 5258 ;
1194 5206 1456 5275 siquidem
1488 5207 1552 5261 ad
1594 5208 1642 5261 id
1674 5218 1799 5264 sunt

217 5292 419 5362 scripta
445 5304 499 5348 et
528 5294 689 5360 facta,
720 5303 777 5348 ut
802 5304 855 5348 et
883 5296 1180 5349 tolerantia:
1207 5296 1455 5365 exempla
1488 5299 1794 5367 prieberen-

216 5391 324 5451 tur,
360 5385 523 5457 272
552 5396 606 5441 et
631 5402 757 5441 vera
786 5386 901 5456 ejus
946 5388 1244 5441 incarnatio
1298 5400 1625 5443 nosceretur.
1668 5390 1797 5445 Nam

218 5475 265 5527 in
297 5492 365 5531 eo
395 5479 535 5547 quod
568 5480 821 5534 esuriisse
851 5479 1106 5533 Dominus
1132 5480 1363 5545 dicitur,
1401 5481 1512 5534 veri
1559 5482 1800 5549 corporis

217 5571 638 5638 assumptionem
673 5570 929 5639 intellige.
970 5570 1026 5624 In
1073 5586 1138 5626 eo
1167 5580 1343 5625 autem
1376 5572 1517 5641 quod
1563 5573 1799 5642 quinque

220 5660 468 5724 panibus,
492 5670 545 5714 et
571 5658 777 5715 duobus
794 5660 1029 5729 piscibus
1054 5660 1287 5731 quinque
1319 5662 1481 5715 millia
1524 5661 1795 5714 hominum

217 5748 396 5814 satiat,
430 5765 606 5806 veram
639 5750 756 5820 ejus
784 5749 1113 5807 divinitatem
1147 5765 1432 5822 cognosce.
1464 5750 1625 5808 Certe
1672 5768 1791 5806 cum

1902 5119 1985 5162 est
2012 5107 2205 5163 duitas.

1980 5198 2283 5254 Ilwretirus.
2333 5200 2517 5255 Denuo
2568 5211 2617 5256 te
2660 5202 2931 5274 interrogo
2967 5221 2981 5258 :
3018 5204 3173 5259 Pater
3217 5216 3269 5260 et
3314 5205 3477 5259 Filius

1903 5293 2028 5364 qttid
2060 5304 2141 5348 est
2160 5294 2184 5345 ἲ

1978 5386 2279 5456 Responsio.
2313 5386 2454 5442 Deus
2481 5397 2535 5443 et
2559 5387 2812 5444 Verbum.

1978 5478 2278 5532 llwreticus.
2311 5478 2449 5547 Ergo
2479 5496 2585 5534 non
2609 5480 2856 5550 simplex,
2890 5479 2982 5533 sed
3010 5476 3340 5547 compositus
3370 5490 3475 5548 εει,

1901 5571 2021 5640 quia
2056 5572 2167 5640 ipse
2198 5579 2280 5625 est
2307 5581 2363 5626 et
2389 5571 2645 5627 Verbum.

1974 5662 2276 5729 Responsio.
2312 5662 2450 5718 Deus
2471 5672 2751 5729 operatur,
2783 5668 2876 5715 aut
2907 5675 3011 5713 non
3035 5660 3057 5710 ἲ
3085 5670 3139 5716 ει
3168 5676 3289 5731 qum
3324 5660 3480 5732 facit,

1902 5750 2170 5807 voluntate
2200 5753 2343 5819 facit,
2378 5763 2468 5807 aut
2495 5768 2600 5806 non
2628 5752 2649 5804 ?
