3958 6176
569 338 669 394 £9!

647 451 955 507 llwretirus.
989 451 1182 522 Utique
1211 452 1506 508 voluntate.

648 542 951 613 Responsio.
988 542 1130 613 Ergo
1157 545 1273 613 ipse
1302 552 1385 598 est
1415 553 1469 597 et
1497 542 1745 597 voluntas
1775 559 1789 597 :
1821 552 1875 597 et
1901 551 1985 597 est
2012 557 2159 597 com-

571 636 777 706 positus
794 634 1084 689 secundum
1103 636 1574 705 interrogationem
1598 644 1763 703 tuam,
1784 650 1887 689 non
1906 637 2153 705 simplex.

646 725 950 780 erettcus.
1000 725 1105 780 Sed
1137 725 1280 780 Deus
1311 726 1363 779 in
1394 726 1696 780 aeternitate
1728 740 1974 789 manens,
2006 726 2156 779 solus

570 830 800 873 aeternus
826 826 927 873 est.
957 817 1149 872 Omnia
1178 820 1375 872 etenim
1406 818 1494 888 qui
1523 834 1736 887 semper
1765 827 1848 873 est
1879 837 1890 870 :
1926 818 2019 873 sed
2049 833 2153 871 non

570 920 654 964 est
699 910 879 963 omnia
928 911 1113 975 multa,
1166 911 1260 965 sed
1306 926 1471 965 unum
1501 925 1564 967 ac
1592 910 1818 981 simplex
1867 910 1969 965 hoc
2012 911 2154 980 quod

568 1017 783 1070 semper
817 1004 959 1058 Dens
985 1015 1087 1059 est.

649 1092 951 1162 Responsio.
1004 1095 1070 1148 Et
1100 1094 1220 1150 ideo
1248 1094 1579 1163 impossibile
1608 1105 1690 1151 est
1719 1096 1956 1165 separari
1990 1111 2153 1149 unum

570 1183 639 1237 ab
666 1200 801 1249 uno,
836 1185 887 1239 id
917 1194 999 1240 est
1041 1186 1233 1241 Filium
1277 1202 1306 1241 a
1352 1187 1541 1253 Patre,
1576 1188 1659 1241 vel
1688 1188 1899 1241 Patrem
1930 1203 1959 1239 a
1994 1186 2151 1240 lt‘ilio.

570 1274 794 1345 Propter
827 1279 1156 1333 itlentitatem
1188 1278 1403 1333 deitatis
1426 1279 1563 1346 dico,
1598 1278 1710 1347 Ego
1732 1287 1778 1333 et
1808 1280 1966 1333 Pater
1994 1294 2154 1331 unum

570 1385 745 1422 sumus
773 1384 792 1422 :
817 1369 941 1422 dum
971 1386 1070 1439 ego
1098 1379 1151 1425 et
1176 1370 1333 1423 Pater
1361 1386 1464 1423 non
1504 1371 1776 1425 solitarius
1820 1371 2152 1439 intelligitur,

571 1476 743 1529 neque
765 1462 903 1530 quod
933 1478 1090 1515 unmn
1116 1478 1324 1526 sumus,
1348 1462 1620 1516 diversum
1644 1464 1893 1517 sentitur.
1922 1463 2155 1517 Dicimus

570 1568 697 1622 ergo
727 1563 1000 1622 paternam
1049 1554 1303 1609 deitatem
1358 1572 1626 1625 nunquam
1658 1557 1886 1610 alienam
1929 1556 2094 1610 fuisse
2124 1570 2153 1609 a

573 1646 791 1713 propria
822 1646 1189 1714 generatione.
1236 1645 1303 1699 Et
1335 1645 1455 1700 ideo
1503 1646 1659 1700 nobis
1711 1659 1928 1715 paterna
1981 1646 2155 1699 deitas

578 1751 674 1802 pro
702 1745 938 1805 tempore
969 1737 1184 1805 quidem
1216 1737 1566 1803 intelligibilis
1600 1736 1851 1800 efﬁcitur,
1886 1737 1999 1804 ipsa
2028 1750 2154 1791 Vero

1900 333 2119 391 VlGliJl
2160 333 2535 390 TAPSENSIS

2183 455 2236 512 Α
2262 449 2767 514 indeterminabilis,
2809 451 3147 522 simplexque
3176 460 3387 508 natura.
3420 453 3574 521 Quod
3612 467 3743 524 ergo
3770 456 3847 510 in-

3744 337 3846 393 993

2263 543 2595 611 compositus
2636 542 2973 613 simplexque
3001 554 3203 609 manet,
3236 544 3398 598 nullis
3430 544 3639 613 legibus
3667 546 3845 601 deter-

2262 632 2457 685 minari
2485 640 2681 702 potest.
2715 631 2822 688 Sed
2849 634 3115 702 responde
3140 634 3270 688 milti
3295 634 3643 703 interroganti
3672 646 3845 691 utrum

2260 728 2343 775 est
2372 720 2536 785 Deus,
2570 737 2727 791 quem
2760 721 2878 776 sine
2905 722 3057 777 initio
3072 733 3127 777 et
3150 724 3257 778 line
3286 738 3502 794 semper
3524 725 3690 781 fuisse
3711 741 3847 782 com-

2261 826 2573 875 memoras,
2609 813 2677 866 ita
2734 812 3257 869 indeterminabilis?
3304 817 3506 872 Statuis
3549 817 3749 887 quippe
3795 830 3847 873 ut

2262 904 2391 959 nihil
2426 906 2473 959 ei
2509 920 2611 959 non
2641 906 2812 960 solum
2854 908 3149 962 secundum
3179 919 3444 976 naturam,
3479 910 3573 963 sed
3625 926 3728 967 nec
3761 926 3845 967 se-

2259 996 2497 1050 cundum
2524 998 2786 1052 actionem
2818 1007 3023 1051 naturm
3047 999 3305 1054 accedere
3336 998 3538 1068 possit;
3570 1000 3639 1055 ita
3672 1010 3730 1055 ut
3751 1018 3844 1058 nec

2260 1090 2501 1143 novellus
2535 1090 2714 1154 Pater,
2738 1091 2831 1145 sed
2859 1106 2957 1145 nec
2981 1092 3259 1146 initiabilis
3284 1094 3494 1163 genitor
3520 1094 3843 1161 declaretur,

2259 1190 2316 1233 ut
2345 1195 2473 1233 vere
2504 1180 3017 1248 indeterminabilis,
3045 1191 3099 1237 et
3128 1198 3231 1237 non
3266 1185 3553 1251 proﬁcie'ns
3586 1189 3837 1253 cognosci

2261 1272 2450 1340 possit.
2486 1271 2736 1351 Proliciet
2768 1273 2951 1341 utique
2977 1274 3020 1326 si
3045 1273 3111 1326 ad
3138 1275 3402 1328 actionem
3429 1275 3653 1331 novellae
3682 1292 3846 1346 gener

2259 1364 2483 1417 rationis
2516 1363 2807 1431 procedere
2840 1363 3077 1427 festinat,
3106 1380 3216 1434 quo
3253 1366 3429 1419 minus
3454 1382 3519 1421 ex
3554 1367 3655 1421 bac
3684 1369 3844 1439 275

2258 1468 2587 1523 cognoscere
2609 1454 2803 1520 valeat,
2836 1454 3125 1522 aliquando
3153 1454 3555 1510 scmetPatrem
3584 1456 3844 1513 futurum.

2258 1548 2424 1604 Nobis
2456 1564 2589 1603 vero
2619 1547 2850 1602 sufficiat
2875 1548 2919 1601 is
2946 1548 3034 1615 qui
3063 1546 3116 1600 in
3148 1548 3408 1616 principio
3454 1558 3594 1615 erat,
3626 1559 3683 1603 et
3709 1551 3845 1618 apud

2262 1656 2422 1710 quem
2453 1647 2589 1705 erat,
2622 1638 2872 1706 quoniam
2909 1638 3052 1691 Dens
3084 1638 3223 1706 apud
3253 1639 3421 1692 Deum
3454 1649 3588 1694 erat.
3622 1640 3776 1707 Quod
3807 1641 3847 1693 si

2265 1749 2370 1786 non
2398 1740 2585 1785 natura
2619 1728 2806 1794 Filius,
2840 1745 2940 1783 nec
2971 1739 3119 1784 recte
3151 1730 3304 1784 Pater
3341 1740 3395 1785 et
3424 1726 3587 1786 Filius
3617 1746 3851 1799 pronun—

576 1843 672 1881 ttec
698 1829 923 1898 tempori
943 1842 1040 1882 nec
1058 1828 1279 1881 novitati
1301 1828 1623 1897 subiacebit;
1650 1821 1717 1882 ne
1746 1828 1939 1892 inanis,
1965 1827 2153 1880 velsu-
2186 1824 2233 1883 Β
2261 1823 2450 1887 tiatur,
2484 1822 2606 1890 quia
2662 1835 2762 1875 nec
2813 1821 3054 1889 genitor,
3111 1836 3209 1875 nec
3259 1825 3469 1889 genitus
3524 1822 3847 1876 insinuatur.

572 1921 795 1985 perﬂuo,
815 1933 901 1973 aut
921 1932 1067 1974 certe
1090 1918 1373 1988 proficiens
1398 1928 1615 1987 paterna
1635 1919 1808 1972 deitas
1828 1920 2151 1987 reperiatur.

575 2008 762 2061 Libera
782 2009 978 2061 etenim
994 2008 1060 2061 ab
1074 2008 1215 2061 omni
1230 2008 1505 2077 qualitate,
1518 2009 1584 2062 ab
1597 2008 1741 2062 omni
1760 2008 2155 2077 quantitate,ab

569 2102 714 2152 omni
731 2098 975 2165 exordio,
998 2098 1065 2152 ab
1077 2100 1219 2152 omni
1236 2099 1646 2169 compositione.
1662 2098 1766 2156 Sed
1782 2115 1900 2153 eum
1917 2099 2153 2169 genitum

569 2192 891 2261 appellatur,
920 2190 1053 2246 nihil
1080 2192 1222 2246 aliud
1248 2206 1408 2262 quam
1442 2193 1653 2246 Patrem
1684 2202 1738 2247 et
1760 2192 1955 2247 Filium
1985 2190 2154 2262 signi-

570 2287 731 2338 licare
759 2294 1110 2339 monstratur.
1141 2284 1283 2339 Nihil
1311 2285 1453 2339 enim
1486 2294 1593 2339 tam
1618 2286 1839 2354 impium
1872 2301 2031 2355 quam
2060 2286 2155 2342 Dei

572 2375 761 2429 Filium
790 2376 1083 2444 appellare,
1114 2385 1169 2431 et
1200 2377 1367 2431 Deum
1390 2392 1575 2431 verum
1604 2391 1799 2445 negare
1826 2394 1839 2429 :
1871 2392 2029 2447 quam
2056 2377 2157 2431 Pa-

569 2477 705 2521 trem
752 2468 892 2536 loqtti
920 2511 935 2536 ,
986 2479 1041 2522 et
1089 2469 1207 2523 sine
1255 2469 1602 2537 generatione
1649 2468 1860 2523 Patrem
1886 2469 2151 2524 confiteri.

569 2560 931 2625 Quodcunque
958 2560 1157 2614 etenim
1183 2574 1287 2613 non
1319 2559 1386 2612 ita
1403 2559 1666 2613 exstiterit
1689 2558 1900 2613 utDens
1921 2560 2157 2615 existere

568 2652 748 2715 debet,
800 2652 941 2705 Deus
989 2651 1134 2706 credi
1168 2651 1332 2723 274,
1360 2666 1465 2706 non
1500 2650 1681 2705 debet.
1732 2651 1844 2720 Ego
1890 2667 2007 2705 sum
2060 2650 2151 2721 qui

568 2756 726 2795 sum:
761 2744 854 2796 sed
888 2758 991 2795 non
1025 2758 1141 2796 sum
1168 2752 1435 2796 mutatus:
1472 2752 1527 2795 et
1565 2739 1686 2795 ideo
1727 2740 1871 2810 quod
1915 2739 2155 2795 divinum

569 2842 651 2885 est
680 2833 948 2886 immutari
979 2847 1083 2887 non
1116 2842 1323 2902 potest;
1365 2847 1433 2886 ne
1480 2846 1587 2886 non
1640 2832 1710 2886 sit
1749 2830 1894 2901 quod
1942 2846 2158 2897 semper

568 2933 669 2976 est.
707 2922 1023 2978 imtnutatur
1052 2932 1230 2978 autem
1262 2938 1291 2976 a
1320 2938 1414 2977 sua
1445 2922 1812 2993 simplicitate,
1838 2923 1881 2976 si
1915 2922 2157 2976 novellus

574 3014 734 3071 Pater
759 3026 877 3077 est;
911 3017 954 3070 si
983 3015 1051 3069 ab
1079 3016 1377 3069 aeternitate
1399 3030 1520 3069 cum
1553 3015 1669 3084 ipso
1711 3024 1795 3068 est
1819 3056 1832 3080 ,
1868 3024 1921 3069 et
1949 3014 2003 3067 in
2030 3014 2150 3083 ipso

572 3104 739 3160 Filius
766 3121 869 3159 non
899 3114 981 3196 est
1007 3124 1017 3157 :
1051 3115 1106 3159 et
1150 3115 1232 3160 est
1262 3105 1556 3168 mutabilis,
1596 3105 1640 3157 si
1673 3119 1777 3157 non
1808 3115 1996 3158 natura
2017 3144 2034 3171 ,
2061 3103 2155 3171 sed

566 3200 861 3263 voluntate,
896 3208 1018 3267 post
1042 3207 1282 3252 naturam
1314 3196 1500 3267 genuit
1529 3196 1745 3250 Filium.

641 3288 946 3341 Ha'reticus.
978 3288 1086 3343 Sed
1120 3288 1293 3342 solum
1334 3286 1631 3356 sapientem
1669 3295 1722 3339 et
1749 3294 2021 3356 potentem
2053 3288 2151 3340 Pa-

567 3390 705 3433 trem
733 3380 881 3435 crcdi
907 3380 1125 3434 debere.

638 3475 947 3544 Responsio.
974 3472 1030 3527 Si
1062 3486 1182 3527 cum
1224 3478 1280 3525 et
1308 3470 1498 3525 Filium
1527 3468 1683 3523 simul
1724 3484 1843 3523 cum
1875 3470 2031 3524 Patre
2062 3486 2151 3521 ve-

566 3566 795 3630 neraris,
829 3564 973 3618 Patri
996 3550 1234 3617 detrahis
1258 3564 1347 3633 qui
1377 3563 1538 3617 simul
1569 3578 1689 3619 cum
1721 3563 1837 3632 ipso
1865 3563 2041 3615 minus
2062 3582 2148 3615 sa-

567 3659 796 3727 pientcm
848 3657 1147 3712 veneraris.
1178 3656 1278 3723 Qui
1323 3656 1370 3710 si
1419 3655 1579 3724 igitur
1626 3657 1801 3710 minus
1851 3655 2146 3723 sapientem

570 3752 838 3819 decernis,
871 3752 1052 3819 utique
1088 3764 1185 3804 nec
1217 3749 1407 3813 Deum,
1439 3764 1537 3803 nec
1566 3748 1757 3803 Filium
1780 3748 1872 3802 Dei
1904 3762 2149 3802 asserere

564 3844 750 3897 debes.
781 3841 931 3908 Quod
970 3842 1013 3895 si
1044 3840 1201 3910 plene
1226 3840 1524 3909 sapientem
1549 3841 1769 3906 asseris,
1800 3847 1945 3894 recte
1980 3839 2146 3894 Deum

564 3935 645 3988 vel
676 3934 865 3989 Filium
894 3934 1105 3989 detinis.

635 4024 939 4079 Hrereticus.
978 4026 1082 4080 Sed
1114 4024 1306 4079 Filium
1333 4040 1362 4079 a
1395 4024 1551 4079 Patre
1578 4024 1771 4079 mutari
1803 4024 2144 4080 manifestum

562 4128 664 4181 est,
697 4117 909 4172 Patrem
938 4132 1068 4173 vero
1094 4131 1122 4169 a
1155 4116 1295 4171 Filio
1327 4118 1517 4171 mutari
1548 4131 1656 4171 non
1689 4131 1867 4187 posse.

636 4209 936 4280 Responsio.
986 4210 1043 4263 Si
1078 4208 1149 4261 ita
1179 4218 1293 4273 est,
1325 4223 1511 4278 quacro
1541 4219 1717 4262 utrum
1758 4209 1916 4264 Pater
1946 4209 2179 4277 imper-.

562 4300 759 4355 fectum
791 4299 981 4354 Filium
1012 4300 1281 4369 genuerit,
1306 4311 1721 4369 suspectumque
1749 4301 2032 4365 dimiserit,
2059 4299 2145 4353 cui

561 4391 817 4459 deinceps
861 4405 966 4444 non
1016 4399 1120 4444 tam
1169 4390 1427 4459 genitoris
1456 4392 1668 4459 officio,
1714 4406 1872 4458 quam
1906 4390 2146 4461 magistri

573 4482 799 4550 imperio
850 4481 1150 4534 rudimenta
1183 4482 1460 4549 sapientia:
1491 4483 1767 4550 impertire
1813 4482 2141 4552 dignaretur.

2262 1916 2413 1981 Quod
2461 1914 2505 1968 si
2540 1912 2815 1981 plenitudo
2843 1912 3142 1965 divinitatis
3194 1912 3489 1966 secundum
3526 1912 3750 1966 Paulum
3800 1914 3849 1965 in

2260 2006 2399 2061 Filio
2430 2004 2677 2069 habetur,
2710 2018 2809 2057 cur
2859 2003 2999 2057 Deus
3033 2002 3379 2069 plenitudinis
3412 2003 3680 2072 negatur?
3713 2005 3784 2059 Et
3808 2006 3848 2058 si

2258 2100 2310 2153 in
2337 2115 2402 2154 eo
2432 2114 2623 2153 omnes
2671 2096 2908 2152 thesauri
2956 2096 3231 2166 Sapientiae
3264 2106 3318 2151 et
3347 2097 3583 2151 scientia:
3621 2098 3850 2152 abscon-

2259 2192 2357 2248 diti
2393 2193 2675 2256 habentur,
2724 2206 2821 2245 cur
2845 2190 2989 2244 Deus
3020 2190 3235 2259 ignarus
3262 2190 3676 2259 pronuntiatur?
3709 2190 3782 2245 Et
3809 2191 3851 2246 si

2258 2283 2497 2339 Verbum
2526 2283 2578 2336 in
2608 2282 2889 2351 principio,
2934 2291 2985 2335 ct
3015 2280 3155 2349 apud
3198 2280 3364 2335 Deum
3415 2281 3555 2335 Deus
3586 2280 3848 2343 habetur,

2269 2391 2367 2430 cur
2394 2375 2535 2429 Deus
2564 2373 2818 2427 naturalis
2850 2387 2954 2425 non
2987 2372 3258 2426 creditur?
3285 2373 3438 2426 Absit
3466 2381 3640 2426 autem
3676 2388 3704 2425 a
3750 2373 3851 2427 [ide

2257 2468 2576 2538 apostolica,
2602 2476 2660 2520 ut
2688 2467 2739 2519 in
2770 2464 2889 2519 Filii
2920 2466 3271 2533 generatione
3293 2475 3384 2517 aut
3424 2476 3685 2533 augeatur
3714 2466 3848 2519 divi-

2260 2563 2427 2616 nitate
2456 2560 2596 2628 quod
2622 2558 2778 2613 Pater
2799 2568 2904 2622 est,
2935 2567 3026 2612 aut
3052 2557 3324 2612 minuatur
3345 2573 3413 2612 ne
3439 2557 3594 2611 Pater
3620 2558 3709 2611 sit.
3745 2558 3848 2612 Sed

2260 2670 2357 2710 nec
2410 2664 2567 2707 natus
2599 2652 3001 2721 provectionem
3053 2647 3304 2713 sustinet,
3332 2648 3425 2702 sed
3458 2663 3556 2701 nec
3580 2662 3849 2715 generatis

2259 2744 2689 2799 diminutionem.
3546 2796 3561 2810 ε

2331 2838 2637 2893 Htereticus.
2661 2835 2938 2904 Quomodo
2970 2835 3113 2889 enim
3146 2833 3481 2888 nativitatem
3508 2830 3850 2896 sempiterni-

2260 2931 2356 2984 tati
2402 2928 2711 2999 conjungis,
2741 2926 2863 2982 dum
2898 2926 3149 2981 nativitas
3181 2922 3446 2994 posterior
3484 2922 3611 2975 sita
3641 2921 3850 2990 sempi.

2260 3022 2553 3077 ternitatc?

2332 3114 2662 3169 Athanasius.
2718 3112 2925 3166 Revera
2956 3111 3104 3181 quasi
3148 3108 3295 3178 prius
3334 3116 3627 3176 conceptus
3665 3103 3737 3159 de
3767 3120 3847 3159 se~

2178 3196 2224 3259 C
2256 3209 2399 3262 mine
2425 3251 2438 3274 ,
2470 3216 2560 3259 aut
2588 3204 2898 3273 coagulatus
2930 3206 2984 3257 in
3018 3212 3203 3257 ventre
3240 3201 3341 3266 sit,
3388 3215 3509 3253 cum
3563 3198 3847 3266 Scriptura

2253 3299 2431 3354 dicat:
2464 3297 2851 3351 Generationem
2878 3306 3047 3349 autem
3100 3298 3211 3365 ejus
3256 3294 3370 3363 quis
3398 3292 3655 3347 enarrabit
3699 3294 3848 3360 (Act.

2257 3405 2348 3442 vm
2370 3431 2384 3453 ,
2419 3390 2541 3459 35)?
2569 3387 2713 3441 Nam'
2749 3397 2801 3439 et
2840 3386 3117 3455 generanti
3149 3386 3465 3439 calumniam
3503 3381 3665 3447 faris,
3690 3384 3848 3452 quasi

2253 3482 2301 3536 ei
2344 3482 2633 3535 arcesserit
2673 3488 2725 3531 ut
2748 3486 3047 3547 generaret.
3085 3476 3306 3544 Quodsi
3338 3475 3565 3528 accassit
3594 3474 3665 3527 illi
3700 3475 3849 3541 quod

2251 3581 2374 3625 ante
2405 3587 2507 3623 non
2542 3569 2746 3634 habuit,
2786 3570 3128 3637 imperfectus
3176 3566 3481 3619 invenitur:
3520 3564 3565 3618 si
3597 3579 3703 3618 non
3761 3580 3848 3620 ac-

2253 3662 2443 3725 cessit,
2475 3659 2833 3728 sempiternus
2880 3674 3001 3712 cunt
3034 3657 3366 3726 sempiterno
3399 3655 3449 3707 in
3498 3657 3848 3722 sempiterni-

2253 3761 2361 3804 tate
2388 3751 2548 3804 tuisse
2578 3749 2864 3818 reperitur.
2897 3748 2971 3802 De
2995 3747 3423 3815 sempiternitate
3450 3743 3568 3798 Filii
3596 3745 3724 3797 audi
3754 3762 3848 3813 per

2253 3838 2415 3892 David
2460 3839 2649 3893 Filiutn
2680 3838 2747 3892 ad
2790 3839 2999 3892 Patrem
3048 3839 3210 3892 verba
3259 3837 3545 3891 facientem
3581 3853 3592 3889 :
3642 3834 3707 3888 Et
3753 3853 3849 3907 ego

2249 3948 2445 4003 semper
2476 3941 2682 3985 tecum:
2709 3933 2912 3986 tenuisti
2950 3948 3161 3984 manum
3192 3948 3355 3986 meam
3396 3931 3676 3996 dexteram,
3711 3941 3761 3985 et
3796 3933 3849 3984 in

2249 4027 2508 4078 voluntate
2539 4034 2627 4077 tua
2656 4026 2932 4090 deduxisti,
2974 4036 3022 4078 et
3064 4041 3178 4077 tum
3218 4025 3383 4094 gloria
3412 4025 3737 4093 ussumpsisti
3767 4041 3850 4078 me

2250 4115 2421 4187 (Psal.
2454 4132 2616 4179 um,
2646 4115 2759 4185 25).
2795 4115 2924 4170 ltem
2976 4116 3139 4169 David
3169 4131 3183 4169 :
3218 4115 3406 4168 Tecum
3438 4115 3754 4183 principium
3786 4116 3843 4168 in

2249 4212 2333 4265 die
2363 4212 2563 4264 virtutis
2585 4196 2687 4263 tua:
2711 4250 2725 4275 ,
2755 4209 2806 4262 in
2852 4209 3205 4277 splendoribus
3249 4218 3570 4273 sanctorum,
3601 4222 3664 4260 ex
3692 4218 3849 4262 utero

2248 4315 2363 4360 ante
2395 4304 2670 4374 luciferum
2699 4304 2850 4374 genui
2876 4314 2922 4356 te
2954 4286 3127 4373 (Psal.
3157 4317 3263 4367 (ιιι,
3292 4302 3367 4365 5).

2324 4396 2626 4457 litereticus.
2659 4394 2882 4462 lngenili
2936 4408 3130 4448 nomen
3162 4392 3385 4457 ,Patris,
3416 4399 3471 4445 et
3515 4388 3636 4444 Filii
3668 4391 3849 4459 geniti

2248 4487 2508 4557 appellas.
2539 4487 2677 4552 Quid
2709 4487 2777 4541 de
2799 4486 2994 4556 Spirittt
3028 4493 3215 4542 sancto
3237 4485 3498 4550 dicturus,
3530 4486 3616 4553 qui
3650 4485 3850 4551 utique

566 4570 658 4621 Est
691 4583 819 4636 ergo
866 4571 949 4623 vel
982 4570 1123 4639 quod
1159 4569 1296 4624 Deus
1335 4570 1492 4624 Pater
1524 4572 1755 4639 perfecte
1784 4574 1999 4641 sapiens
2044 4573 2143 4628 (Ιο-
2174 4569 2224 4631 D
2251 4579 2300 4633 in
2336 4580 2494 4633 tertio
2524 4578 2694 4648 gradu
2730 4579 2975 4645 ponitur,
3012 4577 3064 4630 in
3099 4575 3389 4644 Scripturis
3436 4576 3670 4644 genitum
3711 4590 3847 4629 eum

564 4673 687 4712 cere
715 4659 944 4726 debeat;
969 4670 1052 4715 est
1075 4672 1129 4716 et
1171 4662 1313 4731 quod
1357 4663 1499 4716 Deus
1527 4663 1692 4718 Filius
1724 4664 2035 4733 imperfecte
2061 4681 2146 4721 sa-

564 4752 717 4821 piens
747 4753 954 4807 discerc
990 4757 1195 4823 possit,
1232 4765 1286 4810 et
1315 4756 1583 4825 quomodo
1628 4759 1804 4810 omnia
1836 4774 1957 4827 qua:
1988 4759 2147 4813 Pater

561 4841 723 4897 habet
750 4842 873 4897 Filii
900 4854 1044 4911 sunt,
1076 4846 1122 4900 si
1162 4861 1267 4899 non
1297 4846 1536 4917 perfecte
1567 4846 1726 4916 sapit,
1756 4848 1836 4903 vel
1867 4848 2025 4915 plene
2051 4865 2144 4919 po-

562 4936 703 4991 test?
732 4936 1014 5002 Quomodo
1046 4938 1097 4991 in
1130 4938 1268 4994 Filio
1293 4956 1478 4995 omnes
1511 4940 1744 4994 thesauri
1786 4942 2065 5008 sapientim
2092 4952 2146 4997 et

562 5030 804 5083 scientim
833 5030 1347 5099 deprehenduntur?
1366 5036 1447 5089 vel
1472 5034 1611 5089 Deus
1642 5048 1803 5103 super
1830 5036 2010 5088 omnia
2042 5053 2142 5090 no-

561 5120 840 5175 minatur?

635 5211 939 5265 llwreticus.
969 5210 1073 5266 Sed
1118 5211 1290 5265 solum
1326 5214 1492 5268 Deum
1542 5217 1754 5273 Patrem
1796 5218 1913 5272 sine
1959 5217 2141 5283 initio,

557 5306 678 5360 sine
707 5306 934 5376 origine,
965 5304 1262 5374 simplicem
1289 5320 1500 5375 quoque
1537 5320 1594 5363 et
1619 5310 2141 5365 indeterminabilem

559 5400 808 5471 cognosci
852 5398 1068 5453 debere.
1100 5397 1482 5467 Operationem
1514 5416 1647 5454 vero
1691 5403 1829 5470 ejus,
1866 5403 1916 5454 id
1942 5410 2026 5456 est
2054 5401 2140 5455 Fi-

559 5492 706 5557 lium,
734 5508 905 5557 neque
934 5494 1049 5547 sine
1075 5490 1179 5545 fine
1202 5490 1425 5560 intelligi
1456 5501 1735 5560 oportere:
1767 5494 1997 5548 maxime
2019 5508 2138 5547 cum

559 5597 719 5637 omne
750 5600 883 5652 opus
913 5594 967 5637 et
1002 5585 1207 5639 initium
1240 5584 1530 5649 sustineat,
1580 5594 1632 5639 et
1663 5584 1765 5637 ﬁne
1809 5598 1994 5639 carere
2033 5600 2137 5662 non

565 5676 756 5744 possit.

632 5766 964 5821 Athanasius.
1001 5769 1127 5835 [loc
1151 5773 1311 5828 etiam
1346 5786 1442 5829 nos
1482 5774 1797 5829 confitemur
1830 5787 1843 5825 :
1878 5780 1958 5827 est
1986 5773 2133 5827 enim

2248 4671 2559 4736 confiteris,
2592 4679 2684 4723 aut
2717 4670 3009 4738 ingenitum
3057 4663 3339 4737 appellas?
3365 4667 3425 4722 Si
3453 4668 3690 4735 genitus,
3726 4668 3847 4735 jam

2248 4782 2354 4820 non
2384 4778 2467 4820 eSt
2498 4765 2800 4831 unigenitus
2845 4763 3032 4829 Filius,
3062 4780 3127 4818 eo
3150 4763 3290 4833 quod
3330 4764 3401 4817 sit
3428 4769 3483 4816 et
3509 4760 3649 4814 alter
3677 4772 3850 4813 natus

2247 4858 2314 4911 de
2346 4858 2526 4912 Patre.
2558 4856 2612 4909 Si
2646 4869 2750 4909 non
2791 4864 2867 4909 est
2903 4866 3079 4918 natus,
3104 4864 3189 4908 est
3216 4855 3400 4923 utique
3430 4860 3485 4908 et
3510 4851 3646 4905 alter
3686 4846 3849 4919 inge-

2249 4950 2424 5013 nitus,
2455 4956 2507 4999 et
2533 4946 2643 5015 jam
2695 4961 2798 4999 non
2834 4960 2918 5001 est
2950 4962 3085 5000 unus
3119 4946 3258 5000 Deus
3290 4946 3448 5000 Pater
3476 4960 3539 4999 ex
3586 4958 3693 5010 quo
3719 4959 3849 4995 ont-

2246 5041 2368 5101 nia,
2400 5038 2491 5092 sed
2535 5038 2641 5093 duo
2674 5047 2797 5091 sunt
2829 5049 3026 5104 patres.
3080 5038 3231 5104 Quod
3271 5039 3313 5091 si
3346 5052 3518 5107 neque
3568 5045 3724 5086 natus
3774 5037 3847 5089 de

2248 5129 2405 5183 Patre
2432 5139 2513 5182 est
2561 5128 2828 5198 Spiritus,
2860 5145 3031 5199 neque
3074 5112 3178 5183 ndn
3218 5130 3463 5198 genitus,
3498 5140 3750 5198 supcre~t
3786 5142 3848 5184 ut

2247 5229 2490 5275 creatura
2521 5220 2748 5273 (Πίθων.

2323 5310 2657 5364 Athanasius.
2690 5310 2746 5365 Si
2776 5310 3069 5380 Scripturis
3118 5311 3327 5366 Domini
3365 5312 3450 5366 vel
3498 5312 3725 5367 Domino
3760 5315 3847 5367 lo-

2248 5402 2433 5472 quenti
2464 5402 2736 5468 crederes,
2769 5417 3039 5470 nunquam
3068 5412 3365 5457 creatorem
3395 5404 3654 5458 creaturis
3674 5418 3847 5459 cont-

2246 5509 2505 5564 pararcs,
2554 5509 2675 5549 cum
2721 5494 2957 5563 legeris:
3011 5493 3175 5547 Verbo
3220 5493 3428 5548 Domini
3476 5496 3587 5549 caeli
3635 5495 3848 5562 ﬁrmati

2244 5597 2395 5649 sunt,
2431 5597 2475 5641 et
2507 5586 2707 5657 Spiritu
2738 5589 2839 5639 oris
2892 5589 3001 5654 eius
3029 5588 3194 5639 omnis
3243 5588 3405 5657 276
3450 5589 3607 5640 uirtus
3652 5603 3849 5642 eorum

2248 5678 2421 5750 (Psal.
2456 5694 2626 5744 χχιιι,
2671 5676 2746 5746 6).
2781 5678 2907 5731 ltem
2937 5679 3052 5748 ipse
3082 5678 3247 5732 David
3280 5696 3290 5729 :
3323 5677 3536 5733 Emittes
3568 5678 3850 5749 Spiritum

2244 5787 2439 5843 eorum,
2484 5770 2862 5843 et_creabutttur
2891 5770 3065 5843 (Psal.
3094 5786 3215 5839 cm,
3246 5770 3364 5843 30).
3404 5771 3597 5832 Audivi
3625 5779 3679 5831 et
3721 5771 3846 5831 Pa-
