3958 6176
234 346 331 403 293

1477 334 1559 391 DE
1597 332 1967 391 TRINITATE
2008 333 2135 389 LIB.
2178 316 2277 388 x.‘

3390 339 3491 394 994

231 466 355 512 trem
388 436 701 522 loquentem
729 468 739 503 :
775 448 1003 521 Spiritus
1030 462 1094 501 ex
1123 461 1201 500 me
1241 444 1435 515 prodiit
1476 443 1630 515 (Isai.
1683 460 1808 510 Lvn,
1840 449 1890 509 Α
1918 462 2111 500 nomen
2141 446 2437 501 divinitatis
2462 457 2706 517 negatur,
2740 447 2892 517 cujus
2916 457 3154 516 potestas
3179 465 3287 508 non
3318 438 3496 524 potes't

233 551 333 615 16).
376 548 508 601 ltetn
556 547 671 614 ipse
711 559 804 613 per
850 541 970 597 Joel
1020 541 1336 611 pr0phetam
1370 556 1381 592 :
1416 537 1699 607 Eﬂ’undam
1749 539 1812 591 de

234 640 426 707 Spiritu
463 653 578 691 meo
604 652 758 699 super
802 649 1001 687 omnem
1038 648 1240 686 carnem
1287 629 1454 701 (Joel.
1501 644 1565 692 tt,
1598 628 1712 699 28).
1744 627 1812 683 Et

235 730 483 785 Dominus
527 730 582 782 in
611 726 905 797 Evangelio
951 725 1210 794 apostolis
1230 723 1361 777 dicit
1387 740 1401 776 :
1427 721 1633 776 Mittam
1673 721 1811 775 vobis

232 844 259 876 n
288 823 440 877 Patre
490 837 604 875 meo
648 819 996 884 Paracletum,
1041 817 1294 886 Spiritum
1338 817 1601 870 veritatis:
1630 816 1712 870 hic
1749 817 1814 869 de

236 916 381 969 Patre
409 913 664 980 procedit,
690 922 737 966 et
764 913 825 965 de
853 925 965 963 meo
989 909 1185 978 accepit
1217 907 1399 977 (Joau.
1444 923 1532 972 xv,
1560 908 1629 962 26
1652 924 1667 972 ;
1700 923 1807 973 va,

234 1008 333 1075 tt).
366 1005 663 1060 Suiﬁceret
700 1003 916 1072 quidem
953 1002 1198 1056 lidelibus
1230 1002 1330 1054 hoc
1359 1002 1529 1066 ipsum
1553 1001 1811 1067 crtdere,

234 1099 344 1164 quia
370 1096 545 1151 Filius
565 1096 778 1165 genitus
798 1102 912 1149 est:
938 1094 1170 1161 Spiritus
1195 1101 1374 1147 autem
1406 1092 1474 1145 de
1505 1091 1664 1146 Patre
1690 1106 1813 1159 pro-

235 1189 418 1243 cedens
444 1200 553 1253 est,
575 1187 726 1254 cujus
750 1189 1025 1253 proci-ssio
1047 1185 1222 1253 qualis
1244 1191 1541 1252 antquantn
1567 1184 1656 1245 sit,
1682 1183 1811 1236 nulli

240 1280 548 1332 conceditur
574 1279 736 1339 scire,
761 1280 897 1330 sicut
923 1286 977 1330 et
999 1276 1064 1329 de
1093 1276 1229 1329 Filio
1263 1276 1464 1330 dictum
1496 1285 1578 1328 est
1605 1291 1619 1327 :
1648 1273 1813 1327 Gene-

234 1372 470 1423 rationem
496 1381 671 1420 autem
692 1370 800 1438 ejus
821 1368 934 1432 quis
962 1368 1216 1420 cnnrrabit
1241 1366 1381 1437 (Act.
1414 1381 1531 1429 VIII,
1554 1366 1682 1432 55)?
1706 1363 1813 1419 Sed

234 1464 421 1516 arctius
452 1472 678 1529 propter
700 1460 1401 1528 incredulosieqnirendum
1432 1470 1533 1524 est,
1567 1468 1623 1514 et
1648 1458 1831 1514 inter-.

237 1553 435 1622 roganti
462 1551 599 1605 milii
635 1553 924 1619 responde.

297 1642 611 1697 ereticus.
656 1641 993 1710 Respondeo.

295 1735 639 1789 Athanasius.
680 1736 840 1789 Certe
870 1732 1142 1788 conﬁteris
1176 1732 1341 1787 Deum
1373 1746 1495 1787 esse
1520 1742 1574 1786 et
1600 1741 1812 1787 creato-

1916 535 2189 605 abuegari.
2224 536 2318 589 Est
2348 548 2402 591 et
2429 537 2581 602 illud,
2632 538 2774 607 quod
2823 538 3000 593 omnis
3028 550 3278 595 creatura
3327 557 3493 614 capax

1915 633 1999 679 est
2022 625 2323 679 divinarum
2353 629 2631 695 virtutum,
2657 638 2710 684 et
2738 640 2854 699 eget
2895 630 3068 699 gloria
3098 632 3188 686 Dei
3213 649 3229 690 :
3258 634 3496 703 Spiritus

1915 717 2058 769 enim
2087 716 2345 785 capabilis
2371 730 2487 786 est,
2523 734 2627 774 non
2657 735 2861 788 capax,
2892 732 2946 776 et
2975 722 3176 777 nullius
3220 733 3370 794 eget,
3398 728 3495 782 sed

1915 806 2196 875 egentibus
2218 821 2276 861 se
2299 808 2518 877 largiter
2546 810 2795 863 infundit.
2819 810 2950 864 Nam
2978 810 3044 865 de
3073 812 3213 866 Filio
3230 814 3501 884 scriptum

1916 905 1998 948 est
2021 914 2031 946 :
2056 895 2381 967 Unguentum
2403 899 2619 967 cﬂ'usum
2637 918 2817 956 nomen
2840 913 2985 957 tuum
3009 903 3179 972 (Cant.
3202 920 3239 972 t,
3261 904 3342 976 2).
3365 908 3496 971 Item

1917 983 1983 1038 de
2012 987 2213 1054 Spiritu
2255 999 2443 1042 sancto
2475 991 2614 1045 Deus
2647 994 2880 1062 loquitur
2909 1010 2923 1048 :
2958 993 3242 1061 Eﬂ'undam
3276 1000 3339 1050 de
3367 999 3495 1067 Spi-

1917 1076 2021 1127 ritu
2051 1094 2159 1130 nteo
2188 1097 2340 1150 super
2366 1098 2564 1135 onmem
2609 1100 2809 1137 carnem
2845 1084 3001 1155 (Joel.
3035 1103 3095 1152 ll,
3123 1088 3240 1156 28).
3272 1089 3368 1144 Ubi
3399 1092 3497 1145 ali-

1916 1170 2131 1234 quando
2161 1170 2367 1240 legisti:
2403 1173 2683 1227 htlundatn
2713 1176 2959 1245 angelum
2984 1192 3196 1243 meum,
3225 1181 3307 1234 vel
3339 1181 3495 1235 aliam

1918 1261 2217 1326 quamlibet
2242 1264 2541 1320 cmlestium
2570 1278 2938 1323 creaturarum
2977 1271 3115 1324 sicut
3142 1272 3211 1326 de
3253 1273 3498 1341 Spiritu?

1918 1350 2171 1423 Legimus
2225 1359 2459 1426 repletos
2507 1374 2722 1430 quoque
2770 1362 2932 1416 fuisse
2978 1363 3249 1431 apostolos
3298 1365 3499 1433 Spiritu

1917 1440 2123 1513 sancto,
2158 1461 2212 1504 et
2240 1466 2399 1520 quam
2451 1466 2713 1507 terrarum
2746 1466 2950 1523 partem
2990 1456 3059 1511 ob
3088 1457 3498 1514 aedificationem

1919 1553 2177 1607 Ecclesiae
2210 1553 2576 1621 unusquisque
2612 1556 2841 1622 agebat,
2883 1570 3004 1610 cum
3049 1556 3272 1626 singulis
3317 1558 3499 1627 uliquu

1922 1654 2063 1700 totus
2111 1659 2246 1699 erat.
2282 1646 2470 1712 Augeli
2504 1662 2622 1699 cum
2656 1648 2880 1715 singulis
2926 1648 3119 1717 singuli
3142 1658 3295 1713 sunt,
3328 1658 3383 1704 et
3412 1651 3498 1706 ubi

1920 1741 2167 1805 mittitur,
2198 1740 2323 1792 dum
2353 1738 2423 1793 ibi
2446 1749 2548 1804 est,
2573 1738 2697 1793 alibi
2725 1744 2904 1809 utique
2926 1741 3098 1796 deest.
3127 1741 3360 1810 Spiritus
3378 1759 3497 1798 cum

235 1842 372 1894 rem,
400 1828 453 1879 id
501 1833 589 1879 est
639 1823 976 1879 conditorem
1016 1839 1194 1902 rerum
1227 1824 1501 1888 omnium,
1543 1831 1599 1877 et
1645 1823 1713 1877 ab
1751 1838 1815 1878 eo

1925 1832 2174 1886 omnibus
2203 1832 2402 1900 ubique
2434 1841 2576 1885 totus
2605 1842 2717 1897 est,
2764 1832 2907 1902 quod
2940 1849 3043 1887 non
3076 1834 3179 1887 nisi
3206 1835 3373 1889 solius
3406 1836 3497 1891 Dei

237 1918 528 1979 conditum,
556 1917 757 1969 nihilve
786 1914 1040 1978 medium.

300 2008 590 2062 Hmaticus
639 2005 776 2074 Quid
800 2004 1061 2060 conﬁteor
1089 2004 1229 2073 quod
1259 2004 1455 2072 ambigi
1482 2019 1587 2058 non
1613 2004 1819 2073 potest?

296 2098 635 2151 Athanasius.
659 2094 1025 2151 Convertibile
1052 2109 1213 2149 omne
1235 2094 1534 2161 conditum,
1570 2094 1691 2163 quia
1718 2095 1817 2148 ini-

237 2191 353 2243 tium
410 2189 613 2253 habet,
661 2196 715 2240 et
765 2186 871 2239 ﬁne
924 2199 1032 2239 non
1076 2195 1245 2237 caret.
1305 2183 1714 2239 lnconvertibile
1765 2196 1819 2239 et

235 2276 668 2333 incommutabile
690 2289 852 2328 omne
880 2274 1021 2343 quod
1050 2285 1315 2327 aeternum
1345 2283 1447 2336 est,
1478 2287 1578 2327 nec
1602 2273 1813 2329 iuitiunt

236 2366 445 2433 habere,
481 2380 583 2421 nec
615 2365 775 2419 ﬁnem
807 2362 1124 2418 conﬁteris?

298 2447 609 2500 Urereticus.
640 2444 831 2513 Utique
864 2444 941 2496 sic
971 2443 1076 2503 aio,
1110 2441 1236 2509 quia
1263 2441 1343 2495 sic
1383 2440 1562 2495 habet.

298 2538 639 2591 Athanasius.
655 2533 1152 2589 Creatorcreaturis
1165 2533 1585 2597 commiscibilis,
1603 2534 1816 2587 annon?

298 2626 609 2680 Hiereticus.
635 2626 1009 2679 Communicat
1033 2623 1249 2692 quidem
1299 2635 1560 2677 creaturae
1604 2634 1813 2688 semet,

234 2714 483 2773 miscetur
516 2729 697 2770 tamen
731 2728 1022 2783 nunquam,
1050 2728 1117 2768 ne
1159 2712 1428 2767 mutabilis
1454 2722 1509 2767 et
1551 2718 1818 2768 c0nverti-

233 2810 362 2872 bilis,
389 2816 449 2862 et
469 2807 833 2875 corruptionis
856 2808 1125 2874 particeps
1153 2818 1274 2859 esse
1305 2805 1623 2872 reperiatur.

292 2898 633 2951 Athanasius.
668 2896 835 2949 ltecte
862 2894 1067 2948 dixisti.
1111 2894 1177 2947 Et
1201 2893 1477 2961 quomodo
1516 2894 1688 2962 legis:
1713 2892 1814 2961 Ite,

232 2988 479 3055 baptizate
510 3001 684 3039 omnes
731 2995 901 3056 gentes
928 2986 980 3038 in
1014 2986 1218 3039 nomine
1247 2983 1444 3054 Patris,
1486 2993 1533 3038 et
1584 2985 1736 3054 Filii,
1768 2998 1815 3042 et

232 3077 458 3143 Spiritus
486 3077 653 3129 sancti
685 3073 902 3145 (Matth.
948 3090 1135 3138 xxvm,
1190 3073 1320 3145 l9)?
1351 3075 1408 3131 Si
1456 3088 1700 3129 creatura
1733 3090 1815 3131 est

230 3167 458 3237 Spiritus
480 3176 719 3232 sanctus,
736 3166 1007 3235 quomodo
1026 3165 1267 3221 Creatori
1294 3168 1474 3221 ttnitur
1496 3170 1545 3221 in
1574 3171 1811 3237 nomine,

232 3256 278 3309 in
303 3262 541 3324 virtute,
587 3257 641 3309 in
691 3256 1091 3325 redemptione,
1144 3256 1195 3309 in
1242 3259 1697 3312 sanctilicatione?
1750 3260 1816 3313 Et

233 3363 377 3417 quem
415 3356 468 3402 tu
499 3349 554 3401 in
584 3348 742 3400 tertio
768 3346 887 3401 loco
907 3346 1171 3400 nominari
1205 3358 1378 3416 putas,
1410 3349 1461 3400 in
1495 3350 1666 3416 primo
1693 3365 1812 3402 eum

235 3441 412 3495 Petrus
460 3439 747 3507 apostolus
777 3440 1024 3504 collocat,
1058 3438 1148 3506 qui
1197 3438 1515 3492 Trinitatem
1563 3440 1814 3507 gradibus

233 3550 328 3589 non
366 3533 596 3596 dividit,
630 3548 914 3588 numerum
945 3534 1155 3598 nescit,
1196 3535 1289 3587 sed
1338 3534 1553 3588 tertium
1589 3537 1812 3601 trimum

234 3630 403 3694 ponit,
437 3643 563 3682 cum
594 3628 727 3681 dicit
759 3626 979 3681 Ananiae
1013 3646 1023 3679 :
1065 3627 1237 3693 Quare
1275 3629 1540 3694 complevit
1591 3628 1815 3684 Satanas

235 3736 309 3772 τον
338 3733 508 3785 tuum,
532 3730 587 3773 ut
610 3720 892 3773 mentireris
920 3718 1143 3789 Spiritui
1171 3730 1347 3773 sancto
1375 3721 1511 3791 (Act.
1548 3738 1599 3785 ν,
1630 3722 1724 3789 '5)?
1751 3723 1817 3777 Et

234 3818 344 3874 post
375 3811 654 3880 paululum
692 3827 704 3861 :
744 3808 863 3863 Non
893 3826 945 3863 es
976 3811 1215 3863 mentitus
1244 3809 1552 3873 hominibus,
1594 3816 1682 3866 sed
1708 3814 1816 3868 Deo

234 3898 415 3967 (Ibid.,
445 3899 529 3971 4).
566 3902 709 3971 Ergo
734 3905 822 3971 qui
866 3902 1088 3971 Spiritui
1139 3914 1325 3958 sancto
1372 3907 1657 3970 mentitur.
1706 3908 1816 3963 Deo

234 3992 485 4044 mentitur
518 4007 534 4044 :
567 3994 690 4057 quia
724 3991 957 4059 Spiritus
987 4002 1069 4047 est
1102 3993 1262 4048 Deus.
1314 3994 1450 4048 Audi
1498 4008 1552 4051 et
1595 3998 1814 4054 Paulum

234 4085 529 4147 apostolum
573 4083 884 4137 dicentem:
920 4083 1090 4138 Nemo
1141 4087 1273 4139 enim
1310 4088 1404 4140 scit
1432 4106 1550 4159 qua:
1593 4102 1715 4145 sunt
1763 4095 1817 4148 in

237 4175 449 4237 homine,
494 4174 592 4226 nisi
614 4176 823 4243 spiritus
856 4174 1025 4228 homin
1040 4176 1074 4227 's
1105 4180 1191 4243 qui
1218 4186 1292 4230 est
1316 4179 1369 4230 in
1392 4194 1452 4231 eo
1479 4194 1496 4231 .·
1528 4181 1600 4233 ita
1625 4191 1674 4235 et
1702 4200 1818 4253 qua:

236 4278 281 4313 In
317 4262 422 4315 Deo
444 4274 562 4315 sunt
606 4280 751 4315 nemo
779 4266 906 4327 scit,
936 4266 1033 4318 nisi
1066 4263 1295 4334 Spiritus
1324 4269 1435 4336 ejus
1461 4270 1548 4338 qui
1577 4279 1651 4324 est
1677 4272 1729 4325 in
1756 4289 1817 4327 eo

245 4352 295 4415 (1
329 4354 447 4405 Cor.
480 4368 538 4417 II,
572 4354 687 4422 11).
713 4357 810 4418 Qui
838 4356 1019 4424 utique
1047 4357 1092 4409 si
1118 4367 1263 4411 esset
1289 4367 1555 4427 creatura,
1590 4370 1645 4415 ut
1672 4363 1816 4416 credi

238 4446 437 4506 studes,
491 4444 619 4514 quid
663 4448 716 4499 in
765 4458 1008 4501 creatore
1035 4457 1179 4502 esset
1230 4449 1370 4503 scire
1420 4464 1526 4505 non
1584 4461 1813 4520 poterat.

244 4531 391 4635 Ende
414 4532 555 4587 idem
588 4533 823 4635 Paulus:
856 4537 981 4600 Quis
1008 4538 1139 4635 enim
1165 4539 1394 4609 cognovit
1421 4555 1622 4593 sensum
1658 4544 1816 4613 277
1849 4577 1897 4635 Β

241 4622 473 4689 Domini,
517 4636 608 4678 aut
661 4626 778 4695 quis
826 4627 1153 4680 consiliarius
1197 4631 1311 4699 ejus
1359 4629 1456 4696 fuit
1496 4629 1671 4699 (Rom.
1730 4648 1815 4697 χι,

238 4719 325 4784 34)
347 4722 371 4770 1'
400 4718 458 4773 Si
487 4734 617 4788 ergo
644 4719 717 4773 de
749 4720 904 4774 Patre
942 4720 1185 4788 procedit
1223 4720 1457 4789 Spiritus
1487 4732 1727 4788 sanctus,
1762 4734 1819 4779 ut

237 4806 495 4875 legimus;
524 4808 570 4862 si
599 4808 809 4873 liberat,
833 4809 878 4863 si
907 4808 1223 4873 sanctiﬁcat,
1248 4810 1291 4863 si
1315 4810 1623 4865 consolator
1645 4823 1749 4878 est,
1773 4816 1816 4867 si

236 4898 413 4953 bonus
434 4911 513 4954 est
542 4911 599 4955 ut
630 4902 788 4965 Deus,
826 4902 965 4957 sicut
992 4904 1246 4971 scriptum
1275 4912 1397 4958 est:
1440 4903 1670 4973 Spiritus
1703 4916 1816 4957 tuus

234 4993 397 5045 bonus
420 4994 632 5047 deducet
656 5010 735 5047 me
760 4994 810 5048 in
836 5003 1024 5048 terram
1058 5004 1248 5047 rectam
1277 4994 1449 5063 (Psal.
1488 5010 1655 5056 CXLII,
1690 4997 1811 5064 lli):

237 5086 279 5135 si
311 5085 503 5149 abluit,
534 5088 577 5140 si
603 5084 884 5154 justiﬁcat,
917 5085 963 5138 si
995 5086 1040 5139 is
1070 5087 1158 5153 qui
1189 5100 1310 5139 eum
1342 5084 1815 5153 blaSphemaverit,

231 5178 371 5229 sicut
402 5179 659 5242 scriptum
691 5186 804 5241 est,
834 5174 956 5228 Non
992 5174 1137 5227 habet
1163 5175 1532 5242 remissionem,
1565 5191 1723 5244 neque
1763 5176 1816 5229 in

232 5267 325 5317 hoc
338 5269 545 5332 arcula,
577 5284 735 5336 neque
752 5269 805 5321 in
818 5268 992 5336 futuro
1016 5265 1229 5341 (Matth.
1253 5282 1348 5330 xu,
1362 5266 1452 5335 3'2)
1470 5283 1483 5330 ;
1499 5282 1619 5335 qua:
1634 5267 1817 5336 utique

231 5357 361 5409 nulli
396 5360 495 5411 nisi
522 5359 631 5413 Deo
656 5375 866 5428 propria
890 5368 1033 5425 sunt,
1068 5357 1194 5426 quid
1225 5372 1355 5427 ergo
1403 5359 1636 5426 amplius
1676 5374 1820 5428 quae-

232 5450 463 5503 rendum
487 5450 552 5505 de
584 5452 676 5505 illo
704 5460 808 5514 est,
842 5452 922 5506 vel
967 5449 1361 5505 dubitandum?
1389 5448 1652 5519 Cumper
1683 5464 1813 5517 ope-

232 5553 346 5593 nim
403 5541 824 5610 magnitudinem
865 5542 1006 5610 quod
1044 5550 1127 5595 est
1158 5541 1273 5609 ipse
1319 5539 1670 5595 manifestat:
1706 5555 1818 5595 non

230 5633 419 5699 utique
451 5632 679 5687 alienum
724 5648 842 5688 esse
871 5648 900 5687 a
931 5631 1119 5696 Patris,
1150 5641 1204 5687 et
1234 5630 1358 5685 Filii
1392 5631 1696 5699 majestate,
1728 5630 1820 5699 qui

230 5736 333 5775 non
364 5728 461 5776 est
485 5723 548 5778 ab
590 5739 811 5792 operum
865 5722 1145 5779 virtutibus
1194 5722 1429 5786 alienus;
1483 5719 1683 5775 frustra
1744 5717 1825 5773 illi

1920 1938 2022 1983 est.
2069 1929 2371 1981 Adoremus
2417 1943 2545 1998 ergo
2597 1930 2829 1992 Patrem,
2863 1929 3148 1984 adoremus
3186 1941 3239 1984 et
3268 1931 3457 1985 Filium
3482 1974 3496 1997 ,

1922 2020 2210 2073 adoremus
2234 2030 2289 2073 et
2317 2019 2574 2089 Spiritum
2604 2030 2868 2085 sanctum,
2900 2036 3003 2074 uua
3030 2022 3327 2090 eademque
3349 2038 3498 2077 vene~

1924 2113 2157 2167 ratione.
2189 2112 2247 2168 Si
2279 2113 2368 2167 ille
2397 2116 2552 2168 nobis
2595 2130 2715 2169 cum
2749 2116 2906 2169 Patre
2930 2126 2984 2170 et
3013 2115 3147 2169 Filio
3174 2118 3382 2171 confert
3410 2120 3501 2172 re-

1923 2206 2235 2260 missionem
2291 2218 2652 2274 peccatnrnm,
2705 2210 3186 2263 sanctiﬁcationem
3235 2219 3291 2264 et
3336 2210 3500 2264 vitam

1922 2308 2258 2368 perpetuam,
2287 2300 2446 2353 simul
2496 2302 2678 2371 utique
2704 2317 2824 2355 cum
2855 2302 3013 2357 Patre
3047 2312 3100 2358 et
3132 2303 3267 2359 Filio
3303 2305 3502 2359 refera-

1922 2404 2041 2444 mus
2069 2398 2124 2444 et
2151 2391 2395 2460 gloriam.
2430 2392 2536 2446 Aut
2565 2394 2609 2446 si
2639 2410 2743 2447 non
2772 2404 2856 2448 est
2895 2410 3016 2448 cum
3050 2395 3208 2450 Patre
3244 2396 3500 2453 colendus

1923 2491 1976 2537 et
2009 2482 2166 2548 Filio,
2200 2498 2330 2552 ergo
2354 2499 2450 2537 nec
2474 2485 2813 2539 eontiteudus
2844 2485 2897 2539 in
2931 2488 3214 2554 baptismo.

1993 2573 2299 2630 ereticus.
2333 2576 2497 2630 Paulo
2518 2587 2644 2631 ante
2671 2578 2903 2632 confessi
2933 2594 3116 2634 sumus
3138 2580 3297 2634 ambo
3324 2581 3493 2635 Deum

1922 2662 2133 2719 Patrem
2167 2665 2505 2733 invisibilem,
2544 2669 3168 2738 incomprehensibilem,
3195 2672 3498 2726 immutabi—

1920 2756 2048 2823 lem,
2079 2762 2196 2812 sine
2222 2760 2326 2812 ﬁne
2343 2762 2751 2828 sempiternum.

1988 2851 2321 2906 Athanasius.
2350 2851 2440 2907 Sic
2468 2853 2647 2906 habet.

1994 2942 2304 3000 ereticus.
2338 2944 2402 2997 Et
2426 2944 2695 3013 quomodo
2723 2943 2791 2998 de
2818 2942 2934 3014 ejus
2980 2943 3278 2998 substantia
3308 2944 3498 3000 Filium

1917 3034 2212 3100 conﬁteris,
2237 3036 2326 3103 qui
2359 3050 2501 3104 saepe
2541 3050 2569 3088 a
2614 3035 2861 3089 Patribus
2888 3035 3034 3090 visus
3072 3044 3152 3090 est
3181 3038 3500 3091 convertibi-

1925 3127 1990 3181 lis
2020 3134 2180 3195 atque
2204 3127 2490 3189 mutabilis,
2526 3136 2579 3181 et
2610 3127 2660 3181 in
2701 3127 2865 3182 variis
2900 3128 3082 3197 ﬁguris
3125 3129 3347 3198 singulis
3388 3132 3498 3200 qui-

1841 3230 1886 3291 c
1920 3219 2125 3287 busque
2152 3234 2297 3287 scepe
2318 3218 2755 3273 demonstratus?
2786 3218 2892 3286 Qui
2938 3219 2984 3272 si
3010 3220 3078 3274 de
3109 3220 3219 3290 ipsa
3250 3222 3500 3276 subsunt-

1925 3313 1994 3364 tia
2018 3318 2194 3378 esset,
2245 3311 2421 3365 carnis
2452 3311 2615 3382 278
2644 3310 2823 3379 utique
2852 3313 3222 3380 assumptione
3250 3327 3348 3367 nec
3377 3314 3502 3365 Visi-

1920 3402 2043 3457 bilis
2082 3412 2428 3470 cerneretur,
2464 3408 2593 3472 quin
2629 3404 2805 3471 potius
2854 3407 2904 3457 in
2938 3418 3001 3459 ea
3051 3404 3358 3474 aequalitate
3401 3421 3503 3476 qua

1919 3492 2079 3548 Pater
2126 3504 2213 3548 est
2259 3495 2666 3563 permansisset,
2703 3510 2772 3550 ex
2824 3496 2975 3564 cujus
3006 3498 3306 3551 substantia
3336 3510 3454 3553 erat
3488 3515 3501 3549 :

1918 3584 2041 3654 quia
2065 3585 2206 3653 quod
2236 3586 2305 3640 de
2350 3587 2508 3641 Patre
2537 3597 2639 3655 est,
2671 3602 2769 3642 nec
2795 3587 2988 3652 videri,
3022 3603 3121 3644 nec
3148 3590 3367 3656 mutari,
3403 3605 3502 3645 nec

1921 3680 2160 3734 converti
2196 3695 2353 3748 posse
2374 3680 2702 3736 credendum
2731 3692 2833 3737 est.

1992 3771 2322 3826 Athanasius.
2348 3773 2473 3828 llaec
2501 3783 2590 3828 est
2619 3788 2777 3827 causa
2802 3774 3026 3840 erroris,
3055 3774 3171 3830 haec
3207 3776 3357 3847 origo
3389 3776 3503 3831 liae-

1920 3864 2058 3918 resis
2087 3863 2321 3928 Ariante,
2344 3864 2476 3917 dum
2512 3880 2617 3917 non
2650 3865 2951 3933 intelligunt
2983 3866 3232 3920 virtutem
3265 3868 3379 3935 Dei,
3410 3885 3504 3924 ne-

1920 3977 2023 4033 que
2052 3960 2931 4027 tantisacramentidispositionem
2951 3972 3249 4031 agnoscunt
3274 3979 3287 4015 :
3313 3963 3503 4032 quibus

1922 4056 1973 4110 in
2019 4055 2193 4124 primo
2244 4052 2674 4121 respondendum
2721 4064 2803 4107 eat
2858 4052 3051 4106 Filium
3105 4054 3229 4118 Dei,
3286 4067 3391 4107 non
3430 4054 3503 4109 ita

1922 4150 2093 4203 visum
2146 4159 2202 4201 ut
2233 4147 2373 4201 Deus
2414 4156 2572 4213 erat,
2628 4145 2724 4200 sed
2774 4152 2831 4198 ut
2882 4146 3044 4200 homo
3093 4146 3213 4214 capi
3268 4156 3499 4215 poterat.

1923 4242 2127 4296 Deinde
2172 4243 2273 4296 hoc
2302 4255 2422 4295 esse
2441 4239 2691 4308 potentia:
2722 4237 2840 4302 Dei,
2864 4245 2923 4290 ut
2954 4252 3070 4291 cum
3097 4238 3323 4307 singulis
3347 4251 3503 4308 prout

1924 4336 2092 4391 voluit
2120 4333 2346 4389 revelari
2377 4333 2621 4402 dignatus
2651 4338 2757 4397 est,
2805 4329 3043 4384 habitum
3088 4340 3340 4395 mutaret,
3392 4346 3500 4385 non

1923 4428 2272 4485 substantiam
2322 4433 2597 4489 verteret,
2640 4438 2740 4479 nec
2786 4425 3165 4493 proprietatem
3232 4423 3502 4494 qualitatis

1924 4523 2193 4585 amittens,
2226 4520 2318 4573 sed
2359 4519 2509 4587 juxta
2551 4519 2799 4570 meritum
2853 4515 3087 4569 videntis
3112 4522 3503 4584 temperamen-

1930 4624 2038 4669 tum
2064 4611 2326 4680 mnjestati
2360 4610 2622 4663 adhibuit.
2654 4608 2775 4677 Ipse
2814 4617 2989 4661 tamen
3027 4617 3081 4659 ut
3119 4620 3331 4676 semper
3362 4606 3503 4662 idem

1925 4717 2028 4772 est,
2063 4707 2115 4760 in
2142 4705 2453 4758 substantiae
2488 4717 2600 4757 suae
2640 4700 2970 4772 proprietate
3007 4700 3323 4769 permansit,
3367 4700 3505 4755 sicut

1925 4800 2184 4867 scriptum
2216 4805 2299 4850 est
2329 4812 2346 4848 :
2371 4794 2594 4848 Mutabis
2624 4810 2729 4858 eos,
2763 4804 2813 4845 et
2842 4791 3176 4845 mutabuntur
3204 4807 3222 4844 :
3253 4799 3309 4844 tu
3337 4803 3506 4845 autem

1924 4892 2032 4959 ipse
2050 4890 2182 4943 idem
2209 4904 2278 4952 es,
2307 4895 2352 4939 et
2383 4886 2507 4939 anni
2535 4886 2609 4937 tui
2644 4900 2745 4937 non
2788 4883 3026 4953 deﬁcient
3070 4881 3247 4952 (Psal.
3271 4897 3343 4949 Cl,
3383 4883 3502 4955 28).

1923 4980 2054 5035 Nam
2071 4990 2125 5034 et
2139 4979 2308 5048 angeli
2333 4978 2382 5031 in
2402 4976 2566 5045 ﬁgura
2587 4974 2860 5029 hominum
2877 4989 3021 5043 saepe
3033 4973 3153 5040 visi,
3172 4983 3347 5029 tamen
3361 4975 3504 5028 aliud

1924 5088 2028 5126 non
2057 5080 2183 5126 sunt
2204 5084 2360 5136 quam
2384 5069 2523 5136 quod
2551 5081 2671 5121 esse
2698 5081 2756 5119 se
2793 5072 3009 5130 norunt,
3042 5080 3216 5135 neque
3254 5064 3506 5120 substan-

1922 5166 2046 5220 tiam
2079 5171 2307 5228 mutant,
2339 5177 2456 5216 cum
2484 5161 2702 5229 ﬁguram
2729 5158 2943 5212 humani
2979 5157 3220 5227 corporis
3264 5164 3501 5210 sumunt.

1920 5258 2130 5325 Quanto
2157 5254 2325 5323 magis
2351 5265 2537 5308 auctor
2562 5250 2875 5321 angelorum
2918 5265 3024 5304 non
3055 5247 3365 5310 mutabitur,
3411 5244 3501 5313 qtti

1921 5350 2125 5417 angelis
2157 5356 2215 5401 ut
2239 5348 2338 5403 hoc
2363 5345 2539 5400 facere
2562 5345 2769 5415 possint
2797 5357 2891 5396 sua
2933 5340 3250 5393 liberalitate
3278 5351 3502 5391 conces-

1922 5444 2026 5499 sit?
2060 5441 2221 5496 Vides
2245 5454 2375 5509 ergo
2418 5437 2797 5509 dispositiones
2832 5447 3008 5486 rerum
3039 5430 3357 5491 futurarum,
3383 5441 3504 5496 qua:

1924 5534 2033 5590 suis
2056 5530 2352 5600 quibusque
2400 5527 2733 5597 temp0ribus
2773 5519 3105 5588 complenda:
3145 5516 3378 5571 erantin
3413 5516 3504 5569 illo

1925 5641 2021 5694 per
2070 5624 2355 5693 imaginem
2398 5621 2635 5690 patribus
2681 5623 3095 5686 praeostcnsam,
3166 5624 3272 5664 non
3327 5619 3505 5666 tamen

1922 5717 2097 5785 ipsum
2126 5715 2313 5779 Deum,
2343 5721 2399 5767 ut
2424 5720 2504 5765 est
2529 5709 2764 5777 proprie,
2803 5704 2996 5758 visunt.
