3958 6176
532 342 639 398 295

1865 347 1965 403 ΠΟ
1974 349 2081 403 lLll
2126 350 2496 409 TAPSENSIS

3688 370 3789 425 29‘}

606 450 913 507 Hernicus.
933 451 1069 520 Quid
1100 453 1167 508 de
1212 455 1576 509 incarnatione
1623 453 1881 521 dicturus,
1911 464 1966 510 et
1993 459 2111 527 ejus
2138 472 2188 528 Α
2216 478 2340 517 raro
2371 464 2447 518 sic
2478 464 2708 532 factum,
2764 467 2866 523 hoc
2893 477 2974 523 est
3006 471 3334 539 unigenitum
3366 475 3458 529 Dei
3490 474 3682 534 Filium
3712 486 3788 539 sic

538 541 943 597 mutabilitatem
971 559 1073 612 qua
1127 545 1331 599 ratione
1373 546 1653 599 excusabis
1707 560 1811 599 non
1851 548 2104 618 intelligo.

534 632 813 702 Siquidem
861 633 1090 702 legimus
1134 652 1146 685 :
1185 634 1404 687 Verbum
1435 651 1554 688 raro
1598 636 1789 705 factum
1814 646 1887 690 est
1925 637 2104 707 (Joan.

536 740 574 787 ι,
609 724 720 791 Η).
770 724 920 778 Tunc
961 722 1141 792 utique
1176 724 1404 793 Virginis
1436 734 1645 780 uterum
1676 727 1911 795 Opplevit
1938 745 1953 784 :
1983 737 2109 783 tunc

534 814 678 866 aliud
701 828 859 883 quam
881 814 1022 883 quod
1059 824 1280 868 venerat
1310 823 1490 869 natum
1517 827 1617 870 est.
1654 816 1801 872 Unde
1825 817 1933 886 jam
1965 834 2111 873 com-

531 906 694 958 mixta
722 906 1016 960 substantia
1059 916 1256 961 statum
1286 908 1487 974 vertit,
1538 909 1782 964 ordinem
1827 912 2003 979 perdit
2055 914 2108 969 in

532 997 825 1051 mutatione
854 997 965 1066 ipsa
999 1016 1011 1049 :
1041 998 1106 1052 de
1135 996 1247 1053 Deo
1278 1002 1462 1067 homo,
1510 1002 1577 1057 de
1625 1003 1817 1071 spiritu
1857 1020 1985 1057 caro
2028 1005 2107 1058 fa-

525 1098 668 1143 ctum
697 1098 799 1144 est.
834 1089 901 1142 Et
931 1090 1114 1159 utique
1145 1093 1424 1146 translatio
1452 1094 1647 1160 omnis,
1681 1095 1990 1163 interiectio
2025 1107 2109 1150 est

530 1180 739 1247 pristini
768 1188 958 1233 status.
988 1181 1191 1236 Idcirco
1214 1182 1405 1237 Filium
1436 1199 1500 1239 ex
1534 1185 1634 1238 alia
1670 1186 1963 1239 substantia
1989 1202 2108 1240 cre-

527 1269 762 1323 dendum
797 1284 901 1324 non
926 1270 1142 1325 dubium
1168 1283 1269 1338 est,
1301 1289 1419 1340 qua:
1446 1274 1706 1341 converti,
1732 1284 1783 1327 et
1811 1277 2026 1341 mutari,
2054 1287 2109 1331 et

529 1360 701 1414 videri
732 1369 906 1431 potest
941 1379 953 1412 :
986 1364 1108 1431 quia
1145 1365 1246 1419 hoc
1276 1364 1342 1419 de
1384 1365 1559 1419 Patris
1613 1367 1910 1420 substamia
1962 1370 2105 1422 credi

534 1450 615 1504 fas
638 1465 743 1503 non
776 1459 877 1517 est,
911 1455 1031 1520 quia
1064 1454 1139 1506 ait
1164 1469 1178 1507 :
1215 1453 1324 1524 Ego
1350 1471 1495 1519 sum;
1519 1472 1609 1525 ego
1630 1474 1763 1525 sum,
1791 1470 1841 1512 et
1869 1476 1969 1512 non
1992 1479 2107 1515 mu-

482 1574 493 1581 ο
525 1540 673 1593 tabor
700 1540 955 1609 (Malach.
988 1557 1066 1607 Ill,
1091 1543 1167 1611 6).
1202 1545 1267 1597 Et
1296 1544 1465 1598 Filius
1497 1546 1548 1599 in
1582 1548 1866 1618 Evangelia
1898 1569 1909 1602 :
1945 1551 2105 1605 Deum

524 1647 672 1686 nemo
694 1632 821 1686 vidit
849 1650 1069 1702 unquam
1102 1634 1286 1707 (Joan.
1316 1652 1354 1703 ι,
1386 1638 1498 1705 l8).

594 1722 926 1791 Athanasius.
983 1724 1303 1780 Commixtio
1366 1727 1579 1795 quidem
1648 1730 1761 1785 sive
1833 1733 2101 1786 concretio

2214 554 2411 609 factum
2464 572 2583 612 esse
2633 558 2865 613 hominis
2890 561 3087 626 lilium,
3142 573 3200 618 ut
3238 576 3428 622 neutro
3463 568 3520 623 in
3562 571 3787 629 alterum

2200 659 2390 710 -Vel‘Sll,
2426 648 2520 700 sed
2561 658 2784 719 utroque
2824 650 2877 705 in
2928 652 3091 724 280
3132 670 3224 708 sua
3255 660 3547 713 substantia
3579 678 3789 730 perma-

2212 745 2394 803 nente,
2423 739 2499 793 sic
2526 738 2663 794 Deus
2695 742 2746 794 in
2777 742 2991 799 homine
3022 756 3294 814 pateretur
3324 749 3578 817 humana,
3629 764 3686 809 ut
3734 755 3787 809 in

2209 840 2269 882 se
2295 829 2408 895 ipso
2430 830 2632 899 integr-:1
2658 832 2832 886 divina
2861 846 3102 891 servaret
3133 855 3144 888 :
3181 854 3288 892 non
3321 852 3377 893 ut
3405 846 3785 913 conversione,

2209 926 2300 970 aut
2326 920 2677 977 mutabilitate
2716 925 2892 993 aliqua
2927 929 3152 996 cmperit
3193 946 3313 985 esse
3340 934 3482 1000 quod
3514 951 3619 991 non
3647 951 3785 1006 erat,

2210 1009 2305 1062 sed
2338 1018 2397 1063 ut
2422 1013 2656 1079 potentia
2686 1015 2885 1070 divinae
2914 1018 3330 1086 diSpensationis
3347 1022 3579 1081 Verbum
3609 1030 3784 1087 Patris

2210 1113 2480 1167 nunquam
2511 1118 2540 1154 a
2575 1104 2731 1157 Patre
2760 1106 3061 1173 discedens,
3096 1108 3255 1164 homo
3280 1115 3493 1182 proprie
3527 1119 3643 1172 fieri
3675 1122 3784 1191 dig-

2210 1201 2467 1252 naretur.
2520 1194 2934 1265 incarnatusque
2978 1201 3048 1251 sit
3090 1202 3391 1269 unigenitus
3434 1217 3643 1261 secreto
3688 1210 3784 1263 illo

2209 1282 2498 1347 mysterio,
2550 1286 2689 1350 quod
2736 1287 2848 1354 ipse
2894 1289 3041 1341 novit
3081 1301 3366 1345 :nostrum
3422 1310 3649 1367 namque
3698 1313 3783 1357 est

2205 1369 2446 1435 credere,
2480 1371 2623 1423 illius
2668 1389 2845 1427 nosse.
2886 1378 2960 1429 Ac
2988 1378 3063 1430 sic
3096 1380 3209 1447 ipse
3239 1380 3377 1436 Deus
3412 1385 3659 1452 Verbum,
3696 1400 3780 1443 to-

2208 1466 2315 1510 tum
2344 1461 2642 1528 suseipiens
2676 1464 2808 1518 inse
2838 1466 2977 1533 quod
3010 1477 3091 1521 est
3124 1467 3372 1535 hominis,
3409 1473 3568 1527 homo
3597 1479 3686 1531 sit.
3718 1480 3783 1534 Et

2204 1559 2511 1616 assumptus
2568 1549 2727 1604 homo
2777 1564 2942 1607 totum
2994 1558 3306 1625 accipiendo
3338 1564 3475 1628 quod
3527 1563 3621 1618 Dei
3670 1580 3777 1635 est,

2204 1638 2345 1689 aliud
2374 1655 2531 1705 quam
2554 1641 2691 1695 Deus
2712 1658 2829 1699 esse
2854 1661 2957 1699 non
2984 1648 3170 1715 possit.
3190 1648 3303 1701 Non
3327 1664 3455 1719 ergo
3469 1654 3537 1707 de
3558 1656 3781 1711 visibili-

2203 1725 2301 1778 bus
2325 1727 2631 1794 conjectura
2660 1732 2895 1787 facienda
2918 1745 3021 1799 est,
3044 1736 3195 1804 qnasi
3224 1740 3519 1807 aequalibus
3545 1742 3777 1800 invicem

522 1821 727 1868 natum
757 1816 978 1869 mutatio
1006 1818 1091 1871 est
1120 1832 1135 1869 ε
1185 1818 1407 1873 mutatio
1452 1829 1661 1875 natura;
1702 1823 2100 1878 translationem
2133 1824 2178 1884 Β
2205 1818 2467 1870 creaturis
2500 1828 2743 1885 putemus
2779 1824 2942 1878 Deum
2978 1825 3355 1896 hominemque
3382 1835 3733 1888 commixtum
3763 1853 3777 1892 :

520 1907 691 1971 facit;
737 1915 793 1961 et
842 1908 1121 1963 translatio
1182 1909 1357 1978 perdit
1411 1912 1553 1981 quod
1608 1923 1763 1979 erat,
1818 1924 1871 1968 et
1921 1916 2103 1983 incipit

522 2012 644 2051 esse
678 1997 821 2067 quod
851 2014 957 2051 non
984 2009 1117 2053 erat.
1152 1999 1266 2054 Hoc
1304 2002 1553 2056 nativitas
1579 2004 1773 2058 (lbristi
1804 2021 1909 2059 non
1940 2009 2103 2077 279

524 2087 735 2153 habet,
790 2087 1042 2142 Gabriele
1096 2090 1289 2158 angelo
1339 2099 1566 2148 testante
1596 2131 1612 2157 ,
1659 2109 1821 2163 quem
1872 2096 2100 2152 interro-

521 2189 701 2249 gatum
759 2179 827 2233 de
888 2178 1064 2234 Maria:
1119 2182 1471 2249 possibilitate
1535 2199 1824 2257 conceptus
1878 2205 2101 2259 reSpon-

518 2269 664 2323 disse
714 2270 1044 2338 evangelista
1098 2270 1318 2327 refert:
1376 2274 1607 2342 Spiritus
1664 2290 1868 2334 sanctus
1922 2298 2101 2350 super-

517 2360 677 2414 veniet
712 2362 767 2414 in
802 2371 852 2415 te
878 2402 892 2428 ,
930 2370 976 2415 et
1004 2364 1163 2418 virtus
1191 2364 1434 2421 Altissimi
1465 2369 1776 2425 obumbrabit
1809 2373 1900 2427 tibi
1935 2374 2096 2444 (Luc.

516 2464 556 2515 ι,
583 2450 695 2518 35).
723 2451 823 2518 Qui
851 2453 1054 2522 utique,
1104 2469 1203 2508 nec
1248 2459 1300 2509 in
1338 2467 1563 2527 utroque
1589 2459 1733 2515 dicto
1762 2466 2098 2519 commixtio-

522 2556 668 2609 nem,
694 2543 787 2596 sed
818 2555 1197 2611 superventum
1225 2548 1454 2617 Spiritus
1496 2553 1688 2617 sancti,
1720 2563 1775 2608 et
1803 2556 2094 2612 obumbra-

517 2632 719 2688 tionem
749 2634 1009 2690 Altissimi
1040 2638 1357 2693 nominavit.
1393 2640 1549 2710 Legis
1594 2643 1810 2699 Verbum
1848 2663 1971 2702 caro
2015 2654 2094 2719 fa-

515 2733 748 2777 ctumest
792 2723 971 2795 (Joan.
997 2741 1033 2792 1,
1069 2724 1179 2796 14).
1225 2728 1503 2794 Quomodo
1546 2742 1723 2789 autem
1772 2737 1841 2789 sit
1889 2736 2090 2792 factum

514 2830 667 2870 mens
714 2816 897 2885 utique
928 2826 1107 2872 nostra
1136 2835 1244 2873 non
1271 2823 1481 2892 attingit
1510 2841 1522 2875 :
1577 2826 1698 2893 quia
1728 2828 1869 2895 quod
1918 2831 2094 2885 credi-

514 2921 636 2961 mus
661 2907 872 2961 excedit
897 2918 1128 2964 mentem
1156 2918 1392 2966 nostram
1425 2930 1439 2967 :
1479 2914 1573 2969 sed
1602 2916 1704 2972 fide
1729 2920 2042 2990 attingimus
2076 2940 2090 2977 :

514 3007 570 3052 et
595 2998 674 3053 sic
694 3000 795 3053 hoc
822 2999 982 3054 modo
1010 3010 1178 3056 totum
1203 3011 1448 3060 tenemus
1478 3005 1599 3073 fide,
1620 3010 1760 3076 quod
1783 3012 2084 3066 credimus:

512 3089 612 3143 etsi
646 3098 824 3144 mente
852 3104 957 3143 non
986 3100 1156 3146 totum
1184 3094 1607 3162 complecdmur.
1662 3098 1814 3153 Scire
1839 3115 1969 3170 ergo
1994 3102 2089 3155 dc-

2205 1915 2259 1959 ct
2285 1907 2371 1959 tali
2397 1909 2712 1967 confusione
2740 1916 2916 1969 carnis
2945 1927 2997 1969 ct
3025 1916 3209 1982 Verbi,
3241 1920 3391 1986 quasi
3419 1921 3631 1991 aliquod
3655 1940 3777 1979 cora

2203 2010 2300 2063 pus
2344 1996 2610 2053 effectum.
2645 2002 2797 2055 Absit
2846 2004 2914 2057 ita
2964 2006 3185 2059 credere
3218 2022 3232 2058 :
3265 2008 3570 2075 huiusmodi
3626 2017 3776 2067 enim

2200 2086 2509 2140 commixtio
2540 2128 2554 2151 ,
2603 2092 2770 2157 partis
2819 2094 3097 2162 utriusque
3149 2099 3421 2165 corruptio
3475 2109 3596 2152 est:
3631 2101 3777 2157 Deus

2198 2176 2338 2228 enim
2370 2191 2555 2245 capax,
2593 2194 2696 2233 non
2729 2182 2986 2248 capabilis
3013 2194 3134 2247 est;
3168 2199 3453 2253 penetrans
3474 2204 3579 2242 non
3604 2205 3777 2259 pene-

2198 2266 2434 2332 trabilis;
2469 2270 2695 2339 implens
2727 2288 2830 2327 non
2864 2274 3156 2342 implebilis
3198 2291 3212 2331 :
3255 2281 3341 2346 qui
3376 2279 3570 2348 ubique
3600 2292 3774 2337 totum

2198 2356 2357 2411 simul
2397 2370 2513 2427 est,
2555 2370 2609 2414 et
2645 2362 2838 2430 ubique
2885 2366 3134 2419 dill'usum
3166 2378 3268 2433 est,
3327 2383 3419 2436 per
3451 2371 3775 2429 inlusionem

2199 2448 2451 2515 potentiae
2481 2465 2591 2503 suae
2621 2450 2903 2521 dignanter
2935 2462 3137 2508 natura:
3168 2469 3248 2509 est
3286 2458 3555 2512 immixtus
3584 2463 3777 2517 huma-

2197 2553 2300 2601 na,
2332 2556 2436 2592 non
2482 2542 2710 2593 humana
2743 2553 2930 2597 natura
2960 2553 3165 2599 natura:
3213 2557 3295 2600 est
3325 2550 3522 2603 mixtus
3548 2553 3772 2608 divinae.

2196 2628 2335 2684 Caro
2358 2630 2516 2699 igitur
2549 2635 2767 2700 profecit
2793 2635 2844 2689 in
2877 2636 3128 2701 Verbum,
3155 2654 3257 2691 non
3282 2638 3513 2694 Verbum
3544 2646 3776 2710 profecit

2195 2722 2248 2775 in
2276 2738 2511 2776 carnem.
2546 2723 2837 2779 Verissime
2863 2742 2990 2794 ergo
3017 2728 3246 2781 Verbttm
3276 2745 3400 2783 caro
3424 2730 3616 2784 factmn
3649 2745 3772 2786 est:

2172 2819 2310 2882 .sed,
2344 2828 2399 2869 ut
2428 2817 2676 2881 diximus,
2710 2817 2880 2870 solum
2934 2819 3149 2887 prOprie
3208 2822 3596 2888 personaliter,
3658 2841 3773 2880 non

2196 2923 2316 2961 cum
2338 2907 2495 2961 Patre
2521 2919 2609 2960 aut
2630 2907 2829 2970 Spiritu
2858 2921 3044 2963 sancto
3072 2912 3411 2976 naturaliter;
3441 2916 3557 2981 quia
3584 2918 3775 2983 unige-

2193 3002 2335 3055 nitus
2358 3000 2450 3052 Dei
2476 2998 2660 3063 Filius,
2683 2999 2821 3052 Deus
2842 3015 3020 3065 verus,
3041 3003 3128 3069 qui
3162 3016 3281 3055 cum
3309 3002 3464 3057 Patre
3486 3013 3539 3055 et
3564 3003 3772 3072 Spiritu

2192 3102 2378 3144 sancto
2409 3105 2543 3145 unus
2582 3100 2664 3145 est
2694 3091 2744 3144 in
2776 3101 2984 3157 natura,
3017 3093 3151 3146 alter
3177 3103 3261 3147 est
3288 3094 3340 3146 in
3372 3108 3619 3163 persona.
3645 3094 3771 3149 Non

510 3176 702 3232 bemus
724 3177 851 3247 quid
878 3188 930 3233 et
955 3190 1212 3247 quantum
1258 3196 1417 3237 sensu
1452 3186 1714 3254 auingere
1760 3188 1913 3243 nobis
1957 3204 2089 3244 con-
2116 3180 2160 3243 C
2188 3184 2332 3236 enim
2363 3180 2536 3250 ipsum
2567 3181 2775 3234 Patrem
2805 3180 3032 3234 dicimus
3057 3197 3177 3237 esse
3206 3198 3362 3251 quem
3397 3183 3589 3238 Filium
3620 3201 3633 3238 :
3668 3201 3774 3239 nec

510 3280 720 3320 cessum
764 3275 883 3331 est,
933 3267 1060 3336 quid
1106 3269 1209 3323 fide
1257 3271 1527 3340 suscipere
1568 3290 1580 3325 :
1641 3290 1763 3328 nam
1812 3277 2079 3347 legimus:

508 3359 675 3413 Nemo
707 3359 932 3413 ascendit
962 3361 1015 3412 in
1040 3361 1243 3427 caelum,
1290 3363 1387 3415 nisi
1418 3365 1505 3433 qui
1530 3365 1786 3419 descendit
1826 3369 1887 3422 de
1935 3372 2081 3439 caelo,

512 3448 684 3504 Filius
708 3448 928 3502 hominis
954 3451 1039 3518 qui
1067 3460 1140 3504 est
1180 3451 1234 3504 in
1278 3454 1400 3506 calo
1447 3452 1623 3524 (Joan.
1665 3471 1743 3523 ιιι,
1785 3456 1895 3528 15).
1939 3460 2079 3527 Quo.

507 3540 670 3597 modo
718 3540 885 3595 Filius
914 3541 1164 3606 hominis,
1192 3543 1280 3611 qui
1307 3544 1359 3597 in
1392 3548 1549 3601 terris
1582 3547 1918 3619 loquebatur,
1963 3567 2082 3609 esse

506 3631 787 3687 dicebatur
814 3631 864 3685 in
893 3632 1071 3687 cosio?
1104 3633 1166 3685 Et
1195 3634 1643 3701 quemadmodum
1688 3640 1811 3693 inde
1849 3641 2078 3697 descen-

506 3720 651 3776 disse
679 3720 928 3788 refertur,
953 3721 1040 3790 qui
1071 3737 1168 3776 nec
1198 3724 1268 3776 ibi
1301 3723 1491 3791 factus,
1523 3742 1621 3782 nec
1663 3732 1837 3784 adhuc
1886 3747 2082 3786 ascen-

505 3811 688 3868 derat?
745 3812 874 3878 Quia
903 3812 1136 3866 nondum
1166 3827 1350 3881 passus
1378 3829 1767 3875 resurrexerat.
1825 3820 1927 3875 Sed
1957 3826 2079 3891 quia

506 3899 647 3952 Deus
698 3897 935 3952 Verbum
990 3897 1260 3952 hominem
1305 3911 1673 3971 assumpturus
1703 3905 2076 3973 descenderat,

505 3990 664 4043 homo
690 3987 959 4041 divinitati
991 3988 1291 4055 c0pulatus,
1328 3990 1454 4045 illuc
1491 3995 1754 4062 ascendit,
1785 3998 1925 4050 unde
1951 4012 2076 4051 caro

501 4080 685 4148 utique
716 4092 819 4132 non
848 4080 1223 4143 descenderat,
1267 4081 1359 4135 sed
1390 4081 1645 4138 Verbum.
1681 4085 1787 4139 Sed
1818 4096 1870 4140 ct
1901 4085 2079 4141 Domi-

502 4188 626 4226 num
649 4172 715 4226 ad
745 4171 1004 4227 Joannem
1036 4174 1338 4242 loquentem
1367 4175 1421 4229 in
1448 4177 1766 4249 Apocalypsi
1811 4178 2034 4249 legimus
2058 4197 2072 4234 :

501 4264 614 4335 Ego
637 4283 750 4319 sum
770 4267 962 4333 primus
985 4274 1030 4319 et
1052 4268 1373 4331 novissimus,
1404 4278 1450 4320 et
1475 4269 1615 4323 vivus
1645 4272 1722 4341 fui
1750 4282 1796 4326 et
1821 4283 2073 4340 mortuus,

499 4369 544 4410 et
579 4375 690 4413 ecce
710 4376 821 4413 sum
848 4360 1011 4413 vivens
1036 4359 1087 4411 in
1123 4361 1313 4413 swcula
1344 4363 1645 4415 swculorum
1669 4364 1854 4435 (Apoc.
1888 4382 1926 4433 ι,
1964 4368 2070 4435 17).

499 4448 555 4503 Si
587 4451 807 4517 primus,
838 4451 1105 4518 quomodo
1136 4452 1493 4507 novissimus?
1523 4453 1568 4507 si
1603 4456 1773 4525 vivus,
1806 4457 1928 4526 quia
1959 4458 2072 4525 ipse

2189 3275 2381 3329 iterum
2409 3273 2656 3326 eumdem
2686 3271 2879 3326 Filium
2914 3271 3138 3326 dicimus
3174 3287 3294 3327 esse
3333 3289 3490 3344 quem
3527 3276 3767 3327 l’atrem.

2189 3370 2291 3419 Aut
2315 3380 2498 3418 rursus
2515 3364 2773 3432 Spiritum
2806 3373 3045 3417 sanctum
3074 3364 3283 3419 Patrem
3310 3369 3392 3420 vel
3418 3368 3609 3421 Filium
3635 3386 3775 3423 nun-

2185 3469 2471 3524 cupamus;
2503 3450 2593 3508 scd
2624 3456 3015 3523 distinguentes
3045 3472 3299 3523 personas
3332 3458 3381 3511 in
3414 3463 3769 3528 proprietati-

2185 3545 2282 3598 bus
2309 3546 2436 3609 snis,
2477 3544 2682 3597 Patrem
2712 3544 2901 3610 Deum,
2925 3546 3126 3598 l’atrcm
3154 3548 3364 3615 proprie
3385 3554 3769 3610 nominamus:

2183 3643 2237 3687 et
2260 3633 2451 3686 Filium
2482 3635 2668 3698 Deum,
2701 3634 2888 3689 Filium
2922 3643 3134 3709 proprie
3176 3643 3404 3698 dicimus
3449 3664 3463 3701 :
3505 3662 3557 3703 et
3597 3650 3772 3718 Spiri-

2185 3732 2295 3776 tum
2319 3738 2559 3777 sanctum
2588 3726 2772 3794 Deum,
2814 3728 3064 3795 Spiritum
3105 3746 3344 3787 sanetum
3378 3740 3591 3805 prolirie
3617 3756 3762 3797 con-

2183 3814 2415 3870 ﬁtentur.
2449 3818 2511 3872 Et
2540 3833 2659 3870 cum
2693 3828 2773 3871 ter
2800 3835 3022 3875 numero
3048 3824 3272 3877 dicimus
3301 3828 3485 3892 Deum;
3519 3847 3623 3885 non
3646 3846 3765 3889 tres

2178 3905 2309 3960 deos
2331 3908 2619 3973 credimus,
2652 3909 2744 3962 sed
2778 3926 2937 3963 unum
2966 3912 3017 3964 in
3057 3914 3456 3982 omnipotentim
3485 3935 3594 3972 sua:
3636 3924 3768 3978 'l‘ri-

2181 3999 2344 4054 nitate
2366 4000 2682 4067 perfectura.
2714 4002 2916 4056 Idcirco
2945 4021 3043 4057 una
3074 4022 3297 4074 persona
3320 4014 3623 4080 accipienda
3648 4031 3762 4083 cst,

2180 4092 2359 4143 carnis
2385 4103 2437 4145 et
2472 4092 2624 4145 Verbi
2657 4110 2668 4144 :
2704 4108 2865 4146 unum
2897 4097 3250 4166 cumdemqnc
3293 4101 3457 4155 Deum
3499 4113 3552 4158 et
3583 4106 3765 4162 homi-

2178 4195 2323 4248 nem,
2358 4182 2766 4249 inseparabilem
2809 4199 3022 4252 semper
3065 4189 3400 4258 geminzequc
3439 4195 3762 4252 substantia:

2178 4284 2305 4325 vere
2352 4286 2563 4340 semper
2599 4274 2776 4326 omnia
2824 4277 3054 4340 gessisse
3093 4292 3211 4345 qua!
3259 4291 3381 4331 sunt
3413 4282 3666 4349 hominis,
3706 4299 3762 4339 et

2176 4378 2302 4415 vere
2331 4358 2548 4431 semper
2579 4364 2879 4431 possedisse
2901 4381 3019 4433 quae
3050 4366 3139 4420 Dei
3160 4377 3284 4421 sunt
3319 4387 3329 4420 :
3366 4371 3622 4434 Quoniam
3652 4382 3763 4429 etsi

2176 4457 2455 4523 cruciﬁxus
2485 4466 2556 4509 est
2578 4458 2735 4527 231
2765 4473 2826 4509 ea:
2855 4459 3147 4526 inﬁrmitate
3184 4472 3376 4526 nostra,
3415 4466 3532 4516 vivit
3555 4481 3619 4517 ex
3650 4468 3761 4518 vir-

502 4545 586 4590 est
617 4538 719 4595 vita
749 4541 1009 4604 omnium,
1034 4541 1301 4608 quomodo
1330 4551 1590 4609 mortuus,
1642 4560 1763 4599 cmn
1794 4548 1900 4600 vita
1936 4549 2069 4602 mori
2098 4549 2151 4609 D
2176 4557 2279 4600 tute
2309 4547 2402 4601 Dei
2433 4547 2652 4619 (IlCor.
2684 4565 2795 4613 xm,
2827 4551 3256 4619 4).Quaproptcr
3280 4569 3383 4608 non
3418 4558 3763 4625 pertimesci-

502 4642 608 4681 non
663 4628 878 4695 possit?
925 4630 1078 4697 Quod
1132 4630 1174 4685 si
1204 4640 1466 4698 mortmts,
1497 4638 1765 4703 quomodo
1790 4638 1873 4691 vel
1904 4637 2066 4706 Deus,

502 4717 583 4770 vel
614 4718 719 4770 vita
751 4718 1005 4773 dicendus
1033 4719 1150 4774 est?
1196 4721 1263 4774 Et
1298 4722 1479 4793 utique
1513 4738 1619 4778 non
1662 4727 1862 4781 tenebit
1890 4730 2066 4796 perfe-

500 4818 640 4862 ctam
666 4810 942 4863 veritatem
973 4811 1211 4880 quisquis
1238 4812 1472 4881 aliquam
1501 4816 1738 4869 veritatis
1774 4820 2069 4874 excluserit

500 4899 815 4967 portionem.
872 4898 974 4953 Sed
1020 4912 1072 4954 tu
1104 4902 1193 4971 qui
1222 4904 1484 4958 creatoris
1513 4906 1585 4958 tui
1616 4915 1667 4960 et
1713 4906 2068 4977 redemptoris

499 4990 732 5043 causaris
762 4987 1201 5057 incarnationem,
1231 5004 1355 5059 tum,
1394 4997 1437 5049 si
1462 5007 1637 5066 potes,
1661 5009 1785 5053 ante
1810 5000 2065 5073 investiga

502 5079 796 5134 nativitatis
834 5081 1117 5136 rationem.
1174 5084 1332 5140 Certe
1372 5086 1621 5143 fateberis
1672 5088 1942 5146 hominem
1997 5110 2063 5146 ex

498 5171 704 5225 duabus
749 5172 1061 5225 substantiis
1112 5175 1427 5243 subsistere,
1474 5181 1649 5234 anima
1698 5194 1753 5237 et
1781 5199 1942 5238 carne
1975 5203 1986 5236 :
2016 5195 2070 5239 et

500 5273 674 5317 tamen
693 5278 796 5317 non
813 5263 938 5329 duo,
954 5263 1045 5316 sed
1061 5279 1193 5316 unus
1206 5265 1399 5322 dicitur
1423 5270 1602 5325 homo.
1620 5273 1685 5327 Et
1704 5278 1978 5329 cumunita
2000 5276 2068 5330 sit

496 5355 616 5422 ejus
627 5364 833 5419 natura,
853 5353 1315 5411 incommiscibiles
1340 5366 1519 5413 tamen
1540 5362 1847 5420 substantia:
1866 5382 2067 5435 perma-

496 5458 643 5501 nent.
660 5449 717 5503 Si
738 5463 865 5519 crgo
888 5448 957 5501 ita
988 5450 1038 5502 in
1059 5449 1273 5504 homine
1295 5465 1323 5503 a
1346 5450 1454 5505 Deo
1475 5453 1681 5508 collatae
1708 5456 2070 5513 immiscibiles

495 5551 812 5607 permanent
857 5541 1186 5606 substantia},
1226 5544 1357 5611 quid
1390 5543 1459 5600 de
1490 5550 1746 5601 creatoris
1780 5551 1852 5604 tui
1898 5551 2071 5605 incar-

495 5631 707 5684 natione
731 5633 928 5687 sentire
949 5632 1154 5702 cogaris
1174 5634 1415 5698 adverte,
1435 5635 1526 5704 qui
1551 5636 1734 5704 utique
1757 5639 2071 5707 dignatione

495 5718 690 5775 homini
739 5720 1096 5793 admiscetur,
1130 5741 1234 5783 non
1263 5728 1638 5786 commiscetur
1677 5746 1690 5784 :
1743 5742 1797 5786 et
1840 5732 2069 5788 Verbum

2175 4652 2291 4692 mus
2319 4643 2611 4691 Secundum
2646 4640 2912 4693 hominem
2949 4642 3111 4695 Deum
3141 4653 3348 4710 natum,
3387 4648 3763 4716 eiimdcmque

2173 4733 2466 4782 secundum
2494 4731 2760 4784 hominem
2788 4732 2952 4786 Deum
2978 4749 3217 4802 passum,
3252 4736 3413 4790 Deum
3441 4749 3717 4792 mortuum
3744 4760 3757 4793 :

2171 4820 2264 4873 sed
2292 4821 2583 4888 gloriamur
2611 4823 2790 4878 dicere
2819 4825 2985 4878 Deum
3025 4835 3230 4889 natum,
3274 4828 3628 4896 eamdemque
3660 4846 3761 4885 se-

2171 4912 2403 4962 cundum
2445 4911 2714 4965 hominem
2766 4929 3003 4981 passum.
3047 4917 3148 4982 Qui
3187 4933 3308 4971 cum
3361 4920 3411 4972 in
3453 4920 3617 4973 forma
3656 4922 3761 4977 Dei

2175 5012 2340 5067 esset,
2368 5016 2471 5056 non
2501 5014 2717 5073 propter
2743 5022 2819 5070 se,
2838 5007 2931 5062 sed
2971 5020 3192 5077 pmpter
3222 5026 3318 5064 nos
3349 5012 3572 5065 formam
3602 5017 3755 5068 servi

2176 5095 2428 5163 suscepit,
2458 5105 2513 5147 et
2537 5097 2881 5167 semetipsum
2913 5101 3232 5155 exinanivit.
3256 5101 3533 5167 Quomodo
3558 5104 3759 5157 exina-

2178 5186 2311 5239 nivit
2336 5172 2714 5254 semetipsum?
2748 5190 2878 5243 Dum
2911 5191 3077 5246 forma
3103 5193 3217 5259 Dei,
3244 5195 3467 5247 formam
3490 5196 3632 5249 servi
3662 5210 3762 5247 ac-

2176 5278 2351 5344 cepit:
2384 5277 2509 5330 dum
2544 5280 2907 5348 principaliter
2950 5283 3206 5337 Dominus
3243 5300 3303 5339 ea
3344 5301 3475 5355 qua).
3511 5294 3635 5337 Sunt
3685 5285 3761 5336 fa-

2173 5366 2299 5420 muli
2328 5367 2611 5436 dignanter
2639 5373 2865 5425 assumit
2903 5390 2915 5425 :
2965 5374 3200 5441 dumque
3234 5392 3329 5443 per
3361 5376 3759 5445 indulgentiam

2173 5468 2226 5515 ct
2253 5463 2651 5517 miserationem
2684 5465 2877 5527 nostri,
2924 5468 3164 5534 gerendo
3196 5468 3450 5522 inferiora
3483 5484 3541 5522 se
3565 5468 3765 5549 videli-

2173 5560 2280 5617 cet,
2305 5553 2385 5607 vel
2427 5555 2652 5624 agendo,
2689 5555 2920 5611 Verbum
2953 5574 3080 5612 caro
3130 5560 3325 5613 factum
3375 5574 3663 5615 evacuatur
3702 5563 3763 5614 in

2176 5656 2425 5709 persona,
2462 5646 2599 5707 quod
2630 5648 2866 5714 possedit
2894 5651 2944 5701 in
2986 5660 3196 5704 natura.
3233 5652 3299 5704 Et
3331 5653 3381 5704 in
3428 5653 3600 5703 Verbo
3652 5649 3764 5702 Im-

2179 5731 2452 5787 manitatis
2492 5734 2677 5789 habitu
2719 5740 2886 5792 fartus
2937 5738 3200 5794 obcdiens
3242 5744 3293 5795 in
3342 5741 3577 5805 homine,
3619 5738 3768 5793 illud
