3958 6176
216 290 300 344 ,υτ
1439 297 1517 351 οε
1558 298 1927 355 τιιικιτιιτε
1968 303 2091 358 LIB.
2136 306 2226 360 χι.

218 408 262 459 in
287 420 341 458 se
364 418 453 474 per
482 404 832 459 humilitatem
863 416 915 460 et
938 404 1309 462 obedientiam
1345 422 1547 465 natum:
1582 424 1777 469 nostrae
1812 422 1857 478 Α

218 495 443 555 restituit,
470 494 615 561 quod
651 509 742 558 per
775 494 1198 549 inobedientiani
1235 500 1472 567 perierat
1501 502 1550 553 in
1583 503 1775 557 Adam.

218 586 340 638 Etin
368 600 527 638 carne
557 597 824 647 mortuus,
866 588 955 655 qui
1000 602 1221 656 semper
1263 590 1395 644 vivit
1446 593 1497 645 in
1546 595 1776 662 spiritu:

216 674 469 726 rivifirans
492 689 615 727 cum
648 676 805 728 Patre
832 677 1032 741 omnia,
1049 677 1159 744 jam
1189 694 1460 748 nunquam
1485 682 1553 736 de
1579 692 1778 738 caetero

215 766 500 817 moriturus.
532 765 581 818 Is
602 765 823 818 suscitat
846 780 887 818 IS
909 780 938 818 a
964 766 1118 820 I'atre
1148 767 1201 819 in
1226 783 1409 831 carne,
1442 779 1495 824 et
1524 771 1578 824 fit
1607 773 1763 827 nobis

216 857 579 925 primogenilus
615 872 684 911 ex
725 859 989 921 mortuis,
1039 859 1129 926 qui
1180 868 1264 911 est
1313 862 1619 930 unigenitns
1678 863 1771 917 Dei

214 946 325 1008 viri,
366 962 429 999 ac
456 947 667 999 diversa
717 948 915 1001 stccula
948 959 1169 1017 propter
1201 966 1297 1004 nos
1323 968 1521 1019 pauper
1562 954 1611 1006 in
1644 964 1778 1008 teni-

215 1050 345 1103 pore,
379 1034 623 1104 indigens
655 1036 706 1089 in
741 1036 977 1105 homine,
1006 1040 1159 1092 nobis
1183 1042 1397 1109 accipit,
1430 1044 1572 1112 quod
1598 1045 1775 1099 abun-

212 1128 328 1182 dans
355 1129 456 1182 sibi
484 1145 695 1195 semper
727 1130 959 1184 habebat
984 1132 1035 1184 in
1070 1135 1244 1186 Patre.

273 1217 576 1273 "metiens.
610 1219 842 1273 Firmata
867 1221 917 1273 in
944 1224 1106 1277 corde
1147 1239 1267 1278 meo
1299 1239 1402 1277 non
1443 1226 1650 1281 nescias
1686 1242 1778 1281 su-

213 1309 408 1377 periura
440 1309 827 1364 rationabiliter
852 1321 903 1365 et
935 1327 1059 1365 vere
1088 1314 1358 1380 exposita,
1383 1314 1475 1367 sed
1506 1314 1569 1367 ad
1593 1330 1779 1370 cumu-

213 1401 304 1453 lum
336 1401 465 1454 fidei
495 1417 675 1469 quzeso
705 1417 963 1471 exponas,
997 1419 1093 1457 cur
1116 1406 1362 1471 personis
1388 1414 1441 1458 et
1470 1405 1775 1460 nominibus

209 1492 525 1557 dividuntur,
559 1509 677 1547 cum
710 1494 780 1547 sit
823 1510 925 1548 una
963 1495 1259 1548 substantia
1304 1495 1496 1560 Patris,
1533 1504 1585 1549 ct
1630 1494 1768 1561 Filii,

207 1596 251 1636 et
274 1582 503 1650 Spiritus
525 1584 732 1637 sancti?

246 1675 565 1728 Athanasius.
584 1677 946 1745 Ignoras,qui:i
963 1677 1119 1731 Pater
1134 1676 1271 1732 Deus
1286 1687 1594 1739 unusest,et
1608 1678 1771 1733 Filius

3364 311 3469 367 298

1959 419 2262 474 lliereticus.
2293 420 2468 486 Quare
2495 422 2738 477 nominas
2765 423 3158 492 significanter?

1959 511 2284 564 Athanasius.
2321 511 2508 566 Procul
2541 512 2703 565 dubio
2743 514 2897 568 Pater
2935 528 3056 568 vere
3088 515 3307 582 genuit;
3364 515 3461 569 hoc

1886 597 2114 666 primum
2141 615 2331 654 nomen
2357 612 2439 654 est
2459 602 2594 669 ejus.
2629 602 2794 658 Filius
2824 619 2949 662 vero
2978 606 3046 659 de
3076 620 3142 659 eo
3175 615 3329 660 natus
3358 617 3464 670 est,

1886 690 1986 741 hoc
2002 688 2211 741 unicum
2232 692 2390 760 282
2412 707 2600 746 nomen
2620 696 2761 748 estei
2783 695 3035 762 :Spiritus
3058 705 3232 750 autem
3248 705 3466 752 sanctus

1881 779 1968 845 qui
1988 778 2053 832 de
2073 778 2224 832 Patre
2239 782 2512 846 procchit,
2530 784 2769 837 naturale
2792 800 2988 837 nomen
3001 795 3079 839 est
3094 786 3166 839 ei.
3190 787 3321 840 Dum
3336 802 3467 857 ergo

1884 873 2095 920 nomina
2127 870 2178 922 in
2201 874 2438 937 personis
2461 872 2875 941 distinguuntur,
2899 875 3108 943 prepria
3136 878 3351 930 nomina
3376 892 3465 931 os-

1882 958 2173 1012 tenduntur
2199 978 2210 1009 :
2240 960 2365 1013 dum
2389 962 2677 1015 secundum
2703 964 2954 1018 deitatem
2983 967 3230 1030 refertur,
3254 970 3461 1021 unitum

1881 1063 2074 1101 nomen
2104 1054 2153 1102 in
2185 1052 2266 1103 his
2299 1051 2559 1105 indicatur
2584 1070 2596 1105 :
2626 1053 2745 1119 quia
2770 1054 3136 1108 substantivus
3166 1067 3247 1109 est
3276 1057 3457 1123 Pater,

1881 1140 2245 1193 substantivus
2288 1150 2371 1193 est
2410 1141 2597 1205 Filius,
2638 1143 3006 1197 substantivus
3037 1155 3197 1199 estet
3229 1146 3461 1214 Spiritus

1881 1238 2118 1283 sanctus.
2153 1230 2232 1283 Sit
2253 1244 2383 1296 ergo
2415 1230 2567 1283 nobis
2596 1231 2887 1285 secundum
2916 1232 3169 1286 salutaris
3204 1234 3458 1302 baptismi

1878 1318 2266 1373 confessionem
2299 1320 2431 1373 ﬁdes
2482 1320 2683 1389 integra
2718 1321 3017 1384 Trinitatis,
3061 1323 3129 1375 sit
3160 1338 3261 1376 una
3299 1324 3458 1378 devo-

1881 1408 1954 1460 tio
1984 1409 2193 1475 pietatis
2221 1428 2231 1460 ι
2259 1425 2355 1463 nec
2389 1424 2539 1463 more
2571 1412 2871 1478 gentilium,
2915 1421 3241 1480 potestatum
3279 1414 3457 1469 diver-

1877 1498 2060 1551 sitates
2096 1500 2413 1567 Opinemur,
2452 1498 2544 1552 sed
2591 1500 2765 1567 potius
2810 1502 3099 1565 perfectam
3132 1503 3454 1557 Trinitatem

1878 1587 2163 1642 adorantes
2200 1600 2251 1642 et
2291 1590 2711 1657 magnificantes,
2760 1591 2899 1643 sicut
2941 1592 2993 1643 in
3042 1595 3310 1662 mysteriis
3361 1610 3454 1649 ora

1880 1685 2064 1730 nostro
2092 1678 2342 1740 dicimus,
2376 1679 2447 1731 ita
2474 1679 2802 1732 conscientia
2836 1689 3116 1734 teneamus
3146 1698 3159 1734 :
3197 1682 3445 1749 Sanctus,

205 1777 324 1815 unus
336 1763 485 1817 Deus
499 1776 599 1828 est,
615 1775 669 1817 et
693 1765 920 1832 Spiritus
942 1774 1156 1820 sanctus
1178 1780 1315 1819 unus
1336 1767 1475 1819 Deus
1497 1768 1614 1821 est?
1648 1768 1769 1821 Uni-
1807 1785 1846 1842 Β
1877 1780 2102 1833 sanctus,
2122 1778 2327 1821 sanctus
2352 1767 2599 1821 Dominus
2622 1767 2753 1821 Deus
2778 1769 3263 1841 omnipotens(1sai.
3279 1788 3353 1839 vr,
3371 1772 3448 1841 5).

206 1864 300 1907 tum
316 1870 515 1909 nomen
532 1860 770 1925 est,quia
794 1872 895 1911 una
917 1868 1199 1914 esteorum
1221 1859 1539 1913 substantia.
1560 1860 1709 1914 Unde
1721 1868 1776 1914 et

204 1946 426 2000 luannes
438 1948 487 2000 in
504 1948 732 2017 Epistola
747 1964 838 2003 sua
854 1950 955 2004 ait:
977 1948 1098 2003 Tres
1115 1962 1231 2003 sunt
1243 1951 1330 2019 qui
1344 1952 1683 2004 testimonium
1698 1952 1771 2004 di-

204 2046 307 2089 cunt
319 2038 373 2090 in
394 2038 533 2103 τωιο,
552 2037 726 2103 Pater,
738 2038 956 2093 Verbum
973 2051 1017 2095 et
1038 2041 1257 2110 Spiritus
1272 2057 1291 2095 :
1306 2043 1422 2113 etin
1433 2042 1635 2097 Christo
1647 2042 1772 2097 Jesu

202 2142 338 2179 unum
373 2136 494 2181 sunt
523 2128 571 2197 (l
604 2128 763 2182 Joan.
799 2145 853 2194 ν,
885 2131 973 2201 7);
1005 2146 1108 2185 non
1144 2140 1320 2186 tamen
1355 2147 1490 2186 unus
1519 2142 1621 2189 est.
1644 2135 1773 2200 quia

204 2232 292 2272 non
313 2228 404 2272 est
424 2234 607 2273 eorum
640 2235 744 2274 una
778 2236 1026 2289 persona.
1080 2221 1326 2291 Nunquid
1355 2223 1501 2276 aliud
1530 2223 1769 2277 sentien-

202 2308 307 2361 dum
332 2318 437 2374 est,
471 2325 629 2379 quam
661 2310 820 2365 Pater
842 2326 1001 2366 verus
1041 2326 1179 2366 unus
1224 2316 1310 2381 qui
1360 2313 1577 2382 genuit,
1626 2313 1765 2367 idem

204 2414 290 2451 non
310 2402 379 2453 sit
401 2400 493 2467 qui
524 2412 578 2455 et
606 2404 817 2470 genitus
844 2402 912 2455 ab
940 2404 1055 2471 ipso
1085 2411 1207 2468 est;
1247 2413 1300 2458 et
1333 2404 1495 2457 Filius
1522 2418 1657 2457 unus
1677 2403 1767 2471 qui

202 2505 294 2543 non
318 2492 523 2559 genuit,
553 2492 710 2546 Pater
739 2508 845 2546 non
871 2494 969 2557 sit;
1021 2504 1072 2549 et
1105 2494 1340 2563 Spiritus
1386 2504 1624 2558 sanctus,
1676 2494 1765 2561 qui

201 2598 285 2635 nec
314 2583 489 2650 Pater,
524 2599 623 2639 nec
657 2584 844 2652 Filius,
873 2587 1010 2638 alter
1038 2587 1107 2641 sit
1136 2585 1189 2640 in
1226 2602 1473 2654 persona,
1504 2596 1766 2655 praeterea

198 2673 272 2735 qui
296 2689 387 2726 nec
409 2674 740 2741 genuit,'nec
764 2685 919 2729 natus
949 2676 1228 2731 referatur.

1877 1856 1983 1910 Ter
2011 1856 2196 1911 dicens
2248 1867 2464 1912 sanctus
2492 1874 2649 1911 unam
2680 1860 3118 1927 omnipotentiam
3151 1864 3446 1917 confiteris.

1881 1944 1972 1999 Vel
2017 1946 2144 1999 illud
2195 1946 2474 2013 Apostuli:
2511 1946 2655 2000 Unus
2699 1946 2923 2015 Spiritus
2969 1949 3186 2018 (Ephes.
3231 1966 3315 2014 Iv,
3366 1951 3446 2021 4).

1876 2036 2123 2090 Dentium
2152 2035 2301 2090 Iesus
2323 2036 2552 2091 Christus
2582 2039 2633 2091 in
2682 2039 2847 2107 gloria
2886 2038 2977 2092 Dei
3010 2040 3181 2094 Patris
3222 2043 3443 2114 (Philip.

1875 2142 1929 2189 tt,
1967 2124 2078 2192 ti).
2117 2126 2287 2180 Unum
2316 2128 2512 2195 Amen,
2540 2128 2663 2197 quia
2696 2144 2798 2183 una
2830 2139 2913 2184 est
2955 2131 3163 2200 religio,
3198 2147 3299 2186 una
3327 2134 3444 2203 glo-

1872 2214 2099 2268 rificatio
2127 2215 2424 2270 Trinitatis.
2462 2217 2527 2271 Et
2568 2218 2823 2287 deinceps
2848 2234 3031 2288 pacem
3061 2222 3441 2277 dilectionem-

1869 2320 1973 2375 que
2003 2313 2268 2359 sectantes
2296 2320 2508 2375 semper
2540 2309 2692 2363 novis
2719 2310 2973 2379 operibus
2999 2314 3354 2384 abundemus,
3390 2329 3444 2372 ut

1871 2394 2153 2450 audiamus
2198 2397 2265 2451 ab
2303 2396 2563 2465 Apostnlo
2604 2417 2614 2449 :
2665 2400 2844 2453 Gratia
2877 2401 3226 2459 Domz'nilesu
3258 2406 3444 2462 Christi

1870 2497 1914 2539 et
1963 2488 2169 2539 dilectio
2214 2486 2331 2550 Dei,
2373 2496 2420 2539 et
2450 2492 2836 2544 communicatio
2863 2491 3089 2560 Spiritus
3132 2500 3294 2551 sancti
3330 2513 3443 2552 cum

1869 2577 2101 2629 omnibus
2127 2576 2280 2640 vobis,
2308 2577 2467 2630 Amen
2500 2575 2587 2646 (II
2608 2576 2723 2631 Cor.
2760 2592 2870 2645 χιιι,
2904 2581 2992 2649 15)

1048 2878 1528 2987 LIBER
1606 2873 2576 2984 UNDECIMUS.

806 3041 1119 3119 Pro/assio
1153 3041 1406 3108 Ariona,
1443 3048 1499 3099 et
1538 3037 1842 3116 confessio
1877 3034 2184 3096 catholica
2215 3037 2416 3097 sancti
2443 3036 2794 3099 Athanasii.

1606 3178 1664 3209 AD
1687 3172 2002 3208 τιιεοριιιιωι.

1663 3244 1950 3258 -ἡ

248 3316 421 3371 Ariani
448 3317 637 3371 dicunt
683 3315 872 3369 Filium
925 3315 1019 3369 Dei
1053 3329 1163 3369 non
1202 3312 1270 3368 de
1309 3310 1606 3367 substantia
1656 3307 1747 3362 Dei
1775 3304 1820 3367 C
1852 3306 1990 3372 bum,
2023 3316 2070 3360 et
2111 3307 2325 3362 Verbum
2359 3318 2464 3361 erat
2506 3310 2643 3378 apud
2698 3309 2880 3379 Deum,
2924 3320 2969 3364 et
3008 3310 3143 3367 Deus
3170 3322 3278 3366 erat
3320 3314 3436 3369 Ver-

193 3402 343 3461 Patris
368 3410 636 3476 genitum,
664 3405 758 3461 sed
785 3405 1117 3460 extrinsecus
1142 3412 1400 3458 creatum.
1451 3402 1558 3469 Ego
1587 3398 1748 3453 credo

194 3496 272 3549 Dei
300 3497 491 3551 Filium
518 3497 589 3551 de
632 3496 808 3550 Patris
850 3505 1035 3549 natum
1082 3492 1402 3558 substantia,
1454 3506 1558 3545 non
1597 3503 1749 3543 crea-

190 3594 306 3654 tum,
332 3588 475 3642 sicut
518 3598 572 3641 et
610 3587 869 3655 Spiritum
899 3593 1139 3639 sanctum
1169 3581 1513 3646 Paraclitum,
1549 3580 1636 3647 qui
1665 3585 1751 3631 est

190 3676 311 3741 Filii,
338 3694 365 3730 a
396 3679 555 3732 Patre
583 3678 983 3745 procedentem.
1010 3676 1072 3728 Et
1102 3673 1221 3728 ideo
1248 3673 1366 3727 dico
1389 3671 1745 3731 llomousion;

189 3764 243 3818 ad
269 3765 464 3820 Filium
492 3766 650 3821 Patre
696 3766 909 3820 dicente
944 3781 958 3819 :
994 3764 1178 3819 Tecum
1219 3763 1527 3831 principium
1569 3762 1622 3813 in
1665 3760 1749 3812 die

188 3858 513 3922 rirtutistuae,
548 3857 599 3910 in
631 3856 984 3927 splendoribus
1022 3865 1319 3908 sanctorum
1359 3868 1420 3905 ex
1460 3861 1599 3904 utero
1630 3860 1749 3903 ante

188 3946 440 4014 luciferum
464 3947 616 4015 genui
658 3956 705 3998 te
736 3944 910 4015 (Psal.
960 3960 1069 4008 cu,
1124 3938 1209 4012 3).
1245 3941 1507 3997 Similiter
1527 3948 1582 3994 et
1613 3940 1747 3994 Filio

186 4046 459 4091 attestante
490 4055 502 4087 :
537 4036 792 4090 Dominus
823 4035 980 4106 283
1004 4036 1131 4088 dixit
1156 4036 1224 4087 ad
1249 4048 1353 4086 nte:
1390 4030 1563 4086 Filius
1607 4048 1747 4085 mens

184 4146 227 4182 es
253 4140 321 4195 tu,
345 4148 440 4204 ego
468 4132 617 4185 hodie
655 4132 806 4201 genui
843 4140 887 4183 te
925 4129 1096 4197 (Psal.
1140 4144 1199 4193 it,
1248 4130 1322 4197 7).
1363 4127 1492 4181 Nam
1527 4137 1581 4180 et
1624 4141 1744 4180 cum

182 4228 408 4289 tempore
442 4222 704 4289 passionis
729 4219 926 4273 Pilatus
962 4220 1029 4273 ab
1055 4234 1120 4273 eo
1149 4217 1527 4273 accusantibus
1547 4215 1746 4271 iudicis

183 4314 463 4377 requireret
488 4315 533 4365 si
565 4327 658 4366 rex
687 4319 859 4377 esset,
902 4310 1237 4379 respondens
1281 4308 1571 4370 Dominus,
1624 4307 1742 4360 ait;

182 4401 280 4470 Ego
308 4405 358 4456 in
384 4406 480 4456 hoc
514 4414 665 4456 natus
697 4419 810 4455 sum
854 4400 1033 4469 (Joan.
1080 4417 1227 4461 xviii.
1269 4402 1379 4468 37).
1427 4399 1502 4454 De
1543 4399 1745 4467 Spiritu

182 4509 377 4565 quoque
406 4507 594 4552 sancto
625 4495 885 4550 Dominus
909 4495 1037 4549 dicit
1076 4512 1087 4545 :
1115 4494 1341 4563 Spiritus
1364 4503 1568 4547 sanctus
1596 4492 1684 4560 qui
1714 4508 1746 4543 a

180 4586 326 4643 Patre
348 4608 458 4643 utso
485 4590 714 4660 procedit
743 4588 924 4658 (loan.
959 4605 1046 4653 xv,
1076 4588 1193 4649 26).
1227 4588 1449 4641 Constat
1492 4599 1620 4654 ergo
1658 4599 1744 4638 se-

1852 3398 1989 3464 bum,
2038 3398 2132 3451 hoc
2176 3401 2364 3452 eratin
2408 3400 2659 3468 principio
2697 3402 2835 3469 apud
2880 3400 3062 3456 Deum.
3125 3404 3308 3458 Omnia
3350 3423 3437 3476 per

1850 3490 2017 3557 ipsum
2067 3495 2202 3560 facta
2231 3500 2346 3544 sunt
2380 3490 2559 3562 (Joan.
2595 3509 2631 3557 ι,
2672 3492 2745 3562 1).
2787 3493 2977 3549 Omnia
3032 3496 3105 3549 ait
3135 3512 3231 3566 per
3262 3498 3434 3568 ipsum

1849 3580 2010 3647 facta,
2042 3597 2145 3635 non
2173 3582 2343 3651 ipsum
2375 3583 2591 3637 factum.
2621 3584 2713 3638 Sic
2738 3601 2836 3639 nec
2865 3588 2982 3642 sine
3017 3587 3222 3658 Spiritu
3250 3600 3436 3647 sancto

1850 3680 1941 3724 aut
1970 3672 2127 3726 Pater
2150 3674 2454 3744 aliquando,
2477 3684 2569 3728 aut
2595 3676 2756 3730 Filius
2782 3676 2904 3734 fuit.

1922 3763 2106 3817 Ariani
2138 3763 2323 3819 dicunt
2358 3765 2557 3819 nullam
2607 3764 2805 3821 habere
2849 3768 3040 3822 Filium
3093 3780 3433 3839 potestatem,

1851 3852 1950 3907 nisi
1983 3868 2013 3906 a
2038 3851 2197 3909 Patre
2227 3853 2427 3922 aliquid
2450 3856 2736 3923 acceperit.
2770 3856 3030 3911 Similiter
3066 3868 3120 3912 ct
3147 3860 3214 3914 de
3236 3860 3433 3929 Spiritu

1850 3951 2057 4011 sancto,
2095 3944 2195 3997 nisi
2227 3960 2256 3997 a
2287 3944 2423 3998 Filio
2468 3948 2755 4013 acceperit.
2792 3946 2903 4015 Ego
2932 3947 3094 4002 credo
3140 3952 3431 4004 secundum

1849 4034 2081 4087 divinam
2138 4035 2489 4089 substantiam
2544 4035 2679 4088 sicut
2717 4034 2940 4091 Verbum
2969 4078 2982 4100 ,
3025 4038 3275 4092 virtutem
3300 4080 3314 4100 .
3348 4056 3433 4094 sa-

1850 4124 2125 4192 pientiam,
2152 4124 2784 4191 brachium,manum,ita
2808 4136 2862 4181 et
2885 4126 3200 4194 piitestatem
3234 4129 3425 4183 Filium

1848 4230 1968 4269 esse
2013 4215 2204 4269 Patris.
2244 4216 2377 4271 Nam
2424 4217 2714 4272 secundum
2770 4216 2937 4285 ipsius
2970 4219 3176 4272 Domini
3209 4230 3421 4273 senten-

1851 4308 1975 4358 tiam
2003 4323 2014 4355 :
2049 4305 2375 4373 Quwcunque
2404 4305 2559 4359 Pater
2588 4307 2730 4375 facit,
2779 4306 2888 4361 ha'c
2917 4307 3092 4361 eadem
3130 4311 3361 4364 similiter
3384 4322 3432 4366 et

1852 4395 2020 4463 Filius
2046 4399 2191 4467 facit.
2218 4398 2281 4451 Et
2301 4398 2430 4451 sicut
2458 4396 2616 4450 Pater
2645 4399 2854 4451 suscitat
2878 4409 3100 4452 mortuos
3122 4409 3165 4453 et
3189 4401 3429 4469 vivi/icat,

1848 4490 1921 4542 sic
1967 4498 2011 4542 et
2065 4488 2229 4543 Filius
2276 4505 2402 4557 quos
2466 4489 2568 4540 vult
2615 4489 2833 4557 viviﬁcat
2869 4488 3049 4554 (Joan.
3105 4506 3157 4556 v,
3192 4491 3280 4556 i9,
3312 4492 3429 4563 2|).

1850 4580 2141 4648 Lepros'um
2174 4595 2401 4648 namque
2432 4596 2536 4634 non
2568 4596 2633 4634 ex
2675 4580 2898 4635 alterius
2938 4582 3183 4650 imperio,
3215 4583 3311 4638 sed
3363 4599 3430 4639 es

178 4683 397 4737 cundum
441 4698 598 4737 uuam
641 4680 935 4735 divinitatis
976 4679 1325 4733 substantiam
1358 4677 1550 4731 Filium
1591 4674 1742 4743 geni-
1768 4673 1821 4733 D
1851 4678 2062 4745 propria
2106 4675 2392 4730 mundabat
2421 4683 2704 4743 potestate,
2740 4675 2960 4731 dicens:
3003 4674 3152 4741 Volo,
3186 4679 3433 4733 mundare

179 4779 281 4824 tum
306 4787 337 4825 a
375 4774 548 4836 Patre,
595 4787 702 4826 non
742 4780 980 4825 creatum
1014 4788 1026 4821 :
1065 4776 1120 4823 et
1145 4769 1405 4838 Spiritum
1434 4774 1677 4819 sanctum
1710 4778 1740 4817 a

180 4860 323 4916 Patre
368 4864 769 4932 procedentem,
803 4872 857 4916 et
903 4868 1071 4915 totum
1113 4875 1233 4915 esse
1272 4857 1413 4924 Filii,
1450 4857 1590 4911 sicut
1620 4854 1741 4912 fons

174 4952 232 5006 de
266 4953 411 5007 f0nte
435 4964 531 5015 εει,
561 4963 618 5009 et
643 4954 824 5007 lumen
855 4953 923 5006 de
949 4952 1169 5005 lumine.

236 5042 416 5095 Ariani
444 5043 627 5097 dicunt
676 5058 783 5095 non
815 5056 1030 5109 semper
1072 5041 1237 5094 fuisse
1279 5052 1399 5093 cum
1429 5038 1610 5103 Patre,
1644 5046 1741 5090 aut

170 5134 298 5199 apud
348 5133 556 5188 Patrem
610 5133 823 5197 Filium,
874 5133 955 5186 vel
1009 5130 1264 5199 Spiritum
1308 5140 1575 5183 sanctum.
1629 5128 1742 5197 Ego

169 5224 322 5277 credo
356 5224 446 5277 Dei
477 5225 689 5288 Filium,
709 5222 1001 5277 secundum
1029 5221 1239 5275 divinas
1258 5220 1580 5288 Scripturas,
1610 5218 1743 5272 Ver-

168 5314 306 5379 bum,
340 5316 588 5371 virtutem
623 5324 679 5369 et
733 5313 1046 5382 sapientiam
1104 5311 1276 5365 Patris
1324 5324 1463 5365 esse.
1518 5308 1585 5364 Et
1634 5308 1740 5363 fide

167 5409 423 5459 coutiteor
448 5419 716 5473 nunquam
739 5403 881 5457 Patri
904 5418 1057 5456 suum
1104 5400 1296 5455 Filium
1324 5400 1580 5465 defuisse,
1616 5403 1738 5469 quia

168 5510 436 5566 antiquam
471 5498 516 5551 ei
546 5497 882 5565 paternitatis
927 5496 1093 5550 defuit
1135 5509 1350 5556 nomen,
1386 5502 1442 5546 ut
1496 5507 1599 5546 non
1624 5492 1741 5546 sine

167 5590 445 5655 sapit-mia,
487 5594 604 5643 sine
651 5587 858 5655 Verbo,
905 5588 1021 5641 sine
1071 5586 1264 5640 virtute
1315 5584 1529 5654 propria
1585 5584 1739 5637 Pater

168 5682 450 5751 aliquando
474 5680 723 5734 credatur
766 5679 950 5739 fuisse.
984 5679 1273 5733 secundum
1306 5677 1739 5745 prasdicatiOnem

166 5770 499 5841 evattgelista:
529 5768 751 5822 Joannis
776 5769 999 5822 dicentis
1030 5785 1043 5822 :
1088 5767 1148 5821 In
1194 5764 1443 5839 principio
1475 5776 1580 5823 erat
1618 5765 1740 5819 Ver-

487 5864 759 5924 Ps'mOL.
808 5861 1001 5922 LXII.

1856 4766 2066 4837 (Matth.
2119 4782 2229 4831 vui,
2280 4767 2357 4830 5).
2409 4766 2498 4821 Sic
2539 4775 2591 4821 et
2645 4766 2993 4836 paralyticum
3039 4767 3179 4836 apud
3219 4767 3433 4825 Judzt-os

1853 4861 2156 4932 ignorantes
2183 4874 2305 4913 eum
2332 4859 2497 4914 Deum
2525 4872 2643 4912 esse
2672 4873 2875 4922 verum,
2913 4873 3032 4913 cum
3070 4860 3145 4914 illi
3167 4861 3432 4928 dicerent,

1853 4950 2119 5003 nemiuem
2150 4964 2304 5018 posse
2328 4958 2542 5016 peccata
2568 4948 2837 5003 dimittere
2870 4948 2970 5003 nisi
3019 4950 3195 5005 solum
3237 4952 3430 5020 Deum,

1854 5039 2285 5094 manifestissime
2309 5039 2470 5092 Deum
2498 5054 2555 5093 se
2588 5038 2837 5108 prodidit,
2862 5049 2916 5095 et
2956 5042 3224 5113 propriam
3253 5055 3425 5099 osten-

1851 5132 1929 5185 dit
1968 5139 2303 5198 potestatem,
2332 5131 2515 5185 dicens
2545 5148 2556 5182 :
2591 5131 2658 5184 Ut
2702 5133 2877 5187 sciatis
2914 5144 3081 5188 autem
3112 5136 3232 5205 quia
3260 5135 3430 5190 Filius

1850 5224 2067 5276 hominis
2082 5223 2225 5275 habet
2249 5232 2545 5291 potestatem
2566 5224 2617 5275 in
2643 5234 2777 5277 terra
2798 5224 3082 5277 dimittendi
3105 5236 3336 5294 peccata,
3357 5229 3432 5277 uit

1848 5314 2129 5383 paralytico
2155 5328 2172 5367 :
2198 5312 2384 5382 Surge,
2414 5314 2532 5367 tolle
2554 5312 2739 5366 lectum
2764 5324 2905 5367 tuum
2926 5325 2973 5367 et
2996 5316 3120 5368 vade
3140 5315 3192 5367 in
3217 5316 3425 5367 domum

1849 5406 2012 5477 285
2059 5417 2197 5458 luant
2229 5404 2443 5469 (Matth.
2498 5420 2571 5469 Ix,
2623 5404 2711 5474 6).
2756 5405 3012 5460 Similiter
3056 5414 3108 5457 et
3161 5419 3426 5458 caecorum

1848 5495 2123 5548 exaiiiinat
2178 5494 2357 5556 ﬁdem,
2390 5494 2574 5548 dicens
2607 5511 2621 5547 :
2654 5493 2869 5546 Creditis
2918 5494 3036 5559 quia
3082 5492 3175 5545 hoc
3226 5509 3430 5563 possum

1850 5591 2015 5658 facere
2044 5588 2177 5641 vobis
2205 5585 2535 5653 tlbid.,28)?
2563 5586 2671 5639 lllis
2702 5583 2982 5648 confessis,
3004 5584 3144 5652 quod
3177 5578 3227 5639 in
3262 5586 3430 5656 ipsius

1850 5687 1992 5733 e~set
2046 5687 2327 5745 potestate,
2367 5676 2605 5729 sanitatis
2651 5674 2943 5728 remedium
2976 5673 3157 5743 infert,
3191 5677 3379 5734 dicens
3414 5700 3426 5732 :

1852 5771 2144 5826 Secundum
2173 5768 2321 5837 [idem
2366 5774 2579 5820 vestram
2630 5766 2717 5834 ﬁat
2770 5764 2903 5817 vobis
2950 5763 3141 5836 (Ibid,
3189 5770 3304 5840 29).
3355 5770 3429 5826 De

2962 5860 3031 5918 10
3397 5868 3429 5895 ⁹
