4026 6176
474 310 583 364 299

1789 293 2014 351 VlGiLll
2054 292 2137 348 TA
2148 291 2421 349 PSENSIS

3650 284 3753 340 3530

480 417 729 489 passione
749 428 959 485 quoque
989 412 1186 483 proprii
1215 408 1456 481 corporis
1485 407 1783 477 assignans.
1812 404 1954 473 quod
2004 404 2056 457 in
2090 407 2135 467 Α
2172 404 2305 458 Deus
2336 401 2600 473 (Joan.iv,
2634 399 2747 472 at).
2784 402 2849 455 Et
2877 401 3015 464 ideo,
3064 408 3121 454 nt
3158 398 3290 463 dixi,
3343 398 3635 454 secundum
3667 402 3749 456 di-

479 523 573 561 sua
588 516 734 560 esset
759 512 1039 572 potestate,
1070 503 1139 555 ita
1164 502 1237 555 ait
1263 516 1277 553 :
1304 498 1470 552 Nemo
1493 497 1626 550 tollit
1648 496 1870 549 animam
1895 510 2059 547 meam

479 615 511 651 a
533 613 611 650 me
642 612 660 650 :
690 604 988 665 potestatem
1044 593 1200 645 habeo
1238 589 1463 662 ponendi
1505 603 1638 653 eam,
1670 594 1718 639 et
1766 594 2061 654 potestatem

481 689 638 742 habeo
688 690 868 739 iterum
913 684 1201 738 resumendi
1252 696 1365 734 eam
1396 680 1574 751 (Joan.
1607 693 1662 746 ι,
1696 677 1809 745 18).
1866 675 1933 730 Ει
1961 675 2062 729 alia

484 781 704 835 infinita.
732 778 808 831 De
830 776 1058 844 Spiritus
1089 774 1247 828 etiam
1292 770 1462 825 sancti
1512 775 1775 838 potestate
1802 767 1917 834 ipse
1941 767 2015 818 ait
2048 782 2060 817 :

482 871 708 939 Spiritus
766 867 850 919 ubi
891 866 997 918 vult
1049 864 1210 931 spirat
1270 859 1449 931 (Joan.
1496 874 1575 923 ut,
1604 858 1685 926 8).
1736 856 1929 925 Utique
1973 855 2062 909 ubi

482 962 693 1029 propria
727 958 994 1011 voluntate
1020 964 1176 1023 atque
1223 950 1503 1005 divinitate
1552 947 1778 1001 voluerit
1804 945 2062 1014 aspirare,

481 1066 587 1105 non
610 1050 696 1103 ubi
721 1051 900 1117 jussus
932 1048 1111 1100 fuerit.
1169 1043 1319 1098 Sicut
1372 1040 1523 1095 etde
1566 1039 1724 1094 donis
1775 1036 2066 1107 gratiarum

483 1143 766 1210 Apistolus
804 1137 1097 1207 praedicans
1137 1133 1295 1187 docet
1320 1148 1333 1184 :
1360 1129 1485 1185 Haec
1533 1138 1702 1182 autem
1753 1127 1926 1179 omnia
1947 1139 2067 1194 ope-

482 1242 627 1284 ratur
656 1246 787 1283 unus
809 1239 955 1299 atque
983 1228 1116 1281 idem
1139 1224 1387 1294 Spiritus,
1419 1222 1649 1274 dividens
1671 1218 1889 1288 singulis
1916 1225 2068 1285 prout

482 1324 590 1377 vult
621 1322 672 1391 (Ι
701 1320 822 1376 Cor.
861 1336 955 1386 xii,
990 1318 1099 1388 11).
1156 1318 1287 1370 Nam
1321 1314 1534 1382 propria
1561 1321 1615 1365 et
1662 1312 1775 1379 ipse
1808 1316 2069 1377 potestate

483 1425 535 1470 et
584 1414 870 1483 prophetas
916 1410 1103 1478 replet,
1146 1417 1199 1463 et
1241 1406 1516 1475 apostolos
1555 1403 1705 1471 eligit
1747 1414 1812 1455 ac
1863 1399 2067 1469 dirigit,

484 1520 545 1560 ac
569 1508 869 1573 episcopos,
903 1501 1039 1554 sicut
1068 1500 1119 1551 in
1175 1497 1394 1549 Actibus
1425 1491 1788 1561 apostolorum
1822 1488 2067 1556 legimus,

484 1594 776 1649 constituit.
812 1589 1093 1645 lnnumera
1143 1594 1267 1640 sunt
1297 1584 1456 1638 etiam
1478 1580 1582 1634 alia
1617 1579 1919 1635 testimonia
1947 1592 2069 1647 qua:

488 1706 628 1745 nunc
655 1691 868 1756 longum
901 1692 984 1740 est
1008 1695 1308 1752 exponere;
1333 1690 1386 1733 et
1414 1678 1537 1733 ideo
1581 1678 1720 1732 sicut
1749 1690 1908 1729 unam
1942 1674 2069 1729 sub-

2166 498 2343 552 vinam
2383 495 2736 550 substantiam
2767 493 3088 549 invisibilem
3109 491 3373 547 conﬁteor
3398 491 3631 560 Patrem,
3665 495 3750 547 in-

2167 587 2430 642 visibilem
2462 585 2676 648 Filium,
2707 582 3027 638 invisihilem
3077 581 3337 650 Spiritum
3384 591 3630 637 sanctum
3661 593 3753 639 :et

2166 692 2340 747 neque
2365 676 2535 744 majus
2558 674 2781 742 aliquid,
2837 688 3010 743 neque
3051 674 3228 727 minus
3256 675 3308 727 in
3356 673 3569 729 deitatis
3622 677 3751 732 sub-

2165 768 2357 821 stantia
2395 765 2578 820 credo.
2623 764 2915 832 Propterea
2969 764 3217 817 eumdem
3273 763 3441 817 reddo
3490 764 3750 819 honorem

2172 855 2307 909 Filio
2331 865 2383 909 et
2411 854 2631 922 Spiritui
2661 862 2868 920 sancto,
2899 867 3057 921 quem
3103 862 3158 906 et
3187 850 3357 917 Patri,
3409 854 3753 923 praecipiente

2171 944 2396 1001 Domino
2434 962 2446 996 :
2486 944 2551 998 Ut
2580 960 2752 997 omnes
2772 943 3108 1011 honoriﬁcent
3135 940 3349 1007 Filium,
3389 945 3519 996 sicut
3547 945 3755 998 honori-

2168 1038 2323 1105 βίαια
2352 1036 2583 1102 Patrem,
2610 1035 2729 1105 quia
2758 1036 2847 1105 qui
2874 1051 2972 1087 non
3020 1033 3359 1101 honoriﬁcam
3404 1032 3618 1099 Filium,
3652 1052 3755 1090 non

2168 1130 2509 1199 honoriﬁcam
2535 1128 2742 1181 Patrem
2768 1128 2949 1198 (Joan.
2985 1143 3037 1193 ν,
3061 1128 3175 1196 25).
3209 1129 3275 1181 Ει
3297 1128 3364 1183 de
3407 1127 3607 1197 Spiritu
3630 1144 3758 1182 san-

2168 1232 2255 1276 eto
2285 1220 2398 1290 ipse
2422 1221 2495 1273 ait
2529 1237 2542 1273 :
2574 1218 2675 1284 Qui
2704 1219 3122 1284 blaspltematterit
3148 1219 3201 1273 in
3226 1218 3479 1286 Spiritum
3498 1232 3751 1281 sanctum,

2169 1327 2270 1365 non
2300 1312 2577 1363 remittetur
2602 1309 2669 1371 ei,
2692 1324 2848 1374 neque
2879 1309 2931 1361 in
2955 1308 3049 1361 hoc
3069 1309 3254 1363 strculo
3286 1324 3444 1378 neque
3482 1310 3536 1362 in
3580 1310 3757 1378 futuro

2172 1400 2385 1470 (Matth.
2408 1417 2509 1466 ιιι,
2526 1400 2639 1470 32).
2678 1400 2968 1470 Proliterea
2990 1402 3148 1469 igitur
3175 1415 3337 1455 unum
3361 1400 3528 1456 Deum
3558 1403 3607 1455 in
3632 1402 3745 1456 Tri-

2171 1495 2336 1548 nitate
2362 1494 2549 1557 credo,
2569 1491 2747 1545 divina
2778 1491 3051 1559 Scriptura
3077 1490 3308 1546 docente
3333 1509 3347 1547 :
3378 1491 3534 1557 Audi,
3561 1490 3751 1556 Israel,

2174 1583 2431 1638 Dominus
2487 1583 2623 1636 Deus
2663 1593 2813 1652 tuus,
2857 1582 2994 1636 Deus
3028 1599 3159 1637 unus
3193 1594 3264 1638 est
3308 1585 3326 1654 ζ
3346 1583 3498 1639 Deut.
3538 1600 3621 1651 vr,
3662 1585 3753 1655 4).

2242 1674 2423 1728 Ariani
2466 1672 2670 1738 dicunt,
2728 1672 2822 1727 Del
2872 1671 3064 1727 Filium
3119 1674 3409 1728 secundum
3468 1675 3758 1731 divinitatis

485 1785 760 1847 stantiam,
805 1783 875 1834 ita
930 1792 1090 1832 unam
1140 1782 1457 1845 potestatein
1506 1769 1698 1834 Patris,
1740 1778 1795 1823 et
1826 1768 1965 1833 Filii,
2014 1777 2068 1822 et
2098 1760 2143 1821 Β
2172 1763 2518 1820 substantiam
2553 1774 2606 1819 et
2635 1764 2921 1830 visibilem,
2949 1772 3004 1819 et
3033 1765 3311 1819 minorem.
3348 1765 3457 1836 Ego
3508 1767 3671 1821 credo
3703 1767 3759 1822 in

484 1875 711 1944 Spiritus
761 1868 930 1923 sancti
984 1867 1168 1922 credo.
1212 1862 1363 1929 Quod
1418 1870 1595 1915 autem
1631 1860 1837 1929 accepit
1881 1858 2064 1927 Filius,

484 1963 775 2019 secundum
809 1959 1078 2013 hominem
1108 1954 1332 2023 accepit,
1369 1951 1419 2005 id
1454 1958 1538 2004 est
1586 1949 1878 2004 secundum
1902 1949 2070 2001 servi-

488 2056 592 2109 lem
619 2053 866 2116 formam,
898 2046 1189 2102 secundum
1222 2050 1418 2097 nostra:
1445 2039 1767 2095 conditionis
1799 2046 2065 2099 naturam,

487 2145 601 2213 ipso
628 2141 851 2196 Domino
878 2142 929 2193 in
954 2136 1239 2206 Evangelio
1260 2135 1472 2189 dicente
1505 2151 1516 2184 :
1555 2131 1621 2185 Et
1646 2131 1893 2198 iudicium
1922 2130 2061 2184 dedit

488 2236 532 2288 ei
561 2235 742 2305 facere,
777 2232 899 2301 quia
923 2226 971 2281 F
974 2229 1090 2282 ilius
1112 2226 1334 2280 hominis
1356 2234 1428 2279 est
1460 2223 1635 2293 (Joan.
1660 2239 1713 2289 v,
1741 2223 1855 2292 27).

557 2324 740 2379 Ariani
763 2323 943 2378 dicunt
972 2335 1077 2375 non
1107 2327 1272 2373 totum
1297 2317 1509 2371 Patrem
1532 2314 1650 2383 copi
1676 2328 1709 2383 p
1745 2326 1832 2368 sse
1852 2328 1881 2365 a
1911 2310 2069 2379 Filio,

489 2415 570 2471 vel
597 2414 862 2484 conspici;
887 2412 1024 2467 sicut
1054 2424 1151 2465 nec
1174 2408 1405 2478 Spiritus
1429 2415 1648 2461 sanctus
1681 2414 1846 2458 totum
1880 2402 2071 2456 Filium

489 2516 580 2562 aut
608 2506 754 2561 videt
782 2514 874 2558 aut
927 2502 1088 2570 capit.
1122 2501 1232 2570 Ego
1263 2498 1446 2562 credo,
1482 2496 1624 2567 quod
1656 2496 1794 2550 sicut
1823 2493 1988 2548 Filius
2019 2492 2073 2545 in

489 2600 646 2653 Patre
673 2605 787 2664 est,
821 2604 876 2651 ct
905 2611 934 2648 a
979 2595 1135 2649 Patre
1184 2602 1324 2646 totus
1367 2588 1575 2644 videtur
1599 2629 1614 2654 ,
1658 2587 1727 2641 ita
1774 2596 1827 2642 et
1859 2586 2015 2640 Pater
2042 2599 2071 2637 a

490 2692 626 2747 Filio
650 2699 793 2754 totus
834 2689 1060 2755 videtur,
1094 2694 1148 2739 et
1196 2693 1338 2739 totus
1387 2693 1470 2737 est
1500 2681 1553 2735 in
1607 2680 1769 2743 Filio;
1795 2680 1910 2748 ipso
1940 2677 2074 2731 Filio

488 2782 698 2839 dicente
741 2778 898 2851 :Ego
945 2779 996 2831 in
1040 2777 1217 2839 Patre,
1275 2785 1320 2828 et
1371 2772 1529 2826 Pater
1572 2773 1626 2825 in
1677 2786 1755 2824 me
1790 2779 1863 2824 est
1894 2768 2071 2840 (Joan.

488 2891 595 2943 χιν,
627 2872 738 2941 li).
771 2871 836 2925 Et
869 2890 879 2923 :
912 2870 1055 2926 Sicut
1085 2868 1220 2921 novit
1275 2882 1353 2919 me
1380 2862 1559 2928 Pater,
1585 2874 1633 2917 et
1675 2880 1770 2935 ego
1802 2863 1918 2918 novi
1961 2862 2072 2916 Pa-

490 2976 614 3020 trem
639 2962 818 3035 (Joan.
853 2978 905 3027 x,
943 2960 1075 3031 15).
1110 2960 1367 3015 Similiter
1389 2972 1442 3017 et
1489 2961 1556 3016 de
1615 2958 1819 3028 Spiritu
1867 2965 2072 3022 sancto,

487 3058 742 3127 Apostolo
787 3056 1107 3126 praedicante
1137 3054 1277 3122 quod
1331 3055 1562 3123 Spiritus
1604 3062 1873 3107 scrutatur
1912 3052 2071 3106 etiam

2172 1856 2342 1911 forma
2366 1855 2481 1921 Dei,
2509 1857 2640 1910 sicut
2665 1856 2912 1924 superius
2935 1856 3369 1924 approbavimus,
3414 1858 3760 1926 invisiliilem,

2172 1948 2291 2018 ipso
2310 1947 2376 2000 ad
2405 1946 2583 2001 Mosen
2609 1946 2853 2001 dicente:
2878 1945 3048 1999 Nemo
3096 1947 3219 2000 uidit
3243 1947 3425 2017 faciem
3475 1964 3658 2014 meam,
3709 1958 3759 2002 et

2172 2039 2298 2091 vivet
2332 2035 2530 2108 (Exod.
2582 2052 2771 2103 sum,
2795 2036 2909 2104 ι20).
2934 2035 3215 2106 AEqualem
3256 2051 3385 2092 vero
3436 2052 3528 2105 per
3579 2039 3761 2092 omnia

2173 2130 2338 2199 Patri,
2366 2137 2587 2199 excepto
2617 2143 2683 2185 eo
2712 2130 2854 2199 quod
2884 2130 2974 2184 ille
2997 2130 3260 2200 ingenitus
3300 2140 3403 2196 est,
3454 2140 3507 2187 et
3534 2132 3635 2187 iste
3658 2146 3756 2201 ge-

2174 2224 2318 2278 nitus
2349 2240 2361 2275 :
2395 2222 2640 2291 apostolo
2663 2222 2988 2290 praadicante
3016 2222 3081 2276 de
3110 2238 3175 2278 eo
3206 2239 3220 2276 :
3252 2222 3353 2287 Qui
3396 2239 3509 2277 cum
3538 2226 3591 2277 in
3643 2223 3761 2291 [or-

2174 2331 2279 2382 ma,
2310 2314 2499 2384 inquit,
2533 2315 2699 2385 286
2728 2314 2821 2367 Dei
2843 2322 2992 2378 esset,
3044 2331 3148 2368 non
3195 2316 3428 2383 rapinam
3474 2316 3763 2371 arbitratus

2174 2414 2267 2471 est,
2298 2422 2402 2460 esse
2427 2421 2481 2459 se
2500 2404 2748 2473 aqualem
2771 2404 2877 2458 Deo
2906 2403 3127 2475 (Philip.
3160 2421 3215 2470 ll,
3250 2409 3343 2475 vr).

2248 2498 2429 2552 Ariani
2457 2496 2751 2561 dicunt,ita
2779 2491 2971 2551 Filium
3004 2498 3085 2551 vel
3129 2498 3385 2567 Spiritum
3427 2508 3667 2555 sanctum
3690 2502 3765 2557 ab

2175 2589 2386 2643 arcanis
2414 2588 2583 2642 Patris
2606 2597 2899 2654 extorrem,
2924 2597 2981 2642 ut
3005 2588 3135 2643 nihil
3166 2600 3487 2645 secretarum
3528 2591 3763 2661 disposi-

2178 2678 2380 2732 tionum
2399 2678 2628 2742 noverit,
2652 2678 2749 2732 nisi
2766 2681 3056 2734 revelatum
3086 2694 3114 2732 a
3139 2679 3318 2747 Patre,
3364 2682 3507 2752 quod
3533 2684 3765 2739 voluerit

2178 2767 2313 2823 Filio
2343 2769 2607 2835 revelare;
2632 2779 2685 2824 et
2714 2768 2956 2839 Spiritui,
2982 2771 3120 2839 quod
3151 2785 3180 2824 a
3215 2771 3352 2826 Filio
3382 2773 3539 2827 luerit
3586 2778 3762 2829 mani-

2178 2861 2448 2915 festatum.
2484 2860 2595 2931 Ego
2637 2861 2798 2916 credo
2828 2862 3016 2916 Filium
3048 2864 3098 2917 in
3139 2863 3318 2931 Patre,
3346 2876 3399 2921 et
3445 2866 3655 2922 Patrem
3702 2869 3760 2923 in

2181 2951 2339 3018 Filio,
2368 2951 2622 3020 Spiritum
2654 2966 2865 3020 quoque
2887 2964 3125 3009 sanctum
3159 2958 3468 3025 paraclitum
3517 2959 3607 3028 qui
3637 2974 3762 3029 pro-

2179 3044 2320 3099 cedit
2345 3059 2373 3098 a
2405 3043 2582 3110 Patre,
2607 3055 2661 3099 et
2690 3044 2807 3100 Filii
2832 3061 2952 3101 esse
2998 3056 3051 3102 et
3077 3048 3271 3116 Patris,
3302 3052 3423 3120 quia
3475 3062 3528 3106 et
3559 3066 3589 3106 a
3620 3051 3763 3106 Filio

488 3121 747 3221 profunda
778 3121 889 3202 Dei.
917 3147 983 3201 Et
1003 3147 1139 3200 sicut
1157 3121 1316 3201 nemo
1343 3121 1490 3199 novit
1512 3144 1635 3213 quid
1662 3145 1730 3198 sit
1760 3145 1810 3196 in
1834 3142 2068 3206 homine,
2100 3121 2145 3182 Ο
2180 3138 2439 3206 procedit,
2469 3138 2605 3191 sicut
2633 3146 2685 3192 et
2716 3140 2767 3192 in
2795 3138 3085 3209 Evangelio
3101 3142 3354 3210 scriptum
3377 3152 3480 3211 est,
3503 3145 3644 3215 quod
3666 3163 3763 3215 per

487 3242 783 3298 secundum
837 3239 1006 3307 ipsius
1056 3236 1297 3305 Apostoli
1337 3237 1677 3301 sententiam,
1710 3234 1810 3288 nisi
1857 3233 2073 3303 spiritus

487 3331 741 3395 hominis,
772 3328 860 3399 qui
912 3334 996 3383 est
1042 3326 1095 3381 in
1143 3326 1391 3391 homine;
1426 3326 1496 3379 ita
1542 3335 1594 3379 et
1639 3340 1757 3395 quas
1803 3332 1928 3379 sunt
1978 3324 2071 3378 Dei

488 3440 645 3480 nemo
677 3423 841 3485 novit,
874 3420 976 3475 nisi
1006 3418 1235 3489 Spiritus
1260 3417 1346 3488 qui
1374 3426 1455 3472 est
1500 3418 1555 3471 in
1583 3431 1667 3472 eo.
1700 3416 1832 3471 Nam
1880 3424 1934 3472 et
1964 3416 2073 3471 Do-

488 3519 664 3576 minus
704 3520 755 3573 in
790 3514 1077 3586 Evangelio
1104 3514 1265 3569 etiam
1311 3512 1377 3567 de
1409 3511 1645 3581 parvulis
1675 3511 1753 3565 sic
1773 3511 1849 3564 ait
1879 3526 1895 3563 :
1940 3510 2072 3574 Quia

482 3612 656 3683 angeli
680 3626 854 3665 eorum
869 3622 1065 3676 semper
1091 3608 1253 3660 uident
1275 3605 1457 3674 faciem
1483 3602 1656 3657 Patris
1678 3601 1891 3672 (Matth.
1924 3616 2068 3665 xvm,

491 3706 602 3773 10).
636 3703 857 3771 lmpium
879 3709 960 3754 est
984 3697 1205 3753 credere
1232 3695 1373 3765 quod
1407 3692 1573 3748 Filius
1614 3703 1667 3748 et
1695 3692 1926 3762 Spiritus
1951 3706 2074 3745 san-

489 3804 606 3849 ctus
634 3807 737 3847 non
769 3799 933 3845 totum
961 3796 1053 3842 aut
1081 3788 1389 3841 intueantur
1416 3823 1429 3848 ,
1465 3792 1557 3838 aut
1585 3783 1798 3852 capiant
1835 3781 2069 3835 Patrem.

559 3884 719 3955 235
744 3879 929 3936 Ariani
976 3878 1160 3933 dicunt
1198 3892 1361 3931 unum
1422 3883 1626 3930 tantum
1676 3874 1841 3929 Deum
1895 3871 2072 3943 perfe-

489 3983 654 4040 ctum,
679 3972 1121 4040 omnipotentem,
1154 3966 1530 4037 incapabilem,
1558 3968 1872 4036 ingenitum,
1909 3965 2072 4019 inter-

490 4067 795 4121 ininabilem
829 4065 1037 4118 Patrem
1070 4062 1240 4116 solum
1272 4069 1326 4115 et
1354 4061 1732 4114 immortalem.
1764 4059 1876 4128 Ego
1912 4056 2073 4113 credo

490 4160 780 4217 secundum
824 4156 1031 4212 divinas
1072 4154 1396 4223 Scripturas,
1460 4153 1625 4206 Deum
1671 4161 1727 4207 et
1782 4150 2070 4205 Dominum

492 4254 704 4307 Patrem
730 4251 1041 4319 ingenitum,
1065 4247 1227 4301 [leum
1252 4254 1303 4300 et
1319 4243 1598 4299 Dominum
1614 4241 1805 4297 Filium
1829 4240 1895 4296 de
1911 4241 2072 4296 Patre

492 4343 752 4411 genitum,
785 4340 946 4393 Deum
977 4346 1030 4392 et
1053 4337 1333 4390 Dominum
1359 4336 1616 4404 Spiritum
1641 4342 1884 4387 sanctum
1914 4346 1943 4385 a
1975 4332 2074 4385 Pa-

494 4446 574 4489 tre
615 4432 1012 4503 procedentem,
1044 4440 1096 4483 et
1127 4429 1176 4482 in
1207 4427 1343 4481 Filio
1372 4435 1675 4481 manentem
1701 4439 1717 4477 :
1749 4423 1941 4478 Filium
1973 4439 2070 4477 au-

495 4536 599 4580 tem
628 4528 765 4579 sicut
795 4524 845 4576 in
889 4522 1087 4576 deitate
1121 4536 1223 4572 non
1251 4518 1372 4572 dico
1402 4518 1683 4581 minorem,
1709 4516 1780 4570 ita
1806 4516 1860 4570 in
1898 4515 2067 4570 forma

493 4614 634 4668 servi
662 4658 675 4681 ,
711 4629 826 4682 quae
852 4610 1084 4680 passioni
1109 4608 1406 4674 succubuit,
1435 4609 1755 4662 minoratum
1782 4606 2063 4671 conﬁteor,

496 4713 590 4776 Apr
614 4706 754 4760 stnlo
780 4704 990 4758 dicente
1020 4721 1030 4753 :
1058 4699 1187 4755 Eum
1209 4708 1378 4753 autem
1396 4701 1483 4769 qui
1504 4700 1760 4753 modicum
1790 4699 1850 4753 ab
1874 4698 2071 4767 angelis

498 4802 775 4851 minoratus
797 4803 868 4848 est
889 4795 1104 4845 vidimus
1130 4791 1305 4845 Jesum
1330 4799 1535 4861 prapter
1557 4790 1846 4860 passionem
1893 4789 2070 4841 mortis

496 4886 683 4957 (Hebr.
718 4901 773 4950 ii,
808 4883 882 4953 9).
911 4882 976 4936 Et
1004 4884 1123 4936 ideo
1145 4881 1199 4934 in
1225 4882 1392 4935 tribus
1411 4880 1651 4948 personis
1682 4892 1786 4932 non
1814 4890 1919 4931 tres
1943 4878 2072 4933 deos

495 4976 686 5040 sentio,
716 4973 807 5028 sed
838 4986 997 5026 unum
1034 4970 1196 5025 Deum
1235 4980 1286 5025 et
1327 4970 1607 5024 Dominum
1640 4968 1955 5034 substantia,
1993 4968 2073 5022 di-

494 5071 734 5133 vinitate,
792 5064 1047 5136 potentia,
1107 5067 1432 5133 aequalitate,
1481 5072 1641 5133 atque
1696 5063 2069 5133 perpetuitate,

495 5164 662 5217 adoro
687 5170 738 5215 et
758 5159 896 5220 colo,
926 5158 1061 5210 sicut
1089 5158 1140 5212 iii
1173 5159 1285 5225 lege
1303 5168 1623 5226 praeceptum
1654 5166 1733 5211 est
1759 5174 1769 5208 :
1799 5156 2073 5208 Dominum

496 5262 661 5313 Deum
690 5266 831 5310 tuum
853 5253 1109 5317 adorabis,
1136 5263 1181 5307 et
1202 5253 1279 5304 illi
1300 5253 1397 5303 soli
1435 5252 1615 5304 servies
1643 5251 1819 5319 (Deut.
1854 5265 1923 5315 Vl,
1960 5249 2070 5317 15).

567 5348 749 5403 Ariani
780 5345 1205 5409 dicunt,Patrem
1236 5343 1406 5397 Stillﬂn
1441 5341 1767 5395 invisibilem
1798 5341 1985 5402 Deum,
2018 5351 2073 5393 ct

496 5444 781 5510 majorem,
803 5450 854 5495 et
881 5438 1002 5493 ideo
1018 5437 1186 5491 solum
1210 5435 1491 5488 colendum
1528 5442 1686 5502 atque
1712 5432 2069 5487 adorandum.

497 5533 606 5600 Ego
634 5536 793 5588 credo
822 5529 1111 5585 secundum
1135 5527 1368 5579 divinam
1418 5525 1767 5578 substantiam
1820 5538 1882 5578 ac
1914 5525 2075 5593 maje-

499 5634 717 5685 statcm,
758 5623 999 5690 spiritum
1024 5619 1237 5682 Filium,
1272 5617 1512 5687 sprituni
1558 5631 1765 5686 quoque
1814 5617 1867 5683 Si
1893 5616 2071 5671 iritum

495 5727 758 5784 sanctum,
787 5716 1009 5769 Domino
1037 5714 1088 5769 in
1121 5711 1410 5782 Evangelia
1453 5711 1663 5767 dicente
1692 5710 1950 5777 :Spiritus
2000 5726 2073 5770 t’sl

498 5852 517 5879 δ

2101 4487 2149 4546 D

2178 3225 2595 3282 insufﬂationem
2626 3242 2775 3282 suam
2807 3229 3015 3285 dederit
3042 3232 3317 3301 diSt'ipuiiS
3359 3235 3470 3290 suis
3502 3238 3762 3306 Spiritum

2175 3327 2419 3372 sanctum
2449 3317 2632 3373 dicens
2674 3320 2944 3390 :Acripite
2998 3320 3250 3392 Spiritum
3297 3337 3547 3382 sanctum.
3596 3328 3766 3383 Carus

2176 3410 2469 3464 remiseritis
2499 3420 2728 3480 peccata,
2752 3416 2964 3468 remissa
2990 3426 3105 3469 sunt
3133 3429 3153 3469 :
3181 3424 3227 3469 et
3255 3420 3403 3489 cujus
3429 3422 3765 3490 minueritis,

2174 3507 2370 3552 retenta
2392 3509 2511 3553 sunt
2547 3499 2726 3570 (Joan.
2760 3517 2852 3569 xx,
2894 3502 3008 3572 ἓξ).
3066 3504 3132 3559 Et
3182 3507 3302 3560 ideo
3340 3508 3759 3577 inseparabilem

2176 3589 2435 3644 conﬁteor
2458 3590 2796 3661 Trinitatem,
2826 3608 2924 3648 nec
2972 3604 3242 3651 extorrem
3279 3597 3491 3666 Filium,
3523 3612 3613 3655 aut
3641 3603 3770 3671 Spi-

2178 3683 2336 3738 ritum
2367 3690 2631 3755 sanctum,
2662 3686 2801 3741 sicut
2828 3686 3065 3743 bteretici
3094 3689 3406 3760 loquuntur,
3459 3707 3489 3746 a
3524 3694 3632 3747 Deo
3661 3694 3770 3748 Pa-

2179 3783 2262 3831 tre
2289 3776 2430 3844 dico,
2463 3777 2715 3847 quoniam
2742 3777 2934 3845 Filius,
2958 3780 3047 3850 qui
3066 3790 3149 3836 est
3163 3785 3424 3853 sapientia
3456 3785 3547 3841 Dei
3566 3786 3767 3855 Patris,

2177 3871 2289 3940 ipse
2314 3878 2394 3924 est
2423 3878 2479 3925 et
2501 3871 2743 3925 voluntas
2768 3871 2958 3936 Patris,
2991 3889 3110 3944 qua:
3138 3891 3353 3947 semper
3406 3878 3458 3932 in
3498 3880 3611 3947 ipso
3636 3881 3765 3948 luit,

2175 3970 2230 4017 et
2254 3962 2367 4031 ipse
2394 3971 2477 4016 est
2497 3963 2668 4033 magni
2694 3962 2897 4016 consilii
2924 3965 3134 4035 angelus
3158 3982 3178 4019 :
3203 3978 3250 4020 et
3300 3985 3390 4038 per
3417 3970 3584 4041 ipsum
3630 3988 3766 4026 con-

2177 4052 2283 4105 dita
2310 4060 2428 4107 sunt
2454 4055 2623 4105 omnia
2654 4052 2806 4124 (Isai.
2844 4068 2916 4120 Ix,
2951 4055 3029 4122 5),
3058 4057 3197 4110 sicut
3244 4061 3517 4127 apostolus
3567 4061 3771 4118 Paulus

2175 4145 2451 4214 praedicat,
2485 4161 2597 4214 qua:
2626 4146 2677 4199 in
2706 4146 2867 4215 ralis,
2898 4158 2943 4201 et
2973 4164 3087 4215 qua:
3110 4149 3162 4201 in
3187 4151 3335 4204 terris
3371 4162 3510 4219 sunt,
3542 4154 3771 4209 visibilia

2176 4250 2220 4293 et
2250 4241 2522 4294 invisibilia
2553 4241 2686 4311 (Col.
2720 4258 2756 4307 i,
2792 4242 2899 4312 16).
2926 4243 2988 4297 Ει
3021 4244 3255 4301 Joannes
3289 4251 3609 4316 evangelista
3662 4252 3771 4305 do-

2174 4331 2420 4399 cetquod
2450 4333 2620 4386 omnia
2642 4349 2730 4401 per
2760 4334 2921 4404 ipsum
2953 4335 3092 4401 facta
3121 4348 3259 4405 sunt,
3306 4349 3351 4393 et
3378 4342 3485 4394 sine
3514 4343 3624 4412 ipso
3678 4345 3770 4414 [α-

2176 4434 2312 4477 ctum
2341 4435 2412 4477 est
2441 4424 2569 4477 nihil
2600 4424 2780 4493 (Joan.
2805 4441 2839 4493 t,
2871 4427 2948 4497 ὅ).
2976 4428 3107 4483 Nam
3160 4440 3211 4484 et
3249 4433 3387 4487 sicut
3440 4450 3534 4503 per
3589 4438 3769 4505 ipsum

2176 4516 2354 4567 omnia
2384 4513 2519 4569 facta
2548 4514 2740 4569 divinas
2763 4515 3053 4586 Scriptura:
3080 4519 3389 4591 loquuntur,
3419 4525 3491 4577 ita
3519 4535 3571 4580 et
3611 4544 3757 4595 qua:-

2175 4616 2386 4674 cuuque
2410 4604 2576 4659 Filius
2621 4606 2766 4671 facit,
2793 4608 2905 4677 ipse
2935 4623 2992 4663 se
3022 4623 3141 4664 cum
3175 4611 3332 4668 Patre
3378 4616 3555 4671 facere
3601 4627 3771 4672 testa-

2179 4706 2281 4764 tur,
2309 4698 2535 4752 dicens:
2600 4698 2756 4752 Pater
2807 4714 2975 4755 autem
3022 4704 3077 4757 in
3124 4721 3203 4759 me
3250 4723 3460 4762 manens
3488 4711 3597 4779 ipse
3640 4712 3768 4779 facit

2178 4804 2333 4857 opera
2368 4787 2546 4858 (Joan.
2585 4804 2696 4853 xrv,
2724 4790 2833 4860 10).
2863 4793 2963 4847 Per
2982 4792 3096 4849 hinc
3125 4797 3413 4850 ostendens
3446 4800 3587 4867 quod
3634 4816 3769 4856 nun-

2179 4895 2336 4949 quam
2367 4879 2527 4933 Pater
2551 4881 2666 4935 sine
2694 4881 2845 4948 Filio,
2886 4884 2977 4952 qui
3035 4894 3118 4940 est
3172 4888 3453 4956 sapientia,
3506 4890 3763 4959 Veritum,

2180 4974 2443 5040 voluntas,
2479 4982 2532 5028 et
2555 4975 2723 5028 virtus
2747 4976 2919 5030 Patris
2948 4978 3145 5049 aliquid
3175 4989 3265 5035 aut
3306 4982 3627 5053 disposuerit
3671 4998 3767 5042 ant

2180 5066 2384 5127 iecerit.
2418 5080 2515 5121 nec
2544 5067 2660 5121 sine
2692 5066 2847 5123 Patre
2870 5068 3061 5124 Filius.
3088 5070 3163 5127 De
3193 5072 3393 5142 Spiritu
3423 5091 3551 5132 vero
3575 5092 3766 5133 sancto

2179 5156 2395 5211 dubium
2423 5172 2525 5211 non
2554 5164 2636 5210 est
2663 5158 2801 5226 quod
2834 5160 2963 5213 nihil
2992 5161 3222 5230 ignoret,
3258 5178 3355 5219 nec
3371 5166 3441 5220 sit
3472 5170 3701 5221 extorris
3730 5185 3761 5222 a

2182 5248 2368 5315 Patre;
2400 5249 2525 5303 dum
2554 5250 2669 5304 sine
2699 5250 2899 5318 Spiritu
2925 5266 3024 5307 suo
3048 5253 3257 5309 Patrem
3294 5260 3452 5313 inisse
3474 5259 3765 5328 aliquando

2178 5352 2400 5392 summa:
2425 5338 2706 5394 dementiae
2731 5350 2808 5394 est
2831 5341 3031 5407 dicere,
3065 5347 3314 5411 quoniam
3341 5349 3448 5417 ipse
3478 5361 3759 5417 scrutatur,

2178 5432 2826 5501 secunduniApostolum,
2857 5439 2994 5488 sicut
3040 5451 3183 5505 smpe
3229 5440 3428 5495 dictum
3478 5454 3582 5509 est,
3640 5462 3764 5512 pro-

2178 5528 2341 5597 funda
2371 5542 2415 5583 et
2441 5531 2547 5583 alta
2579 5530 2672 5585 Dei
2700 5530 2751 5600 (1
2783 5526 2901 5584 Cor.
2933 5546 2991 5599 tt,
3014 5531 3122 5600 10).
3154 5532 3218 5587 Ει
3246 5535 3383 5603 quod
3415 5536 3554 5590 idern
3584 5536 3759 5605 Spiri-

2180 5629 2261 5674 tus
2294 5621 2411 5676 Filii
2442 5624 2531 5685 sit,
2563 5624 2742 5677 multis
2770 5623 3167 5690 Scripturarum
3215 5628 3531 5683 testimoniis
3563 5631 3758 5697 proha-

2178 5714 2350 5769 vimus
2384 5722 2471 5769 :et
2497 5714 2639 5781 quod
2670 5724 2810 5770 totus
2841 5725 3049 5770 maneat
3078 5716 3129 5770 in
3164 5718 3296 5773 Filio
3331 5736 3341 5769 :
3378 5727 3430 5773 et
3471 5719 3610 5775 sicut
3636 5734 3756 5788 pro-
