3958 6176
243 302 317 356 Jul

1444 294 1529 347 DE
1569 292 1934 351 TlilNlTATE
1978 296 2099 351 ΜΒ.
2144 296 2229 351 ΧΙ.

3353 303 3456 356 502

243 421 357 475 colit
382 434 407 469 a
434 417 532 471 Deo
562 414 741 478 Patre,
778 414 848 465 ita
875 409 1113 480 procedit
1142 424 1169 463 a
1196 409 1350 477 Filio,
1405 420 1461 464 ut
1507 420 1614 464 tota
1660 413 1774 466 Tri-
1805 424 1850 477 Α
1881 415 2000 484 quia
2024 415 2161 484 quod
2195 414 2461 470 diversum
2483 420 2582 479 est,
2614 428 2775 468 unum
2832 428 2954 469 esse
3001 430 3103 469 non
3156 425 3331 484 potest
3361 435 3375 470 :
3407 431 3461 472 et

245 513 355 566 litas
374 520 496 561 unus
517 505 765 561 credatur
795 503 958 556 Deus.
984 500 1125 555 Nihil
1157 516 1283 570 ergo
1311 510 1392 554 est
1422 502 1563 569 quod
1598 501 1776 566 faciat,

245 602 309 655 vel
335 599 558 667 disponat
582 597 739 649 Pater
760 593 876 647 sine
904 606 995 645 sua
1027 592 1321 659 sapientia:
1355 592 1488 646 nihil
1518 594 1656 662 quod
1691 608 1783 647 tto-

246 693 372 755 verit,
402 688 476 743 vel
504 687 753 755 disponat
780 685 897 737 sine
944 696 1043 735 suo
1068 689 1255 735 sancto
1311 680 1534 749 Spiritu,
1589 683 1655 735 de
1682 696 1787 751 quo

249 780 464 847 propheta
482 775 559 829 sic
586 775 663 828 ait
690 791 703 827 :
735 772 960 838 Spiritus
989 769 1301 833 Paraclitus,
1330 770 1560 840 Spiritus
1586 773 1790 839 sapien-

247 871 313 921 tite
336 878 375 920 et
410 867 703 928 intellectus,
745 861 971 928 Spiritus
1000 861 1199 913 consilii
1229 872 1277 913 et
1308 861 1527 925 virtutis,
1560 862 1790 927 Spiritus

247 957 429 1011 scimtia:
450 955 604 1024 387
626 962 674 1005 et
698 952 895 1018 pietatis
921 948 1073 1015 (lsai.
1094 964 1164 1016 ιι,
1192 950 1248 1018 2)
1285 967 1295 1001 :
1342 965 1458 1020 quae
1505 952 1681 1006 omnia
1735 952 1787 1005 in

250 1046 443 1111 [κομιεῖ
467 1052 549 1096 est
575 1041 828 1103 Trinitas,
859 1039 1177 1093 corrsistunt.

304 1132 460 1187 Ariani
485 1131 688 1193 dicunt,
709 1131 798 1183 Dei
826 1128 1014 1181 Filium
1045 1142 1149 1182 non
1196 1127 1358 1182 fuisse
1380 1129 1431 1182 in
1463 1129 1616 1184 caelis
1647 1132 1788 1198 apud

252 1226 445 1288 Patrem,
480 1231 723 1287 tempore
741 1235 846 1288 quo
874 1220 1010 1273 inter
1044 1218 1287 1273 homines
1335 1230 1656 1274 versaretur.
1686 1222 1793 1290 Ego

250 1313 379 1366 credo
402 1311 563 1365 Deum
589 1310 683 1363 Dei
708 1309 897 1363 Filium
923 1307 1213 1361 secundum
1238 1321 1347 1360 sua:
1373 1311 1658 1377 potentiam
1683 1311 1795 1365 dei-

251 1402 593 1467 tatisinctelo,
643 1411 696 1456 et
749 1401 802 1455 in
858 1409 999 1455 terra
1039 1399 1203 1454 fuisse
1236 1400 1634 1456 incarnationis
1681 1419 1793 1457 sua:

253 1504 471 1561 terripure,
490 1500 547 1545 et
565 1498 729 1545 totum
749 1490 975 1558 replere,
1009 1503 1104 1542 nec
1136 1503 1367 1557 unquam
1399 1489 1656 1554 defuisse,
1680 1491 1797 1559 ipso

251 1584 303 1637 ad
322 1583 649 1637 Nicodemum
679 1582 732 1634 in
768 1579 1052 1648 Evangelio
1072 1579 1285 1633 dicente
1314 1597 1328 1633 :
1362 1579 1525 1633 Nemo
1569 1585 1795 1637 ascendit

250 1676 292 1727 in
316 1673 491 1737 calum,
521 1674 620 1726 nisi
650 1673 733 1739 qui
764 1669 1019 1724 descendit
1059 1668 1120 1721 ds
1169 1669 1317 1735 coelo,
1364 1666 1535 1724 Filius
1556 1669 1793 1739 hominis,

251 1766 319 1832 qvi
343 1778 404 1818 est
423 1768 471 1819 in
494 1770 624 1820 calo
656 1764 833 1834 (Joan.
865 1779 943 1828 ιιι,
971 1762 1080 1829 15).

307 1856 463 1909 Ariani
494 1856 685 1911 ὼειιιιι
704 1855 843 1925 quod
860 1854 1028 1909 Filius
1048 1852 1141 1906 Dei
1165 1862 1280 1907 erat
1297 1854 1509 1922 quando
1532 1869 1633 1908 non
1658 1865 1796 1922 erat,

252 1955 293 1999 et
316 1954 586 2016 antequam
611 1957 920 2018 nasceretur
956 1959 1060 1998 non
1106 1954 1239 2008 erat,
1269 1953 1321 1999 et
1363 1945 1503 2013 quod
1530 1961 1594 2000 ex
1643 1948 1802 2002 nullis

252 2037 548 2092 «stantibus
573 2037 742 2091 factus
767 2046 868 2090 est.
912 2035 1022 2102 Ego
1043 2034 1206 2089 credo
1244 2051 1400 2089 unatn
1447 2037 1800 2093 substantiam

255 2125 415 2193 Patris,
444 2138 496 2182 et
523 2128 666 2196 Filii,
698 2137 754 2182 et
773 2127 998 2196 Spiritus
1045 2124 1235 2180 sancti.
1271 2126 1554 2195 Propterea
1578 2128 1801 2197 Filium,

253 2214 324 2279 qui
350 2225 418 2269 est
439 2217 703 2286 sapientia
727 2216 918 2283 Patris,
949 2215 999 2269 iu
1031 2229 1099 2269 eo
1145 2222 1357 2283 semper
1397 2215 1580 2284 fuisse,
1628 2227 1685 2272 et
1737 2235 1802 2274 ex

254 2303 593 2374 ips-igenitnm
627 2307 908 2370 conﬁteor,
950 2304 1070 2374 quia
1106 2319 1373 2372 nunquam
1426 2304 1524 2359 fuit
1569 2322 1801 2375 tempus,

253 2411 337 2464 quo
358 2387 504 2452 Pitter
526 2398 645 2453 sine
692 2412 792 2452 suo
823 2396 997 2451 Verbo
1034 2405 1089 2450 et
1108 2396 1364 2466 sapientia
1396 2396 1557 2451 fuisse
1585 2412 1614 2451 a
1638 2396 1805 2450 ﬁdeli-

254 2486 331 2541 bus
354 2490 637 2545 creditur:
672 2504 769 2543 nec
799 2488 960 2543 Filius
989 2487 1107 2540 sine
1151 2502 1247 2540 suo
1275 2487 1559 2556 aliquando
1602 2486 1807 2541 exstitit

254 2575 411 2645 Patre;
439 2583 768 2650 evangelista
800 2578 1033 2643 dicente,
1060 2586 1113 2632 et
1134 2579 1331 2646 saepius
1361 2589 1634 2648 repetente
1664 2580 1804 2645 quod

254 2664 295 2717 in
322 2670 571 2737 principio
599 2679 716 2724 erat
771 2668 1020 2729 Verbum,
1066 2675 1121 2721 et
1141 2681 1355 2735 semper
1402 2676 1537 2726 erat.
1568 2678 1621 2721 et
1666 2668 1806 2723 Deus

251 2768 363 2818 erat.
387 2767 439 2812 et
459 2759 604 2828 apud
637 2759 801 2812 Deum
828 2766 961 2820 erat,
984 2772 1080 2810 nec
1104 2771 1167 2810 ex
1200 2757 1357 2811 trullis
1374 2758 1704 2813 exstantibus
1725 2759 1805 2812 [δι

252 2850 464 2911 ctus,sed
492 2851 550 2903 in
578 2849 756 2911 Patre,
783 2856 835 2901 et
864 2850 999 2915 apud
1031 2846 1266 2906 Patrem.
1300 2846 1438 2900 Dcus
1468 2846 1608 2914 apud
1640 2847 1804 2901 Deum

251 2951 433 3004 semper
456 2946 595 2995 erat.
627 2939 857 3006 Spiritus
887 2950 1099 3006 quoque
1135 2949 1349 2990 sanctus
1394 2945 1448 2991 et
1479 2935 1594 3000 fuit,
1646 2946 1701 2991 et
1724 2948 1808 2992 est

251 3040 434 3095 semper
459 3030 510 3083 in
539 3029 720 3094 Patre,
751 3036 805 3083 et
826 3025 1062 3097 procedit
1082 3041 1146 3080 ex
1172 3026 1306 3095 ipso,
1331 3042 1429 3083 nec
1453 3043 1686 3097 unquam
1711 3028 1808 3082 Pa-

253 3118 434 3173 tersine
459 3134 559 3173 sua
589 3118 870 3186 sapientia,
904 3115 991 3182 qui
1013 3124 1096 3170 est
1137 3114 1322 3181 Filius,
1370 3132 1474 3171 nun

253 3218 333 3257 tuo
362 3205 451 3260 fuit
481 3216 671 3261 sancto
703 3205 924 3275 Spiritu.

310 3297 474 3350 Ariani
506 3298 694 3352 dicunt
718 3297 809 3352 Dei
829 3296 1019 3351 Filium
1042 3294 1371 3363 passibilcm,
1398 3306 1454 3350 et
1478 3294 1530 3349 in
1558 3309 1652 3349 sua
1679 3296 1810 3350 sub-

255 3388 419 3441 stantia
441 3389 750 3443 mortalem.
784 3388 894 3458 Ego
924 3384 1085 3441 credo
1112 3385 1275 3438 Deum
1320 3384 1580 3450 Verbum,
1632 3393 1687 3438 et
1728 3398 1813 3438 sa-

256 3474 477 3542 pientiam
512 3476 710 3541 Patris,
740 3477 862 3541 quia
892 3490 1051 3527 unum
1075 3487 1194 3525 cum
1227 3472 1383 3527 Patre
1408 3480 1511 3536 est,
1567 3472 1811 3539 impassi-

255 3561 389 3616 bilem
411 3575 569 3634 atque
600 3551 952 3619 immortalem
983 3562 1035 3616 in
1083 3575 1177 3615 sua
1208 3560 1524 3616 substantia.
1579 3558 1814 3613 Passihi-

256 3653 342 3706 lem
370 3664 543 3709 autem
568 3666 731 3724 atque
756 3653 1035 3707 mortalem
1058 3651 1329 3706 hominem
1351 3650 1528 3706 Jesum
1550 3649 1815 3704 Christum

257 3742 311 3797 de
335 3743 485 3799 Maria
527 3744 752 3815 Virgine
779 3754 1131 3814 assumptum,
1157 3743 1245 3813 qui
1271 3742 1364 3797 Dei
1417 3742 1591 3798 Verbo
1639 3741 1818 3795 unitus

255 3841 339 3896 est,
368 3834 661 3899 conﬁteor;
694 3835 883 3889 eodem
916 3832 1143 3887 Domino
1166 3833 1376 3887 dicente
1402 3850 1413 3885 :
1447 3832 1669 3901 Spiritus
1698 3834 1813 3900 qui-

257 3924 353 3973 dem
372 3934 636 3993 promptus
653 3932 745 3987 est,
769 3939 888 3975 caro
903 3934 1068 3977 autem
1088 3922 1293 3990 inﬁrma
1312 3920 1523 3994 attlt.
1543 3936 1687 3986 xxvi,
1705 3919 1816 3989 41).

258 4009 359 4079 Ipso
383 4014 570 4068 iterum
602 4013 814 4067 dicente
841 4029 855 4066 :
898 4011 1048 4077 Quod
1074 4021 1249 4065 notum
1271 4021 1344 4065 est
1367 4012 1429 4064 de
1472 4027 1643 4076 carne,
1700 4026 1819 4065 caro

257 4111 317 4153 est
344 4114 424 4156 :et
450 4104 589 4174 quod
606 4111 783 4155 natum
808 4111 879 4156 est
904 4102 965 4155 de
1000 4101 1230 4171 Spiritu,
1263 4102 1471 4171 spiritus
1512 4110 1583 4154 est
1640 4099 1820 4174 (Joan.

259 4203 319 4253 IV,
342 4189 411 4261 6).
441 4192 534 4247 Sic
563 4202 617 4246 et
640 4192 924 4262 Apostolus
952 4190 1244 4245 Corinthiis
1278 4191 1552 4259 praedicat,
1586 4190 1772 4246 dicens
1807 4205 1821 4243 :

260 4279 381 4333 Nam
407 4283 497 4336 etsi
519 4270 799 4350 cruciﬁxus
821 4291 893 4334 est
916 4296 978 4334 ex
1005 4282 1301 4349 inﬁrmitate
1334 4290 1529 4347 nostra,
1578 4280 1667 4334 sed
1711 4281 1826 4334 vivit

258 4387 312 4425 ea
335 4375 506 4427 virtute
532 4373 623 4428 Dei
650 4372 735 4446 (Η
766 4374 883 4427 (ἔον.
934 4389 1046 4439 xm,
1097 4373 1175 4443 4).
1235 4375 1531 4430 Crueifitus
1574 4390 1702 4445 ergo
1758 4390 1823 4429 ex

261 4460 548 4518 inﬁrmitate
569 4465 746 4517 carnis
777 4473 992 4529 nostrae,
1025 4465 1115 4518 sed
1146 4465 1275 4521 vivit
1332 4480 1397 4519 ex
1456 4479 1548 4519 sua
1606 4466 1820 4528 virtute,
1852 4485 1903 4547 υ

262 4554 366 4619 quia
397 4553 846 4609 FlilUsDCiDCﬂS
895 4566 948 4609 et
989 4557 1156 4610 virtus
1201 4557 1371 4610 Patris
1424 4558 1820 4626 comprobatur.

260 4647 365 4715 Ipse
387 4653 580 4718 quippe
606 4652 706 4713 via,
732 4652 911 4704 veritas
942 4661 987 4704 ει
1017 4652 1115 4703 vita
1131 4661 1203 4704 est
1222 4651 1397 4720 (Joan.
1423 4667 1525 4715 xw,
1547 4653 1627 4717 6).
1648 4652 1821 4719 Ipsum

261 4739 402 4790 etiam
436 4741 705 4795 hominem
728 4740 996 4795 Christum
1029 4741 1207 4795 Jcsum
1267 4751 1383 4810 post
1426 4742 1725 4811 passionem
1756 4742 1823 4797 de
1850 4742 1854 4745 Α

260 4831 493 4896 sepulcro
519 4849 545 4883 a
564 4832 674 4887 Deo
698 4831 887 4897 Verbo,
919 4848 946 4885 a
977 4847 1081 4900 quo
1110 4832 1272 4903 288
1302 4839 1355 4887 ει
1385 4840 1688 4900 assumptus
1718 4841 1821 4898 est,

260 4920 367 4974 sine
413 4927 753 4989 corruptione
805 4923 891 4977 die
926 4924 1081 4977 tertia
1120 4926 1489 4977 resuscitatum
1541 4922 1822 4984 confiteor,

260 5009 366 5079 ipso
393 5014 457 5065 ad
475 5012 707 5079 Judazos,
733 5013 1024 5068 secundum
1057 5014 1434 5081 evangelistam
1457 5015 1735 5077 Joannem,
1763 5012 1830 5067 de

259 5103 451 5170 templo
471 5104 712 5173 corporis
744 5105 823 5157 sui
878 5104 1115 5168 dicente,
1176 5102 1366 5157 Solvite
1413 5105 1654 5172 templum
1708 5103 1826 5169 Itoc,

257 5202 301 5243 et
328 5194 379 5246 in
405 5194 563 5248 tribus
592 5195 766 5247 diebus
793 5195 1045 5248 suscitabo
1066 5182 1195 5247 illud
1219 5193 1397 5264 (Joan.
1442 5209 1497 5257 ιι,
1534 5195 1647 5263 19).

324 5283 506 5337 Ariani
529 5286 733 5348 dicunt,
776 5293 883 5339 tres
905 5283 1142 5338 diversas
1163 5284 1506 5348 substantias,
1555 5299 1615 5336 ac
1646 5283 1827 5350 dispa-

257 5385 339 5425 res
366 5388 623 5441 personas
645 5375 841 5441 Patris,
864 5383 919 5427 et
947 5373 1090 5437 Filii,
1120 5383 1174 5429 et
1216 5375 1388 5429 sancti
1414 5373 1665 5443 Spiritus.
1719 5374 1830 5443 Ego

261 5478 358 5514 non
379 5464 618 5519 diversas
644 5466 968 5519 substantias
996 5480 1057 5519 ac
1076 5464 1316 5532 diSpares
1348 5479 1601 5533 personas
1631 5464 1826 5529 Patris,

258 5562 309 5605 et
339 5552 485 5620 Filii,
520 5564 571 5609 et
594 5554 822 5625 Spiritus
844 5556 1009 5609 sancti
1035 5556 1221 5620 credo,
1267 5555 1361 5609 sed
1416 5564 1522 5610 tres
1577 5570 1830 5622 personas

262 5645 547 5709 perfectas,
593 5646 843 5716 aequales.
877 5656 929 5699 et
976 5654 1222 5708 internas,
1275 5645 1430 5699 unius
1498 5644 1828 5708 substantiae,

263 5738 415 5791 utrius
438 5740 707 5809 potentize,
730 5725 887 5793 unius
906 5738 1113 5793 virtutis
1139 5752 1200 5791 ac
1222 5736 1513 5803 maiestatis
1538 5735 1793 5790 conﬁteor
1816 5754 1828 5792 τ

1886 507 2023 575 quod
2047 507 2294 576 gradibus
2332 516 2599 571 censetur,
2632 507 2838 576 aequale
2881 522 2987 562 non
3029 515 3130 563 est.
3163 508 3337 563 Credo
3366 525 3462 579 ego

1889 596 1981 652 Dei
2011 598 2219 664 Filium,
2255 599 2344 652 Dei
2383 598 2630 664 Verbum,
2694 599 2786 654 Dei
2813 597 3082 664 virtutem,
3140 609 3190 654 et
3241 600 3330 655 Dei
3362 616 3461 655 sa-

1891 689 2416 758 picntiamarqualem
2447 704 2659 756 semper
2700 689 2861 745 Patri.
2892 688 3005 744 Non
3054 690 3197 744 enim
3245 705 3305 745 se
3353 690 3471 757 i.se

1890 779 2057 832 Filius
2081 796 2239 832 unum
2272 795 2389 833 cum
2422 779 2596 843 Patre,
2629 794 2725 834 nec
2756 780 2964 835 Patrem
2995 780 3047 834 in
3095 797 3176 846 se,
3230 792 3283 835 et
3330 796 3388 837 se
3417 785 3468 835 in

1893 871 2047 924 Patre
2071 871 2234 923 videri
2257 871 2477 935 diceret,
2509 871 2604 925 nisi
2638 886 2695 925 se
2726 874 2885 925 sciret
2910 873 3168 943 aequalem
3200 891 3211 925 :
3258 887 3354 927 nec
3381 891 3470 929 ea-

1892 963 2012 1016 dem
2044 962 2286 1016 similter
2314 963 2529 1028 faceret,
2562 981 2679 1032 quae
2712 966 2885 1029 Pater,
2916 978 3006 1019 aut
3032 968 3189 1021 etiam
3215 986 3332 1037 quae
3356 968 3471 1039 ipse

1894 1051 2049 1106 vellet
2090 1053 2447 1119 proﬁteretur,
2482 1066 2579 1105 nec
2606 1067 2663 1105 se
2689 1069 2717 1105 a
2764 1052 2918 1107 Patre
2934 1057 3278 1122 processisse,
3309 1071 3468 1128 atque

1894 1142 1944 1196 iu
1972 1142 2224 1196 mundum
2259 1145 2486 1207 venisse,
2519 1154 2567 1197 et
2599 1144 2787 1196 iterum
2830 1144 3135 1213 relinquere
3190 1149 3469 1212 mundum,

1894 1242 1948 1287 et
1976 1232 2052 1285 ire
2075 1232 2140 1284 ad
2164 1231 2395 1297 Patrem,
2423 1248 2637 1286 manere
2668 1234 2826 1287 etiam
2860 1233 2912 1286 in
2943 1249 3001 1289 se
3029 1235 3241 1291 Patrem
3274 1240 3471 1307 νικά.-

1897 1333 2061 1386 caret,
2096 1323 2193 1377 nisi
2234 1338 2291 1377 se
2312 1323 2473 1377 sciret
2502 1323 2569 1379 de
2590 1324 2881 1381 substantia
2906 1329 2984 1382 sui
3012 1328 3247 1397 genitum
3283 1330 3472 1387 Patris.

1898 1412 1953 1466 In
1979 1412 2261 1480 Evangelio
2290 1414 2487 1481 quippe
2499 1415 2741 1483 Joannis,
2761 1418 2972 1485 quando
2992 1434 3112 1472 eum
3132 1419 3299 1474 Judaei
3323 1437 3470 1490 quat-

1901 1504 2086 1557 rebant
2120 1503 2370 1571 lapidare.
2403 1505 2594 1559 asserit
2627 1504 2811 1560 dicens
2842 1525 2853 1558 :
2908 1507 3029 1561 Non
3059 1514 3224 1562 solum
3254 1510 3318 1564 de
3355 1514 3470 1578 hac,

1898 1594 2017 1664 quia
2046 1595 2265 1649 solvebat
2290 1594 2573 1661 sabbatum,
2596 1599 2685 1650 sed
2699 1600 2817 1668 quia
2843 1597 2891 1650 F
2893 1599 3037 1652 ilium
3060 1599 3152 1653 Dei
3178 1618 3230 1655 se
3250 1602 3444 1656 dicebat
3460 1644 3477 1666 ,

1901 1688 2143 1755 (aqualem
2171 1703 2222 1740 se
2253 1689 2441 1755 faciens
2472 1688 2579 1742 Deo
2607 1691 2782 1758 (Joan.
2839 1707 2889 1757 v,
2952 1692 3060 1761 18).
3114 1694 3295 1765 Itaque
3336 1696 3475 1764 quod

1832 1771 1878 1830 Β
1905 1781 2121 1849 mqualis
2148 1789 2249 1842 est,
2309 1782 2488 1849 disliar
2513 1796 2632 1835 esse
2660 1798 2763 1836 non
2789 1793 2963 1852 potest
2995 1804 3007 1837 :
3050 1802 3149 1839 una
3199 1797 3281 1842 est
3336 1789 3477 1843 enim

1909 1869 2078 1923 Patris
2109 1869 2333 1940 Filiique
2378 1872 2694 1939 substantia,
2722 1888 2823 1927 una
2851 1873 3041 1940 virtus,
3069 1890 3173 1929 una
3213 1886 3369 1945 atque
3402 1878 3480 1932 in-

1906 1960 2119 2016 dividua
2151 1973 2405 2033 potestas.
2441 1965 2571 2019 Dum
2604 1980 2781 2031 nemo,
2811 1968 2947 2021 sicut
2977 1967 3090 2036 ipse
3108 1969 3158 2021 in
3196 1970 3480 2041 Evangelia

1907 2054 2000 2119 ait,
2030 2053 2097 2109 de
2119 2069 2275 2109 manu
2304 2054 2423 2108 Filii
2452 2057 2690 2125 preprias
2713 2071 2840 2111 oves
2868 2058 3022 2125 rapit,
3073 2075 3172 2113 nec
3201 2062 3479 2129 quisquam

1906 2144 1974 2199 de
2000 2159 2156 2197 manu
2187 2145 2357 2199 Patris
2384 2146 2595 2200 easdem
2614 2142 2816 2215 'rapere
2845 2156 3037 2217 potest.
3065 2150 3127 2203 Et
3153 2152 3291 2220 quod
3322 2169 3482 2209 unum

1906 2241 2007 2298 est,
2040 2233 2308 2288 diversum
2338 2250 2457 2290 esse
2475 2248 2577 2289 non
2603 2246 2795 2305 potest.
2819 2238 3013 2292 Eodem
3039 2239 3232 2294 iterum
3251 2242 3482 2310 dicente,

1906 2326 2143 2394 cumjam
2160 2326 2501 2396 przcmisisset
2513 2343 2670 2381 unum
2687 2328 3034 2399 eamdemque
3048 2346 3196 2386 suam
3212 2331 3485 2405 Patrisque

1909 2417 2219 2484 potentiam,
2242 2425 2423 2487 postea
2447 2418 2613 2485 ipsam
2626 2418 2937 2474 substantia:
2952 2422 3205 2476 unitatem
3221 2423 3451 2492 assignat
3468 2464 3484 2489 ,

1908 2508 2091 2564 dicens
2114 2528 2129 2567 :
2163 2511 2271 2582 Ego
2295 2522 2341 2566 et
2370 2511 2525 2566 Pater
2548 2528 2705 2566 unum
2732 2529 2909 2567 sumus
2939 2512 3115 2581 (Joan.
3142 2533 3195 2586 κ,
3226 2516 3334 2586 50).
3362 2521 3483 2588 Spi-

1909 2603 2042 2657 ritus
2064 2619 2277 2674 quoque
2302 2607 2468 2659 sancti
2494 2606 2561 2659 ita
2594 2606 2644 2659 in
2680 2607 2825 2660 nullo
2866 2607 3046 2676 dispar
3094 2619 3175 2664 est
3234 2626 3485 2681 persona,

1911 2704 2080 2763 neque
2103 2694 2325 2749 diversa:
2354 2696 2666 2750 substantia:
2715 2711 2871 2765 quam
2904 2698 3066 2753 Pater
3104 2709 3157 2754 et
3216 2702 3402 2769 Filius,
3430 2714 3486 2758 ut

1910 2784 2024 2853 ipse
2053 2784 2191 2839 idem
2222 2786 2291 2839 sit
2316 2786 2546 2854 Spiritus
2564 2796 2779 2840 sanctus
2806 2791 3101 2854 procedens
3129 2804 3158 2842 a
3187 2790 3360 2858 Patre,
3395 2793 3485 2862 qui

1909 2885 1990 2930 est
2019 2883 2073 2930 et
2105 2874 2253 2928 Filii?
2276 2890 2372 2928 nec
2401 2875 2686 2944 aliquando
2711 2876 2878 2929 defuit
2907 2876 3070 2945 Patri,
3103 2879 3241 2934 sicut
3273 2896 3371 2936 nec
3398 2882 3487 2939 Fi-

1912 2964 2020 3027 lio;
2053 2977 2105 3019 ut
2128 2965 2575 3034 quemadmodum
2625 2967 2743 3020 sine
2792 2967 2939 3021 initio
2984 2983 3216 3039 seraper,
3248 2975 3486 3042 atquein

1912 3056 2181 3109 creatione
2216 3055 2396 3110 mundi
2426 3070 2544 3109 cum
2584 3055 2738 3111 Patre
2768 3058 2867 3110 fuit
2896 3066 2948 3111 et
2980 3056 3147 3126 Filio,
3184 3061 3297 3129 ipse
3325 3063 3483 3119 etiam

1482 3130 1637 3187 dum“
1691 3131 1806 3171 ⁵¹¹¹⁰
1836 3132 1881 3194 C
1912 3147 2309 3201 conﬁrmaverit
2337 3148 2513 3201 omnia
2545 3157 2702 3216 atque
2748 3148 2910 3219 289
2962 3150 3335 3208 illuminaveril
3370 3172 3381 3205 ε
3418 3158 3485 3209 ila

1914 3247 1969 3292 et
1996 3248 2385 3293 sacramentum
2413 3238 2679 3307 baptismi,
2715 3256 2817 3293 non
2850 3240 2947 3294 nisi
2989 3241 3090 3296 sub
3133 3241 3298 3311 ipsius
3340 3244 3490 3299 invo-

1915 3333 2127 3387 catione
2150 3342 2311 3401 atque
2354 3333 2568 3398 virtute,
2598 3332 2734 3406 sicut
2755 3347 2853 3387 nec
2881 3332 2998 3387 sine
3044 3332 3239 3403 Patris,
3272 3345 3327 3391 et
3371 3336 3491 3392 Filii

1918 3423 2217 3479 visitatione
2257 3424 2553 3492 impleatur.
2588 3424 2694 3481 Nec
2718 3424 2860 3479 enim
2887 3423 3183 3479 membrum
3206 3429 3324 3494 quis
3339 3426 3493 3482 Chri-

1916 3514 2005 3578 sti,
2032 3525 2084 3568 et
2107 3514 2359 3583 templum
2386 3515 2501 3583 Dei,
2552 3514 2841 3569 secundum
2897 3515 3194 3582 apostolum
3247 3517 3490 3580 Paulum,

1918 3606 2172 3673 efﬁcitur,
2204 3608 2305 3662 nisi
2346 3623 2503 3677 quem
2545 3608 2772 3677 Spiritus
2819 3616 3036 3662 sanctus
3075 3616 3129 3662 et
3176 3608 3400 3679 elegerit
3444 3620 3497 3664 et

1919 3698 2357 3766 sanctiﬁcaverit,
2382 3709 2541 3769 atque
2572 3708 2627 3754 ut
2664 3698 2803 3754 Dens
2840 3698 3056 3767 propria
3106 3708 3392 3769 potestate,
3440 3702 3492 3756 in

1921 3803 1987 3843 eo
2013 3803 2169 3859 quem
2198 3790 2312 3859 ipse
2337 3788 2579 3856 elegerit,
2612 3788 2946 3843 habitaverit.

1995 3882 2175 3936 Ariani
2202 3882 2407 3948 dicunt,
2443 3889 2561 3950 post
2586 3895 2834 3935 occasum
2872 3879 3073 3945 mundi,
3102 3894 3327 3949 regnum
3366 3879 3491 3934 Filii

1926 3969 2018 4024 Dei
2048 3971 2353 4026 ﬁniendum.
2390 3972 2500 4040 Ego
2522 3978 2848 4038 assumptum
2878 3969 2931 4024 in
2953 3971 3144 4024 caelum
3174 3969 3375 4023 unitum
3397 3969 3499 4025 ho-

1927 4067 2124 4121 minem
2156 4082 2219 4121 ex
2271 4066 2433 4120 Maria
2466 4065 2681 4134 Virgine
2721 4066 2885 4118 Deum
2916 4063 3099 4129 credo,
3132 4078 3290 4131 quem
3335 4072 3388 4116 et
3416 4076 3502 4116 sc—

1927 4162 2053 4215 dere
2081 4160 2147 4213 ad
2170 4160 2440 4215 dexteram
2466 4157 2634 4212 Patris
2649 4155 2930 4220 conﬁteor,
2953 4154 3039 4209 cui
3070 4154 3243 4208 omnis
3267 4162 3502 4223 potestas

1929 4255 1979 4307 in
2007 4253 2167 4318 ccelo,
2198 4262 2252 4307 et
2294 4251 2347 4305 in
2380 4258 2519 4305 terra
2551 4249 2729 4304 datur.
2773 4246 2949 4315 Ipsum
2981 4258 3192 4314 quoque
3232 4243 3501 4312 judicatus

1930 4361 2046 4399 rum
2073 4346 2217 4399 vivos
2240 4353 2291 4398 et
2315 4350 2574 4406 mortuos,
2602 4339 2755 4409 cujus
2781 4353 2997 4407 regnum
3024 4352 3289 4406 nunquam
3317 4336 3504 4390 ﬁnien-

1933 4435 2058 4487 dum
2089 4447 2210 4489 esse
2237 4432 2515 4496 confiteor,
2538 4430 2749 4485 dicente
2772 4428 2995 4483 Daniele
3020 4427 3271 4497 prapheta
3302 4444 3316 4481 :
3343 4428 3497 4496 Aspi-

1929 4528 2120 4580 ciebam
2166 4527 2219 4579 in
2271 4526 2459 4580 visione
2501 4524 2693 4589 noctis;
2741 4533 2786 4578 et
2823 4538 2934 4577 ecce
2972 4538 3086 4574 cum
3134 4522 3346 4577 nubibus
3391 4523 3504 4577 caeli

1925 4621 2072 4689 quasi
2094 4620 2231 4689 ﬁlius
2260 4619 2478 4673 hominis
2505 4619 2747 4683 veniebat,
2775 4628 2818 4670 et
2846 4634 3001 4685 usque
3021 4618 3088 4670 ad
3109 4619 3370 4687 antiquum
3400 4622 3507 4673 dic-

1927 4732 2040 4769 rum
2073 4716 2313 4785 pervenit,
2344 4725 2389 4768 et
2417 4716 2467 4767 in
2499 4722 2770 4782 conspectu
2811 4713 2920 4781 ejus
2964 4710 3253 4763 obtulerunt
3284 4727 3418 4775 eum,
3454 4722 3502 4766 et

1926 4809 2062 4863 dedit
2097 4811 2141 4861 ei
2170 4818 2485 4877 potestatem,
2526 4817 2571 4861 et
2604 4812 2860 4868 honorem,
2888 4816 2936 4859 et
2974 4821 3219 4876 regnum:
3245 4818 3293 4860 et
3331 4824 3503 4863 omnes

1928 4899 2121 4968 pepuli,
2171 4898 2329 4952 tribus
2372 4906 2418 4952 et
2461 4899 2646 4967 lingua:
2693 4898 2789 4965 ipsi
2837 4897 3088 4950 servient:
3119 4907 3339 4965 potes'as
3388 4904 3502 4971 ejus

1932 5000 2143 5056 a'terna,
2166 5007 2279 5055 qua:
2306 5007 2404 5043 non
2438 4991 2719 5058 auferetur,
2751 4997 2798 5041 ct
2832 5007 3042 5060 regnum
3070 4994 3201 5063 ejus,
3231 4994 3368 5060 quod
3411 5011 3512 5047 non

1934 5093 2289 5154 corrumpetur
2330 5083 2490 5153 (Dan.
2521 5098 2613 5150 vn,
2650 5081 2760 5151 15).
2796 5083 2986 5138 Filium
3034 5086 3239 5139 scilicet
3282 5085 3509 5139 hominis

1938 5178 2169 5248 loquitur
2194 5178 2449 5246 prepheta
2473 5178 2744 5248 accepisse
2770 5184 3109 5246 potestatem,
3134 5186 3189 5231 et
3216 5175 3503 5238 honorem,

1935 5283 1987 5326 et
2036 5285 2277 5339 regnum.
2319 5268 2472 5335 Quod
2517 5276 2693 5323 autem
2725 5267 2791 5322 de
2825 5267 2958 5320 Filio
2987 5265 3219 5319 hominis
3249 5262 3511 5317 veraciter

1940 5365 2074 5428 lucc,
2106 5361 2161 5415 id
2187 5372 2270 5416 est
2296 5361 2362 5415 de
2393 5370 2666 5430 assumpto
2695 5361 2909 5414 herniae
2938 5358 3075 5413 dicta
3104 5358 3231 5420 sint,
3265 5356 3378 5425 ipse
3408 5356 3505 5410 Do-

1940 5461 2113 5513 minus
2141 5457 2470 5512 manifestius
2494 5457 2545 5511 in
2570 5456 2856 5523 Evangelio
2881 5454 2957 5507 sic
2986 5452 3058 5505 ait
3082 5468 3094 5503 :
3139 5449 3398 5515 Videbitis,
3430 5451 3511 5505 in-

1939 5552 2070 5620 quit,
2101 5551 2278 5604 coatum
2324 5558 2577 5619 apertum,
2622 5558 2667 5601 et
2702 5545 2896 5599 Filium
2924 5543 3143 5595 hominis
3177 5546 3432 5597 sedentem
3479 5563 3512 5599 a

1936 5637 2130 5697 dextris
2162 5640 2254 5695 Dei
2288 5641 2500 5711 (Matth.
2536 5654 2680 5701 xxvi,
2726 5635 2835 5705 6i).
2879 5634 2944 5687 Et
2998 5634 3228 5688 iterum:
3273 5632 3513 5691 Videbitis

1926 5733 2133 5790 Filium
2165 5733 2376 5787 hominis
2404 5738 2676 5785 venientem
2706 5728 2756 5781 in
2790 5725 3022 5795 nubibus,
3055 5741 3168 5780 cum
3195 5725 3362 5796 gloria
3404 5742 3512 5779 nta-
