4026 6176
393 225 498 283 51ιὸ

1692 229 1910 284 VlGlLll
1953 230 2321 289 TAPSENSIS

3555 242 3657 296 3οί

395 379 516 432 ΨΜ,
549 371 593 416 ει
626 363 886 432 majestate
917 360 1106 433 (Marc.
1138 378 1252 428 xm,
1283 362 1396 432 .26).
1422 362 1685 419 Similiter
1715 373 1768 417 et
1800 366 1972 432 angeli
2009 349 2054 405 Α
2084 342 2252 398 Filius
2294 354 2375 400 est
2406 364 2417 397 :
2464 360 2583 401 nam
2632 349 2742 418 ipsa
2783 351 3040 419 sapientia
3072 349 3356 404 azdilica'vit
3401 350 3502 405 sibi
3529 361 3664 407 tem-

395 455 461 508 ad
508 455 779 522 apostolos
808 454 1085 507 dixerunt:
1122 453 1222 506 llic
1252 451 1428 517 Jesus,
1464 454 1551 519 qui
1589 462 1879 522 assumptus
1909 463 1982 507 est

396 561 427 597 a
457 546 612 609 vobis,
644 545 716 598 sic
738 546 915 605 veniet,
939 544 1364 613 quemadmodum
1390 542 1588 595 vidistis
1632 558 1745 595 eum
1776 552 1978 595 euntem

397 637 447 686 in
470 635 649 688 cretum
674 635 809 705 (Act.
846 651 883 698 ι,
919 634 1026 701 ll).
1061 634 1348 701 Propterea
1380 633 1543 687 credo
1576 632 1714 687 FlllO
1750 632 1986 687 hominis

403 740 464 780 ex
514 727 676 780 Maria
720 726 931 794 Virgine
964 734 1258 792 assumpto,
1290 738 1510 777 omnem
1563 731 1882 791 potestatem
1933 723 1986 775 in

403 822 538 877 caelo
569 830 621 876 et
650 820 698 873 in
733 827 870 873 terra
895 817 1090 881 datam,
1126 832 1285 886 quam
1311 824 1594 884 antequam
1626 831 1654 867 a
1680 816 1787 869 Deo
1810 812 1988 868 Verbo

402 922 786 973 assumeretur,
819 925 922 963 non
942 908 1143 962 habuit.
1168 907 1297 961 Nam
1324 907 1462 959 Deus
1490 905 1748 968 Verbum,
1773 911 1828 957 et
1850 903 1989 957 Deus

410 1004 593 1067 Filius,
621 1002 707 1071 qui
740 1012 821 1056 est
852 1000 1135 1068 sapientia,
1164 1001 1351 1059 virtus,
1377 1007 1633 1065 potestas,
1661 1005 1716 1049 et
1746 997 1989 1049 voluntas

410 1097 601 1163 Patris,
633 1110 845 1149 omnem
871 1109 1083 1161 semper
1115 1101 1387 1160 paternam
1414 1091 1597 1144 habuit
1626 1101 1675 1145 et
1705 1090 1862 1144 habet
1895 1105 1990 1158 po-

412 1196 675 1250 testatem,
711 1187 824 1253 ipso
848 1183 1056 1237 dicente
1078 1201 1090 1236 :
1120 1182 1305 1235 Omnia
1326 1198 1637 1251 qua’cunque
1660 1182 1804 1234 habet
1829 1180 1989 1235 Pater

408 1297 517 1333 mea
548 1290 663 1331 sunt
694 1276 871 1335 (Joan.
908 1293 1013 1340 xvt,
1056 1276 1164 1342 l5).
1202 1275 1269 1327 Et
1311 1275 1635 1345 Qua’t‘unque
1662 1274 1817 1328 Pater
1847 1276 1988 1343 facit,

409 1372 514 1423 ἠως
554 1369 729 1422 eadem
762 1367 994 1419 similiter
1025 1376 1068 1418 et
1104 1364 1274 1418 Filius
1304 1367 1427 1433 facit
1465 1362 1645 1434 (Joan.
1688 1381 1740 1431 ν,
1780 1366 1887 1434 19).
1926 1367 1993 1421 Ει

412 1465 557 1519 Sicut
593 1460 745 1514 Pater
775 1460 982 1512 suscitat
1022 1466 1249 1509 mortuos
1289 1466 1333 1508 et
1371 1456 1611 1523 viri/icat,
1645 1457 1716 1509 sic
1745 1465 1790 1508 et
1824 1455 1992 1510 Filius

410 1569 533 1621 quos
573 1552 677 1604 vult
722 1549 937 1616 vivi/ient
989 1546 1173 1612 (lbid.,
1204 1544 1317 1615 21).
1366 1546 1479 1615 Ego
1519 1548 1682 1602 credo
1722 1547 1990 1603 Christum

412 1644 601 1706 Deum,
633 1641 725 1694 Dei
760 1655 943 1693 verum
979 1638 1195 1702 Filium,
1236 1647 1290 1691 et
1331 1638 1451 1692 ideo
1481 1638 1815 1696 Christianus
1850 1655 1990 1695 sum.

2090 436 2231 502 plum
2266 435 2481 490 humani
2525 440 2767 508 corporis
2798 442 2849 493 in
2889 444 3046 497 Maria
3090 444 3325 511 Virgine,
3372 442 3665 500 Solomone

2090 528 2298 581 dicente
2322 544 2332 577 :
2355 518 2621 597 Sapientia
2644 532 2911 597 aediﬁcavit
2929 533 3023 584 sibi
3051 536 3257 585 domum
3286 531 3467 603 (Prov.
3492 549 3565 600 Ix,
3588 535 3663 605 l).

2094 621 2252 690 Igitur
2283 620 2326 674 si
2358 621 2448 676 ille
2479 623 2835 691 responderit,
2871 623 2951 677 vel
2979 623 3257 679 confessus
3280 623 3440 678 fuerit
3465 625 3533 678 de
3566 627 3665 680 ho—

2093 716 2235 768 mine
2281 714 2502 777 dictum,
2552 716 2641 784 qui
2682 727 2985 785 assumptus
3023 727 3124 783 est,
3157 720 3419 774 catholico
3460 722 3667 775 sensit:

2090 807 2213 876 quia
2245 807 2331 876 qui
2361 808 2587 862 aediﬁcat
2610 808 2851 875 domum,
2879 810 3135 864 Dominus
3166 820 3275 875 est;
3308 813 3448 878 quod
3488 822 3667 867 autem

2090 898 2403 963 aediﬁcatur,
2447 908 2502 953 et
2543 908 2776 965 creatur,
2814 901 3007 955 servile
3055 911 3138 954 εει
3176 919 3188 953 :
3222 907 3418 957 cresth
3468 904 3668 973 itaque,

2093 1001 2250 1057 atque
2280 989 2577 1045 azdilicatur
2607 991 2816 1057 domus,
2859 992 2947 1059 qui
2985 1001 3067 1046 est
3107 992 3287 1053 homo,
3333 1009 3438 1048 non
3486 1006 3667 1049 autem

2092 1084 2288 1136 crescit
2321 1082 2480 1145 Deus,
2512 1083 2601 1151 qui
2623 1097 2837 1151 semper
2858 1094 2940 1137 est
2972 1083 3257 1152 perfectus.
3286 1084 3467 1139 Restat
3490 1089 3669 1154 itaque

2094 1184 2147 1226 ut
2178 1174 2495 1230 conﬁteatur
2520 1175 2751 1230 Verbum
2784 1176 2972 1229 Filium
3006 1177 3120 1240 Dei,
3152 1179 3217 1232 de
3246 1178 3483 1245 perfecto
3512 1181 3669 1235 Patre

2094 1265 2409 1332 perfectum,
2439 1267 2697 1334 genitum,
2720 1274 2774 1320 et
2797 1275 2961 1320 totum
2990 1284 3018 1321 a
3054 1278 3182 1329 toto,
3220 1271 3432 1336 plenum
3456 1288 3668 1340 quoque

2094 1371 2123 1409 a
2158 1356 2316 1424 pleno
2342 1375 2354 1410 :
2388 1358 2507 1426 quia
2537 1358 2667 1412 satis
2692 1359 3018 1412 contrarium
3048 1372 3129 1414 est
3176 1361 3298 1415 ﬁdei
3324 1360 3665 1429 Christianm,

2094 1456 2154 1501 ut
2182 1447 2320 1515 quod
2356 1448 2514 1501 homo
2537 1452 2785 1515 creverit,
2826 1450 2964 1504 Deus
2993 1452 3199 1505 dicatur
3226 1467 3439 1520 semper
3465 1452 3668 1522 imper-

2096 1539 2288 1605 fectus,
2318 1541 2410 1610 qui
2441 1557 2710 1609 nunquam
2749 1543 3059 1611 profecerit;
3091 1544 3183 1597 sed
3215 1559 3428 1612 semper
3458 1556 3539 1599 est
3568 1548 3665 1599 mi.

2098 1648 2217 1700 nor,
2239 1633 2531 1687 secundum
2557 1634 2835 1688 doctorum
2858 1633 3239 1703 blaSphemiam
3265 1650 3635 1703 perversurum
3656 1673 3673 1690 .

413 1732 575 1803 230
612 1731 721 1799 Ego
754 1729 919 1784 Deum
942 1744 1152 1792 verum,
1181 1737 1235 1783 et
1264 1728 1534 1782 hominem
1567 1746 1773 1796 verum,
1810 1733 1897 1800 qui
1929 1733 1995 1788 de
2026 1726 2071 1784 Β
2099 1726 2257 1780 Certe
2294 1726 2378 1780 vel
2417 1734 2536 1794 post
2577 1735 2654 1780 tot
2697 1741 2960 1780 annorum
3010 1727 3271 1781 curricula
3311 1728 3532 1783 credant
3575 1730 3675 1784 ali-

415 1822 581 1876 Maria
611 1821 826 1890 Virgine
852 1829 1007 1871 natus
1028 1828 1131 1882 est,
1160 1817 1440 1883 conﬁteor,
1467 1818 1723 1885 Apostolo
1745 1820 1993 1876 dicente:

418 1913 555 1966 Deus
577 1921 683 1966 erat
709 1913 762 1963 in
788 1910 1012 1975 Christo,
1028 1910 1272 1963 mundum
1298 1909 1632 1963 reconcilians
1652 1911 1749 1963 sibi
1765 1909 1853 1981 (ll
1876 1909 1993 1966 Cor.

412 2021 467 2073 ν,
498 2002 612 2073 19).
652 2004 763 2071 Ego
810 2002 1101 2072 perfectum
1159 2002 1346 2068 Deum,
1380 2011 1433 2055 et
1472 2001 1769 2070 perfectum
1828 2004 1999 2056 homi-

418 2110 539 2149 nem
588 2094 834 2148 eumdem
889 2092 1051 2145 credo
1096 2090 1279 2145 Jesum
1325 2090 1618 2153 Christum,
1671 2093 1999 2161 praedicante

416 2186 706 2256 Apostolo:
739 2184 1036 2238 Secundum
1067 2181 1348 2247 Christum,
1386 2183 1440 2235 in
1480 2200 1576 2249 quo
1614 2183 1808 2236 habitat
1836 2184 2000 2236 omnis

419 2278 680 2347 plenitudo
710 2274 987 2327 divinitatis
1016 2274 1347 2343 corporaliter
1374 2272 1513 2341 (Col.
1547 2288 1606 2339 tt,
1643 2274 1722 2343 9).
1765 2274 1828 2327 Et
1859 2274 1999 2340 Quo-

419 2385 532 2422 rum
559 2375 722 2439 patre,
754 2375 801 2419 et
829 2382 890 2419 ex
918 2365 1099 2435 quibus
1137 2363 1387 2429 Christus,
1420 2366 1509 2434 qui
1546 2374 1617 2418 est
1656 2380 1809 2433 super
1832 2364 2001 2417 omnia

430 2459 567 2512 Deus
591 2458 884 2511 benedictus
914 2455 1091 2524 (Rom.
1136 2470 1210 2519 ιιι,
1244 2455 1316 2524 5).
1353 2454 1464 2524 Ego
1491 2455 1652 2509 credo
1684 2470 1840 2508 unam
1872 2455 2003 2508 ima-

419 2551 593 2619 ginem
625 2548 817 2611 Patris,
841 2554 895 2601 et
921 2545 1064 2610 Filii,
1088 2554 1141 2600 et
1167 2546 1392 2615 Spiritus
1418 2546 1610 2612 sancti,
1641 2546 1728 2616 qui
1753 2546 1817 2600 ad
1842 2562 2000 2600 unam

425 2640 711 2707 imaginem
743 2636 1036 2690 divinitatis
1064 2651 1248 2689 sumus
1279 2638 1466 2703 creati,
1497 2636 1709 2690 dicente
1734 2636 1870 2689 Deo:
1898 2634 2005 2688 Fa—

423 2731 617 2783 ciamus
645 2729 920 2791 hominem,
952 2743 1055 2781 non
1080 2728 1146 2781 ad
1179 2729 1458 2798 imagines,
1491 2729 1583 2784 sed
1615 2730 1683 2782 ad
1708 2728 2000 2800 imaginem,

423 2833 470 2876 et
490 2823 877 2876 similitulinem
904 2831 1129 2874 nostram
1148 2820 1298 2889 (Gen.
1327 2838 1364 2886 ι,
1387 2821 1499 2891 26).
1530 2822 1637 2891 Ego
1664 2821 1825 2876 credo
1842 2834 2003 2874 unum

425 2928 620 2967 nomen
652 2911 947 2965 divinitatis
966 2912 1017 2965 in
1042 2911 1220 2977 Patre,
1249 2921 1303 2966 et
1325 2911 1481 2977 Filio,
1500 2921 1553 2965 et
1574 2912 1626 2966 in
1652 2911 1853 2982 Spiritu
1876 2926 2004 2966 san-

422 3012 510 3056 cto
535 3017 747 3071 semper
774 3012 827 3055 et
859 3001 1026 3055 fuisse
1062 3010 1115 3055 et
1144 3016 1301 3057 esse:
1336 3004 1455 3069 quia
1498 3019 1602 3057 non
1636 3004 1686 3056 in
1732 3002 2002 3069 omnibus,

423 3094 517 3147 sed
552 3094 603 3146 in
638 3108 741 3146 uno
775 3092 990 3146 nomine
1022 3091 1214 3156 Patris,
1248 3102 1301 3146 et
1333 3093 1473 3157 Filii,
1499 3103 1552 3146 et
1580 3093 1811 3162 Spiritus
1833 3094 2002 3148 sancti

425 3189 721 3243 secundum
757 3189 965 3243 Domini
1002 3198 1323 3259 princeptum
1356 3190 1710 3259 baptizamnr,
1752 3202 1807 3247 et
1837 3192 2006 3246 efﬁci-

428 3297 545 3336 mur
573 3281 883 3335 Christiani.
926 3282 1050 3335 llaec
1079 3281 1361 3348 catholica,
1399 3283 1511 3337 inec
1540 3298 1686 3349 vera,
1728 3284 1841 3340 htec
1886 3300 2007 3354 per-

426 3376 559 3428 fecta
590 3383 669 3427 est
703 3374 859 3436 ﬁdes;
906 3372 1005 3429 hoc
1034 3390 1195 3428 unum
1236 3376 1540 3443 et'plenum
1582 3386 1665 3430 est
1714 3376 2004 3445 baptisma,

427 3479 522 3531 per
552 3462 692 3533 quod
739 3464 1029 3517 secundum
1069 3464 1302 3529 Domini,
1346 3475 1403 3518 ut
1430 3466 1628 3520 dictum
1669 3476 1774 3533 est,
1810 3482 2009 3535 praece—

429 3564 571 3622 ptum
605 3555 950 3623 baptizzimur,
982 3565 1034 3608 et
1066 3570 1167 3609 una
1196 3558 1398 3625 absque
1429 3556 1588 3609 ullius
1632 3557 2008 3614 imminutione

430 3659 672 3713 persona:
695 3645 981 3699 credulitas
1013 3645 1063 3698 in
1098 3645 1200 3700 ﬁde
1227 3654 1342 3699 est:
1377 3661 1477 3700 una
1506 3662 1715 3718 quoque
1744 3649 1797 3703 in
1824 3650 2007 3703 Trini-

430 3743 539 3789 tate
567 3736 849 3789 exhibetur
878 3737 1192 3791 credulitas.
1222 3737 1623 3806 Requirendum
1653 3749 1734 3794 est
1764 3741 1922 3809 igitur
1941 3741 2008 3796 ab

430 3828 511 3880 his
534 3829 620 3897 qui
661 3829 915 3882 adversus
944 3829 1081 3882 hanc
1109 3829 1436 3900 singularem
1482 3832 1641 3886 ﬁdem
1675 3835 2005 3888 contrariam

429 3918 627 3971 faciunt
654 3919 1031 3987 quaestionem,
1063 3919 1305 3975 dicentes
1348 3937 1451 3976 non
1496 3923 1563 3977 de
1593 3923 1888 3979 subStantia
1916 3925 2008 3980 Dei

432 4007 604 4061 Patris
630 4008 868 4077 genitum
900 4008 1113 4074 Filium,
1146 4010 1237 4065 sed
1272 4013 1568 4080 posteriore
1605 4024 1843 4085 tempore
1880 4016 2010 4070 alie-

432 4114 557 4152 num
584 4116 611 4151 a
644 4101 944 4155 substantia
975 4102 1139 4156 divini
1166 4103 1359 4169 Patris,
1395 4106 1656 4162 minorem
1686 4118 1844 4177 atque
1876 4108 2011 4164 infe-

436 4190 635 4245 riorem
672 4192 724 4245 in
755 4192 980 4259 deitate,
1008 4194 1102 4249 sed
1130 4206 1183 4249 et
1214 4207 1514 4251 creaturam
1546 4212 1666 4253 esse
1702 4199 2009 4269 loquuntur.

434 4280 690 4348 Spiritum
718 4298 930 4363 quoque
956 4294 1203 4338 sanctum
1224 4298 1463 4340 creatum
1484 4303 1513 4340 a
1536 4299 1803 4355 creatura,
1831 4291 1882 4354 id
1905 4300 2009 4357 est,

433 4388 461 4424 a
495 4371 648 4436 Filio,
684 4376 817 4428 utin
850 4386 960 4430 toto
991 4377 1129 4445 apud
1162 4391 1254 4431 eos
1285 4386 1339 4431 et
1363 4381 1477 4447 ipse
1518 4377 1676 4431 Pater
1698 4379 1768 4431 sit
1798 4380 2006 4444 minor;

435 4480 555 4518 cum
580 4470 919 4536 sapientiam,
948 4470 1203 4534 Verbum,
1235 4473 1509 4539 virtutem,
1535 4486 1583 4528 et
1611 4474 1864 4543 Spiritum
1895 4477 2009 4545 ejus

435 4568 676 4617 sanctum
704 4574 1003 4618 creaturam
1052 4576 1303 4619 asserunt
1348 4566 1802 4637 blasphemantes.
1846 4571 2012 4628 Inter-

437 4656 659 4723 rogantli
702 4674 829 4728 ergo
859 4669 1001 4725 sunt,
1035 4674 1104 4712 an
1138 4659 1321 4713 Filium
1354 4660 1446 4714 Dei
1470 4662 1692 4716 credant
1720 4663 2011 4731 profecisse

438 4757 614 4815 :rtztte,
644 4750 726 4803 vel
757 4751 1014 4821 dignitate
1042 4766 1262 4805 accessu
1298 4753 1639 4819 temporum?
1671 4768 1736 4805 an
1766 4755 1901 4807 sicut
1924 4769 2014 4824 ge-

441 4841 580 4893 nitus
609 4858 637 4894 a
662 4842 816 4898 Patre
838 4855 940 4909 est,
975 4855 1085 4911 aut,
1123 4854 1177 4898 ut
1201 4844 1301 4911 ipsi
1326 4847 1494 4909 aiunt,
1526 4854 1759 4911 creatus,
1795 4847 1863 4900 ita
1894 4863 2013 4914 per-

442 4939 649 4992 manet?
672 4938 726 4992 Si
750 4939 981 4992 dixerint
1005 4942 1073 4992 ita
1104 4954 1245 5004 esse,
1267 4954 1364 4994 nec
1386 4939 1672 5009 aliquando
1695 4939 2010 5009 profecisse,

447 5033 525 5085 vel
553 5033 813 5101 proficere
852 5046 1027 5101 posse,
1062 5033 1441 5100 requirendum
1476 5040 1560 5086 est
1597 5031 1667 5085 ab
1694 5031 1792 5096 eis,
1818 5030 1884 5085 de
1910 5047 2016 5101 quo

440 5126 694 5194 scriptum
719 5125 769 5178 in
800 5122 1086 5191 Evangelio
1111 5123 1313 5192 legatur
1339 5140 1350 5175 :
1386 5121 1523 5176 Puer
1543 5133 1709 5176 autem
1740 5124 2014 5186 crescebat,

442 5228 487 5270 et
506 5217 917 5286 confortabatur;
938 5215 1116 5287 plenus
1136 5217 1404 5286 sapientia,
1434 5224 1480 5267 et
1511 5216 1676 5284 gratia
1705 5212 1797 5268 Dei
1825 5224 1934 5267 erat
1966 5217 2021 5267 in

444 5310 554 5381 ipso
577 5309 725 5381 (an.
750 5326 807 5371 tl,
827 5310 938 5379 40).
963 5308 1112 5374 Quod
1137 5324 1233 5362 nos
1256 5305 1685 5360 manifestissime
1702 5305 1765 5358 de
1785 5304 2018 5368 homine,

446 5404 535 5468 qui
560 5416 588 5453 a
615 5403 722 5455 Deo
750 5401 924 5455 Verbo
945 5412 1228 5468 susceptus
1251 5408 1355 5461 est,
1374 5398 1697 5449 conﬁtentur
1724 5414 1736 5451 :
1768 5396 1856 5465 qui
1888 5397 2022 5449 lacte

449 5492 679 5545 nutritus
700 5494 885 5557 crevit,
920 5490 1166 5554 adolevit,
1192 5499 1243 5542 et
1267 5501 1431 5553 usque
1457 5486 1521 5540 ad
1551 5486 1836 5553 perfectam
1863 5485 2018 5554 291

447 5584 685 5648 pervenit
726 5594 956 5638 mlatetn.
1010 5585 1200 5637 Plenus
1258 5584 1439 5650 utique
1499 5581 1659 5633 homo
1716 5588 2021 5645 assumptus

446 5676 693 5733 Christus
729 5680 883 5735 Jcsus
936 5666 1223 5748 sapientia;
1258 5692 1375 5742 quze
1405 5672 1661 5744 sapientia
1702 5670 1792 5726 Dei
1844 5666 2020 5727 Putris

2098 1817 2311 1886 quando
2338 1832 2461 1872 eum
2496 1817 2693 1886 aequari
2731 1817 2873 1870 Patri
2910 1831 3089 1887 posse,
3114 1832 3233 1872 cum
3265 1818 3331 1872 de
3379 1820 3493 1888 ipso
3524 1821 3673 1891 legao

2099 1918 2212 1962 tur:
2241 1907 2504 1963 Crescebat
2532 1918 2579 1962 et
2607 1909 2899 1978 proﬁciebat
2932 1908 3082 1979 (Luc.
3109 1925 3165 1975 tt,
3197 1910 3287 1975 40,
3315 1910 3427 1981 52).
3452 1911 3581 1966 Nam
3605 1913 3674 1967 de

2100 2002 2259 2057 Patre
2290 2017 2549 2070 nusquam
2596 2002 2788 2072 legitur
2824 2004 2962 2072 quod
3008 2004 3269 2072 proficiat,
3310 2015 3539 2070 crescat,
3588 2007 3671 2062 vel

2098 2105 2372 2149 senescat:
2406 2109 2536 2165 ergo
2568 2094 2658 2149 illo
2689 2110 2792 2149 non
2821 2106 3113 2157 crescente,
3139 2112 3309 2165 neque
3331 2110 3670 2166 senescente,

2099 2185 2195 2240 sed
2243 2187 2294 2239 in
2334 2185 2545 2240 deitatis
2575 2199 2684 2239 sua:
2716 2192 2979 2254 potestate
3025 2187 3235 2256 propria
3270 2184 3667 2255 cnmmanente,

2102 2275 2188 2329 hic
2217 2276 2306 2343 qui
2352 2277 2543 2345 legitur
2565 2290 2809 2332 crescere
2839 2284 2893 2331 et
2923 2275 3202 2345 proﬁcere,
3242 2276 3426 2331 debuit
3467 2277 3574 2351 1am
3606 2279 3673 2332 ad

2102 2366 2462 2435 aequalitatem
2515 2369 2821 2435 pervenisse
2852 2366 3044 2420 Patris.
3078 2367 3170 2420 Hie
3213 2379 3389 2422 autem
3430 2370 3677 2424 humana!

2103 2457 2531 2526 comparationes
2574 2459 2624 2511 in
2657 2458 2888 2512 divinam
2939 2458 3289 2513 substantiam
3332 2475 3436 2514 non
3476 2476 3678 2515 convc-

2106 2548 2291 2602 niunt:
2324 2549 2448 2617 quia
2485 2548 2756 2618 perfectus
2788 2550 2927 2604 Dens
2958 2550 3115 2603 Pater
3156 2551 3445 2619 perfectum
3481 2551 3674 2605 Filium

2104 2639 2307 2707 genuit,
2340 2654 2438 2694 nec
2471 2655 2701 2709 unquam
2731 2642 2977 2694 virtutem
3019 2648 3073 2695 et
3110 2642 3422 2710 sapientiam
3454 2642 3544 2696 Dei
3573 2640 3678 2696 im-

2107 2728 2397 2798 perfectam
2422 2731 2504 2785 vel
2549 2732 2807 2785 minorem
2849 2731 3012 2786 fuisse
3042 2730 3369 2786 credendum
3401 2726 3481 2787 est
3508 2750 3520 2785 :
3553 2750 3677 2788 nam

2109 2822 2196 2888 qui
2230 2822 2299 2876 ita
2328 2822 2526 2877 sentire
2557 2818 2979 2892 prmsunipserit,
3016 2823 3115 2878 hoc
3138 2837 3247 2877 non
3270 2824 3386 2879 sine
3406 2838 3516 2879 sua:
3539 2825 3681 2880 salu-

2112 2914 2179 2967 tis
2206 2912 2531 2967 detrimento
2559 2914 2737 2968 faciet.
2771 2913 3080 2968 Tenendum
3128 2916 3307 2984 itaque
3339 2924 3392 2969 et
3422 2916 3681 2970 conﬁten-

2109 3007 2233 3060 dum
2261 3015 2344 3060 est
2373 3006 2473 3060 hoc
2504 3006 2785 3071 veraciter,
2813 3005 2952 3075 quod
2979 3007 3138 3060 homo
3159 3008 3390 3061 creverit
3416 3022 3477 3059 ar
3503 3009 3683 3076 profe-

2032 3082 2078 3144 C
2109 3096 2242 3150 cerit
2272 3097 2323 3149 in
2357 3095 2543 3160 Deum,
2577 3096 2678 3150 hoc
2707 3107 2789 3150 est
2840 3098 2891 3150 in
2935 3096 3029 3152 Dei
3076 3096 3290 3152 Filium.
3345 3097 3682 3167 Evangelista

2108 3186 2203 3253 ait,
2231 3186 2350 3255 quia
2372 3188 2460 3253 qui
2481 3195 2772 3257 receperunt
2792 3204 2932 3253 cum,
2960 3188 3098 3241 dedit
3130 3189 3203 3242 eis
3234 3196 3525 3255 potestatem
3547 3188 3683 3256 ﬁlios

2110 3278 2206 3333 Dei
2251 3280 2364 3347 ﬁeri
2396 3277 2574 3349 (Joun.
2618 3296 2653 3341 ι,
2701 3279 2811 3350 12).
2844 3278 2909 3333 Ει
2944 3281 3214 3350 quomodo
3240 3295 3343 3333 non
3386 3279 3685 3334 dominicus

2106 3370 2288 3427 homo.
2315 3378 2370 3423 et
2392 3370 2600 3424 servilis
2630 3370 2800 3424 forma
2842 3371 2893 3425 in
2933 3372 3097 3427 Deum
3135 3370 3390 3440 profecit?
3422 3371 3559 3425 Deus
3584 3386 3684 3424 auo

2110 3473 2216 3516 tem
2245 3460 2498 3525 Verbum,
2529 3462 2716 3526 virtus,
2750 3472 2803 3516 et
2829 3464 3089 3530 sapientia
3122 3462 3314 3526 Patris,
3348 3477 3558 3532 semper
3587 3462 3686 3517 fuit

2111 3555 2379 3626 perfectus
2403 3563 2455 3609 et
2472 3554 2693 3624 azqualis
2720 3555 2947 3624 genitori
2972 3556 3021 3609 in
3053 3556 3352 3610 subSIantia
3371 3556 3685 3621 divinitatis,

2113 3650 2368 3721 Apostolo
2398 3649 2646 3706 dicente:
2680 3649 2781 3713 Qui
2806 3666 2923 3703 cum
2954 3651 3004 3702 in
3047 3653 3211 3721 forma
3244 3650 3338 3704 Dei
3383 3652 3687 3704 constitutus

2111 3754 2261 3807 esset,
2292 3758 2393 3796 non
2425 3744 2659 3811 rapinam
2682 3744 2960 3796 arbitratus
2988 3750 3061 3797 est
3089 3758 3193 3797 esse
3226 3760 3282 3800 se
3306 3746 3553 3814 arqua’em
3578 3742 3687 3797 Deo

2112 3833 2334 3905 (Philip.
2368 3849 2425 3900 ll,
2462 3834 2537 3904 6).
2568 3833 2667 3900 Qui
2705 3835 2863 3903 igitur
2905 3834 2955 3887 iu
2997 3833 3167 3888 forma
3199 3835 3291 3889 Dei
3318 3835 3542 3903 aequalis
3571 3844 3687 3888 erat

2114 3927 2223 3980 Deo
2254 3925 2417 3991 Patri,
2446 3926 2680 3995 seipsum
2712 3926 3025 3989 exinanivit,
3074 3928 3298 3981 lormam
3332 3928 3499 3992 servi,
3549 3929 3689 3983 sicut

2112 4018 2273 4089 292
2313 4016 2454 4072 idem
2492 4018 2770 4087 apostolus
2814 4017 3086 4086 prmdicat,
3135 4019 3434 4087 accipiens;
3469 4018 3571 4073 hoc
3606 4027 3688 4074 est

2114 4118 2327 4175 sponte,
2360 4123 2468 4160 non
2488 4117 2672 4161 coacte
2701 4107 2975 4161 inclinavit
3014 4106 3362 4175 semetipsum
3404 4107 3470 4162 ad
3512 4108 3687 4163 susci-

2115 4200 2360 4269 piendum
2390 4201 2635 4255 servilem
2663 4200 2907 4265 formam,
2932 4210 2982 4254 ut
3016 4200 3134 4254 vilis
3155 4200 3237 4255 vel
3263 4200 3481 4255 inierior
3518 4200 3687 4255 forma

2115 4293 2167 4347 in
2200 4292 2477 4347 meliorem
2506 4291 2856 4347 substantiam
2884 4301 3154 4347 cresceret
3182 4301 3340 4361 atque
3381 4292 3688 4361 proﬁceret,

2118 4399 2212 4450 per
2239 4399 2360 4438 eum
2386 4385 2474 4451 qui
2509 4399 2625 4438 eam
2652 4392 2732 4439 est
2767 4384 3010 4453 dignatus
3038 4398 3335 4445 assumere,
3371 4399 3475 4438 non
3517 4392 3578 4437 ιιι
3616 4385 3693 4438 di-

2043 4450 2090 4509 Ῑ)
2119 4476 2240 4529 vina
2268 4450 2586 4543 substantia,
2612 4476 2693 4529 vel
2740 4450 2975 4544 potestas
3007 4475 3057 4529 in
3091 4474 3343 4529 servilem
3394 4483 3695 4529 mutaretur

2118 4567 2201 4620 vel
2243 4566 2580 4621 addiceretur
2617 4573 2840 4630 statum;
2877 4564 3137 4633 Apostolo
3165 4564 3233 4618 de
3278 4571 3475 4617 nostra:
3507 4563 3695 4618 forma:

2120 4658 2171 4712 in
2200 4658 2474 4713 meliorem
2506 4665 2701 4710 statum
2724 4655 3090 4710 demutatione
3116 4654 3359 4709 dicente:
3388 4652 3456 4708 Ut
3478 4656 3696 4708 mortale

2119 4752 2215 4803 hoc
2244 4767 2429 4819 corpus
2461 4749 2683 4803 induerit
2715 4747 3149 4802 immortalitatem
3190 4745 3242 4817 (Ι
3276 4746 3396 4800 Cor.
3437 4761 3526 4811 xv,
3576 4746 3694 4812 54).

2118 4842 2204 4909 Et,
2230 4842 2377 4897 Sicut
2406 4844 2455 4895 in
2474 4843 2638 4894 Adam
2665 4858 2835 4895 omnes
2858 4843 3163 4907 moriuntur,
3190 4842 3263 4893 sic
3290 4842 3340 4893 in
3363 4837 3566 4894 Christo
3587 4855 3699 4893 amr

2123 4950 2210 4987 nes
2232 4935 2549 4999 uiviﬁcantur
2579 4930 2631 5002 (Ι
2656 4932 2773 4986 Cor.
2808 4949 2894 4998 xv,
2924 4933 3038 5000 22).
3080 4932 3144 4986 Et
3183 4932 3375 4985 iterum
3402 4947 3416 4984 :
3458 4929 3570 4983 Nos
3600 4947 3699 4982 au-

2125 5035 2244 5089 tem,
2274 5026 2476 5093 fratres,
2509 5025 2561 5077 in
2592 5025 2869 5078 libertatem
2908 5027 3068 5077 vocati
3101 5039 3276 5077 sumus
3306 5021 3449 5093 (Gal.
3482 5039 3534 5086 v,
3578 5021 3691 5089 l3).

2124 5117 2303 5185 Itaque
2350 5116 2393 5168 si
2441 5130 2537 5170 nos
2582 5132 2675 5185 per
2704 5116 2929 5184 gratiam
2955 5116 3154 5169 Christi
3207 5115 3260 5168 in
3310 5114 3606 5179 meliorem,
3641 5123 3701 5170 ut

2126 5208 2324 5263 dictum
2346 5216 2447 5272 est,
2492 5218 2709 5272 statum,
2747 5209 2799 5262 id
2831 5216 2914 5263 est
2960 5206 3012 5261 in
3050 5208 3349 5262 libertatem
3389 5223 3482 5277 per
3513 5206 3697 5273 ﬁdem,

2127 5316 2247 5369 qua:
2276 5311 2359 5356 est
2399 5302 2451 5356 in
2485 5302 2720 5369 Christo,
2750 5303 2925 5356 vocati
2964 5316 3171 5365 sumus,
3222 5302 3340 5368 quis
3365 5301 3700 5356 Christianus

2128 5405 2218 5447 aut
2248 5393 2441 5447 sobriae
2474 5395 2664 5448 utentis
2708 5393 2901 5447 audeat
2944 5393 3281 5446 liberatorem
3323 5407 3474 5445 suum
3517 5392 3699 5446 dicere

2130 5485 2180 5537 in
2205 5484 2525 5538 deteriorem
2557 5492 2774 5549 statum,
2808 5485 2889 5538 vel
2920 5483 3279 5538 conditionem
3313 5483 3608 5536 mutatum?
3640 5491 3698 5537 ut

2127 5577 2419 5630 substantia
2467 5576 2662 5639 divina,
2695 5591 2811 5643 qua:
2855 5589 3068 5644 semper
3098 5584 3182 5628 est
3222 5572 3591 5637 immutabilis,
3644 5573 3698 5625 in

2128 5670 2382 5725 humilem
2454 5669 2845 5747 humanamque
2889 5677 3186 5722 verteretur
3226 5663 3601 5730 substantiam,
3645 5671 3701 5718 et
