3958 6176
294 310 383 366 305
1499 312 1584 365 DE
1625 310 1993 367 TRINITATE
2036 313 2158 369 LIB.
2205 318 2290 376 Π.

3410 338 3513 392 506

293 429 422 479 lierel
452 424 515 477 de
544 422 647 475 Deo
683 435 830 485 caro,
867 421 933 476 de
969 422 1205 491 perfecto
1256 422 1492 486 inferior,
1531 423 1598 477 de
1647 423 1831 493 :cquali
1864 424 1913 482 Α
1948 428 2305 492 penetrabilior
2336 430 2472 483 omni
2506 432 2679 502 gladio
2705 438 2934 506 ancipiti,
2965 446 3010 492 et
3038 441 3324 513 pertingens
3362 462 3515 511 usque

291 517 467 579 minor,
496 512 559 566 de
590 511 816 565 Domino
854 526 1057 576 servus,
1093 513 1159 565 de
1195 522 1439 567 creatore
1480 525 1745 577 creatura,
1777 523 1831 568 et

291 607 603 672 omnipotens
640 605 1080 671 impossibilitatis
1122 608 1418 661 incurreret
1457 606 1703 674 injuriam
1734 622 1747 658 :
1784 615 1837 659 et

293 698 367 763 qui
408 697 456 749 in
499 696 793 749 substantia
833 696 1122 749 divinitatis
1162 713 1272 751 suae
1315 698 1655 766 impassibilis
1696 705 1834 761 erat,

292 791 421 842 ﬁeret
457 786 737 853 passibilis,
775 797 825 840 et
858 787 1171 841 immortalis
1212 790 1368 841 morti
1419 789 1835 844 succumberet?

287 877 404 929 Cum
434 874 544 927 hate
578 876 757 928 omnia
800 877 849 928 in
879 892 979 928 una
1008 877 1205 931 Chriin
1253 892 1502 945 persona,
1534 879 1829 932 secundum

290 965 506 1032 Apostoli
556 968 1003 1033 praedicationem,
1035 978 1193 1036 atque
1231 971 1524 1025 doctrinam
1572 972 1834 1025 Christia-

289 1072 393 1109 nam
423 1057 526 1110 sint
566 1060 671 1111 [ide
705 1060 1004 1124 credenda;
1036 1062 1245 1116 dicente
1288 1076 1394 1116 eo:
1440 1062 1574 1116 Deus
1624 1072 1730 1116 erat
1779 1065 1831 1116 in

271 1152 483 1217 vti/triste,
515 1156 760 1207 mundum
790 1157 1123 1209 reconcilians
1150 1157 1243 1210 sibi
1273 1155 1361 1227 (11
1391 1157 1509 1211 Cor.
1544 1175 1596 1223 v,
1635 1159 1740 1225 I9).
1768 1159 1833 1212 Et

286 1246 477 1310 iterum,
510 1248 805 1301 secundum
835 1248 1129 1317 Christum,
1185 1250 1375 1317 inquit,
1418 1252 1470 1303 in
1499 1267 1598 1319 quo
1638 1251 1833 1303 habitat

284 1339 425 1390 omnis
452 1339 716 1404 plenitudo
758 1340 1035 1393 divinitatis
1070 1340 1399 1410 corporaliter
1443 1340 1574 1410 (Col.
1631 1355 1688 1403 ιι,
1749 1340 1826 1408 9).

286 1427 403 1493 Ergo
429 1426 566 1480 Deus
591 1428 881 1494 hominem,
910 1430 1163 1484 Dominus
1186 1445 1421 1495 servum,
1446 1442 1656 1485 creator
1679 1444 1830 1484 crea-

282 1528 452 1585 turam,
486 1521 657 1574 factor
692 1520 969 1587 iacturam,
1003 1523 1340 1590 omnipotens
1371 1521 1601 1575 inferior:
1628 1536 1701 1586 m,
1749 1521 1829 1574 in-

282 1609 474 1664 visibilis
524 1610 812 1676 visibilem,
872 1612 1181 1666 indeliciens
1235 1612 1455 1675 lassum,
1511 1611 1828 1664 immortalis

279 1703 552 1766 mortalem,
594 1702 933 1770 impas~ibilis
965 1702 1265 1771 passibilem
1287 1743 1300 1766 ,
1330 1702 1638 1756 mutabilem
1671 1701 1822 1755 inde-

1940 514 2008 564 ad
2037 516 2330 571 divisionem
2356 522 2539 574 animm
2573 540 2632 577 ac
2656 528 2881 595 spiritus,
2911 546 3213 600 compagum
3242 550 3438 604 quoque
3465 550 3513 591 et

1939 604 2297 673 medullarum,
2330 621 2376 662 et
2406 613 2653 667 discretor
2690 619 3056 687 cogitationum
3102 632 3148 675 et
3178 625 3514 681 intentionum

1939 697 2126 758 cordis,
2153 708 2198 750 et
2229 716 2328 753 non
2356 711 2425 754 est
2454 704 2560 757 ulla
2589 715 2819 761 creatura
2858 710 3121 767 invisibilis
3148 716 3197 767 in
3241 731 3512 784 conspectu

1937 789 2087 858 ejus:
2117 793 2289 843 omnia
2321 803 2487 847 autem
2529 799 2667 851 nuda
2711 811 2757 853 et
2805 813 2979 869 aperta
3029 816 3144 858 sunt
3193 808 3354 863 oculis
3400 813 3509 880 ejus

1936 876 2119 944 (Hebr.
2142 896 2210 947 tv,
2239 881 2345 949 12).
2364 884 2474 937 Non
2499 901 2625 956 ergo
2651 889 2787 944 Deus
2802 904 3041 948 creatura
3067 906 3168 962 est,
3193 900 3285 953 sed
3312 876 3472 954 homo
3494 922 3508 958 :

1937 979 2039 1018 non
2069 970 2321 1035 sepelitur
2350 973 2508 1038 Deus,
2541 977 2628 1044 qui
2654 988 2730 1031 est
2767 979 2889 1058 vita,
2929 984 3021 1037 sed
3049 1001 3206 1041 caro:
3241 1006 3413 1059 neque
3441 994 3509 1047 ab

1935 1057 2095 1128 294
2118 1060 2237 1113 imis
2269 1065 2497 1134 resurgit
2526 1067 2662 1121 Deus
2692 1072 2780 1138 qui
2814 1057 2953 1127 totus
2985 1075 3175 1144 ubique
3201 1090 3301 1146 est,
3329 1057 3384 1137 et
3411 1099 3507 1138 su-

1936 1160 2028 1211 per
2050 1162 2257 1215 omnes,
2290 1152 2380 1204 sed
2428 1154 2589 1208 homo
2618 1160 2845 1227 resurgit
2887 1162 2937 1214 in
2981 1162 3167 1219 Deum.
3200 1168 3329 1222 Nam
3365 1172 3506 1239 quod

1935 1234 2248 1305 ﬂagellatur,
2282 1253 2333 1297 et
2361 1259 2389 1297 a
2419 1246 2587 1317 Pilato
2612 1247 2902 1317 judicatur,
2933 1252 3092 1308 homo
3117 1266 3217 1312 est.
3243 1234 3395 1324 Quod
3416 1278 3507 1315 au-

1936 1332 2040 1378 tem
2083 1329 2335 1383 mundum
2377 1333 2489 1401 ipse
2534 1335 2932 1402 adjudicaturus
2978 1342 3249 1413 adveniet,
3284 1349 3421 1403 Deus
3454 1359 3507 1404 et

1936 1412 2097 1469 homo
2127 1426 2225 1471 est.
2261 1419 2489 1475 Tristem
2520 1440 2749 1495 namque
2781 1437 2834 1483 et
2864 1433 3126 1499 trepidum
3152 1448 3362 1493 constat
3387 1456 3505 1497 esse

1946 1503 2237 1577 hominem,
2264 1524 2367 1564 non
2399 1512 2589 1583 Deum,
2622 1517 2708 1584 qui
2737 1505 2819 1572 est
2848 1520 3211 1591 immutabilis,
3241 1536 3295 1582 ct
3323 1530 3503 1585 incon-

1932 1598 2213 1653 vertibilis.
2237 1600 2385 1667 Quod
2407 1613 2584 1660 autem
2612 1608 2817 1677 ignorat
2837 1611 3000 1680 diem,
3032 1624 3085 1669 et
3113 1619 3281 1673 nescit
3303 1620 3499 1688 locum,

1932 1692 2168 1762 nunquid
2198 1696 2521 1753 credendum
2545 1711 2645 1765 est,
2667 1704 2787 1771 quia
2816 1706 2903 1773 qui
2935 1707 3061 1761 fecit
3083 1707 3218 1772 dies,
3243 1723 3297 1766 et
3320 1713 3497 1782 horas,

280 1793 520 1846 mutabilis
552 1795 789 1861 suscepit
819 1802 1099 1859 naturam;
1130 1808 1225 1847 nec
1261 1795 1311 1846 in
1355 1792 1638 1845 humanam
1686 1792 1812 1846 Dens

1928 1793 1981 1838 et
2009 1798 2197 1851 annos,
2241 1797 2295 1841 et
2340 1797 2576 1858 tempora
2631 1795 2798 1860 possit
2836 1797 3034 1866 aliquid
3080 1799 3360 1867 ignorare?
3394 1779 3497 1861 Sed

278 1896 484 1937 mutatus
538 1895 627 1938 est
680 1900 893 1939 carnem
939 1886 1016 1939 vel
1055 1885 1426 1939 substantiam.
1485 1883 1827 1953 lmpassibilis

276 1989 391 2040 erat,
412 1978 499 2031 sed
535 1979 592 2031 in
615 1993 692 2041 se,
719 1982 830 2048 ip~.e
858 1995 1011 2048 quam
1043 1979 1330 2047 assumpsit
1362 1977 1691 2047 gloriﬁcabat
1734 1992 1829 2030 na-

278 2077 451 2119 turam:
490 2068 723 2121 humana
757 2084 883 2124 vero
916 2070 1155 2125 mortalis
1183 2080 1233 2124 et
1265 2069 1495 2136 infirma,
1534 2078 1589 2123 ut
1628 2070 1823 2123 dictum

276 2168 360 2219 est,
381 2173 496 2211 caro
526 2168 691 2226 atque
716 2169 899 2213 natura
934 2160 1162 2214 divinam
1205 2160 1427 2229 profecit
1467 2160 1518 2214 in
1574 2161 1821 2231 gloriam,

279 2246 374 2313 ipso
404 2247 630 2303 Domino
657 2249 709 2303 in
747 2252 1033 2319 Evangelio
1061 2252 1271 2307 dicente
1305 2253 1372 2307 de
1406 2262 1680 2320 assumpto
1706 2268 1733 2305 a
1765 2268 1824 2307 se

278 2333 388 2389 Filio
409 2338 637 2392 hominis
661 2357 673 2391 :
705 2339 862 2393 Nunc
889 2342 1196 2408 clari/icatus
1219 2353 1287 2396 est
1318 2342 1479 2398 Filius
1506 2346 1744 2411 hominis,
1772 2357 1824 2400 et

277 2423 389 2480 Deus
414 2429 728 2497 clarifiratus
760 2441 834 2485 est
881 2433 933 2485 in
970 2450 1025 2485 eo
1066 2434 1246 2502 (Joan.
1281 2450 1394 2499 xui,
1427 2435 1540 2506 51).
1587 2436 1645 2491 Si
1684 2438 1822 2493 Deus

272 2518 568 2576 clariﬁcatus
602 2531 685 2577 est
706 2524 756 2577 in
782 2539 867 2589 eo,
899 2534 952 2579 et
984 2525 1120 2579 Deus
1148 2526 1459 2581 clariﬁcavit
1488 2544 1607 2582 eum
1647 2529 1699 2582 in
1736 2544 1821 2584 se-

272 2612 492 2680 metipso,
534 2623 595 2667 et
622 2615 877 2669 continuo
903 2617 1062 2686 293
1092 2616 1398 2671 clariﬁravit
1439 2634 1581 2674 eum.
1624 2621 1820 2687 Accipe

270 2717 426 2769 quaiso
452 2721 621 2773 pauca
658 2707 725 2760 de
764 2708 957 2763 divinis
997 2709 1285 2778 Scripturis
1313 2712 1632 2779 testimonia,
1668 2714 1815 2782 quis-

269 2791 368 2856 quis
401 2793 485 2848 ille
535 2795 619 2849 vis
667 2795 928 2865 perlectus
969 2813 1088 2854 esse
1122 2797 1488 2867 Christianus,
1544 2812 1597 2857 et
1638 2818 1816 2857 veram

268 2891 405 2950 atque
424 2886 689 2955 integram
727 2890 877 2958 sequi
906 2892 1184 2958 rationem,
1216 2896 1594 2962 praetermissis
1617 2896 1818 2950 vaniloo

267 2972 403 3036 quiis,
426 2983 478 3027 et
515 2976 808 3043 superﬂuis
840 2982 1217 3047 quaestionibus
1251 2999 1462 3051 eorum,
1510 2987 1598 3054 qui
1643 3001 1671 3039 a
1714 2987 1816 3040 tide

266 3060 434 3117 Christi
470 3081 583 3119 non
633 3068 805 3121 solum
852 3069 948 3137 ipsi
985 3082 1227 3126 errantes
1256 3075 1593 3139 exciderunt,
1627 3078 1719 3131 sed
1759 3086 1811 3130 et

1930 1876 2072 1944 quod
2106 1878 2314 1946 ignorat
2338 1881 2520 1948 homo,
2558 1895 2731 1939 tamen
2761 1903 2864 1942 non
2891 1889 3098 1958 ignorat
3124 1894 3283 1963 Deus,
3307 1899 3395 1966 qui
3419 1909 3498 1955 est

1928 1981 2050 2022 ante
2081 1970 2299 2036 sarcula,
2325 1987 2419 2039 per
2438 1990 2596 2042 quem
2626 1977 2801 2031 omnia
2825 1977 2959 2034 facta
2982 1991 3127 2037 sunt.
3149 1984 3278 2038 Nam
3301 1990 3499 2043 sentire

1927 2061 1994 2116 de
2029 2062 2121 2116 Dei
2152 2066 2431 2133 sapientia,
2457 2069 2596 2136 quod
2619 2070 2813 2139 aliquid
2841 2072 3083 2140 ignorare
3099 2077 3284 2144 possit,
3305 2082 3498 2134 summi

1927 2152 2148 2218 periculi
2176 2169 2261 2208 res
2283 2164 2384 2209 est.
2404 2156 2579 2210 Plorat
2603 2169 2779 2214 autem
2803 2171 2855 2215 et
2880 2163 3293 2235 Iassaturntique
3318 2168 3493 2235 homo,

1927 2255 2030 2294 non
2065 2240 2203 2296 Deus
2237 2243 2492 2313 Verbum,
2535 2249 2622 2316 qui
2649 2257 2731 2303 est
2752 2250 2919 2304 virtus
2942 2252 3149 2308 Patris:
3183 2255 3331 2311 nefas
3354 2259 3494 2313 enim

1926 2343 2005 2388 est
2034 2333 2211 2390 dicere
2232 2336 2416 2392 lassari
2447 2339 2537 2394 Dei
2563 2342 2837 2399 virtutem.
2867 2345 3098 2402 Putasne
3122 2349 3279 2405 homo
3300 2355 3490 2422 esurit,

1924 2433 1977 2478 et
1997 2426 2129 2492 sitit,
2163 2442 2229 2481 an
2265 2428 2402 2484 Deus
2433 2432 2520 2499 qtti
2545 2432 2633 2485 dat
2670 2436 2832 2490 vitam
2883 2440 3100 2507 mundo,
3126 2444 3277 2510 panis
3307 2446 3394 2513 qui
3426 2453 3492 2500 de

1921 2513 2059 2567 cmlo
2087 2517 2385 2582 descendit,
2409 2520 2497 2586 qui
2521 2522 2679 2575 etiam
2698 2523 2789 2577 dat
2814 2540 2991 2581 escam
3013 2532 3155 2585 omni
3181 2535 3325 2587 carui
3343 2536 3365 2587 ?
3386 2535 3491 2591 Sed

1923 2619 2020 2658 nec
2048 2606 2151 2659 vita
2183 2609 2371 2673 esurit,
2397 2625 2493 2665 nec
2526 2612 2643 2666 fons
2670 2615 2820 2669 sitire
2852 2627 3023 2686 potest
3053 2638 3064 2672 :
3098 2629 3328 2678 tentatur
3366 2641 3491 2683 veto

1920 2709 1948 2746 a
1980 2695 2194 2751 diabolo
2220 2708 2277 2752 ut
2306 2701 2486 2768 homo,
2516 2704 2608 2757 sed
2635 2714 2690 2758 ut
2725 2706 2861 2760 Deus
2887 2710 2956 2763 ab
2984 2712 3190 2779 angelis
3221 2716 3489 2785 adorator,

1919 2786 2005 2838 cui
2045 2788 2203 2840 etiam
2245 2799 2299 2842 et
2345 2791 2669 2862 ministrant,
2698 2796 2766 2852 de
2810 2814 2918 2866 quo
2945 2801 3199 2868 scriptum
3238 2815 3352 2861 est:
3390 2808 3490 2872 Qui

1918 2875 2041 2942 facit
2082 2878 2291 2947 angelos
2332 2896 2448 2935 suos
2493 2884 2723 2951 spiritus,
2770 2898 2817 2939 et
2868 2889 3122 2945 ministros
3160 2910 3278 2948 suos
3324 2898 3489 2967 ignem

1919 2978 2144 3021 urentem
2175 2968 2341 3040 (Psal.
2375 2989 2489 3041 cm,
2520 2975 2594 3044 4).
2633 2977 2755 3031 Hmc
2796 2980 2955 3048 igitur
2979 2984 3178 3049 omnia,
3211 2996 3265 3042 ut
3292 2989 3488 3045 dictum
3516 2990 3519 2991 ⁷

1918 3069 2020 3125 est,
2050 3062 2113 3115 ad
2144 3065 2414 3126 servilem,
2450 3070 2750 3139 mortalem,
2778 3074 3194 3145 passibilemque
3221 3089 3485 3147 naturam,

265 3151 395 3218 alios,
423 3155 565 3209 sicut
591 3156 665 3209 ait
696 3160 999 3225 Apostolus,
1033 3162 1083 3215 in
1111 3178 1347 3218 errarent
1373 3166 1665 3220 mittentes.
1684 3167 1813 3220 Nam
1842 3128 1888 3188 Ω
1921 3166 2038 3219 (ἰυω
2067 3167 2095 3204 ³
2126 3152 2235 3206 οθο
2264 3153 2438 3209 Verbo
2463 3168 2732 3226 assumpta
2767 3168 2867 3227 εει.
2901 3163 3085 3217 referri
3125 3180 3344 3221 necesse
3384 3181 3486 3224 est.

264 3242 381 3306 quod
408 3245 649 3298 nascitur
670 3260 735 3299 ex
770 3257 1004 3315 tempore
1017 3248 1262 3305 Christus
1286 3253 1337 3305 in
1364 3253 1656 3317 Bethleem,
1674 3255 1813 3324 quod

264 3326 306 3377 in
333 3335 585 3402 prtsepio
607 3334 925 3401 declinatur,
958 3341 1095 3408 quod
1130 3343 1317 3409 pannis
1342 3345 1651 3406 involvitur,
1674 3347 1812 3413 quod

262 3414 476 3484 laetatur,
530 3424 668 3491 quod
692 3428 903 3491 crescit,
934 3430 1072 3497 quod
1095 3432 1369 3498 adolescit,
1402 3434 1543 3502 quod
1568 3435 1617 3488 in
1650 3434 1812 3505 [Egy‘

262 3516 385 3570 ptum
428 3510 637 3579 fugiens
668 3527 988 3584 asportatur,
1021 3522 1158 3589 quod
1195 3524 1499 3589 parentibus
1543 3525 1806 3591 subditur,

261 3602 375 3666 quod
424 3614 663 3661 tentatur
703 3624 732 3662 a
780 3608 1013 3676 diabolo,
1063 3614 1204 3683 quod
1252 3616 1438 3680 esurit,
1487 3618 1626 3683 quod
1674 3619 1807 3679 sitit.

259 3693 375 3754 quad
397 3697 683 3751 manduca!
710 3710 763 3752 et
794 3699 943 3765 bibit,
976 3704 1114 3768 quod
1144 3703 1361 3771 dormit,
1388 3706 1525 3773 quod
1557 3707 1806 3771 lassatur,

260 3783 374 3845 Quod
396 3785 588 3852 plorat,
620 3787 759 3855 quod
790 3791 979 3857 quaarit
1012 3793 1164 3860 quasi
1212 3796 1461 3848 nesciens
1502 3797 1805 3863 sepulcrum

260 3868 440 3939 Lazari,
470 3877 616 3945 quod
647 3879 796 3946 quasi
820 3880 1062 3946 ignorare
1088 3896 1148 3935 se
1170 3882 1243 3936 ait
1268 3883 1408 3936 diem
1438 3884 1643 3951 judicii,
1665 3886 1805 3955 quod

258 3959 557 4019 clariﬁcatur
581 3968 887 4024 testinmuio
916 3970 1105 4037 Patris,
1140 3973 1277 4042 quod
1310 3976 1495 4049 tristis,
1523 3978 1663 4045 quod
1693 3989 1804 4032 tre-

260 4054 392 4116 pidus
416 4059 478 4111 ad
504 4060 812 4126 passionem
837 4065 1006 4126 venit,
1036 4066 1175 4133 quod
1207 4068 1372 4136 alapis
1400 4069 1647 4135 caeditur,
1665 4074 1803 4141 quod

258 4155 278 4190 a
296 4143 447 4197 Pilato
471 4148 763 4215 judicatur,
786 4154 924 4221 quod
954 4156 1266 4225 ﬂagellatur,
1293 4162 1433 4230 quod
1457 4164 1800 4233 cruciﬁgitur,

254 4235 373 4296 quod
398 4237 564 4290 mixto
600 4238 723 4293 felle
767 4252 915 4296 aceto
964 4254 1192 4313 potatur,
1232 4249 1371 4317 quod
1419 4250 1596 4306 lancea
1651 4254 1802 4309 lateri

254 4325 419 4376 vulnus
448 4327 705 4395 inﬁgitur,
732 4332 869 4398 quod
897 4336 1138 4401 moritur,
1162 4340 1300 4408 quod
1334 4342 1475 4409 ligno
1496 4345 1798 4413 deponitur,

253 4412 369 4476 quod
395 4418 664 4483 sepelitur,
692 4421 832 4487 quod
857 4423 939 4476 die
966 4426 1115 4479 tertia
1144 4428 1296 4482 vivus
1324 4445 1351 4482 a
1378 4412 1597 4487 mortuis
1623 4450 1800 4490 resur-

252 4504 331 4567 git,
358 4510 487 4571 quod
514 4513 752 4564 omnium
787 4524 901 4578 post
940 4522 1383 4574 resurrectionem
1418 4525 1614 4593 accipit
1652 4537 1797 4594 pote-

250 4603 439 4663 statem,
497 4602 637 4667 quod
678 4605 830 4671 quasi
888 4607 1140 4674 ignorans
1178 4614 1479 4668 sciscitatur
1517 4632 1545 4670 a
1590 4618 1796 4676 duobus

249 4685 617 4744 ambulantibus
648 4695 699 4745 in
730 4696 967 4762 via.quae
991 4698 1121 4753 facta
1149 4700 1371 4756 fuissent
1404 4705 1452 4757 in
1472 4705 1791 4775 Jerusalem,

246 4775 370 4836 quod
414 4775 623 4833 Petrum
664 4785 816 4851 quasi
861 4789 1104 4842 nesciens
1141 4790 1450 4861 interrogat,
1486 4795 1527 4847 si
1575 4798 1689 4864 plus
1730 4801 1797 4853 ab

245 4861 345 4927 ipso
371 4883 521 4934 quam
553 4873 620 4923 ab
646 4873 767 4925 aliis
792 4873 1104 4942 diligeretur
1130 4879 1403 4949 discipulis
1430 4902 1439 4933 :
1476 4883 1676 4947 Simon,
1710 4889 1792 4939 in-

242 4956 357 5016 quit,
392 4956 556 5022 Petre,
580 4978 724 5013 amas
758 4980 835 5015 me
868 4966 984 5031 plus
1019 4970 1095 5020 his
1124 4968 1303 5035 (Joan.
1338 4988 1443 5039 xxi,
1484 4974 1610 5041 13$)?
1637 4993 1792 5041 quem

243 5057 399 5102 tamen
429 5056 717 5119 apostolica
742 5057 1007 5112 confessio
1041 5064 1292 5130 prodidit,
1319 5076 1371 5118 et
1399 5069 1595 5131 omnia,
1620 5080 1671 5122 et
1700 5088 1790 5125 oe-

236 5141 361 5193 culta
384 5158 421 5195 si
445 5144 537 5200 ire.
571 5148 850 5213 Quomodo
878 5151 1037 5220 igitur
1067 5156 1153 5222 qui
1188 5171 1245 5208 se
1278 5157 1512 5223 loquitur
1541 5144 1789 5216 Christia-

237 5242 367 5291 num,
400 5247 504 5284 non
531 5238 765 5290 advertit
798 5240 908 5294 haec
938 5250 1029 5294 aut
1053 5244 1222 5296 credit
1248 5245 1495 5299 humanae
1519 5265 1638 5303 esse
1668 5253 1791 5305 sub-

232 5324 444 5387 stantiae,
495 5331 806 5397 servilisque
854 5331 1061 5399 formze,
1111 5350 1215 5388 non
1265 5336 1455 5392 divina:
1502 5342 1793 5408 majestalis

234 5421 375 5479 atque
421 5421 707 5484 potentim?
752 5423 874 5489 quia
917 5440 1186 5493 nunquam
1234 5429 1337 5480 vita
1396 5432 1643 5495 moritur,
1698 5434 1791 5487 sed

234 5498 376 5555 homo
397 5504 766 5563 inorittir.'Nec
793 5513 1037 5579 ignorare
1058 5516 1252 5583 aliquid
1282 5518 1418 5572 Deus
1442 5521 1673 5575 Verbum
1701 5540 1790 5589 po-

232 5597 339 5651 test,
376 5597 525 5661 cujus
571 5600 742 5655 oculis
787 5607 961 5656 omnia
994 5606 1127 5659 nuda
1160 5619 1212 5660 et
1243 5622 1424 5677 aperta
1457 5622 1598 5677 sunt,
1634 5614 1789 5681 Apo-

232 5681 356 5735 διυιυ
383 5683 621 5744 dicente:
666 5690 816 5745 Virus
844 5694 973 5746 enim
1010 5705 1081 5748 cst
1106 5713 1268 5750 sermo
1301 5696 1416 5766 Dei,
1449 5711 1495 5753 et
1517 5703 1711 5770 (γραυχ,
1742 5715 1787 5757 et

1917 3242 2106 3315 Qinnia
2137 3245 2277 3297 enim
2307 3260 2425 3313 qua:
2451 3246 2721 3303 humiliter
2745 3250 2883 3304 dicta
2914 3263 3058 3317 sunt,
3092 3269 3188 3321 pro
3216 3258 3369 3313 nobis
3399 3260 3489 3315 ille

1915 3336 2149 3402 suscepit
2198 3347 2251 3391 et
2296 3340 2544 3405 pertulit;
2577 3342 2714 3397 sicut
2743 3353 2799 3397 et
2831 3347 3115 3412 Apostolus
3140 3348 3325 3407 doéet:
3358 3352 3489 3419 Quia

1913 3440 2028 3476 cum
2056 3428 2188 3481 dives
2234 3439 2380 3493 esset,
2412 3447 2596 3499 egenus
2628 3434 2796 3501 factus
2826 3448 2918 3501 est,
2951 3448 3004 3490 ut
3036 3438 3173 3494 illius
3199 3443 3373 3509 inapia
3399 3462 3488 3499 nos

1912 3515 2087 3569 diuites
2119 3532 2341 3573 essemus
2371 3519 2455 3590 (ll
2489 3521 2608 3575 Cor.
2639 3526 2747 3589 Vlil,
2783 3526 2857 3597 9).
2885 3528 2952 3582 Et
2982 3530 3208 3585 iterum:
3244 3535 3344 3601 Qui
3372 3554 3487 3591 cunt

1910 3606 1962 3659 in
1999 3608 2169 3674 forma
2206 3609 2297 3662 Dei
2342 3622 2484 3677 esset,
2518 3616 2728 3684 wqualis
2773 3617 2880 3671 Deo
2926 3622 3144 3691 seipsum
3191 3627 3485 3695 exinanivit,

1911 3698 2128 3765 formam
2169 3702 2297 3755 servi
2318 3703 2565 3771 accipiens
2589 3706 2808 3776 (Philip.
2842 3726 2898 3778 ιι,
2929 3711 3005 3781 6).
3030 3714 3119 3768 Sic
3149 3725 3199 3768 et
3232 3719 3486 3785 propheta

1908 3794 2021 3861 ejus
2045 3796 2096 3849 in
2144 3812 2306 3852 carne
2336 3803 2716 3867 prmnuntiatus
2749 3806 3065 3872 passionem,
3098 3811 3174 3862 ait
3205 3826 3219 3864 :
3258 3812 3483 3868 Vulnere

1906 3888 2016 3955 ejus
2044 3889 2212 3939 sanati
2237 3905 2410 3942 sumus
2444 3890 2593 3956 (Isai.
2625 3907 2736 3957 uti,
2770 3896 2847 3959 5).
2879 3896 3009 3950 Cum
3060 3913 3186 3967 ergo
3236 3900 3482 3964 humilia,

1908 3975 2150 4042 quisquis
2202 3977 2291 4030 ille
2324 3977 2484 4031 homo
2513 3995 2592 4043 es,
2634 3983 2699 4035 de
2730 3984 2940 4039 Christo
2969 3987 3142 4054 audis,
3180 4004 3285 4044 non
3316 3992 3481 4060 eaju-

1906 4066 2050 4120 dices
2080 4067 2147 4121 de
2169 4068 2448 4124 altitudine
2477 4072 2615 4126 dicta
2639 4072 2851 4139 divina;
2877 4091 2996 4131 cum
3036 4078 3290 4147 injuriosa
3322 4082 3476 4150 legis,

1908 4159 2201 4212 secundum
2252 4160 2503 4215 humilem
2543 4163 2766 4217 formam
2807 4165 2988 4233 crede,
3034 4182 3139 4221 non
3191 4171 3482 4227 secundum

1904 4250 2136 4304 divinam
2167 4252 2619 4308 dominationem:
2651 4270 2770 4310 cum
2801 4274 2929 4312 vero
2956 4258 3302 4327 impossibilia
3329 4262 3479 4332 legis,

1910 4344 2212 4412 fragilitatis
2230 4359 2349 4399 esse
2373 4345 2615 4401 humana:
2637 4350 2839 4417 accipe,
2871 4365 2973 4404 non
2992 4351 3187 4406 divinae
3210 4356 3478 4423 pmentim.

1906 4431 2013 4487 Nec
2036 4435 2199 4490 debes
2229 4437 2457 4491 divinam
2487 4440 2819 4496 altitudinem
2849 4442 2914 4496 ad
2940 4442 3195 4499 humilem
3221 4446 3481 4502 devocare

1902 4523 2294 4581 conditionem:
2327 4543 2424 4583 nec
2473 4529 2660 4585 nitaris
2700 4534 2991 4601 potentiam
3034 4550 3096 4590 ac
3146 4537 3478 4606 majestatrm

1900 4616 2133 4672 divinam
2166 4620 2230 4674 ad
2274 4621 2522 4677 inferiora
2550 4624 2839 4691 deducere,
2871 4627 2966 4681 sed
2998 4644 3115 4696 quae
3140 4640 3335 4684 nostra:
3359 4642 3481 4688 sunt

1901 4710 2067 4777 magis
2089 4709 2408 4765 inﬁrmitatis
2434 4712 2744 4783 lragilisque
2766 4725 2985 4780 naturae,
3012 4718 3076 4771 ad
3099 4719 3245 4774 illam
3273 4723 3481 4790 erigere

1899 4798 2171 4863 virtutem,
2198 4802 2335 4855 sicut
2359 4801 2474 4870 ipse
2503 4803 2757 4857 Dominus
2778 4806 2878 4859 ait:
2904 4805 3029 4859 Cum
3048 4808 3299 4865 cxaltatus
3320 4813 3480 4883 295

1904 4890 2047 4954 fuero
2090 4906 2121 4942 a
2154 4900 2308 4957 terra,
2352 4894 2523 4946 omnia
2558 4894 2757 4946 traham
2798 4897 2867 4947 ad
2910 4912 2986 4949 me
3018 4895 3197 4965 (Joan.
3241 4917 3333 4964 xu,
3363 4904 3476 4974 3‘2).

1902 4979 2111 5034 Exaltat
2140 4984 2320 5050 utique
2362 4999 2453 5050 per
2482 4999 2693 5039 erucem
2751 4987 2863 5054 ipse
2906 4998 3141 5043 nostram
3183 4993 3233 5045 in
3277 5006 3337 5047 se
3386 5010 3480 5061 per

1901 5072 2018 5140 ejus
2064 5075 2372 5128 societatem
2413 5085 2677 5139 naturam,
2728 5094 2833 5133 non
2884 5093 3063 5135 autem
3104 5094 3337 5137 nostram
3387 5100 3479 5149 per

1900 5178 2051 5214 suam
2078 5165 2511 5230 conjunctionem
2537 5167 2773 5221 divinam
2804 5171 3024 5224 inclinat
3059 5172 3363 5239 potentiam.
3390 5172 3476 5223 Sic

1902 5267 2129 5321 namque
2170 5257 2218 5307 in
2259 5257 2361 5309 alio
2402 5258 2519 5312 loco
2546 5262 2657 5316 ait:
2702 5261 2854 5314 Venit
2886 5264 3018 5316 enim
3045 5262 3218 5316 Filius
3257 5262 3476 5314 hominis

1906 5359 2150 5408 quan'ere,
2179 5354 2225 5396 et
2258 5344 2454 5399 salrare
2483 5350 2620 5416 quod
2656 5352 2874 5415 perierat
2911 5351 3063 5419 (Luc.
3096 5367 3204 5416 xu,
3238 5348 3342 5419 10),
3369 5364 3474 5404 non

1902 5434 2145 5489 amittere
2172 5436 2313 5504 quod
2339 5453 2550 5507 semper
2571 5450 2707 5505 erat,
2734 5443 2887 5495 beato
2915 5441 3120 5494 Joanne
3146 5442 3473 5509 evangelista

1903 5524 2137 5582 dicente:
2174 5527 2239 5581 In
2286 5533 2534 5601 principio
2570 5544 2675 5586 erat
2720 5533 2957 5598 Verbum,
3001 5543 3047 5585 et
3098 5535 3316 5589 Verbum
3367 5549 3472 5592 erat

1903 5618 2041 5682 apud
2068 5618 2246 5685 Deum,
2276 5630 2320 5674 et
2350 5620 2484 5675 Deus
2509 5633 2615 5675 erat
2647 5622 2881 5685 Verbum,
2906 5623 2998 5673 hoc
3019 5635 3125 5676 erat
3157 5626 3207 5677 in
3226 5627 3473 5697 principio

1902 5709 2037 5775 apud
2060 5708 2239 5771 Deum,
2273 5713 2437 5764 enmia
2468 5730 2555 5780 per
2592 5712 2754 5779 ipsum
2788 5713 2924 5778 facta
2953 5725 3070 5769 sunt
3114 5718 3292 5787 (Joan.
3325 5734 3363 5785 t,
3394 5720 3469 5781 Ι).
