4026 6176
357 286 455 341 307

1652 267 1879 323 γιϐιωι
1922 264 2299 321 TM’SENSIS

3531 255 3635 309 308

358 396 660 454 Secundum
691 395 846 466 igitur
874 394 1038 463 ipsius
1069 389 1280 447 Domini
1325 384 1647 447 doctrinam,
1692 388 1747 432 et
1792 380 1934 447 Apo-
1966 404 1979 436 Α

2068 396 2186 457 ;elio
2217 407 2432 465 quoque
2469 391 2581 459 ipse
2623 389 2878 443 Dominus
2913 388 2988 442 ait
3027 406 3037 440 :
3075 385 3366 440 Paraclitus
3411 386 3636 458 Spiritus

360 491 476 544 stoli
505 488 936 558 prardicationem
970 486 1114 541 salva
1156 481 1482 552 proprietate
1515 475 1791 540 utriusque
1840 486 1936 524 na-

361 594 493 636 turte
520 586 568 635 in
607 596 707 634 una
737 595 964 649 persona
992 576 1215 641 Christi,
1261 573 1310 628 id
1342 579 1425 626 est
1455 569 1546 624 Dei
1588 576 1641 619 ct
1685 563 1939 629 hominis,

362 671 632 742 perlectus
662 672 822 735 Deus,
844 671 932 739 qui
962 668 1242 732 elarilieat,
1268 666 1319 719 in
1352 662 1566 715 homine
1590 656 1829 730 perfecto
1851 655 1941 724 qui

361 763 706 825 clarilicatur,
736 760 1058 824 credendus,
1091 757 1369 821 colendus,
1416 750 1843 816 adorandusque.
1889 757 1943 802 et

363 853 503 907 Deus
537 852 625 905 οιιὶ
658 850 845 910 Filius.
875 851 927 905 in
953 864 1058 921 quo
1090 848 1288 901 habitat
1312 843 1487 899 omnis
1512 839 1784 910 plenitudo
1811 837 1944 891 divi-

363 943 543 997 uitatis
581 940 955 1011 corporaliter,
994 940 1046 992 in
1092 937 1245 1006 cujus
1286 933 1616 1004 plenitudine
1646 930 1807 984 Pater
1838 937 1941 982 est.

362 1037 511 1091 Sicut
535 1037 678 1089 enim
709 1034 759 1087 in
788 1032 955 1102 gloria
995 1030 1171 1084 Patris
1203 1028 1366 1082 Filius
1396 1032 1497 1091 est,
1531 1021 1819 1076 secundum
1853 1019 1946 1073 do-

363 1128 591 1181 ctrinam
623 1126 762 1180 beati
794 1123 1057 1193 Apostoli,
1083 1123 1152 1175 ita
1195 1121 1243 1174 in
1277 1115 1611 1188 plenitudine
1643 1113 1758 1167 Filii
1793 1113 1948 1165 Pater

365 1229 468 1286 est,
514 1218 724 1272 dicente
762 1231 860 1270 eo:
904 1213 1016 1283 Ego
1064 1214 1117 1266 in
1169 1209 1347 1274 Patre,
1384 1220 1428 1262 et
1467 1206 1619 1259 Pater
1658 1204 1711 1257 in
1754 1218 1832 1257 me
1874 1212 1949 1256 est

366 1309 547 1381 (Joan.
583 1324 693 1372 xrv,
737 1308 845 1377 10).
878 1307 944 1360 Ει
973 1308 1161 1360 iterum
1199 1322 1210 1357 :
1247 1302 1405 1355 Pater
1436 1310 1606 1352 autem
1644 1300 1695 1349 in
1725 1312 1804 1349 me
1837 1312 1952 1348 ma-

367 1417 512 1467 nens,
546 1402 653 1469 ipse
677 1399 799 1467 facit
829 1413 981 1467 opera
1016 1394 1233 1464 (Ibid).
1277 1388 1626 1447 Servieudum
1655 1387 1833 1458 itaque
1870 1395 1954 1440 est

367 1492 585 1546 Christo
614 1490 768 1554 Filio,
801 1489 921 1558 quia
946 1486 1290 1555 et’perl'ectus
1318 1484 1477 1549 Deus,
1508 1492 1561 1535 et
1581 1494 1741 1533 verus
1763 1488 1846 1533 est
1868 1479 1954 1533 Fi-

369 1584 502 1638 lius:
538 1592 591 1637 et
620 1584 704 1653 qni
731 1580 957 1634 ﬁdeliter
986 1576 1151 1631 servit
1176 1576 1332 1641 Filio,
1361 1573 1506 1628 Patri
1533 1571 1718 1637 servit,
1753 1580 1803 1625 et
1834 1570 1954 1640 Spi-

368 1676 491 1731 ritui
523 1684 729 1739 sancto,
759 1671 848 1741 qui
888 1673 939 1725 in
964 1685 1028 1725 eo
1058 1678 1162 1725 est.
1196 1668 1259 1723 Et
1284 1667 1372 1737 qui
1405 1665 1595 1719 adorat
1632 1663 1867 1727 Patrem,
1898 1663 1950 1716 in

2046 496 2273 548 sanctus,
2303 500 2451 555 quem
2482 484 2643 534 mittet
2675 479 2831 533 Pater
2859 480 2909 532 in
2940 480 3141 531 nomine
3171 494 3281 531 meo
3315 477 3492 547 (Joan.
3525 495 3631 546 MV,

2046 575 2163 645 26).
2208 576 2271 630 Et
2312 576 2362 627 in
2398 573 2619 627 Actibus
2657 570 3019 639 apostolorum
3068 568 3137 622 ita
3170 568 3361 637 legitur
3394 588 3406 622 :
3445 567 3639 623 Trans-

2047 680 2220 725 euntes
2259 677 2427 720 autem
2462 665 2739 734 Phrygiam
2770 672 2814 715 et
2841 660 3101 715 Calatiam
3132 662 3271 715 uetiti
3292 671 3410 714 sunt
3450 678 3480 714 a
3514 662 3639 733 Spi-

2046 761 2149 813 ritu
2175 767 2350 812 sancto
2380 756 2519 824 loqui
2540 755 2742 808 verbum
2771 754 2823 806 in
2846 753 2984 807 Asia.
3031 751 3160 805 Cum
3188 753 3437 806 venissent
3471 765 3642 808 autent

2049 851 2102 903 in
2136 847 2584 916 Mesopotamiam.
2612 844 2873 898 tentabant
2901 846 2975 897 ire
2997 844 3373 913 Bithyniam,et
3402 861 3502 897 non
3527 862 3639 910 per-

2049 941 2187 994 misit
2218 955 2301 993 eos
2336 936 2563 1008 Spiritus
2592 934 2717 989 Jesu
2748 936 2886 1003 (Act.
2932 950 3047 1004 xyl,
3084 934 3159 1004 6).
3194 934 3641 990 Mattil'estissimis

2051 1032 2211 1101 igitur
2255 1028 2577 1084 testimoniis
2627 1028 2885 1096 probatur
2923 1027 3062 1097 quod
3121 1027 3352 1095 Spiritus
3397 1040 3637 1094 sanctus,

2051 1123 2280 1194 Spiritus
2329 1120 2632 1191 paraclitus,
2682 1119 2915 1190 Spiritus
2958 1118 3045 1188 qui
3086 1132 3115 1171 a
3165 1118 3323 1174 Patre
3375 1120 3638 1187 procedit,

2053 1213 2282 1283 Spiritus
2302 1214 2370 1267 sit
2398 1211 2539 1276 Filii,
2569 1210 2690 1279 Spir
2716 1220 2800 1265 tus
2830 1209 3051 1276 Christi,
3074 1209 3304 1280 Spiritus
3325 1210 3471 1265 Jesu.
3500 1210 3633 1265 Tuta

2054 1305 2197 1359 enim
2225 1304 2461 1359 Trinitas
2503 1300 2935 1370 inseparabiliter
2966 1304 3019 1354 in
3054 1315 3159 1355 una
3207 1301 3525 1369 substantia,
3558 1304 3639 1356 di-

2056 1395 2300 1460 vinitate,
2332 1404 2492 1464 atque
2522 1392 2781 1462 potentia,
2823 1391 3119 1457 adoranda,
3153 1392 3399 1458 colenda,
3442 1393 3641 1461 prmdi-

2056 1487 2224 1543 cauda
2255 1494 2339 1542 est
2366 1496 2418 1541 et
2446 1484 2703 1540 timenda.
2747 1484 3079 1555 Fugiendum
3121 1484 3297 1555 itaque
3326 1494 3426 1551 est,
3470 1495 3522 1539 et
3550 1496 3640 1539 σει-

2058 1579 2289 1634 vendum
2320 1578 2569 1633 omnibus
2607 1575 2950 1641 Christianis,
2985 1592 3052 1630 ne
3082 1576 3371 1631 secundum
3402 1591 3641 1631 errorem

2060 1672 2424 1741 imperitorum
2449 1670 2719 1724 hominum
2742 1668 2905 1739 (quod
2934 1668 3427 1739 notatApostofus),
3453 1684 3640 1722 erran-

371 1770 491 1837 ipso
529 1736 725 1820 adorat
767 1736 980 1825 litlium,
1019 1773 1072 1817 et
1123 1736 1378 1831 Spiritum
1426 1766 1700 1813 sanctum:
1734 1755 1853 1825 Quia
1898 1755 1950 1809 in
1988 1736 2029 1794 Β
2061 1736 2193 1818 tium
2225 1764 2363 1818 circa
2399 1762 2579 1823 tidem,
2612 1736 2793 1815 induci
2824 1761 3047 1829 possint.
3078 1758 3349 1824 Errantes,
3380 1736 3570 1832 inquit,
3594 1768 3641 1813 et

372 1859 527 1914 Patre
555 1866 635 1912 est
659 1856 844 1921 Filius,
874 1865 927 1911 et
956 1854 1186 1924 Spiritus
1212 1862 1427 1906 sanctus
1464 1851 1551 1918 qui
1590 1863 1617 1902 a
1661 1848 1769 1902 Deo
1799 1847 1954 1902 Patre

372 1949 645 2017 procedit;
674 1950 788 2018 ipso
820 1947 1046 2002 Domino
1069 1945 1281 2000 dicente
1308 1961 1319 1995 :
1356 1942 1465 2015 Ego
1488 1942 1539 1995 in
1574 1939 1750 2007 Patre,
1774 1948 1820 1994 et
1851 1936 1954 1991 Pa-

373 2050 447 2094 ter
477 2041 527 2093 in
558 2056 634 2092 me
659 2052 732 2095 est
765 2036 979 2108 (lbid.).
1015 2037 1088 2090 De
1112 2035 1309 2105 Spiritu
1350 2047 1561 2104 quoque
1604 2039 1791 2086 sancto
1842 2033 1910 2081 alt
1940 2046 1953 2080 :

372 2134 600 2205 Spiritus
632 2140 800 2185 autem
843 2130 1157 2192 Paraclitus,
1189 2128 1276 2197 qui
1318 2144 1350 2179 a
1390 2124 1550 2180 Patre
1591 2139 1700 2178 meo
1730 2123 1956 2194 procedit

374 2227 551 2295 (loan.
580 2242 668 2289 xv,
697 2222 813 2295 26).
849 2222 913 2279 Et
935 2237 1056 2277 eum
1084 2222 1276 2276 Filium
1305 2221 1423 2290 quis
1452 2219 1658 2281 adorat,
1686 2217 1737 2270 in
1762 2231 1826 2269 eo
1858 2214 1955 2267 Pa»

374 2329 509 2373 trem
537 2316 747 2382 adorat,
772 2324 824 2370 et
866 2314 1120 2383 Spiritum
1160 2321 1430 2375 sanctum,
1463 2309 1587 2379 quia
1625 2310 1676 2363 iu
1725 2308 1841 2377 ipso
1874 2315 1955 2360 est

375 2408 553 2473 Pa'er,
602 2407 815 2461 dicente
853 2420 956 2461 eo:
1004 2405 1105 2469 Qui
1145 2420 1222 2457 me
1264 2404 1421 2467 videt,
1470 2402 1603 2455 uidet
1659 2409 1703 2453 et
1750 2397 1957 2451 Patrem

375 2516 540 2553 meum
572 2496 753 2567 (Joan.
788 2513 902 2561 xlv,
930 2496 1008 2567 9).
1052 2494 1115 2550 Et
1142 2496 1333 2548 iterum
1360 2510 1373 2545 ε
1411 2493 1562 2547 Pater
1589 2500 1758 2545 autem
1788 2490 1839 2542 in
1883 2505 1958 2541 me

377 2606 609 2657 manens,
639 2589 745 2655 ipse
782 2587 907 2656 facit
948 2603 1105 2656 opera
1147 2584 1328 2655 (Joan.
1362 2600 1467 2645 xw,
1503 2583 1615 2652 10).
1652 2582 1725 2635 De
1758 2579 1959 2647 Spiritu

377 2698 503 2737 vero
545 2688 732 2735 sancto
776 2679 854 2733 sic
897 2678 1001 2731 ait:
1038 2676 1132 2729 ille
1162 2692 1239 2728 me
1268 2673 1589 2740 clariﬁcabit,
1620 2673 1739 2739 quia
1766 2672 1830 2723 de
1854 2686 1962 2722 meo

378 2771 605 2842 accipiet,
632 2780 677 2824 et
699 2768 1017 2823 annuntiubit
1044 2768 1179 2820 rob's
1203 2764 1380 2833 (Joan.
1408 2778 1515 2826 xu,
1536 2763 1645 2831 14).
1676 2762 1762 2826 Et,
1780 2761 1963 2814 Umnia

378 2877 691 2930 qumcunque
722 2860 867 2913 habet
888 2858 1042 2912 Pater
1065 2873 1173 2910 mea
1202 2866 1337 2909 sunt.
1368 2854 1644 2919 Propterea
1674 2852 1782 2906 dixi
1804 2852 1960 2917 vobis,

380 2956 496 3022 quia
527 2954 589 3008 de
616 2969 723 3008 meo
751 2952 965 3018 accipiet
1001 2948 1184 3025 (Joan.
1216 2965 1323 3012 xvr,
1364 2948 1475 3016 Ιῖὶ).
1526 2946 1755 3017 Spiritus
1788 2946 1966 3013 itaque

384 3048 576 3111 Patris,
611 3046 839 3115 Spiritus
864 3045 980 3100 Filii
1012 3053 1114 3110 est,
1141 3041 1399 3111 Apostolo
1439 3039 1682 3093 dicente:
1711 3037 1963 3101 Quoniam

382 3099 689 3193 autem'cstis
719 3138 816 3203 ﬁlii
850 3135 963 3199 Dei,
989 3099 1124 3187 mnu
1170 3099 1311 3189 Deus
1350 3130 1601 3200 Spiritum
1650 3124 1776 3181 Filii
1806 3128 1886 3179 sui
1914 3128 1966 3179 in
1994 3099 2039 3161 (ἶ

384 3230 539 3282 corda
568 3237 743 3281 nostra
775 3225 913 3295 (Cal.
950 3241 1020 3289 Iv,
1054 3225 1129 3294 (ί).
1167 3225 1232 3278 Et
1266 3228 1455 3277 iterum
1496 3238 1507 3273 :
1553 3220 1615 3275 Si
1656 3218 1769 3291 quis
1798 3227 1967 3270 autem

385 3320 636 3387 Spiritum
665 3317 855 3371 Christi
877 3333 975 3370 non
990 3316 1159 3381 habet,
1186 3316 1266 3368 hic
1295 3330 1393 3365 non
1414 3322 1486 3366 est
1512 3312 1623 3380 ejus
1644 3309 1820 3381 (liam.
1850 3324 1963 3372 vtu,

385 3411 462 3480 9).
497 3410 559 3465 Et
586 3412 802 3464 iterum:
841 3409 963 3464 Scio
1012 3409 1167 3473 enim,
1196 3408 1317 3476 quia
1345 3406 1439 3458 hoc
1467 3405 1592 3458 mihi
1626 3403 1884 3473 'proreniet
1914 3403 1967 3456 in

385 3504 597 3555 salutem
638 3517 727 3570 per
765 3510 979 3553 uestram
1029 3499 1328 3562 orationem,
1361 3507 1406 3549 et
1448 3495 1968 3551 subministrationem

388 3591 547 3661 296
577 3591 802 3658 Spiritus
828 3590 952 3643 Jesu
986 3588 1176 3641 Christi
1216 3586 1440 3657 (Philip.
1475 3602 1512 3649 t,
1546 3584 1656 3655 i9).
1702 3584 1757 3639 In
1795 3584 1971 3639 Evan-

2058 1855 2111 1906 in
2155 1868 2377 1908 errorem
2418 1854 2672 1907 mittentes
2705 1849 2793 1921 (11
2822 1849 2957 1903 Tim.
2993 1865 3070 1915 ιιι,
3104 1852 3226 1919 15);
3270 1850 3319 1902 id
3354 1859 3434 1904 est
3472 1852 3557 1919 qui
3592 1850 3644 1903 in

2060 1943 2326 1999 Trinitate
2355 1952 2561 2010 sancta,
2592 1949 2752 2012 atque
2780 1940 3005 1995 indivisa
3034 1941 3233 2010 aliquid
3265 1952 3523 1999 creatura,
3555 1951 3644 1996 aut

2062 2034 2282 2089 interius
2310 2034 2650 2104 posteriusve
2679 2012 2949 2087 suaserint
2977 2045 3097 2087 esse
3127 2030 3474 2086 credendum.
3503 2032 3639 2097 Quia

2060 2128 2321 2197 quidquid
2362 2136 2602 2182 creatum
2634 2134 2737 2191 est,
2778 2125 2921 2179 Deus
2951 2138 3070 2180 esse
3100 2140 3206 2179 non
3246 2133 3421 2193 potest
3454 2142 3465 2177 :
3504 2125 3645 2193 quod

2063 2219 2312 2283 interius,
2354 2218 2646 2287 perfectum
2679 2230 2783 2270 non
2819 2224 2901 2269 est
2931 2230 2946 2267 :
2990 2214 3131 2285 quod
3184 2216 3469 2280 posterius,
3499 2226 3647 2269 caret

2062 2314 2443 2381 perpetuitate:
2470 2325 2531 2364 ac
2554 2308 2775 2378 perinde
2800 2309 2851 2362 in
2878 2308 2958 2361 his
2976 2306 3229 2373 gradibus
3252 2306 3490 2360 divinum
3518 2305 3648 2362 nihil

2062 2420 2181 2459 esse
2213 2410 2404 2473 potest.
2438 2401 2713 2471 Ejusmodi
2746 2415 2973 2470 namque
3011 2399 3284 2466 doctores,
3318 2400 3401 2453 vel
3433 2398 3522 2468 qui
3557 2413 3647 2453 eo-

2062 2511 2181 2550 rum
2228 2502 2524 2566 scquuntur
2562 2491 2882 2555 doctrinam,
2916 2490 3133 2544 damnat
3175 2489 3242 2543 ita
3284 2489 3525 2544 scribens
3571 2488 3640 2540 ad

2066 2588 2336 2643 Romanos
2368 2601 2460 2639 vas
2499 2582 2780 2639 electionis
2820 2582 3009 2636 beatus
3062 2580 3396 2652 Apostolus:
3447 2580 3648 2647 Serapi-

2067 2689 2207 2730 terua
2239 2692 2437 2745 quoque
2454 2675 2562 2743 ejus
2592 2675 2750 2726 virtus
2784 2682 2829 2725 et
2862 2672 3134 2725 divinitas:
3168 2682 3220 2724 ut
3250 2672 3350 2725 sint
3380 2671 3649 2725 inexcusa-

2068 2770 2225 2823 biles:
2255 2771 2376 2839 quia
2406 2785 2521 2822 cum
2548 2770 2892 2835 cegnovissent
2934 2768 3119 2835 Deum,
3164 2785 3266 2823 non
3307 2770 3439 2822 sicut
3486 2768 3653 2822 Deum

2068 2861 2497 2930 gloriﬁcaverunt.
2526 2870 2613 2913 aut
2648 2860 2841 2931 gratias
2872 2868 3077 2929 egerunt
3102 2876 3121 2913 :
3150 2862 3239 2914 sed
3266 2870 3577 2913 evanuerunt
3599 2861 3652 2914 in

2069 2954 2458 3024 cogitationibus
2501 2953 2636 3017 suis,
2680 2964 2725 3006 et
2775 2954 3101 3006 obscuratum
3147 2962 3219 3007 est
3270 2954 3517 3021 insipiens
3564 2968 3653 3005 cor

2070 3061 2265 3101 eorum.
2298 3046 2526 3100 Dicentes
2542 3047 2676 3099 enim
2694 3062 2745 3099 se
2766 3063 2871 3101 esse
2884 3048 3160 3113 sapientes.
3186 3045 3329 3100 stulti
3348 3046 3612 3115 factisurt
3637 3061 3654 3097 :

2071 3146 2114 3189 et
2142 3145 2459 3190 mutaverunt
2488 3138 2702 3206 gloriam
2731 3138 3130 3206 incorruptibilis
3161 3137 3253 3192 Dei
3277 3138 3327 3190 in
3353 3137 3653 3193 similitudi-

2073 3242 2184 3278 nem
2237 3226 2472 3297 imaginis
2512 3226 2860 3295 corruptibilis
2892 3227 3111 3280 hominis
3148 3226 3323 3296 (liom.
3367 3243 3404 3289 t.
3444 3228 3531 3290 ΞΟ,
3562 3225 3656 3292 ii,

2071 3316 2163 3379 9.2,
2194 3317 2307 3386 23).
2344 3318 2409 3371 Et
2448 3318 2639 3381 iterum
2670 3319 2933 3385 sequitur,
2966 3317 3150 3371 dicens
3188 3333 3200 3369 :
3243 3318 3343 3383 Qui
3371 3326 3657 3370 commuta-

2073 3417 2246 3460 verunt
2278 3409 2536 3461 veritatem
2563 3408 2655 3462 Dei
2684 3410 2737 3462 in
2763 3408 3031 3461 mendacio
3055 3426 3069 3459 :
3101 3420 3145 3460 et
3171 3408 3456 3474 coluerunt,
3481 3418 3528 3461 et
3551 3425 3659 3461 ser-

2072 3501 2269 3553 vierunt
2309 3510 2552 3554 creatura:
2579 3502 2747 3568 potius
2772 3517 2921 3569 quam
2946 3499 3194 3567 Creatori,
3228 3501 3314 3569 qui
3352 3510 3423 3555 est
3458 3500 3658 3553 benedi.

2078 3604 2189 3644 ctus
2213 3593 2261 3642 in
2294 3593 2481 3645 sa'cula
2503 3592 2800 3645 swculomm
2826 3592 3011 3657 (Ib’d.,
3045 3590 3159 3659 25).

1196 3719 1673 3826 LIBER
1750 3720 2849 3833 DUODECIMU’S.

1441 3860 1528 3919 De
1553 3860 1878 3931 Trinitate,
1917 3871 1971 3921 et
1995 3863 2067 3924 de
2092 3867 2341 3942 Spiritu
2371 3876 2616 3927 sancto.

1825 3977 1885 4009 AD
1907 3978 2218 4015 THEDPIHLUM.

459 4090 616 4162 297
640 4089 730 4143 llis
756 4090 845 4157 qui
874 4088 1066 4143 Filium
1096 4089 1187 4143 Dei
1220 4097 1457 4143 creatum
1484 4102 1603 4143 esse
1635 4088 1969 4158 profitentur.

392 4193 722 4249 nequaquam
746 4178 813 4233 de
827 4179 1032 4247 Spiritu
1057 4189 1242 4233 sancto
1264 4178 1509 4232 dabimus
1539 4193 1878 4248 responsum.
1906 4180 1974 4235 Ut

2075 4111 2178 4162 que
2214 4111 2334 4150 esse
2382 4097 2570 4152 dicetis
2607 4100 2765 4153 etiam
2802 4098 3060 4169 Spiritum
3109 4110 3383 4165 sanctum;
3431 4104 3519 4172 qui
3551 4117 3657 4158 non

2075 4197 2158 4241 est
2182 4202 2389 4255 servus,
2419 4191 2517 4244 sed
2552 4191 2703 4254 liber,
2736 4199 2791 4245 et
2811 4191 3123 4246 liberaverit
3154 4204 3474 4260 creaturam,
3510 4207 3565 4250 et
3608 4198 3660 4249 in

391 4276 535 4328 ettim
567 4274 783 4337 Filium,
811 4274 900 4343 qtti
930 4273 997 4328 de
1025 4273 1324 4329 substantia
1355 4272 1451 4327 Dei
1482 4262 1885 4342 impassibiliter
1903 4276 1971 4328 sit
2002 4297 2051 4356 Ι)
2080 4280 2418 4347 adoptionem
2450 4282 2676 4335 filiorum
2705 4298 2821 4337 eam
2852 4284 3181 4353 promoverit,
3222 4285 3290 4339 ad
3340 4286 3525 4340 υεηηι,
3558 4286 3662 4341 Au;

392 4363 621 4433 genitus,
660 4373 895 4417 creatum
925 4364 1040 4416 ausi
1070 4374 1194 4417 sunt
1238 4364 1442 4426 dicere.
1478 4363 1548 4418 ita
1580 4371 1634 4418 et
1665 4364 1733 4418 de
1763 4364 1967 4433 Spiritu

392 4466 577 4510 sancto
616 4456 793 4510 dicunt
834 4456 1015 4524 utique
1058 4454 1274 4517 similia,
1319 4456 1685 4523 pmnitcntiam
1715 4470 1846 4509 vero
1882 4472 1971 4510 ac—

393 4547 516 4600 turi.
548 4546 652 4600 Sed
692 4546 759 4600 de
789 4546 925 4599 Filio
952 4547 1163 4601 interim
1206 4547 1562 4601 sentientibus
1597 4557 1766 4612 recte,
1805 4548 1966 4601 etiam

391 4641 458 4692 de
511 4639 710 4707 Spiritu
742 4648 929 4694 sancto
970 4641 1432 4707 restiondebimus.
1484 4641 1693 4695 Etenim
1744 4654 1971 4709 speran-

392 4733 515 4785 dum
545 4742 623 4785 est
656 4746 749 4785 eos
793 4733 881 4801 qui
911 4747 971 4787 se
1018 4734 1180 4787 semel
1213 4732 1283 4787 dc
1312 4734 1710 4803 irrctigiositatc
1736 4733 1800 4785 ad
1838 4734 1967 4787 reli-

394 4825 601 4888 gionem
644 4833 957 4877 convertere
998 4834 1294 4892 coeperunt,
1334 4825 1401 4877 ad
1437 4823 1726 4893 perfectum
1762 4824 1967 4877 lucrum

394 4913 529 4966 lteri.
562 4912 639 4966 Ex
686 4914 977 4980 St‘riptttris
1002 4930 1132 4968 sane
1155 4915 1371 4981 divinis,
1398 4927 1451 4971 et
1483 4930 1585 4969 non
1618 4929 1684 4967 ex
1729 4914 1975 4970 humanis

396 5004 758 5073 intelligentiis
786 5004 885 5058 hoc
909 5014 1010 5059 est.
1037 5005 1337 5062 Istiusmodi
1365 5010 1524 5077 igitur
1553 5009 1815 5061 rationem
1840 5023 1975 5076 pra:-

395 5103 538 5149 stare
559 5110 775 5163 operam
794 5095 968 5150 daturi
993 5112 1198 5151 sumus.
1226 5098 1395 5153 Dicite
1424 5099 1577 5153 nobis
1601 5098 1973 5165 admirabiles,

397 5188 484 5242 ubi
514 5187 912 5257 Scripturarum
959 5188 1265 5245 divinarum
1307 5191 1531 5260 legistis,
1570 5199 1813 5245 creatum
1859 5204 1979 5245 esse

397 5280 647 5347 Spiritum
670 5283 947 5337 sanctum?
972 5281 1256 5347 Joannem,
1288 5282 1558 5351 inquiunt,
1586 5283 1888 5337 audivimus
1924 5282 1975 5334 in

398 5373 685 5442 Evangelio
706 5375 971 5430 dicentem
999 5394 1011 5426 :
1050 5375 1234 5428 Omnia
1264 5389 1352 5441 per
1384 5375 1549 5443 ipsum
1578 5376 1717 5441 facta
1756 5382 1898 5437 sunt,
1930 5382 1979 5425 et

400 5464 504 5515 sine
547 5464 658 5529 ipso
707 5464 901 5531 factum
942 5473 1014 5516 est
1059 5462 1189 5514 nihil
1224 5460 1407 5526 (Joan.
1434 5478 1473 5525 ι,
1498 5461 1577 5530 5).
1608 5462 1811 5527 Quibus
1840 5461 1973 5514 dici-

402 5566 517 5603 mus
545 5571 556 5603 :
590 5554 643 5608 Si
673 5569 800 5622 ergo
821 5555 1097 5609 audieritis
1122 5564 1174 5607 et
1208 5552 1371 5605 David
1394 5554 1445 5606 in
1470 5554 1765 5607 centesimo
1787 5562 1977 5606 octavo

404 5640 607 5694 decimo
652 5645 856 5709 psalmo
899 5644 1098 5712 Spiritu
1144 5654 1330 5698 sancto
1377 5642 1646 5697 dicentem
1691 5643 1822 5709 Deo,
1856 5645 1976 5712 quia

404 5732 629 5785 universa
657 5734 876 5787 serviunt
907 5736 995 5788 tibi
1042 5736 1212 5799 (Psal.
1259 5750 1441 5801 cxvnt,
1474 5735 1590 5802 91),
1620 5751 1831 5791 servum
1874 5739 1975 5791 uti-

2082 4387 2188 4425 non
2218 4372 2438 4426 audistis
2471 4373 2693 4426 Paulum
2727 4374 2791 4427 ad
2836 4374 3105 4429 Romanos
3132 4376 3461 4431 scribentem
3488 4395 3499 4429 :
3536 4376 3661 4432 Non

2083 4464 2347 4531 accepistis
2387 4464 2622 4531 spiritum
2666 4465 2918 4518 servitutis
2956 4466 3137 4518 iterum
3188 4468 3239 4520 in
3288 4468 3539 4533 timorem,
3571 4469 3663 4522 sed

2085 4553 2347 4620 accepistis
2391 4554 2623 4623 spiritum
2663 4554 2957 4622 adoptionis
2986 4556 3236 4623 ﬁliorum,
3265 4557 3317 4610 in
3342 4574 3441 4626 quo
3470 4560 3664 4612 clama-

2086 4660 2217 4709 mus,
2248 4644 2386 4695 Abba
2417 4642 2590 4697 Pater.
2626 4642 2748 4712 Ipse
2795 4646 3020 4714 Spiritus
3061 4657 3373 4701 contestatus
3405 4650 3566 4721 298
3590 4660 3666 4704 est

2084 4734 2289 4800 spiritui
2315 4743 2508 4799 nostra,
2533 4735 2652 4801 quia
2675 4752 2847 4788 sumus
2868 4736 2965 4803 filii
2992 4734 3084 4789 Dei
3108 4736 3284 4803 (Rom.
3318 4753 3428 4802 vm,
3460 4738 3573 4806 ιδ).
3602 4741 3667 4795 Et

2086 4827 2279 4877 iterum
2308 4840 2321 4879 :
2355 4824 2463 4877 Lex
2510 4824 2643 4876 enim
2677 4825 2902 4893 Spiritus
2928 4829 3039 4880 ritte
3066 4830 3115 4880 in
3153 4826 3355 4881 Christo
3385 4828 3511 4882 Jesn
3534 4831 3662 4883 libe-

2086 4916 2212 4967 rauit
2242 4930 2319 4967 me
2358 4931 2389 4967 a
2431 4916 2537 4982 lege
2580 4917 2771 4981 peccati
2822 4925 2868 4968 et
2899 4917 3075 4969 mortis
3111 4916 3298 4986 (Ibid.,
3326 4920 3405 4987 2).
3436 4921 3490 4973 Si
3538 4935 3666 4974 vero

2091 5021 2196 5060 non
2225 5015 2309 5058 est
2358 5020 2544 5059 servus
2574 5004 2805 5073 Spiritus
2847 5016 3086 5075 sanctus,
3129 5007 3267 5061 sicut
3305 5010 3668 5078 probaverunt

2088 5096 2396 5162 Scriptum,
2430 5105 2483 5148 et
2506 5096 2762 5165 scriptum
2806 5107 2909 5161 est,
2946 5098 3076 5162 Quia
3106 5102 3276 5153 omnia
3315 5103 3535 5154 serviunt
3576 5104 3669 5156 tibi

2089 5186 2260 5257 (Psal.
2304 5201 2487 5251 cxvnt,
2518 5187 2631 5256 9|),
2666 5197 2720 5241 et
2749 5190 2888 5257 quod
2933 5189 3113 5243 omnia
3162 5206 3258 5259 per
3302 5192 3491 5247 Filium
3530 5193 3665 5247 laeta

2084 5289 2225 5344 sunt,
2262 5296 2362 5333 non
2394 5281 2628 5336 ostendit
2655 5292 2891 5335 creatum
2930 5296 3050 5336 esse
3091 5283 3348 5351 Spiritum
3397 5297 3665 5344 sanctum.

2086 5369 2201 5423 Non
2234 5371 2373 5423 enim
2425 5369 2661 5425 Joannes
2688 5382 2768 5425 cst
2796 5372 2882 5441 qui
2915 5373 3080 5427 dicit:
3119 5373 3308 5430 Omnia
3339 5392 3428 5445 per
3469 5375 3671 5434 Filium

2086 5464 2222 5528 [acta
2236 5472 2432 5525 sunt,et
2456 5463 2889 5532 sineipsofactum
2912 5466 3130 5519 estnihil
3156 5464 3335 5536 (Joan.
3361 5483 3398 5527 t.
3424 5468 3500 5538 5).
3518 5469 3670 5525 Unus

2087 5568 2315 5620 namque
2345 5567 2454 5607 erat
2482 5570 2665 5613 eorum
2692 5553 2780 5622 qui
2811 5554 3092 5610 audierunt
3121 5557 3458 5613 Salvatorem
3484 5559 3671 5615 dicen-

2086 5654 2187 5697 tetn
2216 5662 2227 5695 :
2277 5643 2395 5697 Non
2424 5645 2554 5697 enim
2586 5662 2667 5698 vos
2698 5646 2818 5698 estis
2848 5647 2931 5709 qui
2986 5647 3276 5715 loquimini,
3318 5652 3405 5703 sed
3444 5650 3671 5718 Spiritus

2084 5736 2256 5791 Patris
2284 5737 2452 5802 vestri,
2481 5737 2566 5803 qui
2591 5737 2805 5805 loquitur
2832 5738 2880 5791 in
2910 5740 3047 5792 vobis
3078 5738 3289 5807 (Matth.
3324 5758 3377 5808 ι,
3403 5743 3511 5808 ΞΟ).
3544 5746 3661 5798 Sic-
