3958 6176
238 269 321 324 309
1453 266 1533 319 DE
1571 264 1935 320 TRINITATE
1967 268 2091 322 Lm.
2126 269 2240 326 ΧΠ.

3346 273 3451 327 510

236 390 281 432 ut
307 387 356 431 et
404 376 579 429 Petrus
625 375 866 428 scribens
895 373 969 427 ait
996 391 1006 427 :
1040 375 1168 440 Quin
1215 388 1354 427 nunc
1382 375 1618 427 nuntiata
1647 382 1768 427 sunt
1798 376 1841 430 Α
1871 392 1986 429 eum
2015 376 2065 429 in
2091 379 2298 430 siccata.
2330 376 2622 430 Benedicite
2645 376 2722 432 sol
2753 387 2799 431 et
2828 379 2951 432 lima
2978 377 3273 444 Dominum,
3301 382 3447 450 hyrsi-

238 470 369 521 vnb‘s
394 482 481 534 per
500 464 948 534 evangelizantem
970 464 1022 517 in
1057 464 1208 518 vobis
1234 464 1492 533 Spiritum
1525 471 1770 517 sanctum

240 561 432 615 missum
474 572 503 610 e
540 557 709 610 caelis.
744 557 922 623 Itaque
952 557 996 610 si
1046 556 1277 623 Spiritus
1320 562 1537 608 sanctus
1566 563 1647 607 est
1683 553 1775 621 qui

237 652 379 705 dicit:
409 649 587 703 Omnia
617 665 706 715 per
734 646 927 702 Filium
958 649 1095 717 facta
1136 656 1272 711 sunt,
1304 656 1350 700 et
1379 648 1487 701 sine
1526 647 1639 715 ipso
1666 649 1779 715 fae-

239 751 330 793 tnm
366 750 431 792 es!
472 738 596 790 nihil
623 736 800 807 (Ioan.
831 754 865 801 t,
892 738 971 804 5),
995 746 1304 804 Oportuerat
1332 736 1546 805 quidem
1576 737 1772 805 ipsum,

236 833 468 901 siquidem
516 840 726 883 creatus
754 839 914 891 esset,
954 831 1132 883 dicere
1179 846 1190 881 :
1223 829 1413 883 Omnia
1464 843 1560 897 per
1600 828 1769 892 iisum

239 927 352 979 facta
380 933 516 985 sunt,
566 935 618 977 et
646 938 742 989 ego
783 938 873 991 per
902 937 1022 976 eum
1068 921 1237 975 factus
1284 936 1420 982 sum,
1457 928 1509 974 et
1547 920 1663 972 sine
1712 932 1778 970 eo

239 1016 407 1068 factum
428 1024 506 1068 est
529 1014 685 1078 nihil,
703 1012 969 1081 quomodo
995 1010 1326 1066 consuetudo
1343 1019 1648 1065 sanctorum
1672 1017 1775 1062 est.

238 1111 299 1162 lta
326 1109 503 1162 Paulus
543 1123 673 1162 sane
700 1107 767 1161 de
802 1122 861 1161 se
890 1116 945 1160 et
986 1106 1054 1161 de
1088 1105 1336 1158 omnibus
1365 1103 1563 1157 sanctis
1592 1101 1778 1156 obser-

242 1202 517 1255 vantissime
547 1199 765 1253 scribit:
798 1197 956 1252 Nobis
984 1207 1150 1251 autem
1180 1212 1312 1248 unus
1337 1194 1471 1248 Deus
1506 1193 1678 1259 Pater,
1715 1208 1781 1245 ea:

240 1308 318 1358 quo
337 1291 519 1352 omnia,
549 1299 595 1341 et
616 1305 746 1342 unus
780 1288 1027 1341 Dominus
1050 1285 1203 1341 Iesus
1230 1284 1480 1347 Christus,
1518 1300 1605 1351 per
1632 1297 1779 1350 quem

237 1380 403 1442 omnia,
424 1389 468 1431 et
493 1395 589 1431 nos
609 1394 698 1449 per
722 1378 886 1447 ipsum
918 1376 964 1439 χΙ
989 1376 1104 1431 Cor.
1138 1392 1249 1443 vni,
1283 1376 1358 1445 6).
1393 1374 1493 1430 Sed
1526 1374 1778 1443 quoniam

236 1486 324 1522 non
353 1480 427 1523 est
457 1469 839 1534 universitatis,
866 1468 958 1523 sed
989 1468 1262 1522 Trinitatis
1291 1466 1518 1535 Spiritus
1538 1474 1776 1529 sanctus,

236 1562 386 1614 Omnia
417 1576 535 1627 qua!
572 1571 690 1624 post
721 1560 1035 1614 Trinitatem
1066 1568 1210 1626 sunt,
1244 1575 1340 1628 per
1365 1559 1559 1613 Filium
1600 1568 1776 1613 creata

235 1666 338 1704 esse
363 1651 486 1704 dixit
538 1651 773 1719 Spiritus
808 1658 1047 1705 sanctus.
1087 1652 1259 1705 Testis
1299 1660 1477 1704 autem
1525 1659 1608 1703 est
1648 1648 1776 1703 mihi

1880 480 1999 515 num
2025 465 2195 529 dicite,
2242 474 2286 517 et
2322 468 2694 533 supereraltate
2729 483 2838 521 eum
2868 468 2921 520 in
2955 468 3140 520 sa’cula
3172 465 3332 533 (Dan.
3367 485 3446 537 tu,

1879 553 2094 619 57.62).
2131 555 2196 607 Et
2227 555 2279 607 in
2317 558 2770 624 consequentibus
2803 558 3122 625 semetipsos
3145 559 3212 612 ad
3240 559 3340 611 hoc
3370 560 3449 613 iu-

1879 642 2143 697 citantcs:
2175 642 2467 698 Benedicite
2507 646 2728 711 Anania,
2770 647 2959 700 Azaria
2987 658 3031 702 et
3058 646 3245 701 Hisael
3274 648 3449 702 Domi~

1880 748 2023 798 num,
2060 734 2265 787 laudate
2294 744 2338 788 et
2370 738 2744 805 superexaltate
2793 753 2907 789 eum
2947 739 2998 790 in
3030 740 3216 791 sa'cula
3259 737 3447 809 (Ibid.,

1880 822 1997 887 88).
2038 824 2101 877 Et
2142 839 2352 877 omnem
2379 835 2677 880 creaturam
2710 827 3026 881 benedicere
3054 828 3336 883 Dominum
3366 847 3449 884 se-

1879 925 1999 963 cum
2019 911 2382 977 adhortantes,
2412 929 2515 967 non
2544 916 2753 969 dicunt:
2782 915 3067 970 Benedicat
3091 918 3370 972 Dominum
3395 930 3449 975 et

1881 1002 2108 1069 Spiritus
2152 1012 2389 1059 sanctus.
2425 1006 2529 1060 Sed
2559 1017 2611 1059 et
2644 1006 2788 1060 Isaia:
2818 1007 3098 1075 Seraphim
3128 1012 3355 1064 astantia
3396 1023 3448 1067 et

1882 1095 2147 1149 laudantia
2174 1097 2284 1149 visa
2309 1106 2524 1158 sunt;et
2551 1098 2809 1152 Ezechieii
2834 1098 3108 1154 cherubim
3130 1101 3315 1154 subtus
3336 1102 3448 1169 glo-

1882 1187 2013 1240 riam
2038 1187 2127 1240 Dei
2159 1187 2341 1241 Israel.
2370 1188 2502 1242 Cum
2538 1188 2943 1243 evidentissime
2971 1205 3097 1260 ergo
3121 1194 3289 1245 sancti
3316 1194 3448 1248 lide-

1884 1280 2001 1332 liter
2029 1295 2131 1333 non
2163 1290 2642 1336 connumerassent
2677 1282 2761 1337 his
2785 1298 2905 1351 quas
2949 1299 3041 1352 per
3074 1286 3265 1340 Filium
3313 1286 3449 1343 facta

1882 1378 2024 1435 sunt,
2058 1369 2312 1435 Spiritum
2329 1379 2595 1427 sanctum.
2620 1373 2713 1426 sed
2745 1373 2937 1442 ubique
2950 1374 3237 1444 Scriptum
3257 1376 3448 1434 divinat

1882 1474 2001 1513 cum
2035 1460 2189 1514 Patre
2229 1470 2280 1515 et
2310 1461 2446 1515 Filio
2473 1477 2595 1516 eum
2624 1465 2878 1531 professae
2909 1466 3035 1527 sint,
3068 1482 3225 1536 quem
3252 1484 3355 1524 non
3380 1472 3446 1525 ti-

1884 1560 2029 1604 ment
2077 1549 2162 1605 isti
2210 1550 2353 1605 Patri
2380 1560 2434 1605 et
2477 1552 2612 1616 Filio
2648 1556 2985 1622 subtrahere,
3017 1567 3072 1610 et
3119 1561 3448 1616 universitati

1883 1642 2151 1695 audaciter
2166 1656 2571 1697 connumerare.
2603 1643 2706 1698 Sed
2739 1644 2931 1698 Paulus
2950 1646 3026 1699 ait
3055 1647 3304 1703 Ecelesiis
3332 1650 3445 1714 Dei.

236 1743 401 1797 Patrius
428 1742 769 1796 beatissimus
808 1744 857 1796 in
883 1743 1083 1811 Spiritu
1130 1756 1340 1805 sancto,
1372 1742 1475 1796 hoc
1502 1741 1642 1811 quod
1665 1756 1777 1794 om-

1885 1731 2065 1786 Gratia
2113 1733 2247 1786 vobis
2296 1743 2344 1786 et
2388 1750 2490 1803 pax
2536 1750 2565 1787 a
2610 1733 2717 1788 Deo
2764 1736 2935 1799 Patre,
2985 1738 3286 1793 et-Domino
3326 1739 3447 1795 Iesu

236 1835 303 1885 nia
329 1847 414 1899 per
439 1832 633 1887 Filium
653 1833 784 1886 tacta
813 1833 939 1897 sint,
969 1833 1227 1902 prolitcns
1256 1835 1308 1885 in
1334 1831 1565 1901 Epistula
1596 1845 1688 1885 sua
1713 1831 1778 1884 ad

234 1925 556 1980 Colossenses
594 1926 788 1992 scripta
828 1943 839 1977 :
889 1926 1019 1990 Quia
1062 1928 1110 1980 in
1136 1928 1249 1994 ipso
1280 1925 1419 1979 Filio
1450 1936 1619 1979 creata
1662 1934 1777 1978 sunt

234 2017 379 2068 omnia
419 2030 533 2084 qua:
572 2016 625 2068 in
654 2016 817 2080 (telis,
851 2024 895 2070 et
923 2031 1036 2086 qua:
1059 2018 1109 2069 in
1150 2017 1319 2083 terris,
1343 2017 1447 2070 sive
1486 2016 1704 2069 visibilia
1730 2025 1780 2070 et

234 2106 497 2173 invisibilia,
533 2108 640 2160 sive
665 2107 852 2171 throni,
880 2108 983 2159 sive
1022 2108 1413 2175 dominationes,
1446 2109 1549 2161 sive
1593 2108 1782 2173 princi-

235 2207 377 2261 patus,
412 2199 515 2251 sire
568 2206 873 2264 potestates;
921 2198 1092 2251 omnia
1134 2214 1222 2267 per
1265 2199 1451 2269 ipsum,
1485 2207 1532 2252 et
1577 2197 1629 2250 in
1667 2197 1780 2257 ipso

234 2296 372 2340 creata
396 2296 539 2353 sunt,
573 2296 618 2339 et
659 2289 768 2356 ipse
813 2297 885 2341 est
912 2298 1029 2342 ante
1053 2290 1222 2342 omnia
1250 2289 1387 2359 (Col.
1421 2305 1459 2354 ι,
1512 2288 1624 2357 16).
1659 2287 1777 2342 Non

232 2376 357 2433 dixit.
378 2376 487 2429 sive
507 2375 743 2444 Spiritus
770 2385 1007 2430 sanctus.
1030 2376 1311 2431 Psalmista
1339 2392 1550 2447 quoque
1580 2378 1631 2431 in
1654 2392 1781 2432 cen-

233 2468 398 2522 tesimo
437 2477 493 2523 et
550 2469 957 2536 quadragesimo
1002 2478 1191 2523 octavo
1222 2469 1444 2537 psalmo,
1491 2470 1542 2522 in
1579 2468 1778 2537 Spiritu

231 2556 394 2610 iterum
436 2568 631 2612 sancto
662 2559 928 2626 imperans
964 2561 1224 2614 universa:
1261 2568 1524 2614 creaturae
1562 2560 1780 2614 laudare

234 2647 375 2701 Deum
404 2660 456 2704 et
476 2650 706 2703 dicens:
743 2649 969 2703 Laudate
1002 2648 1273 2703 Dominum
1295 2651 1357 2703 de
1385 2650 1545 2711 caelis,
1571 2649 1781 2702 laudate

227 2753 321 2789 eam
344 2742 391 2792 in
414 2741 652 2793 excelsis.
697 2739 931 2793 Laudate
953 2756 1064 2794 eum
1094 2757 1266 2795 omnes
1300 2741 1469 2813 angeli
1488 2744 1621 2813 ejus,
1665 2742 1780 2795 lau-

227 2832 324 2883 date
350 2848 457 2885 eum
486 2848 670 2885 omnes
698 2835 904 2885 virtutes
926 2836 1054 2904 ejus.
1086 2832 1311 2887 Laudate
1326 2850 1438 2886 eum
1464 2835 1540 2887 sol
1560 2843 1607 2887 et
1631 2834 1773 2897 luna,

226 2921 409 2975 laudate
435 2939 553 2976 eum
593 2939 766 2976 omnes
785 2924 944 2977 stellte
972 2933 1019 2976 et
1046 2923 1232 2977 lumen.
1269 2924 1501 2977 Laudate
1528 2940 1642 2977 eum
1666 2924 1777 2977 εαυΙὶ

226 3011 457 3076 calorum,
487 3024 540 3067 et
570 3028 841 3082 aqua:un
864 3030 1017 3081 super
1036 3014 1185 3068 ewlos
1210 3025 1325 3068 sun?
1357 3015 1568 3067 laudent
1596 3030 1774 3067 nomen

230 3102 413 3157 Domini
442 3104 859 3175 (Psal.cxtvnt,
900 3107 971 3173 1),
1026 3117 1153 3170 etc.,
1186 3106 1455 3170 indignum
1496 3106 1647 3159 duxit
1696 3107 1777 3161 bis

225 3208 591 3250 connumerare
653 3196 909 3265 Spiritum
956 3206 1215 3259 sanctum,
1273 3204 1330 3250 et
1378 3197 1559 3251 dicere
1594 3216 1606 3249 :
1642 3197 1776 3251 Lau-

224 3286 299 3341 dct
333 3304 447 3343 eum
490 3290 729 3358 Spiritus
771 3296 988 3342 sanctus
1028 3306 1040 3341 :
1075 3290 1233 3359 299
1261 3289 1381 3357 quia
1418 3290 1774 3356 laudatorum,

225 3390 269 3433 et
328 3397 427 3435 non
508 3381 843 3436 laudantium
916 3391 999 3436 est
1071 3382 1547 3454 (quemadmodum
1620 3384 1775 3451 paulo

227 3482 325 3539 post
371 3473 420 3526 in
450 3473 748 3541 Scripturis
807 3473 1225 3541 probabimus),
1269 3482 1334 3527 et
1370 3473 1775 3539 vivificantium,

227 3576 250 3613 e
300 3578 392 3615 nun
436 3563 789 3617 viviﬁcandus
822 3572 923 3627 est,
973 3563 1075 3617 vita
1115 3578 1234 3617 cum
1265 3566 1365 3627 sit;
1415 3564 1548 3618 sicut
1585 3564 1779 3619 Paulus

228 3654 267 3705 in
307 3658 537 3709 secunda
590 3656 657 3709 ad
701 3646 1017 3709 Corinthios
1059 3656 1295 3725 Epistola
1333 3656 1405 3709 ait
1437 3674 1449 3709 :
1503 3654 1609 3709 Sed
1642 3658 1778 3726 suﬁi-

228 3747 383 3799 cientia
411 3758 588 3800 nostra
630 3762 691 3799 ea:
724 3744 831 3799 Deo
875 3754 970 3809 est,
999 3748 1085 3815 qui
1112 3753 1161 3798 et
1192 3747 1397 3800 idoneos
1429 3761 1518 3798 nos
1543 3747 1661 3812 fecit
1686 3748 1781 3799 mi-

225 3835 387 3889 nistros
416 3837 555 3890 Novi
587 3836 916 3898 Testamenti,
950 3851 1047 3888 non
1080 3836 1266 3897 littera,
1289 3835 1379 3888 sed
1410 3836 1609 3903 Spiritu
1637 3851 1657 3888 .'
1696 3837 1781 3888 lit-

228 3935 316 3977 tera
344 3930 472 3980 enim
515 3928 724 3989 occidit,
751 3928 975 3997 Spiritus
1004 3935 1171 3979 autem
1199 3926 1415 3992 viviﬁcat
1439 3924 1528 3994 (II
1554 3925 1671 3980 Cor.
1703 3942 1779 3990 tn,

226 4014 385 4083 5).Ad
418 4019 696 4072 Romanos
742 4016 1114 4087 vero:Corpus
1161 4016 1362 4085 quidem
1408 4027 1667 4069 mortuum
1706 4027 1779 4069 est

226 4119 407 4175 propter
426 4120 708 4177 peccatum.
741 4108 969 4177 Spiritus
989 4118 1155 4159 autem
1177 4110 1276 4159 vita
1300 4116 1504 4175 propter
1523 4107 1783 4177 justitiam

226 4199 385 4265 (liam.
414 4217 532 4265 vui,
582 4200 693 4269 tu).
728 4201 793 4253 Et
824 4201 1014 4253 iterum
1055 4216 1065 4250 :
1101 4197 1163 4253 Si
1190 4209 1359 4252 autem
1398 4198 1626 4265 Spiritus
1671 4201 1785 4269 ejus

224 4292 296 4353 qui
314 4291 566 4345 suscitavit
596 4292 775 4344 Iesum
804 4289 1064 4344 Christum
1091 4304 1123 4340 a
1152 4290 1364 4343 mortuis
1394 4288 1585 4341 habitat
1614 4289 1667 4342 in
1693 4305 1779 4341 vo-

227 4378 305 4441 bis,
338 4382 420 4448 qui
445 4382 712 4433 suscitavit
732 4378 911 4432 Iesum
935 4378 1190 4432 Christum
1220 4396 1251 4431 α
1281 4381 1517 4445 mortuis,
1551 4380 1783 4447 viviﬁca-

226 4471 282 4521 δὴ
315 4483 360 4526 tt
388 4474 629 4525 mortalia
655 4488 872 4539 corpora
895 4482 1075 4532 vestra,
1104 4487 1195 4540 per
1220 4471 1585 4523 inhabitantem
1614 4470 1781 4540 Spiri.

228 4570 319 4613 tum
340 4580 487 4616 suum
532 4564 584 4616 in
632 4564 769 4615 vobis
818 4560 981 4628 (Ibid.
1021 4562 1131 4628 11).
1190 4562 1321 4615 Tres
1366 4576 1577 4630 quoque
1612 4561 1781 4615 sancti

225 4666 494 4722 martyres,
516 4654 769 4717 Aoanias,
798 4654 1013 4706 Azarias
1043 4663 1098 4707 et
1117 4653 1317 4718 Misael,
1340 4654 1390 4705 in
1416 4653 1628 4705 iornace
1649 4652 1783 4721 ignis

227 4747 389 4811 positi,
425 4750 476 4799 in
505 4758 644 4800 terra
674 4745 1066 4810 Chaldzcorum,
1092 4759 1210 4797 cum
1235 4744 1621 4799 admirabiliter
1642 4744 1783 4797 Deus

223 4838 444 4890 Calorem
480 4836 616 4905 ignis
642 4835 708 4889 ad
737 4844 1086 4900 temperatum
1116 4834 1449 4903 refrigerium
1483 4834 1778 4888 convertis-

225 4932 313 4988 set,
342 4924 643 4980 universam
674 4910 975 4981 creaturam
992 4925 1335 4979 adhortantes
1356 4939 1539 4980 secum
1565 4924 1784 4979 laudare

225 5015 400 5077 Deum,
425 5019 506 5069 sic
538 5018 797 5085 incipiunt
823 5035 835 5069 :
870 5017 1155 5070 Benedicile
1178 5018 1349 5069 omnia
1377 5032 1535 5083 opera
1568 5016 1779 5068 Domini

222 5102 508 5169 Dominum,
529 5110 735 5161 laudate
754 5117 799 5160 et
819 5108 1190 5177 superexaltate
1219 5122 1331 5158 eum
1360 5106 1413 5158 in
1438 5107 1647 5160 sweula.
1678 5104 1780 5159 Be-

219 5202 425 5253 nedicite
445 5202 556 5252 cali
580 5200 874 5263 Dominum,
906 5200 1147 5268 hymnum
1175 5199 1324 5251 dicite
1339 5205 1384 5250 et
1410 5199 1783 5264 superexaltate

218 5304 322 5341 eum
349 5293 403 5345 in
432 5292 639 5345 uetula.
673 5290 957 5344 Benedicite
993 5291 1160 5359 angeli
1196 5287 1494 5350 Dominum,
1542 5290 1780 5355 hymnum

215 5384 377 5447 dicite,
401 5394 449 5435 et
475 5383 847 5453 superexaltate
861 5397 975 5433 eum
1000 5382 1051 5433 in
1080 5378 1287 5433 satcula.
1320 5377 1607 5431 Benedicite
1633 5392 1781 5443 aqua:

215 5488 317 5535 quc
354 5488 513 5537 super
541 5475 689 5527 caelos
732 5482 851 5527 sunt
900 5472 1203 5533 Dominum;
1246 5470 1490 5538 hymnum
1530 5471 1704 5534 dicite,
1735 5479 1780 5522 et

214 5566 580 5629 tuperexultalc
602 5582 715 5618 eum
741 5566 792 5617 in
822 5565 1028 5618 saecula.
1057 5562 1347 5615 Benedicite
1368 5578 1540 5615 omnes
1572 5563 1779 5614 virtutes

217 5649 412 5707 Domini
466 5652 756 5722 Dominum,
802 5656 1043 5724 hymnum
1092 5653 1263 5719 divite,
1302 5662 1346 5707 et
1398 5653 1775 5720 superexaltate

1882 1823 2080 1876 Christo
2104 1823 2279 1892 (Rom.
2310 1824 2417 1887 1,7,
2449 1832 2497 1877 et
2522 1824 2574 1876 in
2603 1826 2717 1879 aliis
2750 1825 2994 1893 Epistolis
3020 1826 3078 1882 S.
3109 1827 3307 1899 Pauli),
3343 1846 3447 1886 non

1882 1914 1913 1969 d
1939 1916 2004 1968 cit
2028 1926 2205 1969 autem
2232 1924 2286 1971 et
2309 1916 2471 1985 300
2501 1916 2702 1984 Spiritu
2732 1928 2935 1971 sancto.
2970 1919 3031 1972 Et
3060 1920 3126 1973 ad
3155 1921 3444 1978 Thessalo.

1882 2006 2124 2059 nicenws
2152 2006 2390 2061 scribens
2418 2006 2568 2072 dicit,
2601 2007 2626 2059 Ι
2635 2023 2720 2073 pse
2736 2016 2903 2059 autem
2929 2007 3061 2061 Deus
3091 2010 3263 2080 Pater,
3280 2022 3325 2065 et
3344 2010 3449 2066 Do-

1882 2099 2048 2150 minus
2076 2106 2245 2151 noster
2273 2097 2422 2151 Iesus
2468 2097 2696 2151 Christus
2737 2099 2925 2168 dirigat
2957 2100 3090 2153 viam
3120 2115 3341 2156 nostram
3384 2105 3448 2157 ad

1879 2205 1964 2242 vos
1995 2188 2045 2257 (I
2072 2189 2244 2244 Thess.
2276 2206 2350 2255 ut,
2379 2191 2465 2260 11)
2492 2206 2507 2257 ;
2544 2208 2648 2248 non
2679 2194 2883 2264 dicens,
2923 2214 2941 2248 ι
2975 2209 3026 2253 et
3055 2198 3285 2267 Spiritus
3327 2214 3451 2254 san-

1880 2290 2017 2346 ctus,
2048 2300 2065 2332 ι
2082 2281 2382 2337 mnifestat
2405 2298 2641 2338 noneum
2664 2300 2781 2340 cum
2803 2286 2958 2342 Patre
2974 2297 3026 2343 et
3042 2289 3203 2353 Filio,-
3222 2291 3313 2345 sed
3328 2306 3450 2347 cum

1883 2376 2224 2431 universitate
2252 2379 2604 2445 pronuntiari.
2632 2379 2760 2433 Nam
2784 2391 2836 2435 et
2867 2380 3095 2437 famulus
3124 2385 3213 2439 Dei
3241 2385 3451 2455 Moyses

1879 2465 2005 2519 dicit
2036 2465 2284 2519 Dominus
2311 2468 2484 2537 pluita
2512 2468 2728 2523 Domino
2750 2472 2811 2524 de
2834 2472 2959 2526 cazlo
2979 2473 3195 2541 sulphur
3219 2483 3267 2527 et
3287 2474 3452 2544 ignem

1879 2556 2036 2625 (Gen.
2068 2573 2175 2619 XIX,
2206 2556 2320 2627 21),
2377 2573 2480 2611 non
2510 2572 2767 2613 memorat
2803 2560 3057 2629 Spiritum
3088 2572 3353 2618 sanctum.
3406 2564 3449 2619 A

1880 2662 1983 2716 quo
2019 2656 2072 2701 et
2097 2647 2290 2702 Paulus
2324 2663 2442 2702 cum
2490 2649 2782 2713 didicisset,
2829 2651 2972 2706 etde
2998 2652 3338 2721 Onesiphoro
3383 2655 3450 2708 ad

1879 2737 2213 2792 Timotheum
2241 2740 2442 2799 scribit.
2472 2738 2568 2793 Det
2594 2741 2639 2793 ei
2657 2740 2905 2794 Dominus
2924 2743 3146 2796 invenire
3166 2745 3449 2798 misericor-

1879 2831 2018 2883 diam
2048 2847 2081 2882 a
2125 2828 2340 2883 Domino
2371 2832 2423 2883 in
2449 2833 2531 2885 die
2561 2832 2655 2885 illa
2702 2831 2788 2896 (ΙΙ
2823 2834 2955 2887 Titii.
2998 2850 3034 2897 1,
3068 2836 3178 2904 18).
3207 2834 3315 2891 Nec
3344 2853 3449 2893 non

1878 2930 1931 2975 et
1967 2921 2017 2973 in
2061 2920 2245 2974 Exodo
2271 2923 2526 2989 scriptum
2554 2931 2666 2977 est:
2700 2924 2839 2977 Dixit
2867 2935 3044 2978 autem
3087 2926 3345 2982 Dominus
3382 2927 3449 2981 ad

1887 3018 2155 3088 Moysem:
2209 3018 2551 3088 Quoadusque
2594 3036 2693 3073 non
2736 3020 2887 3074 vultis
2933 3023 3178 3075 obaudire
3205 3026 3451 3078 mandata

1888 3127 2020 3172 mea,
2049 3120 2094 3163 et
2123 3109 2347 3178 legitima
2375 3126 2486 3162 mea
2516 3110 2875 3165 considerare?
2896 3112 3015 3165 Non
3044 3112 3289 3167 Dominus
3314 3113 3450 3169 Deus

1880 3204 2014 3257 dedit
2032 3202 2167 3256 vobis
2193 3203 2342 3255 istum
2361 3202 2493 3255 diem
2516 3202 2749 3255 sabbati?
2772 3202 3051 3273 Propterea
3072 3205 3181 3271 ipse
3201 3205 3339 3258 dedit
3366 3222 3450 3261 υοο

1879 3295 1951 3347 bis
1980 3310 2135 3363 panes
2162 3294 2323 3346 duum
2354 3294 2552 3346 dierum
2581 3293 2774 3363 (Exod.
2806 3310 2914 3359 xvr,
2954 3294 3071 3363 28).
3106 3296 3170 3347 Et
3212 3297 3296 3350 hic
3324 3312 3443 3351 cum

1881 3384 2051 3438 Patris
2088 3393 2141 3437 et
2169 3384 2283 3437 Filii
2315 3384 2523 3438 fecisset
2550 3384 2872 3438 mentionem
2899 3426 2912 3448 ,
2945 3385 3013 3439 de
3037 3385 3235 3453 Spiritu
3267 3398 3453 3441 sancto

1883 3475 2063 3527 tacuit.
2090 3473 2327 3542 Denique
2357 3484 2408 3527 et
2438 3473 2724 3528 Zacharias
2752 3473 3010 3543 propheta
3034 3475 3161 3529 dicit
3189 3495 3201 3528 :
3240 3474 3303 3529 Et
3323 3478 3452 3531 dixit

1886 3564 2127 3617 Dominus
2147 3566 2213 3617 ad
2248 3565 2509 3618 diabolum
2535 3580 2553 3617 :
2598 3562 2831 3633 Increpet
2867 3565 2921 3618 in
2962 3576 3007 3618 te
3034 3565 3302 3631 Dominus,
3330 3570 3448 3621 dia-

1883 3656 1993 3709 bole
2019 3654 2199 3724 (Zach.
2224 3670 2300 3716 In,
2332 3654 2411 3721 2).
2446 3654 2541 3709 Ubi
2569 3664 2652 3710 est
2676 3671 2815 3709 nunc
2843 3665 2898 3710 et
2926 3657 3068 3724 apud
3100 3659 3255 3711 istum
3285 3659 3454 3727 Spiri-

1884 3759 1966 3803 tus
1987 3751 2234 3803 sancttts?
2254 3750 2418 3815 Quem
2451 3758 2627 3803 autem
2660 3764 2763 3803 non
2793 3752 3024 3805 movebit
3052 3753 3337 3807 instructio
3362 3770 3451 3809 sa.

1882 3840 2173 3893 cramenti?
2205 3848 2359 3907 prout
2402 3839 2654 3892 Dominus
2682 3840 2996 3906 profitetur:
3037 3840 3163 3894 Ηιεσ
3189 3855 3259 3895 est
3281 3854 3449 3897 autem

1884 3931 1984 3982 vita
2019 3939 2228 3994 (eterna,
2278 3940 2334 3983 ut
2370 3938 2675 3999 cognoscant
2698 3940 2746 3982 te
2774 3932 2938 3983 solum
2971 3947 3144 3986 verum
3177 3930 3358 4000 Deum,
3402 3945 3449 3988 et

1884 4036 2027 4087 quem
2060 4022 2238 4073 misisti
2260 4019 2435 4072 Iesum
2466 4018 2722 4072 Christum
2746 4020 2927 4087 (Ioan.
2964 4037 3094 4087 xv",
3129 4026 3206 4092 5),
3232 4040 3352 4079 cum
3385 4026 3452 4079 de

1883 4110 2081 4177 Spiritu
2130 4110 2260 4163 nib.l
2296 4109 2536 4163 dixisset.
2593 4108 2768 4177 lEque
2812 4111 3005 4165 Paulus
3058 4127 3178 4166 cum
3229 4113 3449 4167 didicis-

1886 4210 1968 4253 set
1997 4199 2114 4253 iidei
2163 4209 2579 4263 sacramentum,
2615 4199 2830 4252 tradidit
2858 4201 3100 4254 scribens
3132 4203 3201 4255 ita
3240 4219 3254 4255 :
3290 4203 3453 4258 Nobis

1887 4304 2000 4341 vero
2025 4304 2156 4341 unus
2187 4286 2323 4341 Deus
2346 4286 2521 4345 Pater.
2551 4303 2611 4340 ea:
2638 4303 2737 4355 quo
2769 4291 2962 4351 omnia,
2993 4300 3040 4342 et
3062 4307 3153 4343 nos
3176 4292 3228 4344 in
3255 4293 3343 4345 illo
3368 4309 3384 4345 :
3407 4303 3458 4346 et

1889 4393 2018 4429 unus
2051 4377 2295 4430 Dominus
2321 4375 2464 4430 Iesus
2495 4377 2748 4440 Christus,
2778 4394 2866 4446 per
2895 4395 3043 4447 quem
3068 4384 3259 4447 omnia,
3293 4393 3338 4435 et
3361 4400 3452 4436 nos

1888 4482 1976 4535 per
2000 4467 2166 4535 ipsum
2195 4465 2247 4533 (I
2276 4466 2393 4520 Cor.
2438 4482 2552 4532 vm,
2578 4467 2655 4536 6).
2692 4466 2831 4535 Ergo
2854 4469 3047 4534 ubique
3074 4470 3265 4524 divina}
3309 4473 3452 4527 Scri-

1888 4568 2054 4625 pturce
2101 4568 2459 4611 memorantes
2504 4558 2711 4611 Patrem
2744 4568 2797 4612 et
2828 4559 3047 4625 Filium,
3083 4576 3187 4615 non
3221 4578 3453 4619 comme-

1887 4658 2094 4701 morant
2121 4648 2279 4701 etiam
2308 4648 2567 4715 Spiritum
2613 4659 2881 4703 sanctum.
2923 4650 3002 4714 Qu
3031 4652 3127 4705 bus
3159 4654 3258 4707 hoc
3298 4656 3454 4709 modo

1890 4734 2272 4807 respondemus
2295 4753 2310 4793 :
2344 4740 2398 4792 Si
2424 4754 2554 4807 ergo
2579 4739 2810 4809 Moysetn
2838 4742 3117 4796 audieritis
3146 4744 3411 4800 dicentem
3439 4766 3452 4798 :

1889 4831 2164 4885 Dominum
2218 4830 2377 4884 Deum
2434 4844 2572 4885 tuum
2629 4835 2886 4899 adorabis,
2944 4846 2988 4889 et
3032 4837 3108 4889 illi
3139 4824 3238 4890 soli.
3275 4842 3455 4894 servies

1887 4921 2064 4991 (Deut.
2098 4938 2169 4986 vt,
2204 4922 2310 4987 15).
2348 4924 2449 4975 Aut
2476 4923 2517 4975 si
2545 4923 2818 4977 audieritis
2846 4924 3010 4979 Deum
3044 4929 3095 4981 in
3127 4928 3254 4983 Isaia
3278 4932 3455 4985 dicen-

1887 5024 2026 5068 tem:
2060 5014 2188 5068 Ante
2217 5031 2294 5067 me
2324 5032 2421 5067 non
2450 5016 2545 5084 fuit
2571 5016 2701 5069 alius
2726 5016 2883 5081 Dens,
2912 5030 2958 5071 et
2987 5030 3099 5088 post
3127 5038 3205 5075 me
3237 5039 3337 5075 non
3364 5023 3455 5074 erit

1886 5104 2037 5175 (lsai.
2067 5121 2213 5169 suit,
2248 5103 2353 5173 10),
2383 5106 2470 5158 ubi
2504 5107 2695 5173 ponitis
2727 5108 2955 5163 Filium?
2987 5112 3087 5163 Ant
3107 5112 3149 5163 si
3180 5111 3454 5164 audit-ritis

1884 5210 2004 5247 eum
2051 5196 2239 5248 iterum
2270 5194 2319 5246 itt
2352 5194 2478 5271 Isaia
2509 5196 2773 5252 dicentem
2804 5216 2814 5251 :
2863 5198 2971 5266 Ego
2998 5198 3152 5261 Deus,
3178 5210 3224 5252 et
3252 5216 3348 5252 non
3382 5209 3452 5250 est

1884 5296 2065 5359 praeter
2106 5304 2181 5341 me
2208 5289 2411 5342 salvans
2443 5289 2596 5359 (lsai.
2628 5304 2771 5355 mit,
2806 5293 2915 5359 11).
2944 5292 3079 5357 Ergo
3107 5307 3277 5358 neque
3311 5292 3451 5342 Deus

1884 5380 2139 5445 salvator,
2162 5378 2272 5446 jam
2302 5390 2555 5447 quantum
2583 5394 2675 5444 per
2700 5394 2792 5432 vos
2816 5388 2917 5442 est,
2948 5378 3109 5430 Filius
3138 5380 3225 5431 Dei
3251 5378 3301 5430 in
3325 5392 3450 5429 con-

1885 5469 2118 5524 fcssione
2161 5468 2380 5522 dicitur.
2423 5471 2527 5523 Aut
2574 5469 2618 5522 si
2650 5468 2931 5522 audieritis
2968 5468 3158 5520 iterum
3201 5467 3448 5521 eumdem

1882 5561 2146 5615 dicentem
2169 5576 2180 5609 :
2209 5557 2377 5613 Testes
2407 5560 2525 5613 estis
2550 5574 2655 5623 vos,
2676 5559 2720 5612 si
2740 5568 2810 5612 est
2835 5557 2968 5609 Deus
2991 5567 3171 5622 prieter
3194 5574 3271 5611 me
3294 5556 3447 5627 (Isai.

1884 5666 2030 5718 XLIV,
2046 5650 2121 5719 8);
2145 5666 2247 5707 tton
2265 5650 2547 5720 perhibcns
2568 5649 2729 5704 Deum
2752 5662 2869 5703 esse
2897 5646 3108 5701 Filium.
3139 5650 3201 5705 Et
3220 5652 3409 5707 iterum
3432 5669 3447 5706 :
