3958 6176
512 273 606 327 3H

1828 260 2055 315 VIGILH
2097 258 2467 315 TAPS‘ENSIS

3668 262 3765 319 3|?

512 385 624 453 Ego
642 382 777 436 Deus
805 383 1019 453 primus,
1052 393 1097 435 et
1120 398 1209 453 ego
1238 390 1430 451 postea,
1456 391 1497 432 et
1531 388 1707 445 prater
1730 393 1807 428 me
1832 374 1963 426 Deus
1982 388 2079 425 non
2112 374 2157 428 A
2189 371 2324 424 vobis
2364 383 2408 424 et
2457 390 2555 439 pax
2587 390 2617 424 α
2665 371 2770 425 Deo
2806 373 2981 440 Patre,
3024 384 3071 427 et
3123 374 3339 427 Domino
3387 374 3513 428 Iesu
3564 375 3764 431 Christo

511 485 581 527 est
606 472 753 542 (Issi.
780 488 918 536 thv,
941 473 1019 541 6).
1040 474 1103 527 Et
1128 474 1315 527 iterum
1350 491 1361 525 :
1398 470 1472 523 Tu
1501 478 1669 522 autem
1694 484 1793 520 non
1826 466 1956 518 nosti
1983 481 2079 529 me,

509 568 629 632 quia
657 580 747 635 ego
780 565 1024 619 Dominus
1058 565 1214 627 Deus,
1263 574 1309 617 et
1357 580 1456 616 non
1485 572 1555 615 est
1582 561 1719 614 alius
1756 569 1936 626 prtetcr
1984 574 2080 610 me.

519 655 628 725 Ego
665 654 934 717 Dominus,
976 664 1021 706 et
1071 672 1169 708 non
1205 664 1279 707 est
1325 654 1482 722 301
1516 652 1736 716 amplius
1776 657 1958 718 praeter
2007 664 2085 701 me

518 748 674 810 Deus,
705 756 751 799 et
799 763 900 799 non
945 761 1152 798 noveras
1204 761 1282 797 me
1322 760 1340 797 :
1395 753 1446 795 ut
1476 744 1639 795 sciant
1676 743 1763 810 qui
1803 742 1866 793 ab
1896 740 2085 793 oriente

513 840 637 901 sole,
667 846 715 890 et
749 839 836 904 qui
856 838 918 889 ab
944 836 1221 900 occidente,
1254 837 1375 902 quia
1405 852 1505 887 non
1535 844 1606 887 est
1652 834 1868 902 amplius
1900 840 2084 900 prwter

512 944 611 981 me.
649 927 756 997 Ego
773 927 1021 980 Dominus
1052 926 1206 991 Dens,
1229 937 1274 979 et
1296 943 1394 978 non
1424 936 1495 979 est
1516 925 1733 994 amplius
1766 922 1920 993 (lsai.
1954 938 2078 987 ην,

511 1016 591 1083 4).
635 1017 784 1082 Quod
815 1018 859 1069 si
905 1017 1181 1071 audieritis
1214 1018 1263 1069 in
1294 1016 1411 1069 .loel
1457 1016 1721 1069 dicentem
1759 1014 1923 1068 Deum
1954 1030 1965 1064 :
2017 1011 2083 1064 Et

513 1108 842 1175 cognoscetis,
874 1108 993 1174 quia
1013 1124 1102 1175 ego
1129 1107 1182 1158 in
1209 1107 1371 1158 medio
1404 1104 1573 1158 Israel
1595 1122 1726 1158 sum.
1761 1103 1869 1173 Ego
1902 1102 2079 1156 Domi-

514 1212 609 1249 nus
646 1195 783 1250 Deus
816 1205 999 1261 vester,
1048 1204 1093 1248 et
1128 1212 1230 1249 non
1261 1204 1333 1249 est
1352 1196 1487 1247 alius
1525 1204 1709 1265 prtetcr
1731 1209 1808 1245 me
1839 1193 1995 1261 (Joel.
2024 1209 2078 1257 tt,

513 1286 637 1357 27);
669 1296 722 1341 et
742 1287 875 1342 alias
913 1287 1224 1355 hujnsmndi
1270 1286 1686 1341 innumerabiles
1715 1286 2077 1354 professiones

515 1378 815 1431 divinarum
858 1377 1254 1445 Scripturarum
1305 1392 1423 1429 cum
1468 1376 1680 1438 auditis,
1735 1389 1834 1428 nec
1885 1374 2078 1429 Filium

515 1468 694 1536 utique
732 1466 988 1520 dubitatis
1035 1467 1143 1519 Deo
1188 1466 1559 1519 connumerari
1584 1506 1597 1518 .
1632 1466 1696 1518 Et
1738 1465 1927 1529 quibus
1957 1476 2079 1520 ante

512 1555 852 1610 consensistis
872 1555 1157 1621 Scripturis
1178 1554 1374 1607 dixisse
1393 1553 1460 1607 de
1478 1553 1634 1607 Patre
1654 1563 1705 1608 et
1725 1552 2075 1620 Filio,i?sdem

516 1659 656 1698 nunc
684 1646 951 1699 contraria
994 1645 1095 1697 ista
1132 1658 1249 1698 esse
1294 1644 1484 1697 dicetis
1524 1644 1547 1696 Τ
1578 1647 1682 1697 Aut
1714 1644 1931 1697 forsitan
1966 1644 2080 1698 lucc

2191 462 2363 529 (Rom.
2393 478 2427 524 I,
2458 462 2513 530 7)
2548 482 2557 513 :
2592 475 2646 517 et
2692 466 2886 517 nullam
2922 465 3247 518 mentionem
3274 480 3396 518 eum
3428 466 3620 520 fecisse
3649 469 3764 537 Spi-

2188 552 2323 605 ritus
2351 555 2544 619 putatis
2576 573 2586 605 :
2630 555 2706 608 sic
2744 557 2931 608 iterum
2974 555 3151 608 audite
3183 570 3302 608 eum
3343 556 3408 609 ad
3452 557 3758 614 Corinthios

2188 644 2514 698 scribentem
2542 646 2591 698 in
2622 646 2855 699 secunda
2892 646 3164 712 Epistola:
3192 645 3370 699 Gratia
3405 645 3611 701 Domini
3637 649 3761 705 Jesst

2187 733 2396 796 Christi,
2424 745 2467 786 et
2500 734 2692 789 caritas
2726 734 2839 797 Dei,
2884 746 2929 788 et
2958 736 3347 789 communicatio
3378 737 3606 807 Spiritus
3638 756 3758 793 san-

2185 827 2251 877 cti
2277 841 2387 876 cum
2416 826 2643 877 omnibus
2671 826 2805 879 vobis
2841 824 2922 892 (ΙΙ
2965 824 3083 879 Cor.
3113 841 3225 892 xm,
3260 827 3370 895 15).
3414 828 3475 880 Ει
3505 829 3761 896 quemad-

2186 917 2399 969 modum
2428 917 2512 970 bic
2540 916 2674 969 dixit
2702 917 2889 969 caritas
2922 915 3037 981 Dei,
3061 916 3139 969 sic
3158 916 3320 971 etiam
3350 916 3413 970 ad
3444 916 3716 972 Romanos
3741 936 3756 972 :

2188 1007 2403 1061 Obsecro
2433 1018 2597 1061 autem
2623 1025 2706 1061 vos
2729 1015 2911 1078 fratres
2939 1025 3029 1077 per
3054 1006 3325 1061 Dominum
3338 1022 3566 1064 nostrum
3580 1009 3759 1065 Iesum

2185 1096 2459 1162 Christum,
2489 1108 2534 1149 et
2568 1115 2655 1165 per
2683 1099 2947 1151 caritatem
2992 1096 3215 1167 Spiritus
3259 1100 3621 1153 concertomini
3655 1118 3758 1154 me-

2184 1204 2297 1241 cum
2323 1194 2377 1240 in
2413 1189 2729 1241 orationibus
2770 1189 2892 1241 meis
2916 1205 3007 1255 pro
3036 1204 3113 1240 me
3143 1190 3210 1240 ad
3238 1188 3403 1242 Deum
3447 1190 3621 1259 (Rom.
3661 1208 3754 1256 xv,

2182 1281 2294 1350 30).
2340 1281 2401 1334 Et
2451 1296 2572 1335 cum
2619 1281 2813 1334 Paulus
2858 1282 3175 1335 asseruisset
3218 1282 3755 1338 communicationem

2181 1371 2411 1438 Spiritus
2437 1373 2730 1440 vobiscum,
2775 1372 3010 1427 Joannes
3055 1373 3159 1431 ait;
3192 1373 3595 1428 Communicatio
3631 1391 3751 1428 vero

2183 1478 2357 1517 nostra
2388 1473 2441 1516 ut
2488 1466 2553 1516 sit
2600 1480 2715 1516 cum
2750 1462 2923 1527 Patre,
2961 1475 3006 1515 et
3047 1460 3187 1515 Filio
3227 1465 3339 1533 ejus
3375 1462 3500 1516 Jesu
3554 1462 3758 1517 Christo

2181 1552 2427 1620 (Joan..t,
2471 1554 2547 1622 ὅ).
2593 1553 2789 1607 Paulus
2819 1562 2995 1606 autem
3048 1554 3320 1621 apostolus
3348 1551 3475 1606 dicit
3513 1571 3525 1606 :
3558 1552 3756 1608 Fidelis

2182 1656 2350 1697 autem
2387 1644 2541 1709 Deus,
2580 1661 2667 1715 per
2694 1660 2837 1713 quem
2861 1644 3024 1695 vocati
3051 1658 3220 1695 sumus
3248 1644 3301 1695 in
3332 1645 3755 1696 communicatio-

418 1742 425 1751 '
511 1751 617 1791 non
653 1746 774 1789 sunt
799 1728 1197 1804 Scripturarum
1229 1736 1425 1789 verba?
1451 1735 1694 1804 Nunquid
1723 1734 2077 1790 adversantur
2112 1720 2151 1776 Β
2181 1753 2291 1790 nem
2324 1732 2450 1788 Filii
2474 1737 2551 1788 sui
2573 1734 2696 1787 Iesu
2719 1734 2912 1787 Christi
2942 1733 3146 1786 Domini
3173 1734 3333 1787 nostri
3364 1732 3417 1802 (I
3447 1732 3568 1788 Cor.
3600 1751 3635 1798 l,
3671 1737 3753 1804 9).

507 1824 613 1879 sibi
661 1824 951 1879 secundum
985 1826 1098 1879 lucc
1130 1824 1326 1878 divinae
1362 1825 1685 1893 Scriptura}?
1714 1827 1886 1880 Absit.
1928 1825 2076 1880 Licet

508 1916 650 1969 enim
698 1914 1039 1984 singulariter
1090 1915 1259 1967 sancti
1320 1916 1603 1983 loquantur
1650 1914 1811 1968 unius
1845 1916 2075 1969 nominis

508 2004 799 2068 mentione,
832 2004 885 2058 id
912 2014 993 2059 est
1017 2004 1209 2069 Patris,
1234 2005 1315 2059 vel
1346 2004 1484 2069 Filii,
1514 2005 1596 2059 vel
1620 2005 1851 2073 Spiritus
1871 2007 2071 2071 sancti;

507 2094 559 2147 in
591 2109 692 2147 uno
725 2102 896 2148 tamen
926 2095 1141 2147 nomine
1173 2094 1483 2148 Trinitatem
1516 2110 1574 2149 se
1596 2097 1945 2164 pronuntiare
1972 2110 2069 2151 co-

507 2195 767 2253 gnoscunt
801 2204 813 2237 :
850 2185 989 2256 quod
1026 2186 1311 2239 novissime
1341 2186 1695 2255 probavimus.
1730 2188 1798 2241 Ut
1824 2189 1964 2241 enim
1995 2189 2075 2242 hac

506 2274 870 2342 professiones
900 2276 1087 2330 Filium
1112 2291 1215 2330 non
1243 2276 1528 2331 excludunt
1558 2277 1626 2331 ab
1648 2279 1849 2332 unitate
1874 2279 2074 2343 Patris,

507 2365 617 2418 imo
663 2374 717 2419 et
758 2366 1013 2433 Spiritum
1061 2376 1301 2420 sanctum
1348 2378 1785 2421 connumt-ratum
1836 2368 1975 2421 Patri
2022 2377 2077 2423 et

510 2454 642 2509 Filio
680 2458 971 2521 continent,
999 2456 1443 2525 quemadmodum
1476 2460 1526 2511 in
1556 2459 1753 2512 sanctis
1785 2458 2075 2529 Scripturis

507 2551 942 2615 monstravimus,
971 2550 1048 2605 sic
1079 2567 1176 2606 nec
1206 2569 1324 2607 cum
1355 2554 1566 2609 Patrem
1593 2563 1645 2609 et
1678 2554 1870 2607 Filium
1897 2554 2070 2607 nomi-

507 2654 635 2698 nant
680 2645 989 2714 Scriptum,
1020 2645 1275 2716 Spiritum
1307 2658 1556 2717 tanquam
1585 2657 1821 2703 creatum
1865 2648 2076 2702 univer-

507 2734 649 2788 εἰειῑί
698 2746 1103 2790 connutnerant.
1157 2737 1366 2805 Alioqui
1406 2739 1673 2807 quomodo
1703 2740 1770 2793 de
1828 2739 1986 2793 Patre
2024 2749 2076 2793 tt

508 2827 641 2882 Filio
688 2827 885 2892 dicitis,
934 2830 1015 2883 vel
1048 2829 1357 2883 asseruistis
1408 2830 1711 2896 Scripturas
1754 2844 2072 2894 memorare,

508 2921 826 2975 arbitrantes
857 2936 963 2975 non
992 2923 1367 2975 connumerari
1390 2936 1510 2976 cum
1544 2922 1697 2976 Patre
1714 2931 1768 2976 et
1796 2923 1928 2976 Filio
1958 2922 2076 2991 Spi-

507 3013 667 3067 ritum
697 3023 935 3067 sanctum
952 3030 966 3067 :
986 3022 1036 3066 et
1065 3013 1107 3066 si
1129 3013 1403 3067 audieritis
1426 3013 1727 3083 Scripturas
1752 3014 2074 3067 mentionem

2179 1824 2233 1878 In
2264 1825 2432 1893 prima
2462 1839 2672 1893 quoque
2706 1822 2937 1891 Epistola
2971 1823 3034 1876 ad
3071 1823 3381 1877 Corinthios
3410 1838 3634 1878 necesse
3673 1836 3757 1879 est

2178 1913 2371 1966 iterum
2413 1913 2599 1965 audire
2656 1912 2900 1978 Paulum,
2944 1912 3262 1966 Trinitatem
3311 1912 3694 1981 praedicantem
3740 1932 3755 1969 :

2178 2002 2304 2057 dicit
2333 2002 2473 2056 enim
2502 2018 2515 2055 :
2548 2001 2829 2055 Divisiones
2859 2010 3026 2053 autem
3052 2002 3302 2054 donorum
3319 2012 3459 2066 sunt,
3488 2003 3622 2056 idem
3637 2020 3757 2059 vero

2180 2097 2403 2167 Spiritus
2428 2112 2444 2147 :
2474 2106 2517 2149 ct
2545 2096 2815 2149 divisiones
2840 2096 3236 2149 ministeriorum
3265 2104 3405 2163 sunt,
3424 2099 3558 2150 idem
3584 2109 3757 2154 autem

2179 2186 2426 2240 Dominus
2451 2202 2469 2239 :
2498 2196 2544 2238 et
2593 2186 2860 2238 divisiones
2903 2186 3252 2254 operationum
3294 2194 3435 2253 sunt,
3476 2189 3609 2241 idem
3634 2208 3755 2245 vero

2178 2277 2313 2331 Deus
2335 2279 2419 2348 qui
2445 2285 2683 2346 operatur
2712 2277 2881 2327 omnia
2919 2276 2971 2328 in
3015 2276 3245 2329 omnibus
3275 2276 3325 2343 (I
3360 2278 3476 2333 Cor.
3523 2295 3618 2346 xu,
3652 2280 3738 2347 4).

2176 2368 2307 2420 Cum
2334 2367 2552 2419 dixisset
2572 2375 2749 2419 autem
2776 2365 2938 2419 Deum
2961 2366 3139 2419 omnia
3168 2367 3219 2419 in
3240 2367 3488 2422 omnibus
3513 2373 3754 2438 operari,

2177 2467 2227 2510 et
2261 2458 2527 2523 professus
2556 2454 2746 2509 luisset
2774 2454 2910 2507 dona
2937 2469 3055 2523 quae
3090 2468 3185 2522 per
3219 2457 3463 2524 spiritum
3498 2460 3755 2517 Ecclesiae

2177 2545 2465 2608 donantur,
2514 2544 2737 2612 adjecit:
2787 2543 2913 2597 Ilaec
2943 2544 3111 2596 omnia
3155 2556 3395 2611 operatur
3433 2564 3567 2603 unus
3602 2560 3755 2618 atque

2176 2637 2307 2689 idem
2337 2636 2839 2704 Spriritus,dividens
2860 2634 3073 2704 singulis
3097 2645 3244 2704 prout
3274 2636 3381 2691 vult
3414 2638 3605 2707 (Ibid.,
3633 2642 3750 2706 Η).

2183 2726 2389 2779 Docens
2431 2728 2794 2793 operationem
2827 2724 2944 2789 Dei,
2971 2726 3333 2792 operationem
3362 2742 3483 2783 esse
3524 2730 3756 2799 Spiritus

2178 2819 2371 2886 sancti,
2404 2816 2639 2884 nunquid
2667 2816 2872 2870 destitit
2897 2831 2924 2870 ιι
2954 2814 3217 2870 Trinitate
3248 2817 3483 2872 Paulus?
3512 2824 3754 2891 nunquid

2179 2906 2440 2959 subtraxit
2479 2906 2588 2960 Deo
2618 2915 2673 2959 et
2706 2904 2841 2959 Filio
2886 2905 3142 2974 Spiritum
3174 2914 3227 2959 et
3256 2908 3392 2962 sicut
3425 2909 3490 2962 ad
3521 2910 3757 2967 Thessa-

2180 2998 2479 3051 lonitenses
2507 2997 2720 3065 scripsit
2747 3015 2759 3049 :
2803 2994 2924 3065 Ipse
2949 3007 3118 3050 autem
3144 2995 3284 3051 Deus
3302 3002 3441 3067 pacis
3466 3005 3756 3073 sanctiﬁcet

511 3102 767 3157 iacientes
798 3102 893 3155 Dei
936 3110 991 3156 et
1020 3103 1256 3169 spiritus,
1298 3103 1425 3170 quid
1472 3075 1619 3155 eritis
1660 3102 1899 3156 facturi?
1939 3103 2071 3157 Dicit

2183 3104 2265 3141 vos
2290 3091 2358 3139 ad
2384 3088 2662 3157 perfectum
2711 3086 2763 3155 (I
2797 3087 2973 3141 Thess.
3006 3103 3059 3152 ν,
3090 3087 3204 3158 2.3).
3241 3089 3313 3143 lta
3343 3090 3406 3144 ad
3447 3091 3757 3150 Corinthios

508 3207 639 3247 sane
682 3192 935 3260 propheta
991 3197 1251 3260 Aggrus:
1288 3193 1607 3262 QuaprOpter
1651 3209 1743 3263 ego
1780 3210 1890 3246 sum
1912 3194 2076 3248 vobis-

477 3353 481 3356 .
508 3298 640 3345 cum,
669 3282 792 3334 dicit
821 3280 1066 3336 Dominus
1096 3283 1425 3351 omnipotens,
1453 3294 1499 3335 et
1532 3282 1755 3351 Spiritus
1783 3299 1921 3338 meus
1958 3300 2075 3338 con-

507 3382 605 3427 stat
631 3374 684 3426 in
712 3373 878 3425 media
919 3383 1137 3424 vestrum
1169 3373 1364 3441 (Agga't
1392 3389 1450 3439 It,
1494 3376 1547 3438 5,
1598 3373 1669 3444 6),
1724 3374 2077 3432 Considerate

506 3478 633 3531 ergo
660 3462 750 3516 ubi
800 3462 1008 3530 ponatis
1040 3462 1233 3515 Filium
1262 3480 1274 3516 :
1309 3478 1435 3519 ecce
1460 3466 1600 3519 enim
1642 3466 1984 3533 omnipotens
2021 3478 2076 3523 et

506 3554 723 3621 spiritus
772 3553 1113 3622 signiﬁcatur.
1155 3553 1262 3607 Aut
1290 3555 1334 3608 si
1362 3555 1633 3611 audieritis
1666 3556 1852 3611 Isaiam
1894 3559 2075 3614 dicen-

505 3653 641 3696 tem:
686 3643 771 3698 Vw
799 3646 893 3711 ﬁlii
931 3646 1227 3705 desertores,
1259 3645 1366 3699 haec
1394 3646 1515 3700 dicit
1540 3647 1786 3702 Dominus
1815 3665 1834 3703 :
1858 3648 2075 3705 Fecistis

505 3738 771 3791 consilium
812 3754 912 3789 non
942 3755 1028 3807 per
1064 3755 1142 3791 me
1167 3755 1185 3791 .'
1230 3750 1275 3793 et
1314 3750 1518 3809 pactum
1566 3757 1665 3793 non
1705 3759 1793 3808 per
1826 3741 2074 3811 Spiritum

502 3843 668 3879 meum
692 3843 711 3879 :
747 3828 968 3896 adjicere
996 3838 1198 3896 peccata
1225 3847 1378 3898 super
1413 3840 1617 3900 peccata
1642 3831 1795 3899 (Isai.
1831 3850 1964 3899 xxx,
1998 3835 2067 3904 l).

504 3920 569 3972 Et
598 3920 786 3973 iterum
820 3936 831 3972 :
867 3919 1207 3974 Occurrerunt
1239 3924 1334 3976 sibi
1370 3940 1548 3990 cervae,
1581 3936 1625 3978 et
1649 3927 1883 3979 viderunt
1914 3928 2071 3995 facies

499 4029 618 4066 suas
658 4029 674 4064 :
719 4030 929 4066 numero
972 4016 1300 4079 transierunt,
1342 4027 1389 4070 et
1419 4035 1522 4071 una
1558 4035 1619 4072 ea:
1658 4021 1730 4073 eis
1759 4038 1858 4073 non
1900 4024 2068 4089 periit.

498 4106 617 4157 Alia
645 4106 804 4157 aliam
834 4124 933 4159 non
970 4110 1217 4175 qumsivit,
1248 4111 1369 4179 quia
1397 4110 1643 4166 Dominus
1676 4116 1933 4169 mandavit
1967 4118 2060 4180 eis,

495 4206 543 4247 et
573 4194 794 4265 Spiritus
821 4200 931 4267 ejus
964 4202 1286 4269 congregavit
1314 4218 1394 4255 eas
1428 4201 1578 4272 (Isai.
1612 4220 1791 4270 xxxtv,
1825 4208 1913 4270 15,
1940 4208 2061 4275 16).

496 4287 621 4341 llaec
648 4303 773 4356 ergo
798 4289 1095 4357 audientes,
1137 4292 1226 4345 ubi
1254 4292 1443 4347 Filium
1473 4296 1751 4362 quaeritis?
1775 4299 1879 4351 Aut
1904 4298 1948 4352 si
1974 4314 2068 4351 att-

496 4375 706 4430 dieritis
738 4377 1042 4432 Zachariam
1085 4381 1396 4447 pr0pbetam
1425 4383 1687 4439 dicentem
1723 4403 1734 4437 :
1769 4386 1948 4440 Patres
1979 4404 2061 4441 ve-

494 4468 587 4518 stri
620 4469 701 4519 ubi
728 4481 842 4521 sunt
864 4480 910 4522 et
938 4472 1239 4536 proiihetw?
1266 4474 1387 4527 dicit
1421 4476 1669 4531 Dominus
1698 4496 1715 4531 :
1744 4479 1991 4549 Nunquid
2016 4484 2067 4535 in

496 4568 736 4610 aeternum
772 4561 966 4614 vivent?
1003 4561 1358 4616 Verumtamen
1398 4581 1652 4622 sermones
1683 4586 1818 4624 meos
1851 4584 1898 4625 et
1941 4574 2067 4642 legi-

496 4648 619 4699 tima
658 4664 766 4701 mea
796 4652 1051 4718 percipite,
1082 4654 1241 4723 302
1270 4671 1384 4723 qua:
1432 4673 1520 4725 ego
1565 4662 1750 4714 mando
1781 4663 1833 4713 in
1868 4662 2066 4732 Spiritu

495 4752 603 4789 meo
629 4740 784 4791 servis
818 4742 939 4793 meis
971 4743 1249 4810 prOpbetis,
1277 4748 1398 4813 quia
1418 4748 1861 4815 apprehenderunt
1892 4763 2063 4819 patres

494 4838 681 4882 vestros
708 4828 888 4898 (Zach.
919 4847 955 4896 I,
980 4834 1057 4899 5).
1096 4833 1204 4887 Aut
1230 4837 1273 4888 si
1299 4838 1578 4891 audieritis
1608 4838 1766 4893 David
1797 4842 2061 4898 dicentem

497 4917 606 4970 Deo
644 4936 654 4969 :
693 4920 805 4981 Quo
849 4923 928 4973 ibo
966 4938 997 4973 a
1039 4922 1239 4989 Spiritu
1283 4935 1367 4977 tuo
1400 4968 1412 4988 ,
1440 4936 1613 4996 etquo
1643 4945 1673 4980 a
1715 4932 1845 4997 facie
1868 4942 1953 4985 tua
1983 4938 2066 4999 fu-

492 5010 629 5076 giam
660 5007 828 5079 (Psal.
859 5028 1121 5077 cxxxvttt,
1155 5015 1248 5084 7)?
1282 5017 1417 5082 Quid
1448 5020 1752 5087 cogitabitis
1790 5021 1856 5075 de
1894 5023 2065 5076 Filio?

492 5100 546 5153 Si
577 5115 701 5154 vero
736 5110 791 5155 et
836 5104 1111 5170 apostolus
1156 5106 1348 5160 Paulus
1387 5109 1452 5165 ad
1482 5108 1787 5165 Corinthios
1823 5113 2059 5167 scribat:

494 5190 715 5245 Nescitis
740 5194 859 5259 quia
890 5194 1130 5264 templunt
1176 5196 1267 5250 Det
1293 5200 1429 5260 estis,
1462 5210 1508 5251 et
1511 5200 1766 5282 .Spiritus
1798 5202 1893 5255 Dei
1916 5203 2061 5257 habi-

492 5292 566 5335 tat
607 5284 657 5337 in
685 5284 876 5353 vobis(l
908 5284 1025 5339 Cor.
1053 5302 1129 5353 tn,
1165 5288 1291 5356 l6)?
1324 5288 1533 5343 Patrem
1567 5300 1620 5344 et
1649 5293 1904 5361 Spiritum
1934 5309 2063 5350 con-

494 5376 766 5429 numerari
803 5378 994 5430 dabitis
1025 5396 1036 5431 :
1072 5378 1259 5439 Filium
1293 5394 1420 5432 vero
1446 5379 1496 5432 in
1541 5381 1643 5446 liis,
1676 5398 1792 5451 qua:
1815 5400 1908 5452 per
1937 5385 2059 5453 Spi-

496 5466 653 5520 ritum
685 5478 808 5521 sunt
838 5470 1083 5537 ponetis?
1130 5468 1470 5537 Nequaquam
1507 5486 1673 5540 rogo:
1708 5490 1805 5530 nec
1827 5478 1879 5529 in
1914 5492 2063 5530 men-

496 5565 601 5609 tem
630 5569 881 5625 vestram,
916 5560 1148 5628 religiosi
1176 5560 1298 5624 viri,
1330 5560 1429 5615 lioc
1458 5560 1644 5615 subeat
1673 5578 1937 5631 unquam;
1969 5566 2063 5619 sed

495 5646 937 5712 quemadmodum
986 5650 1195 5705 dixistis
1248 5651 1465 5705 Paulum
1515 5651 1790 5720 scripsisse
1835 5653 2061 5707 :Cratia

2184 3178 2236 3229 in
2262 3178 2426 3244 prima
2448 3176 2705 3243 Epistola:
2727 3174 2831 3230 Sed
2849 3175 3007 3228 abluti
3027 3177 3165 3241 estis,
3181 3178 3271 3229 sed
3282 3180 3748 3248 sanctiﬁcatiestis,

2180 3273 2269 3323 sed
2283 3269 2554 3341 justiﬁcati
2578 3269 2697 3321 estis
2717 3269 2769 3320 in
2794 3270 2996 3321 nomine
3018 3267 3223 3321 Domini
3239 3273 3399 3324 nostri
3418 3271 3543 3326 Jesst
3563 3273 3757 3329 Christi

2178 3360 2232 3411 in
2281 3359 2481 3429 Spiritu
2529 3358 2621 3411 Dei
2652 3359 2813 3413 nostri
2843 3357 2894 3429 (I
2928 3357 3047 3413 Cor.
3068 3374 3143 3424 v1,
3173 3360 3282 3423 il).
3315 3360 3758 3422 Cousideratisne

2178 3449 2335 3518 303
2384 3450 2636 3517 Spiritum
2689 3459 2930 3504 sanctum
2996 3450 3191 3520 ubique
3250 3451 3649 3522 Scripturarum
3702 3460 3756 3512 in

2179 3544 2337 3598 Patre
2365 3553 2419 3598 et
2449 3544 2586 3599 Filio
2610 3544 3023 3598 connumerari?
3065 3544 3374 3600 Audiendus
3404 3547 3561 3615 plane
3592 3548 3759 3606 Filius

2179 3636 2229 3688 in
2262 3636 2389 3688 Isaia
2423 3634 2708 3704 propheta,
2739 3635 3113 3703 semetipsum,
3146 3644 3200 3688 et
3226 3634 3435 3689 Patrem
3460 3676 3473 3698 ,
3506 3645 3560 3690 et
3586 3637 3760 3705 Spiri-

2177 3736 2286 3780 tum
2317 3738 2555 3781 sanctum
2597 3726 2889 3793 prtedicans
2920 3743 2931 3777 :
2965 3724 3043 3779 sic
3080 3724 3222 3778 enim
3252 3725 3325 3778 ait
3353 3742 3368 3778 :
3399 3726 3532 3778 Audi
3560 3743 3635 3779 me
3663 3726 3759 3780 Ja-

2176 3818 2264 3871 cob
2287 3830 2329 3871 et
2358 3818 2544 3883 Israel,
2574 3832 2721 3885 quem
2751 3831 2841 3887 ego
2870 3831 2989 3869 voco
3017 3832 3035 3869 :
3072 3814 3182 3885 Ego
3210 3832 3319 3869 sum
3347 3817 3559 3885 primus,
3591 3830 3637 3869 et
3664 3835 3759 3890 ego

2174 3916 2225 3966 in
2255 3923 2515 3974 a’ternum,
2547 3922 2596 3965 et
2626 3926 2810 3963 manus
2832 3925 2944 3962 mea
2968 3909 3200 3977 fundavit
3229 3916 3445 3971 terram,
3472 3919 3519 3961 et
3547 3909 3759 3964 dextera

2175 4018 2282 4054 mea
2323 4002 2541 4070 firmavit
2569 3999 2770 4053 coelum.
2809 3998 3012 4051 Vocabo
3041 4015 3123 4052 eos
3149 4014 3349 4063 omnes,
3380 4009 3426 4053 et
3453 4000 3659 4054 stabunt
3686 4004 3756 4054 si-

2174 4094 2299 4156 mul,
2324 4104 2370 4145 et
2395 4091 2833 4161 congregabantur
2858 4104 3048 4153 omnes,
3080 4098 3127 4140 et
3157 4090 3387 4152 audient,
3417 4090 3528 4157 quis
3548 4106 3757 4144 annun-

2172 4187 2308 4238 tiavit
2331 4187 2402 4238 eis
2431 4185 2590 4237 talia?
2618 4182 2846 4253 Diligens
2876 4191 2921 4234 te
2952 4182 3048 4249 feci
3068 4181 3372 4235 voluntatem
3401 4192 3540 4235 tuam
3570 4184 3622 4235 in
3653 4184 3757 4239 Ba-

2172 4282 2382 4350 bylone,
2425 4291 2479 4332 ut
2526 4279 2705 4332 tollam
2743 4292 2910 4330 semen
2956 4275 3318 4329 Chaldteorum
3350 4292 3370 4328 :
3407 4274 3517 4347 Ego
3556 4276 3758 4332 locutus

2177 4392 2286 4427 sum
2305 4419 2318 4441 ,
2347 4390 2437 4444 ego
2463 4374 2663 4437 vocavi,
2692 4372 2884 4423 adduxi
2915 4371 3092 4437 illum,
3124 4381 3169 4423 et
3198 4387 3492 4439 prosperum
3524 4373 3618 4424 iter
3646 4375 3758 4441 ejus

2174 4466 2270 4533 feci
2292 4482 2311 4518 :
2341 4465 2564 4516 accedite
2585 4464 2651 4515 ad
2678 4479 2773 4525 nte,
2797 4473 2843 4514 et
2874 4462 3044 4515 audite
3071 4462 3179 4515 lucc
3205 4478 3303 4515 non
3325 4480 3357 4514 a
3380 4465 3630 4533 principio
3653 4481 3673 4518 :
3702 4468 3757 4519 in

2170 4554 2462 4606 abscondito
2495 4554 2693 4607 locutus
2736 4570 2847 4606 sum
2889 4553 2995 4605 htvc
3035 4553 3244 4622 quando
3283 4554 3500 4621 ﬁebant,
3533 4566 3579 4609 et
3619 4574 3755 4610 nunc

2174 4644 2419 4696 Dominus
2448 4645 2581 4696 misit
2609 4660 2719 4707 me,
2749 4654 2792 4696 et
2826 4644 3051 4712 Spiritus
3084 4647 3194 4709 eius
3226 4644 3377 4711 (lsai.
3409 4662 3569 4701 vant
3592 4692 3607 4716 ,
3642 4650 3753 4718 19.).

2172 4739 2233 4792 Et
2272 4739 2460 4792 iterum
2488 4756 2500 4791 :
2535 4736 2647 4807 Ego
2675 4754 2787 4789 sunt
2818 4738 2903 4807 qui
2926 4737 3069 4789 deleo
3095 4738 3415 4805 iniquitates,
3444 4739 3529 4792 dic
3555 4750 3611 4793 tu
3649 4743 3755 4795 iui-

2172 4830 2384 4892 quitates
2412 4838 2523 4882 tuas
2546 4829 2705 4895 prior,
2735 4835 2789 4879 ut
2809 4827 3108 4895 justiﬁceris
3132 4843 3151 4880 δ
3174 4837 3341 4895 patres
3365 4831 3515 4882 vtstri
3534 4833 3752 4899 priores,

2174 4930 2220 4971 et
2250 4920 2501 4987 principes
2528 4934 2699 4971 eorum
2726 4920 2896 4987 inique
2918 4931 3126 4989 egerunt
3151 4922 3201 4973 in
3233 4938 3330 4989 me,
3359 4932 3403 4974 et
3431 4927 3753 4979 contamina-

2174 5022 2348 5063 verunt
2372 5011 2622 5080 principes
2651 5020 2828 5063 sancta
2858 5026 2968 5062 mea
2988 5052 3001 5073 ,
3030 5021 3076 5064 et
3106 5012 3225 5064 drdi
3250 5014 3459 5081 perdere
3483 5013 3675 5080 Jacob,
3709 5024 3755 5069 et

2176 5100 2345 5155 Israel
2386 5104 2436 5154 iu
2483 5104 2810 5171 tipprobrium
2852 5102 3005 5172 (lsai.
3042 5120 3199 5168 xutt,
3233 5105 3348 5174 25).
3399 5105 3558 5160 Nunc
3583 5121 3753 5162 autem

2173 5197 2296 5247 audi
2322 5211 2446 5265 puer
2484 5211 2623 5246 meus
2658 5192 2816 5245 Jacob
2856 5202 2902 5247 et
2945 5192 3111 5247 Israel
3144 5211 3293 5264 quem
3323 5197 3480 5267 elegi,
3515 5200 3639 5266 quia
3663 5215 3752 5269 ego

2174 5291 2305 5341 dabo
2331 5305 2513 5357 aquam
2544 5289 2597 5339 in
2628 5288 2713 5340 siti
2742 5288 2913 5355 iisqui
2938 5287 3032 5339 iter
3060 5291 3286 5355 fecerunt
3317 5288 3368 5339 in
3390 5289 3525 5341 sicco
3548 5305 3565 5340 :
3592 5290 3752 5360 impe-

2168 5394 2285 5429 nam
2308 5377 2558 5445 Spiritum
2584 5394 2748 5430 meum
2767 5394 2920 5445 super
2940 5394 3106 5430 semen
3133 5388 3296 5441 tuum,
3320 5389 3364 5429 ct
3386 5378 3749 5433 benedictiones

2170 5488 2305 5524 meas
2333 5487 2485 5534 super
2514 5471 2646 5537 ﬁlios
2678 5479 2789 5523 tuos
2837 5468 2989 5539 (Isai.
3018 5486 3158 5534 thv,
3189 5472 3266 5538 l).
3300 5471 3414 5539 Ipse
3436 5486 3566 5525 vero
3595 5473 3751 5525 lsaias

2170 5561 2484 5616 Trinitatem
2519 5562 2842 5629 przedicans,
2879 5560 2950 5613 ait
2979 5576 2992 5611 :
3026 5558 3155 5613 Ecce
3200 5576 3382 5613 nomen
3426 5559 3636 5613 Domini
3665 5576 3750 5629 per

2172 5658 2385 5709 multum
2416 5666 2606 5726 tempus
2640 5658 2771 5711 venit
2796 5657 2981 5710 ardens
3015 5656 3122 5722 ira,
3156 5673 3267 5710 cum
3297 5658 3463 5726 gloria
3495 5658 3745 5712 laltiorunt
