4026 6176
323 305 422 361 313

1560 290 1645 347 DE
1683 290 2052 349 TRINITATE
2093 289 2219 346 LIB.
2262 291 2375 347 XII.

3476 297 3576 352 5H

322 424 452 489 ejus,
490 414 693 469 verbum
719 414 795 465 ira
823 413 1024 480 plenum
1053 420 1101 465 et
1132 412 1211 463 ira
1241 409 1426 479 furoris
1445 408 1571 463 sicut
1603 408 1733 479 ignis
1759 425 1777 461 :
1808 410 1893 462 sed
1922 412 1966 467 A
1997 420 2291 463 rumtamen
2348 424 2505 478 quam
2582 424 2688 465 non
2758 420 2926 468 terret
2986 428 3082 469 eos
3124 415 3391 470 Dominus
3414 456 3428 479 ,
3486 416 3573 482 qui

322 521 363 562 et
386 509 606 575 Spiritus
631 508 741 577 ejus
764 509 893 557 sicut
919 519 1049 569 aqua
1078 504 1127 555 in
1154 503 1285 554 valle
1312 500 1535 561 trahens,
1558 502 1715 553 t-enict
1739 518 1894 568 usque

320 604 382 655 ad
404 601 591 653 collum
622 596 775 668 (Isai.
810 612 935 659 xxx,
966 594 1079 661 ‘27).
1118 592 1310 647 Audite
1340 606 1467 645 vero
1498 598 1551 643 et
1579 590 1890 644 Zachariam

321 694 626 749 Trinitatem
668 687 1045 759 prmdicantem
1077 700 1092 736 :
1126 685 1199 736 ait
1243 683 1383 736 enim
1414 699 1426 731 :
1464 679 1587 732 llaec
1630 680 1751 732 dicit
1786 679 1891 730 Do-

321 787 478 839 minus
512 783 859 851 omnipotens;
883 776 1141 848 judicium
1167 774 1365 842 justum
1395 771 1654 839 judicate,
1697 769 1893 821 miscri-

320 877 533 931 cordiam
563 885 611 927 et
652 870 1000 925 miserationes
1041 866 1191 936 [iteite
1229 863 1571 931 unusquisque
1595 861 1662 912 ad
1683 864 1893 929 fratrem

320 984 455 1021 suum
483 981 503 1019 :
531 974 577 1017 et
605 964 771 1015 vidua?
797 967 843 1013 et
876 956 1069 1027 pupillo
1097 965 1141 1008 et
1172 955 1401 1017 aduente,
1434 966 1476 1006 et
1503 953 1714 1022 pauperi
1739 952 1895 1005 nolite

319 1080 398 1131 per
426 1061 699 1128 potentiam
742 1070 953 1118 nocere,
1001 1059 1047 1104 et
1084 1050 1292 1102 malitia:
1334 1047 1679 1116 unusquisque
1718 1046 1893 1114 fratris

319 1156 390 1207 sui
414 1153 572 1206 nolite
598 1164 841 1201 iitcmores
863 1162 971 1199 esse
996 1146 1045 1197 in
1071 1142 1306 1195 cordibus
1332 1141 1529 1193 vestris.
1565 1138 1629 1191 Et
1657 1155 1755 1191 non
1779 1139 1894 1193 obe-

319 1248 513 1300 diermt
540 1247 833 1306 advertere,
863 1240 953 1293 sed
980 1238 1223 1291 dederunt
1252 1236 1463 1288 dorsum
1498 1235 1811 1305 insipienter,
1848 1243 1895 1286 et

320 1356 457 1394 aures
503 1355 626 1392 suas
655 1343 1007 1405 gravaverunt,
1036 1341 1088 1385 ut
1115 1348 1215 1384 non
1238 1331 1449 1383 audiant
1477 1331 1631 1401 legem
1660 1346 1822 1383 meam
1846 1339 1893 1383 et

319 1446 564 1484 sermones
597 1444 756 1493 meos,
778 1442 903 1495 quos
927 1425 1060 1476 misit
1084 1422 1333 1475 Dominus
1359 1422 1676 1490 omnipotens
1698 1424 1749 1474 in
1774 1420 1897 1489 Spi-

318 1522 411 1572 ritu
436 1536 565 1586 suo,
597 1520 649 1570 in
688 1516 921 1569 manibus
956 1516 1267 1567 anteriorum
1307 1515 1665 1582 praphetarum
1708 1511 1888 1582 (Zach.

319 1625 387 1672 .Iv,
415 1610 490 1678 6).
526 1609 761 1677 Angelus
792 1621 919 1662 vero
962 1605 1166 1658 Domini
1210 1604 1377 1672 inquit
1426 1604 1490 1657 ad
1535 1603 1845 1658 Zachariam
1879 1623 1889 1656 :

321 1703 425 1758 Hoc
452 1704 658 1756 verbum
691 1701 897 1755 Domini
926 1703 979 1754 in
1008 1717 1160 1754 manu
1188 1700 1492 1765 Zorobabel,
1524 1701 1696 1754 dicens
1720 1717 1738 1754 :
1773 1699 1893 1754 Non

319 1799 364 1851 in
388 1801 568 1850 v'rrute
606 1812 825 1866 magna,
866 1811 1024 1864 neque
1066 1794 1116 1846 in
1156 1792 1487 1861 fortitudine,
1519 1792 1607 1844 sed
1634 1792 1686 1844 in
1715 1792 1894 1860 spiritu

318 1905 435 1949 tneo,
460 1889 584 1940 dicit
612 1886 859 1939 Dominus
880 1887 1192 1955 omnipotens
1214 1883 1397 1954 (Zach.
1422 1899 1494 1947 tv,
1519 1883 1597 1946 6).
1626 1883 1894 1937 Micltzeam

320 1994 519 2047 quoque
543 1978 846 2041 audiamus,
874 1976 1186 2030 Trinitatem
1212 1974 1646 2045 pronuntiantem
1674 1991 1688 2026 :
1713 1986 1765 2028 et
1787 1977 1898 2043 ipse

318 2069 446 2122 enim
474 2073 551 2122 ait
577 2084 593 2122 :
630 2068 759 2121 Haec
788 2068 908 2120 dicit
936 2067 1188 2120 Dominus
1218 2071 1285 2118 ad
1317 2068 1613 2134 praphetas,
1641 2069 1728 2135 qui
1749 2070 1899 2120 sedu-

322 2169 426 2211 tunt
454 2160 705 2229 populum
736 2157 896 2228 304
923 2174 1116 2221 meum,
1150 2168 1195 2210 et
1234 2159 1463 2211 mordent
1501 2158 1732 2211 dentibus
1758 2160 1894 2224 suis,

319 2253 391 2320 qui
416 2252 704 2321 prcedicant
727 2269 878 2320 super
899 2268 1013 2304 eum
1043 2269 1241 2322 pacem,
1270 2260 1315 2304 et
1346 2270 1446 2305 non
1468 2262 1542 2306 est
1569 2270 1672 2321 pax
1703 2255 1825 2306 data
1846 2257 1896 2309 in

317 2365 393 2400 ore
426 2364 639 2411 eorum,
670 2358 718 2401 et
762 2349 1128 2401 suscitaverunt
1168 2365 1321 2419 super
1347 2366 1462 2402 eum
1505 2349 1714 2403 bellum.
1768 2351 1900 2405 Pro-

317 2449 470 2505 pterea
500 2455 607 2491 nos;
636 2438 774 2491 vobis
802 2440 893 2491 erit
921 2456 983 2492 ex
1004 2440 1141 2505 visu,
1167 2451 1215 2492 et
1246 2440 1461 2493 tenebrat
1485 2442 1621 2494 vobis
1660 2454 1805 2496 erunt
1836 2461 1900 2498 ex

318 2526 647 2593 divinatione,
677 2538 725 2581 et
759 2530 949 2581 occidet
978 2529 1058 2582 sol
1084 2546 1235 2597 super
1272 2531 1575 2599 prophetas,
1608 2542 1656 2586 et
1684 2535 1900 2587 tenebri-

317 2623 434 2674 cabit
458 2641 615 2694 super
643 2641 725 2677 eos
750 2624 875 2691 dies,
901 2634 947 2677 et
974 2625 1348 2694 confundentur
1374 2628 1460 2693 qui
1488 2627 1656 2680 vident
1676 2629 1898 2693 somnia,

317 2724 357 2767 et
379 2715 726 2768 irridebuntur
752 2716 929 2779 divini,
961 2725 1005 2768 et
1027 2716 1289 2770 detrahent
1319 2718 1381 2770 de
1406 2719 1486 2771 Itis
1508 2735 1677 2772 onmes
1706 2721 1809 2783 isti,
1840 2738 1899 2774 eo

316 2806 439 2870 quod
467 2821 574 2859 non
604 2806 668 2858 sit
697 2807 787 2873 qui
816 2806 1100 2860 exaudierit
1130 2823 1232 2859 eos.
1268 2805 1389 2860 Nisi
1427 2824 1517 2879 ego
1545 2808 1600 2861 in
1628 2810 1776 2877 plena
1798 2812 1899 2862 vir-

316 2906 408 2949 tute
432 2909 478 2949 et
508 2898 563 2949 in
598 2896 800 2966 Spiritu
834 2897 1070 2965 Domini,
1103 2914 1219 2951 cum
1240 2899 1440 2967 judicio
1481 2909 1526 2952 et
1552 2900 1776 2968 potentia
1805 2916 1900 2953 an-

317 2990 550 3040 nuntiare
590 2986 750 3041 Jacob
780 2990 1071 3057 iniquitates
1100 3005 1251 3055 suas,
1283 3000 1330 3042 et
1371 2988 1536 3044 Israel
1566 3001 1771 3059 peccata
1805 3009 1900 3045 sua

319 3080 490 3148 (Mitti.
543 3098 635 3147 tu,
676 3083 756 3152 5).
805 3082 1037 3137 Audiant
1081 3098 1211 3154 ergo
1256 3096 1473 3140 sanctos
1517 3087 1898 3144 convenienter
1924 3079 1970 3184 α

315 3169 625 3226 Trinitatem
660 3174 1044 3243 prsedicantes,
1077 3186 1130 3229 et
1177 3192 1442 3246 nunquam
1474 3178 1730 3247 Spiritum
1776 3194 1898 3234 san-

315 3277 445 3322 etum
476 3268 849 3332 universitati,
890 3284 1007 3336 qua:
1040 3285 1135 3338 per
1160 3269 1354 3324 Filium
1390 3270 1525 3325 facta
1554 3282 1668 3338 est,
1701 3288 1905 3328 connu-

315 3377 606 3425 merantes,
640 3364 734 3417 sed
778 3379 897 3418 cum
943 3363 1101 3419 Patre
1130 3377 1184 3420 et
1218 3367 1351 3421 Filio
1396 3383 1516 3422 eum
1563 3371 1899 3437 proﬁtentes.

314 3453 449 3518 Quod
479 3455 530 3509 si
564 3456 860 3510 Salvatoris
898 3457 1202 3522 instructio,
1238 3469 1296 3513 ut
1340 3460 1515 3523 aiunt,
1561 3472 1739 3517 movet
1773 3480 1901 3523 eos.

314 3548 531 3602 dicentis
561 3564 576 3602 :
612 3547 743 3601 Hice
771 3558 845 3601 est
869 3559 1040 3602 autem
1068 3551 1169 3603 vita
1190 3560 1399 3618 a'terna,
1430 3562 1482 3604 ut
1505 3566 1814 3623 cognoscant
1856 3565 1905 3610 te

314 3637 465 3691 solum
508 3655 684 3691 verum
723 3638 889 3691 Deum
910 3682 924 3705 ,
958 3650 1005 3693 et
1050 3657 1199 3710 quem
1226 3644 1407 3696 misisti
1435 3643 1613 3699 Jesum
1640 3645 1900 3703 Christum

314 3727 475 3798 (Jonn.
506 3747 641 3795 xvn,
676 3733 752 3799 '5),
782 3742 835 3785 et
862 3746 967 3784 non
998 3732 1324 3800 perltibentis
1348 3743 1405 3788 ut
1431 3739 1898 3804 cognoscantSpi-

314 3822 458 3874 ritum
485 3831 769 3885 sanctum;
808 3823 1033 3877 satisﬁet
1060 3823 1167 3878 illis
1194 3827 1563 3899 eumaudiant
1592 3829 1763 3897 ipsum
1797 3832 1901 3887 Do-

314 3917 501 3966 minum
534 3914 867 3967 Salvatorem
900 3923 1141 3968 nostrum
1170 3925 1223 3969 et
1250 3916 1317 3971 de
1349 3916 1552 3984 Spiritu
1584 3919 1848 3975 dicentem
1881 3939 1895 3978 :

317 4004 369 4057 Si
388 4006 601 4076 diligitis
623 4021 722 4066 me,
751 4007 993 4057 mandata
1014 4021 1126 4059 mea
1153 4017 1366 4071 servate,
1394 4016 1438 4060 et
1467 4025 1556 4078 ego
1582 4012 1773 4079 rogabo
1802 4011 1900 4066 Pa.

316 4112 455 4164 trem,
486 4112 536 4155 et
566 4102 730 4154 altum
760 4098 1080 4153 Paraclitum
1106 4101 1247 4154 dabit
1276 4101 1411 4153 vobis
1434 4140 1448 4164 ,
1480 4111 1534 4155 ut
1578 4115 1778 4156 maneat
1809 4121 1897 4156 vo-

316 4197 491 4249 biscum
525 4199 577 4250 in
599 4206 846 4250 ceternum
874 4214 891 4250 .'
924 4195 1177 4264 Spiritum
1214 4196 1467 4259 veritatis,
1496 4212 1641 4265 quem
1677 4198 1899 4252 mundus

314 4304 403 4341 non
438 4299 599 4357 potest
625 4291 876 4357 accipere,
907 4289 1023 4356 quia
1053 4306 1151 4341 non
1181 4290 1301 4342 vidit
1333 4307 1477 4353 eum,
1511 4307 1601 4343 nec
1642 4294 1899 4360 cognoscit

314 4395 416 4430 eum
442 4396 457 4432 :
488 4398 577 4432 vos
605 4391 773 4433 autent
804 4382 1104 4449 cognoscitis
1128 4398 1258 4444 eum,
1288 4384 1410 4452 quia
1435 4385 1575 4451 apud
1594 4401 1680 4437 vos
1705 4397 1894 4451 manet,

2000 498 2120 552 ﬁdei
2181 508 2570 552 sacramentum
2612 502 2868 566 apostolis
2924 503 3165 565 tradens,
3225 504 3401 558 dicit:
3435 502 3577 554 Enn-

1996 595 2066 637 tes
2115 601 2249 637 nunc
2305 586 2480 637 docete
2535 602 2706 640 omnes
2761 601 2968 657 gen'es,
3020 591 3332 659 baptizantes
3386 606 3470 643 eos
3524 592 3579 643 in

1996 676 2197 727 nomine
2245 674 2448 736 Patris.
2493 688 2542 731 et
2590 676 2751 740 Filii,
2801 686 2846 730 et
2892 679 3117 747 Spiritus
3160 681 3322 733 sancti
3360 678 3577 745 (Matth.

1997 778 2190 828 xxvrt,
2222 763 2348 831 l9)?
2382 765 2487 818 Nec
2513 781 2616 819 non
2648 776 2702 821 et
2724 767 2809 820 illa
2836 783 3025 835 magna
3055 778 3106 821 et
3134 768 3285 822 beata
3315 766 3581 822 confessio

1998 850 2146 914 ﬁdei,
2183 851 2289 903 imo
2318 852 2478 923 305
2509 854 2617 920 ipsa
2649 853 2779 908 ﬁdes
2823 866 3125 909 sanctorum
3149 895 3163 916 ,
3195 864 3248 909 et
3288 865 3576 909 testamen-

1997 949 2105 993 tum
2134 938 2272 1008 qnod
2304 940 2664 1008 disposuimus
2692 943 2755 993 ad
2791 942 3001 996 Patrem
3022 988 3036 1010 ,
3098 942 3286 995 Filiqu
3327 951 3382 995 et
3409 940 3576 1008 Spiri-

1997 1035 2107 1081 tum
2158 1036 2430 1091 sauctum,
2478 1028 2543 1080 ad
2590 1043 2800 1082 sacrum
2847 1030 3113 1083 lavacrum
3160 1030 3578 1096 regenerationis

1994 1117 2292 1179 venientes,
2328 1112 2559 1169 confessi
2587 1115 2665 1169 sic
2690 1133 2702 1168 :
2735 1113 2901 1169 Credo
2923 1118 2974 1169 in
3002 1117 3163 1170 Deum
3190 1117 3394 1172 Patrem
3417 1122 3580 1170 omni-

1996 1214 2281 1274 potentem,
2313 1217 2357 1257 et
2386 1206 2439 1258 in
2482 1204 2657 1259 Iesum
2690 1204 2946 1259 Christum
2987 1206 3184 1259 Filium
3212 1210 3321 1277 ejus
3350 1208 3582 1277 unigeni-

1996 1306 2132 1359 tum,
2173 1306 2218 1349 et
2248 1297 2302 1348 in
2332 1296 2585 1365 Spiritum
2623 1306 2875 1350 sanctum.
2912 1297 2975 1350 Et
3005 1296 3129 1350 licet
3153 1297 3406 1351 Dominus
3433 1298 3583 1352 dixe-

1995 1385 2065 1439 rit
2092 1401 2105 1437 :
2139 1385 2354 1438 Creditis
2379 1386 2431 1437 in
2461 1384 2647 1451 Deum,
2680 1395 2725 1438 et
2755 1386 2805 1438 in
2836 1402 2914 1438 me
2934 1388 3122 1440 credite
3149 1385 3329 1455 (Joan.
3364 1401 3470 1449 λιν,
3506 1385 3580 1455 l),

1995 1485 2049 1530 et
2078 1489 2182 1528 non
2222 1474 2401 1528 dixit:
2433 1473 2643 1529 Credite
2689 1476 2738 1528 in
2780 1476 3035 1540 Spiritum
3077 1484 3358 1542 sanctum,
3404 1485 3581 1529 tamen

1996 1568 2223 1634 apostoli
2266 1568 2533 1620 Ecclesias
2574 1569 2734 1619 totius
2763 1568 2909 1621 orbis
2952 1568 3251 1621 docuerunt
3279 1566 3501 1621 credere
3528 1567 3580 1620 in

2000 1658 2233 1722 Patrem,
2264 1667 2318 1710 et
2340 1657 2557 1722 Filium,
2589 1670 2642 1711 et
2664 1656 2920 1723 Spiritum
2949 1670 3214 1711 sanctum.
3241 1657 3380 1723 Ergo
3405 1655 3582 1711 dicant

1930 1768 1975 1827 Β
2003 1749 2045 1802 si
2072 1749 2215 1802 salus
2241 1756 2323 1800 est
2352 1746 2435 1801 bis
2464 1749 2551 1816 qui
2582 1746 2807 1800 credunt
2837 1748 2888 1799 in
2922 1747 3159 1809 Patrem,
3189 1756 3244 1800 et
3274 1747 3498 1810 Filium,
3529 1754 3584 1799 et

2006 1850 2109 1890 non
2140 1836 2365 1890 credunt
2395 1836 2445 1887 in
2478 1834 2732 1902 Spiritum
2764 1846 3003 1888 sanctum
3033 1850 3047 1887 :
3079 1834 3172 1888 sed
3207 1834 3364 1887 absit.
3402 1831 3582 1900 Neque

1997 1928 2139 1983 enim
2178 1928 2227 1979 in
2259 1927 2422 1978 Deum
2456 1927 2683 1979 credunt
2709 1925 2797 1993 qui
2839 1940 2940 1978 non
2971 1924 3195 1978 credunt
3234 1924 3286 1976 in
3327 1922 3582 1991 Spiritum

1997 2025 2258 2069 sanctum.
2286 2014 2526 2083 Denique
2561 2013 2774 2076 Paulus,
2802 2012 3031 2065 inventis
3074 2011 3390 2079 quibusdam
3417 2010 3582 2064 disci-

2001 2107 2159 2173 pulis,
2190 2115 2243 2158 et
2266 2103 2607 2171 interrogatis
2630 2103 2672 2157 si
2702 2102 2959 2171 Spiritum
2987 2112 3231 2156 sanctum
3255 2101 3585 2170 accepissent

1999 2197 2279 2249 credentes
2305 2213 2316 2246 :
2352 2195 2562 2262 illisque
2593 2192 3060 2262 respondentibus,
3092 2207 3191 2246 nec
3218 2192 3264 2246 ei
3290 2199 3433 2246 esset
3461 2192 3582 2259 Spi-

1999 2284 2136 2337 ritus
2175 2294 2389 2337 sanctus
2417 2283 2720 2339 audissent,
2753 2281 2884 2334 dixit
2917 2295 2931 2333 :
2965 2278 3028 2333 In
3055 2297 3154 2349 quo
3179 2296 3298 2349 ergo
3338 2279 3583 2347 baptizati

1999 2374 2117 2427 estis
2152 2374 2287 2442 (Act.
2318 2387 2430 2434 ιιι,
2460 2371 2550 2440 5)?
2579 2371 2817 2424 Pt‘obans
2847 2370 2935 2434 qui
2967 2384 3071 2423 non
3099 2378 3221 2423 sunt
3253 2369 3500 2438 baptizati
3533 2371 3584 2424 in

2000 2464 2215 2517 nomine
2240 2462 2472 2531 Spiritus
2494 2462 2685 2525 sancti,
2716 2476 2813 2515 nec
2839 2463 2889 2515 in
2920 2462 3091 2515 Patris
3119 2469 3173 2515 et
3199 2460 3319 2515 Filii
3369 2460 3585 2516 nomine

2001 2570 2123 2611 esse
2181 2556 2497 2623 baptizatos.
2551 2558 2641 2608 lta'
2673 2554 2829 2621 plane
2875 2562 2929 2607 et
2984 2562 3282 2607 creatorem
3339 2553 3583 2620 spiritum

1999 2653 2240 2698 sanctmn
2270 2644 2628 2712 agnoscimus.
2660 2643 2872 2711 Alioqui
2903 2644 2946 2696 si
2975 2654 3186 2697 creator
3218 2656 3321 2695 non
3351 2646 3432 2696 est
3460 2642 3584 2711 Spi-

2000 2734 2153 2798 ritus,
2185 2741 2239 2786 et
2267 2733 2384 2787 sine
2418 2735 2533 2801 ipso
2562 2733 2629 2787 ab
2658 2733 2809 2788 initio
2839 2735 3004 2786 creati
3034 2747 3253 2798 sumus,
3285 2748 3449 2802 quare
3481 2748 3584 2788 non

2001 2826 2053 2880 in
2083 2827 2487 2893 regeneratioue
2516 2824 2635 2878 sine
2664 2839 2730 2879 eo
2758 2825 3173 2893 regeneramur?
3206 2826 3313 2879 Aut
3361 2824 3584 2879 forsitan

2001 2919 2065 2971 ad
2097 2917 2236 2970 illam
2265 2916 2657 2985 antiquitatem,
2689 2931 2806 2984 qu:e
2836 2916 3009 2970 fuerat
3034 2925 3157 2971 ante
3188 2918 3585 2986 prtevaricatio-

2001 3023 2121 3060 nem
2155 3007 2304 3073 Adae,
2330 3007 2563 3061 restituit
2585 3021 2683 3061 nos
2711 3008 3045 3077 regeneratio
3076 3010 3296 3063 nostra?
3322 3009 3583 3077 Quoniam

2001 3098 2214 3168 quidem
2237 3139 2251 3163 ,
2282 3107 2337 3151 ut
2359 3098 2562 3160 dicitis.
2592 3100 2709 3152 sine
2737 3100 2932 3167 Spiritu
2964 3110 3150 3155 sancto
3181 3100 3345 3155 creati
3378 3117 3584 3164 sumus,

2007 3189 2275 3259 quomodo
2299 3204 2425 3243 vero
2454 3188 2539 3242 hic
2568 3199 2871 3258 assumptus
2900 3198 2982 3245 est
3007 3192 3122 3245 sine
3148 3205 3306 3245 causa
3348 3193 3400 3245 iu
3430 3208 3585 3263 rege-

2006 3282 2280 3335 neratione
2304 3292 2481 3334 nostra
2499 3282 2522 3333 ἲ
2550 3281 2743 3336 Verum
2770 3281 2867 3335 hoc
2887 3281 3068 3337 dicere
3091 3281 3440 3350 irreligiosum
3463 3294 3545 3337 est
3568 3300 3585 3340 :

2005 3382 2099 3427 aut
2128 3389 2195 3428 ne
2226 3373 2398 3443 major
2424 3382 2476 3428 et
2505 3376 2708 3428 cautior
2750 3382 3000 3442 tanquam
3031 3373 3147 3427 sine
3175 3389 3241 3428 eo
3280 3384 3492 3430 creatus
3519 3376 3587 3431 sit

2007 3464 2189 3527 homo,
2230 3476 2285 3518 et
2311 3464 2590 3528 exciderit,
2624 3464 2744 3518 ideo
2772 3465 3059 3518 assumitur
3088 3463 3319 3534 Spiritus
3349 3466 3400 3519 in
3432 3481 3587 3535 rege-

2004 3555 2281 3610 neratione
2307 3567 2485 3611 nostra
2509 3556 2574 3611 ad
2606 3557 2820 3611 tutelam
2850 3558 3172 3612 certiorem?
3200 3557 3303 3613 Sed
3337 3567 3391 3613 et
3411 3558 3587 3628 ipsum

2004 3647 2159 3702 .valde
2189 3648 2430 3715 impium,
2463 3649 2542 3702 vel
2573 3648 2625 3701 in
2658 3662 2871 3703 sensum
2903 3649 3214 3719 cujusquam
3247 3650 3449 3705 subire.
3492 3652 3586 3706 Dio

2004 3746 2128 3792 cant
2160 3740 2319 3808 igitur
2348 3740 2618 3808 quomodo
2647 3740 2878 3808 Spiritus
2906 3742 3198 3795 assumitur
3227 3742 3278 3795 in
3307 3757 3589 3811 regenera-

2008 3827 2208 3883 tionem
2240 3839 2500 3894 nostram,
2531 3830 2620 3898 qui
2649 3845 2754 3882 non
2781 3829 2986 3883 creavit
3017 3844 3113 3883 nos
3144 3831 3209 3883 ab
3239 3831 3409 3898 initio,
3436 3832 3479 3885 si
3513 3840 3587 3886 ta-

2003 3933 2125 3972 men
2155 3934 2258 3971 non
2288 3919 2505 3972 creavit.
2536 3918 2725 3971 Dicitis
2751 3916 2889 3972 forte
2919 3927 2975 3971 ut
3007 3917 3301 3972 sanctiflcet
3322 3922 3587 3974 acceden-

2006 4017 2086 4061 tes
2118 4006 2183 4060 ad
2227 4008 2495 4062 lavacrum
2542 4009 3005 4075 regenerationis?
3046 4008 3135 4062 ESI
3179 4010 3320 4062 enim
3359 4010 3588 4077 Spiritus

2001 4106 2252 4162 sanctus,
2297 4097 2634 4151 sanctiﬁcans
2664 4108 2911 4157 sanctos.
2961 4115 3064 4152 non
3109 4109 3284 4154 tamen
3328 4113 3584 4157 creator:

2000 4188 2178 4241 omnia
2228 4204 2287 4243 ex
2339 4188 2448 4243 Deo
2496 4204 2589 4256 per
2634 4188 2823 4242 Filium
2868 4200 3044 4242 creata
3093 4199 3245 4255 sunt,
3294 4192 3585 4247 secundum

2001 4279 2224 4332 Paulum
2255 4280 2519 4334 dicentem
2557 4298 2568 4334 :
2607 4280 2766 4333 Nabis
2804 4297 2918 4334 vero
2960 4298 3091 4334 unus
3132 4281 3268 4336 Deus
3309 4282 3487 4346 Pater,
3525 4299 3588 4338 ex

1999 4385 2096 4439 quo
2126 4373 2317 4436 omnia,
2347 4382 2392 4424 et
2425 4388 2555 4425 unus
2588 4371 2831 4425 Dominus
2863 4382 3031 4426 noster
3052 4370 3200 4426 Jesus
3221 4372 3475 4439 Christus,
3498 4393 3588 4443 per

314 4474 425 4524 etin
446 4475 584 4527 vobis
608 4475 700 4527 erit
723 4472 903 4543 (Joan.
932 4489 1039 4537 xxv,
1066 4474 1173 4538 15).
1202 4473 1495 4528 Advertant
1518 4475 1675 4545 igitur
1695 4485 1750 4529 et
1770 4492 1896 4545 apo-
1928 4494 1971 4551 ο
1999 4480 2150 4533 quem
2177 4467 2368 4529 οηιηίαν
2396 4476 2443 4518 ει
2472 4482 2562 4518 ’⁸0³
2590 4482 2679 4534 Per
2707 4467 2875 4536 ipsum
2906 4467 2945 4537 (1
2969 4467 3088 4520 δον·
3126 4483 3239 4530 ν¹¹¹ν
3270 4467 3347 4538 6)·
3378 4468 3471 4523 me
3493 4485 3584 4524 3‘“

313 4562 470 4615 stolos
498 4565 715 4632 quidem
746 4574 1132 4632 cognoscentes
1164 4575 1216 4618 et
1258 4564 1512 4631 Spiritum
1536 4610 1550 4635 ,
1580 4576 1631 4621 et
1666 4568 1853 4622 Filium
1878 4611 1893 4633 ,

312 4658 361 4704 et
386 4652 592 4707 Patrem
619 4670 633 4707 :
665 4655 922 4707 mundum
954 4668 1080 4707 vero
1112 4655 1494 4721 miserabilem,
1525 4660 1645 4725 quia
1670 4673 1774 4711 non
1807 4673 1897 4712 co-

311 4748 547 4810 gnoverit
576 4745 810 4809 Patrem,
846 4761 1019 4814 neque
1049 4744 1263 4807 Filium,
1297 4762 1470 4816 neque
1502 4746 1781 4814 Spiritum,
1812 4750 1895 4802 di-

312 4845 459 4889 cente
489 4836 746 4901 Domino,
778 4837 897 4904 quia
932 4852 1033 4888 non
1070 4845 1411 4905 cognoverunt
1456 4836 1694 4903 Patrem,
1733 4854 1893 4907 neque

312 4944 386 4981 me
414 4928 602 4999 (Joan.
637 4948 723 4985 xvi
746 4973 760 4996 ,
790 4933 868 4999 '5).
906 4932 969 4985 Et
1010 4933 1200 4986 iterum
1222 4975 1236 4997 ,
1282 4933 1602 4989 Paraclitum
1633 4934 1886 5003 Spiritum

312 5024 572 5089 veritatis,
603 5041 763 5095 quem
806 5026 1036 5078 mundus
1085 5041 1188 5078 non
1244 5035 1415 5093 potest
1462 5028 1733 5095 accipere,
1767 5029 1887 5096 quia

310 5127 410 5166 non
452 5116 629 5181 videt,
680 5130 777 5169 nec
815 5117 1087 5184 cognoscit
1129 5130 1272 5168 eum.
1332 5115 1705 5184 Signiﬁcanter
1760 5132 1888 5171 vero

309 5206 579 5261 Dominus-
631 5209 792 5262 alium
856 5207 1175 5262 Paraclitum
1247 5221 1367 5261 esse
1432 5206 1567 5260 dixit
1628 5206 1884 5276 Spiritum

309 5306 545 5351 sanctum
584 5317 595 5353 ε
638 5300 888 5367 quoniam
945 5310 997 5353 et
1052 5300 1167 5366 ipse
1220 5298 1516 5353 Paraclitns
1573 5310 1649 5352 εει
1680 5339 1695 5364 ,
1747 5300 1884 5354 sicut

308 5385 538 5442 Joannes
590 5388 643 5442 in
702 5388 936 5456 Epistola
993 5403 1086 5443 sua
1135 5390 1210 5441 ait
1257 5405 1269 5441 :
1324 5387 1450 5440 Ilwc
1502 5388 1638 5441 vobis
1693 5389 1885 5451 scribo,

306 5487 360 5527 ut
409 5494 513 5531 non
564 5479 771 5547 peccetis
798 5518 813 5542 ,
875 5478 1009 5546 quod
1070 5477 1114 5531 si
1170 5478 1570 5547 peccaverimus,
1648 5475 1888 5530 Paracli-

308 5575 410 5621 tum
459 5571 700 5623 habemus
755 5570 823 5623 ad
876 5567 1085 5621 Patrem
1140 5566 1317 5622 Iesum
1368 5567 1629 5623 Christum
1675 5577 1722 5621 et
1779 5568 1891 5637 ipse

311 5661 604 5723 propitiatio
648 5670 720 5714 est
759 5676 852 5731 pro
896 5662 1112 5730 peccatis
1161 5660 1351 5714 nostris
1392 5657 1463 5729 (I
1502 5658 1659 5712 Joan.
1709 5674 1764 5720 ll,
1816 5660 1887 5728 l).

316 5747 375 5803 Ut
404 5752 721 5808 doceremur
763 5753 992 5824 Spiritus
1034 5766 1154 5808 cum
1198 5752 1333 5807 Filio
1382 5752 1761 5821 aequalitatem.
1792 5751 1893 5807 Ve-

2004 4565 2109 4609 tem
2153 4555 2282 4609 nihil
2317 4555 2382 4609 de
2410 4557 2607 4623 Spiritu
2636 4565 2823 4610 sancto
2864 4558 3016 4613 dixit.
3060 4558 3263 4624 Quibus
3292 4561 3589 4627 reSponde-

2001 4664 2157 4702 mus:
2191 4650 2351 4718 308
2380 4650 2570 4703 Sani-ta
2602 4663 2695 4717 per
2738 4648 2927 4702 Filium
2967 4657 3146 4703 creata
3189 4658 3272 4703 est
3297 4660 3542 4705 creatura
3564 4694 3581 4719 ,

1998 4748 2088 4792 aut
2118 4755 2222 4793 non
2254 4740 2473 4793 sancta?
2507 4740 2571 4792 Et
2600 4739 2814 4808 quidem
2863 4754 2966 4792 non
3010 4749 3246 4793 sanctam
3280 4740 3383 4794 dici
3427 4756 3457 4794 a
3487 4741 3589 4796 Do-

1996 4830 2143 4883 mino
2187 4841 2422 4885 creatam
2463 4844 2581 4885 esse
2632 4831 2872 4883 illicitum
2912 4838 3016 4885 est.
3064 4831 3123 4894 Si
3172 4847 3302 4886 vero
3348 4842 3587 4887 sanctam

1994 4936 2112 4976 crea
2129 4923 2207 4976 vit
2236 4923 2428 4989 Filius,
2462 4938 2601 4977 nunc
2630 4924 2969 4978 sanctiﬁcaus
2994 4940 3109 4979 eam
3143 4927 3191 4979 in
3224 4926 3457 4994 Spiritu,
3488 4942 3584 4981 su-

1997 5016 2195 5083 perﬂua
2225 5027 2305 5069 est
2335 5032 2453 5085 quas
2479 5016 2642 5069 datur
2663 5017 2713 5070 ei
2744 5031 2835 5084 per
2864 5018 3106 5084 spiritum
3134 5018 3504 5084 sanctiﬁcatio,
3534 5028 3587 5073 et

1992 5108 2147 5161 valde
2182 5108 2391 5161 inﬁrma
2438 5116 2599 5177 atque
2648 5109 2859 5164 inanis:
2892 5110 3055 5164 veluti
3092 5125 3212 5164 cum
3253 5111 3367 5165 sole
3408 5109 3587 5164 medio

1989 5216 2146 5256 cur~u
2179 5200 2285 5254 diei
2321 5200 2653 5256 illuminante
2687 5202 2871 5255 orbem
2892 5241 2906 5266 ,
2953 5202 3040 5269 qui
3084 5202 3183 5256 sub
3210 5206 3348 5256 ccelo
3376 5208 3459 5253 est
3490 5216 3574 5253 su-

1990 5292 2225 5362 perﬂuus
2258 5302 2311 5345 et
2345 5292 2612 5356 inﬁrmus,
2642 5293 2931 5361 inanisque
2955 5293 3182 5345 lucerna:
3214 5293 3282 5343 sit
3308 5288 3579 5357 splendor.

1995 5382 2099 5436 Sed
2132 5384 2383 5451 quoniam
2415 5397 2518 5436 non
2550 5385 2877 5448 merebatur,
2906 5383 3184 5449 inquiunt,
3217 5389 3460 5433 creatura
3489 5393 3588 5448 per

1999 5471 2193 5525 Filium
2222 5472 2706 5538 sanctiﬁcari,ideo
2726 5471 3078 5526 ministerium
3107 5468 3325 5539 Spiritui
3355 5468 3587 5536 injunxit

2000 5566 2172 5629 Deus,
2205 5575 2261 5619 ut
2309 5582 2402 5633 per
2430 5568 2579 5621 illum
2623 5564 3065 5619 sanctiﬁcarctur.
3100 5562 3240 5629 Ergo
3269 5562 3438 5615 crcari
3467 5560 3587 5632 qui-

2000 5659 2120 5713 dem
2152 5674 2248 5726 per
2275 5659 2462 5713 Filium
2492 5658 2704 5719 meruit,
2735 5654 3057 5711 sanctiticari
3083 5666 3213 5707 vero
3239 5668 3342 5706 non
3368 5652 3583 5707 meruit.

2001 5749 2136 5817 Quid
2160 5749 2314 5819 igitur
2342 5750 2513 5818 majus
2553 5756 2636 5804 est
2660 5744 2826 5801 creari
2851 5758 2919 5798 an
2968 5744 3330 5800 sanctiﬁeari?
3357 5744 3586 5800 Peusato
