3958 6176
248 279 333 333 317
1417 278 1502 334 DE
1539 279 1914 337 TﬂlNITATE
1955 282 2100 339 LIB.‘
2124 285 2237 341 XII.
3369 300 3472 356 538

244 398 285 462 (ι
329 392 437 446 Cor.
472 404 569 455 vn,
597 386 709 459 40).
749 387 813 443 Et
859 388 1050 444 Paulus
1075 400 1205 444 sane
1244 403 1270 441 a
1306 390 1415 444 Deo
1445 406 1504 447 se
1537 403 1783 447 vocatum
1816 402 1860 457 Α
1893 400 2037 451 tubas
2060 414 2138 451 me
2168 402 2220 453 in
2249 398 2329 453 his
2377 402 2640 467 omnibus.
2679 405 2802 460 dicit
2844 405 3092 464 Dominus
3122 408 3332 481 (Eucti.
3366 431 3474 479 ινι,

244 484 338 546 ait,
385 482 447 536 ad
497 481 702 535 Galatas
755 480 995 535 scribens
1051 498 1064 532 :
1121 478 1245 532 Cum
1294 489 1461 534 autem
1492 482 1793 571 placuisset
1872 481 2011 558 ‘45).
2038 490 2235 545 Paulus
2255 507 2379 547 vero
2400 497 2585 551 scribit
2605 499 2670 553 ad
2695 500 2963 555 novellum
2989 478 3479 571 populum:l\'olite

245 572 470 637 Domino,
510 572 596 640 qui
624 586 700 622 me
746 569 1025 639 segregavit
1068 569 1130 621 ab
1178 578 1321 621 utero
1350 570 1526 625 matris
1555 587 1711 635 mea,
1744 584 1792 627 et
1895 581 2196 635 contristare
2226 581 2480 654 Spiritum
2512 586 2636 656 Dei,
2672 593 2724 643 in
2752 607 2851 659 quo
2880 569 3071 664 signati
3096 597 3215 649 estis
3266 598 3318 650 in
3347 600 3479 651 diem

243 665 412 717 vocarit
450 679 538 730 per
557 662 769 731 gratiam
792 676 959 724 suam,
985 659 1205 713 revelare
1231 658 1424 713 Filium
1452 676 1606 714 suum
1634 664 1788 727 mihi,
1892 668 2251 738 redemptionis
2305 672 2520 744 (Ep/tes.
2564 692 2638 743 ιν,
2667 658 2781 749 30).
2810 682 2874 735 Et
2923 658 3086 737 David
3131 687 3480 741 nihitominus

243 766 288 809 ut
309 754 621 823 evangelium
646 768 758 805 eum
796 752 851 805 in
880 752 1107 821 gentibus
1143 750 1283 819 (Gul.
1318 766 1355 815 ι,
1385 752 1495 822 l5).
1520 752 1791 809 Romanus
1892 769 2077 812 contra
2106 760 2321 816 Iudaeos
2343 764 2472 819 dicit
2500 784 2513 821 :
2555 767 2619 821 Et
2646 771 3071 826 exacerbaverunt
3102 775 3380 830 Dominum
3426 782 3479 831 in

243 860 350 899 vero
370 859 397 897 a
427 843 637 898 Christo
663 852 884 897 vocatos
910 856 1029 896 esse
1058 841 1154 908 ait,
1187 841 1429 896 scribens
1457 842 1523 897 ad
1552 858 1645 898 eos
1679 862 1690 896 :
1725 843 1790 897 lu
1892 850 2089 904 deserto
2110 850 2279 921 (Psal.
2305 869 2505 923 Lxsvu,
2527 858 2641 930 40).
2696 860 3031 917 Isaiasetiam
3055 865 3121 918 dc
3149 865 3335 920 iisdem
3362 868 3433 919 ait
3459 890 3476 923 ς

240 937 393 1003 quibus
417 934 529 987 estis
562 944 605 987 et
630 948 717 986 vos
756 933 916 987 vocati
944 931 1071 986 Jesu
1102 931 1292 985 Christi
1328 932 1505 1001 (Rom.
1543 950 1580 997 ι,
1613 932 1692 1000 6).
1726 935 1791 990 Ει
1892 942 2003 1013 Ipsi
2050 961 2164 999 vero
2222 954 2590 1004 contumaciter
2644 966 2892 1023 egerunt,
2950 967 2999 1010 et
3054 961 3478 1015 επαεενιιηιοενηηι

239 1026 435 1097 Spiritus
464 1036 677 1079 sanctus
716 1023 935 1078 Paulum
958 1033 1012 1078 et
1044 1023 1340 1077 Barnabatn
1368 1040 1396 1078 a
1431 1040 1489 1079 se
1513 1025 1646 1080 dixit
1670 1042 1789 1083 esse

1912 1037 2153 1107 Spiritum
2176 1051 2413 1096 sanctum
2441 1044 2599 1115 (Isai.
2638 1064 2787 1116 uin,
2826 1051 2935 1119 10).
2963 1051 3028 1105 Et
3054 1052 3120 1106 ad
3167 1052 3475 1110 Corinthios

239 1131 455 1183 vocatos,
512 1132 568 1173 ut
614 1120 861 1189 gentibus
918 1120 1297 1174 annuntiarent
1363 1119 1656 1177 Christum.
1716 1125 1781 1179 Et

1911 1138 2133 1192 Lcribens
2161 1139 2357 1193 Paulus
2387 1120 2459 1194 ait
2494 1160 2505 1194 :
2537 1144 2615 1196 An
2650 1147 3052 1211 e.rperimentum
3090 1150 3323 1217 qutcritis
3361 1154 3474 1221 ejus

240 1215 369 1282 Plane
398 1213 663 1276 mirabiles
706 1227 826 1267 cum
871 1212 1113 1266 salum"
1142 1212 1345 1267 ίίίεθτει
1386 1214 1454 1268 ad
1487 1214 1704 1270 Paulum
1733 1218 1787 1270 ίη
1888 1230 1975 1296 qui
2000 1230 2146 1283 inme
2166 1230 2389 1301 loquitur
2409 1235 2596 1287 Christi
2622 1235 2710 1305 (11
2739 1236 2857 1291 Cor.
2880 1256 2994 1303 xm,
3020 1212 3114 1308 δγέ
3144 1241 3207 1294 Et
3229 1212 3470 1297 rursuin:

241 1306 409 1373 templo
447 1323 460 1357 :
489 1302 574 1356 llo
601 1304 723 1373 quia
765 1303 835 1356 ad
855 1313 1025 1373 gentes
1063 1304 1212 1372 longe
1235 1305 1429 1372 positas
1460 1322 1552 1377 ego
1588 1309 1784 1361 mittant

1909 1318 2081 1374 llulier
2101 1323 2259 1392 ligata
2284 1335 2357 1376 est
2380 1335 2573 1394 quanto
2599 1339 2825 1395 tempore
2846 1331 2963 1382 uiuit
2984 1333 3058 1383 vir
3085 1333 3217 1397 eius,
3243 1334 3285 1385 si
3304 1345 3472 1387 autem

239 1410 276 1450 τε
300 1398 420 1467 HC!-
468 1410 595 1465 ΠΗ,
638 1393 748 1461 ε¹);
786 1404 838 1447 θῑ
878 1394 1072 1485 Paulus
1100 1394 1166 1448 ad
1213 1394 1431 1449 6313135
1469 1396 1731 1452 Scriberet
1771 1417 1783 1452 ε
1888 1422 2117 1464 mortuus
2145 1414 2296 1481 fuerit
2325 1393 2421 1479 vir,
2450 1417 2670 1470 liberata
2701 1393 2806 1482 est;
2838 1421 2919 1472 cui
2944 1420 3049 1474 vult
3075 1393 3251 1485 nubat,
3276 1432 3474 1476 tantum

237 1487 404 1539 Paulus
422 1486 679 1554 apostolus
695 1502 795 1538 non
813 1486 874 1538 ab
890 1484 1201 1548 hominibus,
1224 1502 1383 1555 neque
1405 1504 1494 1554 per
1512 1488 1780 1556 hominem,

1910 1518 1937 1555 η
1963 1500 2201 1554 Domino.
2235 1502 2443 1557 Beatior
2472 1515 2641 1558 autem
2668 1507 2799 1572 erit,
2841 1510 2885 1561 si
2913 1511 2987 1563 sic
3014 1513 3253 1563 manserit
3295 1529 3473 1565 secun-

234 1580 306 1631 sed
322 1594 403 1647 per
420 1577 592 1630 Iesum
615 1574 873 1628 Christum
897 1584 945 1629 et
977 1574 1139 1629 Deum
1163 1574 1387 1640 Patrem,
1413 1578 1501 1645 qui
1526 1580 1785 1634 suscitavit
1887 1589 2009 1641 dum
2031 1605 2197 1643 meum
2217 1596 2516 1647 sententiam
2540 1610 2560 1648 :
2582 1597 2757 1649 videor
2777 1600 2911 1650 enim
2932 1608 2978 1652 et
3005 1617 3098 1670 ego
3119 1602 3356 1667 spiritum
3383 1602 3473 1655 [λε

231 1685 324 1722 eam
356 1686 384 1721 a
409 1668 618 1720 mortuis
660 1663 802 1732 (Gal.
833 1681 880 1731 ι,
918 1666 970 1737 l)
1004 1683 1018 1720 :
1076 1666 1306 1735 Spiritus
1347 1677 1519 1721 tamen
1569 1682 1784 1725 sanctus
1886 1677 2069 1731 habere
2096 1678 2146 1745 (1
2174 1680 2292 1735 Cor.
2326 1698 2416 1748 vn,
2449 1684 2562 1753 39).
2590 1686 2652 1739 Et
2683 1686 2747 1738 ad
2778 1663 3194 1743 Romanosdicit
3226 1706 3240 1742 :
3276 1689 3474 1743 Verita-

232 1760 349 1813 uiisit
372 1759 583 1811 Paulum
613 1766 669 1812 et
693 1758 986 1813 Barnabam
1011 1757 1261 1827 probatos
1284 1758 1349 1812 ad
1379 1758 1779 1827 praedicandum
1816 1771 1860 1831 B
1888 1774 1988 1819 tem
2016 1768 2130 1821 dico
2169 1771 2222 1823 in
2263 1770 2467 1825 Christo
2496 1773 2624 1828 Jem
2650 1816 2664 1839 ,
2716 1792 2818 1829 non
2864 1782 3100 1846 menum,
3132 1782 3471 1833 τρειίηιοηξηη,

230 1852 438 1920 gentibus
473 1850 658 1904 Jesutn
706 1850 999 1904 Christum.
1051 1849 1186 1903 Dicit
1228 1863 1461 1919 namque
1509 1851 1784 1920 Scriptura
1894 1857 2019 1911 mihi
2066 1861 2358 1927 perhibente
2423 1867 2728 1919 conscientia
2780 1884 2893 1920 mea
2944 1870 2998 1921 in
3042 1870 3244 1936 Spiritu
3297 1878 3471 1923 sancto

231 1944 331 1997 sic:
366 1942 519 1996 Erant
560 1950 737 1995 autem
766 1940 1047 1994 Antiochia
1080 1940 1134 1993 in
1166 1938 1397 1994 Ecclesia
1441 1942 1703 2009 prophetae
1739 1952 1784 1996 et
1890 1946 2066 2016 (llam.
2101 1965 2180 2013 Is,
2208 1951 2281 2019 1).
2322 1952 2386 2006 Et
2418 1955 2470 2007 in
2499 1955 2627 2008 Isaia
2665 1956 2920 2011 Dominus
2962 1974 2976 2011 :
3018 1956 3184 2012 Filios
3212 1961 3390 2029 genui,
3423 1970 3473 2013 et

229 2035 442 2100 doctores,
466 2035 517 2085 in
538 2033 725 2101 quibus
747 2042 852 2085 erat
876 2029 1163 2095 Barnabas,
1188 2042 1234 2083 et
1259 2030 1439 2085 Simon
1469 2033 1557 2101 qui
1578 2043 1788 2086 uocatur
1888 2038 2107 2093 exaltari
2156 2056 2177 2096 :
2231 2044 2330 2111 ipsi
2372 2061 2486 2098 vero
2532 2062 2611 2098 me
2649 2058 2942 2110 spreverunt
2994 2050 3146 2119 (lsai.
3198 2065 3246 2116 ι,
3278 2051 3357 2119 2).
3415 2052 3469 2104 In

231 2124 386 2195 Niger,
414 2134 459 2177 et
499 2122 692 2178 Lucius
716 2122 1045 2193 Cyrenensis,
1076 2132 1123 2176 et
1154 2121 1409 2178 Manahen
1432 2140 1631 2194 quoque
1650 2164 1666 2190 ,
1697 2129 1785 2196 qui
1889 2127 2177 2199 Evangelia
2199 2140 2326 2186 vero
2363 2150 2374 2185 :
2408 2134 2559 2200 Quod
2588 2148 2766 2190 natum
2794 2147 2867 2192 est
2895 2140 2960 2192 de
2994 2156 3169 2206 carne,
3200 2156 3320 2193 caro
3349 2152 3421 2194 est
3452 2156 3470 2194 :

229 2225 312 2266 erat
336 2212 541 2268 Herodis
568 2212 864 2266 Tetrarchte
891 2212 1236 2266 collactaneus
1260 2251 1276 2277 ,
1316 2222 1363 2266 et
1405 2211 1623 2268 Saulus.
1656 2214 1781 2269 Ser—
1887 2228 1935 2271 et
1962 2220 2099 2288 quod
2130 2231 2304 2274 natum
2335 2234 2407 2276 est
2436 2224 2499 2277 de
2531 2224 2763 2295 Spiritu,
2795 2238 3028 2282 sanctum
3055 2239 3147 2292 est,
3184 2230 3315 2297 quia‘
3337 2228 3471 2283 Deus

231 2304 439 2358 rienlibus
457 2319 569 2358 vero
598 2304 672 2358 eis
695 2300 937 2369 Domino,
960 2312 1006 2356 et
1023 2304 1383 2375 jejunantibus
1401 2304 1530 2358 dixit
1553 2305 1781 2374 Spiritus

1908 2312 2113 2381 Spiritus
2140 2324 2215 2367 est
2248 2313 2427 2386 (Joan.
2456 2332 2548 2381 ιιι,
2581 2316 2661 2387 6).
2705 2321 2768 2372 Et
2808 2336 3019 2375 rursum
3055 2339 3067 2373 :
3114 2321 3343 2390 Spiritus
3384 2322 3471 2374 ubi

228 2406 431 2450 sanctus:
461 2395 746 2468 Segregate
771 2396 896 2449 mihi
922 2393 1215 2449 Barnabam
1244 2406 1289 2449 et
1310 2395 1533 2451 Saulum
1562 2397 1614 2450 in
1644 2413 1775 2464 opus

1901 2401 1991 2455 iult
2020 2404 2202 2472 spirat,
2232 2415 2277 2458 et
2301 2422 2471 2460 uocem
2495 2408 2608 2477 ejus
2631 2411 2801 2474 audis,
2831 2419 2880 2463 et
2910 2413 3071 2465 nescis
3098 2413 3233 2465 unde
3273 2413 3464 2473 veniat,

230 2490 284 2542 ad
318 2490 437 2558 quod
477 2490 653 2542 vocavi
696 2504 805 2543 eos.
855 2487 944 2542 Illi
982 2504 1097 2542 vero
1137 2489 1434 2560 jejunantes
1460 2497 1505 2542 et
1535 2477 1735 2544 orantes
1759 2532 1775 2557 ,
1884 2502 2050 2560 etquo
2084 2496 2256 2549 vadat.
2295 2495 2387 2550 Sic
2425 2508 2500 2552 est
2528 2499 2692 2552 omnis
2740 2502 2824 2570 qui
2855 2511 3001 2555 natus
3052 2512 3125 2554 est
3165 2519 3227 2555 ex
3268 2502 3469 2569 Spiritu

226 2586 532 2652 imposuerunt
583 2585 661 2639 eis
699 2599 881 2636 manus
921 2591 969 2635 et
1014 2582 1317 2635 dimiserunt
1355 2596 1375 2635 :
1425 2583 1514 2651 qui
1552 2584 1694 2636 missi
1742 2600 1777 2636 a
1881 2596 2058 2637 sancto
2108 2584 2294 2654 (Ibid.,
2327 2588 2427 2656 8).
2495 2589 2634 2657 Ergo
2662 2590 2779 2645 haec
2815 2592 2879 2644 ad
2934 2591 3141 2645 initium
3196 2593 3467 2657 Evangelii

226 2674 392 2739 Spiritu
431 2683 609 2728 sancto
640 2672 1006 2726 descenderunt
1033 2670 1350 2735 Seleuciam,
1400 2680 1446 2725 et
1490 2672 1608 2726 inde
1642 2672 1780 2726 navi-
1884 2690 2201 2743 comparans
2224 2720 2237 2743 ,
2272 2679 2463 2733 minuit
2496 2681 2729 2747 Spiritus
2758 2682 2925 2735 sancti
2955 2682 3305 2750 dignitatem?
3336 2681 3465 2734 Nam

224 2774 430 2833 paverunt
478 2764 711 2835 Cyprum
756 2761 887 2832 (Act.
936 2775 1049 2827 xm,
1090 2757 1229 2828 1-4).
1284 2758 1351 2813 Et
1400 2761 1479 2815 sic
1526 2762 1780 2829 deinceps
1881 2763 1937 2819 in
1969 2768 2229 2837 principio
2254 2768 2469 2835 quidem
2507 2770 2775 2838 Evangelii
2804 2769 3037 2824 Joannes
3063 2756 3129 2824 de
3159 2768 3465 2835 Salvatore,

224 2856 490 2922 przrdicatio
513 2856 769 2927 gentibus
800 2872 893 2924 per
923 2855 1145 2910 Paulum
1184 2855 1321 2910 facta
1352 2860 1657 2925 exponitur.
1707 2861 1773 2915 Et
1880 2857 2019 2912 etde
2040 2858 2123 2911 his
2143 2859 2233 2926 qui
2255 2860 2603 2914 crediderunt
2622 2861 2723 2914 ait:
2746 2860 3127 2927 Quotquoteum
3145 2873 3461 2928 receperunt,

224 2956 287 2999 est
340 2948 540 3015 quidem
595 2948 811 3017 quando
859 2962 924 3002 ex
985 2960 1213 3015 persona
1263 2946 1435 3001 Patris
1491 2950 1779 3015 loquuntur
1882 2948 2026 3000 dedit
2054 2948 2126 3000 eis
2152 2958 2448 3018 potestatem
2474 2949 2609 3016 ﬁlios
2647 2949 2740 3003 Dei
2762 2950 2894 3017 ﬁeri,
2924 2952 3012 3020 qui
3039 2952 3252 3005 credunt
3291 2952 3342 3005 in
3366 2968 3464 3005 no-

224 3036 477 3105 prophetae.
511 3038 605 3092 Sic
652 3036 814 3091 David
844 3037 896 3090 in
929 3034 1151 3105 psalmis
1177 3035 1252 3087 ait
1286 3051 1301 3090 :
1335 3034 1506 3090 Semel
1521 3040 1692 3107 juravi
1724 3039 1775 3092 in
1888 3042 2026 3093 mine
2048 3044 2180 3113 ejus,
2205 3042 2295 3110 qui
2320 3058 2419 3095 non
2442 3059 2505 3096 ea:
2532 3043 2894 3112 sanguinibus,
2934 3059 3094 3111 neque
3118 3059 3183 3096 ex
3207 3043 3465 3098 voluntate

224 3136 367 3178 sancto
393 3142 519 3193 meo,
550 3128 598 3181 si
625 3126 792 3180 David
822 3127 1039 3179 mentiar
1070 3139 1089 3177 :
1109 3140 1281 3177 semen
1308 3126 1416 3187 eius
1454 3125 1507 3177 in
1535 3136 1780 3179 (uernum
1811 3129 1854 3190 C
1888 3131 2046 3201 311
2081 3133 2269 3197 carnis,
2298 3150 2460 3203 neque
2487 3150 2550 3187 ea:
2578 3135 2831 3187 voluntate
2847 3135 2971 3201 viri,
3014 3142 3103 3188 sed
3129 3152 3193 3189 es:
3225 3135 3330 3189 Deo
3359 3136 3464 3189 nati

223 3215 425 3280 manebit,
448 3227 494 3269 et
519 3217 670 3269 sedes
698 3218 806 3286 ejus
828 3217 957 3269 sicut
977 3213 1057 3268 sol
1078 3226 1196 3270 ante
1217 3233 1295 3269 me
1316 3216 1486 3287 (Psal.
1522 3235 1774 3286 Lssxvm,
1881 3231 1999 3274 sunt
2032 3219 2211 3289 (Joan.
2243 3236 2276 3283 ι,
2314 3222 2424 3291 12).
2451 3222 2526 3277 De
2555 3225 2963 3292 regeneratione
2988 3239 3197 3292 quoque
3229 3224 3462 3280 ﬁdelium

223 3304 312 3372 56).
342 3306 396 3362 Et
444 3322 662 3362 rursum
698 3322 712 3359 :
760 3305 836 3359 De
861 3311 1028 3373 fructu
1060 3307 1247 3360 uentris
1288 3307 1363 3361 tui
1392 3323 1579 3375 ponam
1619 3325 1778 3376 super
1882 3325 2161 3379 exponens
2200 3312 2485 3377 Dominus,
2525 3324 2580 3368 et
2616 3314 2951 3384 postmodum
2988 3315 3332 3369 Nicodemum
3379 3317 3463 3369 in-

223 3394 357 3448 sedem
399 3413 558 3451 meam
591 3395 770 3465 (Psal.
799 3411 981 3459 anxi,
1020 3396 1127 3465 ll).
1159 3396 1308 3467 Sicut
1349 3409 1399 3451 et
1430 3397 1618 3452 Petrus
1653 3401 1730 3454 ait
1757 3416 1772 3457 :
1880 3412 2118 3466 struens,
2143 3417 2237 3458 eos
2269 3403 2356 3472 qui
2387 3404 2437 3457 in
2468 3418 2526 3457 se
2556 3404 2815 3468 credunt,
2847 3405 2947 3459 hoc
2970 3405 3166 3473 estqui
3198 3405 3464 3473 accipiunt

224 3482 440 3553 Propheta
465 3503 583 3541 cum
631 3498 755 3541 esset
782 3485 949 3540 Dauid
968 3529 983 3553 ,
1016 3498 1063 3539 et
1090 3489 1275 3552 sciret,
1319 3488 1437 3557 quia
1472 3490 1775 3559 juramento
1880 3509 2024 3559 eum,
2057 3510 2085 3548 a
2113 3494 2315 3562 Spiritu
2343 3506 2526 3549 sancto
2570 3496 2877 3564 regenerari
2906 3507 3153 3565 oportere
3178 3496 3312 3550 dixit
3338 3497 3415 3549 sic
3445 3512 3460 3550 :

224 3576 398 3645 iurasset
422 3579 497 3633 illi
523 3579 688 3644 Deus,
715 3580 778 3632 de
799 3578 971 3647 fructu
1000 3578 1156 3630 lumbi
1184 3581 1292 3647 eius
1320 3595 1344 3631 s
1375 3580 1492 3633 dere
1518 3578 1777 3651 Christum
1883 3588 1966 3642 Ne
2016 3589 2214 3641 mireris
2243 3589 2364 3649 quia
2413 3589 2519 3641 disi
2567 3588 2657 3641 tibi
2674 3630 2687 3651 ,
2743 3597 2935 3655 Oportet
2982 3604 3066 3639 ros
3095 3588 3235 3640 nasci
3274 3587 3460 3640 denuo.

223 3670 459 3722 mundum
500 3685 713 3723 carnem
750 3684 903 3736 super
930 3668 1173 3721 thronum
1202 3685 1346 3721 suum
1390 3670 1527 3737 (Act.
1560 3686 1592 3723 ll
1613 3712 1626 3734 ,
1657 3673 1770 3735 50).
1882 3678 2107 3745 Spiritus
2138 3680 2225 3732 ubi
2258 3680 2364 3732 vult
2393 3680 2573 3749 spirat,
2606 3690 2652 3733 et
2678 3693 2847 3731 uocem
2872 3682 2983 3748 ejus
3012 3679 3159 3729 audis
3179 3716 3192 3737 .
3234 3688 3280 3730 et
3302 3678 3463 3730 nescis

223 3758 406 3819 (litando
425 3776 549 3814 vero
574 3776 641 3815 ex
667 3775 893 3829 persona
924 3759 1078 3813 Filii?
1100 3774 1220 3812 cum
1251 3758 1413 3813 Isaias
1435 3761 1566 3815 dicit
1596 3778 1611 3817 :
1644 3761 1776 3817 Htec
1881 3769 2015 3822 unde
2054 3772 2220 3821 veniat
2268 3780 2313 3822 et
2355 3785 2454 3834 quo
2478 3778 2593 3832 eat.
2627 3768 2718 3822 Sic
2758 3776 2828 3821 est
2874 3767 3038 3819 omnis
3072 3766 3157 3833 qui
3205 3774 3356 3818 nutus
3388 3775 3463 3819 est

223 3848 319 3900 dicit
351 3849 609 3913 Dominus_
631 3866 651 3906 :
698 3849 913 3917 Propter
939 3864 1026 3902 vos
1047 3865 1245 3919 semper
1273 3848 1655 3923 blasphematur
1685 3870 1775 3906 no-
1879 3875 1941 3914 ea:
1991 3859 2191 3929 Spiritu
2247 3870 2423 3911 sancto
2460 3858 2642 3926 (Joan.
2692 3873 2781 3920 ιιι,
2814 3858 2892 3925 7).
2937 3857 2998 3909 Et
3035 3870 3461 3910 commemorans

223 3959 311 3996 men
337 3962 485 4000 meum
513 3948 567 3999 in
612 3947 843 4016 gentibus
871 3959 890 3998 :
920 3952 1188 4012 prouterea
1240 3956 1505 4014 cognoscet
1546 3948 1775 4015 papulas
1877 3958 2002 4004 ante
2027 3968 2038 4002 :
2065 3950 2215 4013 Quod
2237 3959 2415 4001 natum
2437 3949 2592 4001 estde
2614 3946 2828 4015 Spiritu,
2853 3946 3064 4015 spiritus
3079 3954 3151 3997 est
3173 3941 3457 4009 (Ibid.,6).

222 4051 331 4089 meus
357 4038 402 4089 in
430 4039 519 4091 illa
550 4038 635 4090 die
664 4052 845 4089 nomen
870 4044 1055 4098 meum,
1078 4036 1201 4106 quia
1240 4052 1333 4104 ego
1360 4052 1514 4090 sum:
1551 4040 1658 4105 ipse
1686 4039 1774 4105 qui
1880 4038 1955 4093 Ex
1984 4053 2167 4101 carne,
2190 4052 2315 4091 caro
2346 4052 2361 4091 :
2390 4035 2604 4104 etquod
2638 4035 2875 4089 nascitur
2897 4034 2965 4088 de
2992 4032 3215 4102 Spiritu,
3241 4032 3459 4099 spiritus

221 4126 423 4191 loquebar
442 4129 629 4181 adsum
678 4124 830 4195 (Isai.
862 4142 955 4189 ιιι,
988 4123 1065 4194 5).
1102 4125 1327 4193 Quando
1354 4138 1529 4182 autem
1556 4145 1618 4182 es
1655 4145 1773 4197 per-
1875 4136 1977 4184 est.
2004 4129 2057 4183 Si
2090 4128 2245 4195 igitur
2267 4127 2320 4181 hi
2351 4127 2441 4195 qui
2472 4125 2678 4180 caelesti
2710 4122 3114 4193 regeneratione
3133 4130 3459 4190 generantur

220 4231 325 4272 sona
344 4221 565 4288 Spiritus
588 4220 793 4275 sancti?
815 4229 869 4273 ut
892 4236 1011 4275 cum
1041 4218 1301 4288 pr0pheta
1331 4219 1547 4287 Agabus
1574 4218 1718 4274 dicat
1752 4237 1767 4273 :
1876 4233 1939 4273 ex
1972 4216 2171 4285 Spiritu
2204 4224 2390 4269 sancto
2411 4214 2670 4284 generati,
2703 4229 2768 4267 ex
2794 4213 2901 4267 Deo
2929 4218 3053 4265 sunt
3076 4211 3343 4279 generati,
3362 4225 3458 4264 cur

225 4310 324 4365 Hice
366 4314 477 4367 dicit
509 4314 747 4381 Spiritus
796 4321 1003 4365 sanctus
1032 4326 1051 4365 .'
1084 4309 1264 4363 Virum
1303 4309 1473 4371 hunc,
1514 4312 1661 4380 cujus
1699 4318 1771 4362 est
1877 4324 1980 4364 non
2010 4309 2051 4361 si
2077 4306 2201 4374 quid
2236 4321 2487 4377 magnum
2517 4313 2572 4358 et
2608 4304 2847 4358 divinum
2876 4311 2929 4356 et
2956 4300 3219 4355 Trinitate
3237 4299 3455 4369 dignum

222 4399 352 4471 310
388 4403 478 4455 iste
506 4402 771 4471 cingulas,
812 4403 886 4454 sic
916 4400 1143 4471 ligabunt
1170 4399 1223 4452 in
1255 4396 1549 4451 Jerusalem
1576 4397 1767 4463 Judtei,
1875 4399 1943 4454 de
1965 4397 2165 4466 Spiritu
2192 4412 2288 4450 nos
2309 4396 2513 4465 opinari
2537 4402 2770 4462 oportet,
2794 4399 3047 4460 quantum
3079 4388 3145 4443 ad
3170 4390 3455 4444 humanam

224 4500 256 4543 et
281 4494 457 4546 tradent
503 4495 556 4546 in
586 4508 772 4545 manus
814 4492 1036 4560 gentium
1062 4491 1203 4554 (Act.
1247 4502 1366 4553 xxi,
1416 4486 1527 4555 ll).
1575 4486 1770 4542 Paulus
1801 4505 1851 4565 ι)
1880 4489 2282 4559 possibilitatem
2313 4488 2429 4541 est?
2451 4485 2587 4553 Quid
2616 4499 2745 4538 vero
2769 4481 3120 4552 cogitabimus
3146 4482 3334 4533 iterum
3356 4495 3455 4534 au-

224 4593 367 4637 autt'm
383 4586 441 4639 ad
457 4584 489 4639 Ἰ
506 4584 803 4639 imotheum
827 4582 1010 4637 scribit
1034 4598 1047 4634 :
1077 4580 1301 4651 Spiritus
1316 4588 1489 4632 autem
1511 4579 1776 4646 manifeste
1877 4580 2086 4633 dientes
2119 4578 2339 4632 Paulum
2362 4576 2427 4631 ad
2458 4575 2763 4631 Corinthios
2782 4574 2851 4628 de
2867 4570 3065 4639 Spiritu
3090 4570 3411 4625 scribentem
3437 4588 3451 4623 :

222 4675 337 4740 dicit,
358 4680 467 4740 quia
502 4681 555 4732 in
587 4678 875 4732 novissimis
918 4674 1225 4744 temporibus
1265 4672 1526 4726 discedent
1563 4672 1772 4742 quidam
1876 4671 1956 4723 An
1985 4670 2208 4734 nescitis,
2241 4669 2362 4735 quia
2404 4680 2625 4731 corpora
2653 4672 2818 4718 uestra
2849 4662 3089 4730 templum
3127 4668 3202 4714 est
3230 4659 3455 4731 Spiritus

218 4781 242 4816 α
259 4766 364 4833 ﬁde,
382 4771 692 4825 attendentes
712 4767 975 4837 spiritibus
996 4763 1339 4820 seductoribus
1362 4762 1413 4832 (1
1439 4763 1571 4817 Tim.
1599 4778 1671 4831 iv,
1694 4764 1769 4834 l),
1874 4761 2060 4825 sancti,
2083 4760 2173 4830 qui
2201 4761 2255 4813 in
2276 4758 2415 4812 vobis
2441 4766 2534 4818 est,
2557 4771 2709 4826 quem
2737 4753 3001 4822 accepistis
3028 4768 3060 4804 a
3090 4750 3238 4804 Deo?
3269 4760 3316 4804 et
3354 4768 3453 4805 non

220 4866 262 4907 et
283 4858 523 4914 doctrinis
535 4861 840 4913 daemonum
860 4901 874 4924 ,
900 4866 952 4912 et
975 4856 1112 4913 sicut
1131 4865 1325 4911 caetera
1349 4870 1443 4924 per
1460 4854 1766 4923 prophetas.
1874 4850 1990 4903 estis
2014 4849 2162 4904 vestri
2193 4864 2213 4903 :
2244 4848 2400 4915 empti
2430 4848 2564 4901 enim
2592 4847 2711 4901 estis
2738 4847 2904 4914 pretio
2928 4859 3132 4916 magno.
3160 4841 3459 4909 Cloriﬁrate

220 4944 296 4999 Est
320 4949 447 5002 enim
469 4950 685 5016 quando
718 4950 890 5012 Pater,
925 4955 979 5000 et
998 4944 1214 5015 quando
1240 4944 1434 5009 Filius,
1466 4952 1521 4999 et
1554 4944 1768 5011 quando
1874 4948 1923 4992 et
1965 4949 2164 5008 portate
2224 4940 2385 4994 Deum
2428 4940 2480 4993 in
2508 4939 2745 4993 cordibus
2781 4939 2958 4992 vestris
3006 4936 3059 5010 (1
3082 4938 3199 4992 Cor.
3233 4952 3304 5003 rt,
3340 4937 3455 5005 19).

218 5033 418 5098 Spiritus
456 5050 673 5093 sanctus
712 5039 963 5107 loquitur.
996 5038 1087 5093 Sic
1114 5037 1361 5106 equidem
1400 5052 1495 5104 per
1531 5036 1766 5105 seipsum
1874 5030 2091 5084 Taliane
2117 5031 2184 5084 de
2207 5032 2387 5099 aliquo
2414 5045 2478 5085 ex
2502 5032 2762 5084 creaturis
2789 5028 3005 5098 proprie
3033 5041 3154 5083 esse
3180 5026 3448 5087 dicuntur;

219 5121 347 5180 Pater
366 5128 431 5181 de
450 5128 729 5183 Salvatore
749 5127 824 5181 ait
857 5145 869 5180 :
895 5127 997 5181 Hic
1013 5138 1085 5181 est
1105 5126 1272 5181 Filius
1296 5142 1434 5181 meus
1456 5125 1691 5192 dilectus,
1716 5128 1769 5181 in
1872 5134 1923 5178 et
1951 5126 2123 5193 qualia
2154 5123 2222 5178 de
2260 5125 2401 5191 Deo,
2438 5125 2560 5179 talia
2600 5123 2668 5178 de
2696 5123 2896 5193 Spiritu
2919 5124 3214 5177 scriberent
3241 5128 3446 5181 sancto,

213 5233 295 5284 quo
314 5221 586 5291 complacui
617 5221 833 5291 (Matth.
866 5234 955 5284 ιιι,
993 5219 1098 5287 l7).
1121 5217 1289 5271 Filius
1318 5229 1446 5269 vero
1484 5226 1766 5285 antequam
1873 5215 1917 5269 si
1960 5215 2161 5269 creatio
2197 5217 2375 5269 esset?
2416 5214 2553 5280 Quid
2593 5229 2720 5269 vero
2766 5213 3016 5267 faciemus
3046 5210 3321 5263 audientes
3350 5204 3449 5257 Pe-

213 5318 588 5365 conversaretur
643 5311 786 5365 inter
840 5308 1085 5363 homines
1112 5349 1126 5373 ,
1189 5305 1412 5375 singulis
1467 5307 1767 5377 quibusque
1873 5316 2012 5360 trum
2041 5304 2109 5359 ad
2136 5308 2390 5358 Ananiam
2419 5305 2685 5359 dicentem
2726 5320 2740 5355 :
2777 5302 2913 5370 Quid
2936 5301 3072 5371 quod
3100 5296 3306 5350 tentavit
3337 5292 3443 5347 Sa-

211 5407 492 5455 sanctorum
546 5403 753 5457 locutus
808 5409 926 5466 est,
984 5410 1037 5455 et
1074 5406 1194 5468 post
1218 5410 1499 5452 ascensum
1546 5398 1663 5466 ejus
1710 5398 1761 5452 in
1870 5412 2015 5454 lanas
2041 5416 2127 5453 cor
2149 5409 2291 5452 tuum
2316 5409 2369 5452 ut
2394 5400 2675 5452 mentireris
2703 5398 2922 5469 Spiritui
2949 5402 3142 5455 sancto,
3172 5400 3217 5443 et
3243 5387 3447 5441 subtra-

211 5488 353 5543 celos
404 5491 631 5560 Spiritus
677 5504 892 5560 quoque
930 5501 1146 5544 sanctus
1195 5488 1262 5542 ad
1288 5486 1579 5554 discipulos
1618 5488 1693 5541 ait
1743 5504 1758 5541 :
1867 5491 2013 5544 heres
2037 5491 2249 5557 aprelio
2281 5489 2468 5558 fundi?
2521 5488 2640 5541 Non
2665 5503 2717 5540 es
2746 5486 2979 5540 mentims
3006 5479 3321 5540 hominibus,
3356 5475 3443 5528 ted

213 5578 459 5653 Segregate
490 5586 603 5638 mihi
626 5583 916 5637 Barnabam
966 5591 1013 5636 et
1044 5581 1265 5635 Paulum
1286 5581 1338 5634 in
1367 5596 1497 5650 Opus
1524 5580 1594 5633 ad
1624 5581 1759 5649 quod
1868 5578 1975 5632 Deo
2020 5580 2155 5651 (Act.
2189 5594 2242 5644 ν,
2282 5580 2359 5647 5).
2435 5577 2541 5632 Sed
2572 5577 2748 5630 dicent
2776 5575 2910 5626 forte
2930 5614 2944 5637 ,
2977 5570 3056 5659 sic
3092 5568 3179 5636 qui
3222 5563 3437 5659 Sttinilili

211 5652 454 5731 sanciens
481 5678 607 5746 (Act.
645 5694 763 5741 sm,
790 5678 871 5747 2).
894 5677 959 5731 Et
986 5675 1238 5745 propheta
1261 5675 1476 5744 quidem
1507 5671 1756 5726 Ezechiel
1869 5668 1960 5723 Dei
1985 5669 2330 5733 mentiuntur,
2368 5675 2423 5722 et
2452 5665 2777 5718 mentiuntur
2808 5661 2945 5723 Deo,
2980 5657 3125 5711 velut
3161 5657 3249 5723 qui
3278 5652 3441 5705 mini-

210 5777 372 5823 contra
412 5779 643 5828 veterem
672 5769 923 5840 populum
952 5768 1209 5834 clamans,
1234 5764 1361 5822 dicit
1397 5781 1411 5819 :
1444 5763 1509 5817 Et
1532 5762 1754 5819 contris-
1865 5769 2032 5816 strutn
2056 5757 2374 5816 contumelia
2397 5754 2655 5819 alliciunt,
2682 5747 2875 5818 Regem
2895 5759 3041 5805 certe
3062 5747 3437 5804 debonestant.
