3958 6176
463 259 568 314 319

1813 241 2036 299 VIGILII
2074 239 2450 297 TAPSENSIS

3600 242 3698 297 520

451 373 656 439 Quibus
681 370 905 425 dicimus
936 387 951 424 ε
999 369 1138 438 ΕΙ·ςο
1161 376 1218 422 et
1257 368 1330 421 illi
1375 363 1629 434 apostolis
1670 359 2019 420 mentientes,
2056 363 2098 416 Α
2131 354 2358 416 Spiritus
2385 366 2512 405 vero
2543 359 2778 413 sanctus,
2823 348 3142 411 Paraclitus,
3175 348 3400 417 Spiritus
3433 351 3695 418 veritatis,

455 477 629 516 nonne
662 462 771 516 Deo
795 460 999 514 mentiti
1028 459 1186 514 sunt?
1214 467 1304 510 aut
1323 455 1412 524 qui
1436 453 1707 521 apostolos
1740 449 2023 514 recipiunt,

457 567 632 606 nonne
659 551 823 604 Deum
856 547 1152 616 recipiunt?
1195 548 1331 600 sicut
1360 544 1611 596 Dominus
1652 539 1717 593 ad
1755 538 2028 606 apostolos

454 645 527 696 ait
571 661 584 697 :
617 643 718 707 Qui
747 644 926 709 recipit
965 659 1069 705 vos,
1103 656 1180 692 me
1204 640 1414 707 recipit:
1441 636 1528 706 qui
1564 651 1678 687 vero
1706 649 1786 685 me
1827 631 2025 700 recipit,

455 735 629 802 recipit
683 749 795 783 eum
839 734 925 798 qui
965 748 1042 782 me
1074 732 1206 782 misit
1245 728 1456 796 (Matth.
1495 743 1549 790 tt,
1583 727 1697 794 40).
1737 725 2032 791 Oportebat

455 837 587 887 ergo
613 820 822 871 Petrum
857 829 1236 872 memorantem
1273 836 1283 869 :
1321 816 1455 882 Quid
1476 815 1611 884 quod
1639 817 1842 868 tentavit
1867 813 2030 869 Sata-

457 928 550 963 nas
570 926 657 962 cor
685 920 823 961 tuum
849 911 1049 963 mentiri
1079 908 1298 974 Spiritui
1331 906 1543 959 sancto?
1567 920 1668 957 non
1697 920 1749 957 es
1796 904 2033 957 mentitus

460 1000 680 1065 Spiritui
705 1009 902 1066 sancto,
931 1001 1018 1054 sed
1049 999 1182 1062 Deo;
1204 1008 1293 1052 aut
1321 998 1497 1052 dicere
1528 1013 1543 1050 :
1577 997 1714 1062 Quid
1751 995 1888 1064 quod
1919 1007 2031 1050 ten-

460 1089 582 1142 tavit
632 1088 857 1143 Satanas
897 1092 1096 1142 mentiri
1151 1090 1334 1142 nobis?
1386 1087 1504 1141 Non
1547 1103 1601 1141 es
1652 1086 1889 1138 mentitus
1942 1087 2036 1139 ho-

458 1183 699 1248 minibus,
738 1184 823 1235 sed
849 1181 975 1248 Deo,
1019 1193 1073 1235 ut
1104 1183 1376 1252 sequentia
1409 1183 1544 1236 ratio
1592 1182 1786 1235 habeat
1847 1197 1861 1232 :
1894 1180 2037 1246 Quo-

461 1272 603 1325 niam
635 1273 770 1326 Deus
797 1277 994 1327 sanctis
1019 1274 1128 1327 suis
1160 1274 1261 1327 hoc
1293 1273 1507 1326 tradidit
1535 1282 1590 1325 et
1615 1287 1804 1340 sapere
1824 1281 1878 1326 et
1914 1286 2036 1341 pm-

466 1363 623 1424 litert,
648 1363 1095 1429 quemadmodum
1137 1379 1255 1416 cum
1280 1377 1310 1415 a
1339 1363 1458 1416 liliis
1487 1361 1685 1427 Israel,
1718 1371 1898 1430 spreto
1947 1362 2038 1414 illo

461 1469 655 1523 magno
694 1454 963 1522 SJIIIIICIG,
1001 1472 1092 1509 rex
1131 1456 1445 1523 petebatur:
1481 1467 1808 1523 mir-suisque
1857 1466 2034 1521 esset,

462 1545 598 1596 dixit
623 1543 688 1595 ad
709 1557 829 1595 eum
866 1544 1041 1597 Deus:
1076 1543 1195 1598 Non
1218 1553 1265 1598 te
1298 1545 1457 1614 312
1487 1555 1810 1612 spreverunt,
1840 1545 1931 1598 sed
1963 1559 2042 1597 me

466 1633 518 1704 (1
545 1633 670 1702 R.g.
704 1647 816 1696 vnt,
847 1634 922 1703 7).
963 1634 1028 1687 Et
1051 1635 1244 1689 talibus
1265 1638 1476 1704 quidem
1508 1637 1682 1690 verbis
1711 1635 1894 1690 Petrus
1933 1651 2038 1688 non

2135 445 2321 510 bisque
2351 440 2788 495 obumbrantibus
2813 441 3063 507 paritura:
3096 455 3220 493 eum
3261 440 3436 493 Maria:
3466 452 3696 497 creatuut

2131 540 2213 585 est
2253 530 2580 583 dominicum
2613 531 2866 596 templum
2901 548 2912 580 ε
2947 529 3166 596 angelus
3195 540 3371 582 autem
3404 547 3470 584 ex
3509 532 3697 600 Spiritu

2131 633 2318 677 θωιεῑο
2334 633 2568 676 creatum
2594 636 2714 676 esse
2743 621 2894 674 illum
2922 621 3075 686 dixit,
3100 637 3194 673 cur
3217 636 3319 674 non
3349 637 3506 675 uuam
3524 638 3702 689 Opera-

2135 716 2331 768 tionem
2358 729 2478 770 esse
2512 715 2789 768 Trinitatis
2815 713 3159 767 erudiamur?
3189 712 3318 767 Nam
3349 724 3403 766 et
3432 729 3616 768 Omnes
3646 717 3703 769 li-

2135 808 2282 862 deles
2305 823 2371 861 ex
2413 808 2614 876 Spiritu
2651 819 2838 859 sancto
2868 821 2990 860 esse
3016 805 3147 859 dixit
3183 807 3440 860 Dominus
3471 809 3534 860 ad
3561 807 3707 861 Nico-

2135 900 2374 966 demum,
2409 898 2663 967 profiteris
2703 914 2715 948 :
2753 896 2902 961 Quod
2943 905 3118 948 natum
3167 906 3238 949 est
3279 913 3340 950 ex
3365 912 3548 961 carne,
3595 915 3707 952 caro

2135 1004 2207 1046 est
2239 1008 2259 1047 :
2302 1003 2345 1046 et
2377 993 2511 1061 quod
2541 1002 2716 1044 natum
2749 1002 2820 1044 est
2861 991 2925 1043 de
2970 991 3204 1057 Spiritu,
3237 993 3445 1060 spiritus
3489 1003 3583 1046 est.
3632 993 3708 1046 Ne

2138 1086 2338 1138 mireris
2363 1084 2502 1152 quod
2526 1083 2742 1136 dixerint
2781 1082 2870 1135 tibi
2913 1098 2932 1135 :
2975 1080 3184 1150 Oportet
3225 1097 3310 1134 vos
3349 1085 3492 1135 nasci
3528 1083 3705 1137 denuo.

2141 1175 2367 1242 Spiritus
2390 1173 2475 1226 ubi
2513 1174 2618 1226 vult
2641 1174 2821 1242 spirat,
2853 1182 2898 1225 et
2925 1188 3093 1225 vocem
3123 1174 3235 1242 ejus
3263 1173 3412 1226 nudis
3433 1216 3448 1237 ,
3488 1184 3531 1228 et
3559 1177 3708 1228 nescis

2139 1264 2273 1315 unde
2319 1264 2517 1328 veniat,
2573 1263 2648 1314 vel
2685 1277 2784 1330 quo
2821 1270 2923 1315 eat.
2961 1261 3050 1315 Sic
3093 1271 3166 1314 est
3223 1264 3385 1314 omnis
3425 1263 3511 1330 qui
3567 1273 3709 1318 natus

2140 1363 2212 1408 est
2239 1370 2303 1408 ea:
2348 1354 2549 1422 Spiritu
2585 1363 2760 1407 sancto
2787 1351 2964 1418 (Ioan.
2998 1368 3086 1417 ttt,
3111 1353 3164 1417 6,
3198 1354 3252 1417 7,
3280 1355 3365 1421 8).
3412 1354 3542 1408 Cum
3588 1370 3706 1424 etgo

2143 1447 2421 1500 audiamus
2453 1463 2468 1498 :
2504 1445 2668 1498 Nobis
2712 1461 2845 1496 u'tus
2895 1444 3028 1496 Deus
3059 1443 3233 1509 Pater,
3289 1460 3354 1498 ea:
3381 1461 3481 1510 quo
3528 1447 3709 1509 omnia,

2139 1548 2187 1591 et
2242 1555 2368 1590 unus
2416 1537 2663 1590 Dominus
2704 1534 2862 1589 Iesus
2903 1534 3164 1599 Christus,
3208 1551 3296 1605 per
3331 1552 3480 1605 quem
3523 1538 3710 1600 omnia,

2141 1639 2187 1684 et
2216 1646 2307 1683 nos
2331 1645 2421 1696 per
2451 1631 2616 1694 ipsum
2665 1627 2717 1697 (I
2759 1627 2877 1681 Cor.
2911 1644 3032 1690 vut,
3058 1627 3114 1696 6)
3147 1643 3163 1678 ε
3209 1636 3264 1682 et
3299 1628 3558 1682 habemus
3584 1629 3714 1697 quod

469 1734 551 1779 εει
597 1737 758 1787 uSus;
810 1725 902 1778 sed
941 1740 1062 1778 cum
1095 1727 1331 1779 Auattias
1363 1735 1417 1779 et
1459 1725 1686 1795 Sapltira
1739 1740 1872 1778 uxor
1927 1725 2042 1792 ejus
2075 1727 2118 1786 Β
2149 1720 2321 1788 majus
2351 1729 2434 1774 est
2475 1729 2580 1772 tota
2610 1727 2851 1773 creatura
2883 1727 2937 1772 et
2966 1717 3280 1786 gloriosius,
3315 1718 3363 1772 id
3398 1727 3483 1774 est
3529 1735 3714 1788 corpus

466 1823 712 1882 putarent
735 1828 796 1867 sc
826 1815 1068 1870 honunes
1094 1817 1364 1884 decipere,
1397 1831 1533 1870 unus
1564 1832 1627 1869 cx
1654 1815 1735 1868 bis
1755 1819 1841 1882 qui
1866 1814 2040 1883 decipi

468 1907 789 1974 putabantur
811 1906 999 1959 Petrus
1022 1907 1153 1960 dixit
1187 1924 1198 1957 :
1256 1905 1391 1971 Quid
1418 1908 1553 1974 quod
1589 1907 1795 1959 tentavit
1824 1906 2045 1959 Satanas

468 2001 669 2053 mentiri
695 2001 916 2068 Spiritui
937 2004 1146 2055 sancto?
1166 2017 1266 2053 non
1287 2016 1339 2053 es
1358 1999 1596 2052 mentitus
1622 1998 1933 2061 hominibus,
1957 1998 2045 2050 sed

473 2089 598 2144 Deo.
632 2090 722 2145 Sic
767 2105 898 2146 sane
938 2101 993 2146 et
1035 2092 1102 2144 ad
1131 2090 1412 2158 Sapltiram
1457 2090 1748 2156 ingressam
1791 2090 2048 2141 continuo

469 2187 603 2240 dixit
633 2202 648 2240 :
689 2187 824 2250 Quid
851 2188 988 2255 quod
1013 2187 1244 2241 convenit
1276 2185 1411 2238 vobis
1447 2195 1636 2237 tentare
1663 2184 1912 2253 Spiritum
1945 2182 2050 2236 Do-

471 2278 633 2330 mini?
671 2276 734 2330 Et
768 2277 906 2330 Patri
936 2279 1179 2345 quidem,
1211 2286 1265 2330 et
1297 2275 1461 2343 Filio,
1504 2285 1559 2330 et
1603 2275 1823 2342 Spiritui
1867 2283 2050 2328 sancto

477 2366 659 2420 ﬁdeles
684 2366 863 2422 vit-ere
891 2378 1071 2421 sancta
1098 2367 1309 2435 eloquia
1334 2381 1429 2419 nos
1451 2366 1667 2429 docent,
1692 2365 1830 2420 sicut
1862 2365 2052 2418 Paulus

474 2461 539 2509 ad
573 2457 840 2512 Romanos
869 2458 1055 2512 scribit
1089 2475 1103 2510 :
1132 2457 1280 2522 Quod
1303 2466 1472 2510 autem
1495 2467 1723 2510 mortuus
1753 2467 1823 2510 est
1847 2469 2052 2528 peccato

476 2558 706 2601 mortuus
727 2558 798 2602 est
825 2550 979 2602 semel
1008 2565 1026 2602 :
1055 2549 1192 2617 quod
1222 2557 1392 2600 autem
1423 2548 1562 2609 vivit,
1591 2549 1706 2600 vivit
1745 2547 1849 2600 Deo
1873 2548 2050 2617 (Rom.

474 2653 548 2698 VI,
581 2636 689 2707 I0).
717 2640 783 2693 Et
808 2655 1015 2694 rursum
1043 2659 1056 2694 :
1085 2639 1150 2693 Ut
1171 2640 1258 2708 qui
1281 2640 1595 2708 vivunt,jam
1623 2657 1720 2693 non
1747 2641 1842 2693 sibi
1870 2643 2052 2706 vivant,

474 2730 563 2784 sed
590 2733 636 2783 ei
659 2732 744 2796 qui
771 2747 862 2799 pro
906 2735 1031 2800 ipsis
1057 2741 1286 2784 mortuus
1313 2741 1414 2798 est,
1439 2743 1482 2784 et
1518 2737 1790 2787 resurrexit
1819 2735 1904 2804 (II
1935 2736 2054 2790 Cor.

476 2835 531 2885 v,
569 2820 679 2887 15).
713 2822 775 2875 Et
803 2837 1011 2876 rursum
1040 2823 1320 2891 increpans
1347 2822 1560 2876 Galatas
1591 2824 1776 2878 seniliit
1809 2843 1819 2876 :
1856 2825 1917 2879 Si
1937 2826 2060 2878 vivi-

479 2927 590 2963 mus
622 2911 852 2978 Spiritu,
897 2912 1099 2979 Spiritu
1141 2922 1189 2964 et
1219 2912 1535 2965 ambulemus
1582 2911 1726 2981 (Gal.
1761 2929 1811 2976 v,
1842 2914 1957 2984 25).
1995 2915 2063 2968 Et

482 3015 602 3053 cum
637 3000 832 3054 Paulus
862 3001 927 3054 di-
949 3013 1060 3056 eret
1094 3019 1109 3056 :
1146 3001 1308 3054 Nobis
1355 3017 1470 3054 vero
1510 3019 1638 3054 unus
1669 3001 1823 3055 Pater
1865 3021 1926 3057 ea;
1961 3021 2062 3074 quo

2148 1811 2392 1875 Domini,
2419 1826 2516 1865 nec
2541 1826 2644 1863 non
2674 1819 2729 1864 et
2768 1824 2955 1863 omnes
2995 1819 3178 1862 sancto
3201 1810 3403 1878 Spiritu
3435 1825 3553 1864 esse
3577 1825 3716 1864 sane-

2149 1914 2229 1958 tos
2263 1922 2276 1959 :
2304 1921 2397 1959 cur
2423 1919 2527 1957 non
2555 1919 2674 1972 quae
2703 1903 2768 1956 de
2800 1903 2956 1958 Patre
2996 1913 3050 1957 et
3082 1903 3218 1956 Filio
3248 1903 3440 1957 eadem
3468 1903 3622 1957 etiam
3657 1902 3716 1956 de

2149 1993 2355 2061 Spiritu
2379 2003 2563 2048 sancto
2594 2010 2659 2048 ex
2687 1993 2978 2060 Scripturis
3008 2008 3197 2061 sapere
3222 1993 3554 2047 debeamus?
3579 1993 3718 2056 Quod

2149 2087 2192 2139 si
2223 2100 2386 2153 grave
2407 2085 2490 2139 vel
2521 2084 2672 2138 nefas
2700 2085 2874 2150 impiis
2903 2085 3002 2137 hoc
3029 2097 3148 2138 esse
3177 2084 3415 2150 videtur,
3447 2099 3569 2150 ergo
3597 2083 3718 2138 sicut

2149 2177 2379 2230 credunt
2419 2177 2470 2230 in
2505 2177 2748 2240 Patrem,
2790 2186 2845 2230 et
2896 2176 3086 2230 Filium
3112 2217 3126 2239 ,
3176 2191 3280 2230 nou
3316 2179 3384 2229 ita
3437 2176 3648 2230 credant
3673 2177 3719 2228 in

2153 2267 2409 2334 Spiritum
2457 2278 2698 2320 sanctum
2752 2282 2765 2318 :
2821 2275 2876 2320 et
2911 2270 3050 2320 sicut
3102 2266 3374 2336 baptizant
3424 2267 3474 2320 in
3523 2269 3721 2322 nomine

2157 2357 2327 2411 Patris
2365 2367 2415 2410 et
2453 2355 2605 2420 Filii,
2653 2372 2758 2410 non
2813 2358 2886 2410 ita
2915 2355 3186 2425 baptizent
3217 2357 3378 2410 etiam
3431 2357 3482 2410 in
3527 2357 3724 2411 nomine

2159 2448 2388 2516 Spiritus
2431 2447 2623 2502 sancti.
2681 2448 2751 2502 At
2793 2448 3067 2502 videamus
3118 2448 3162 2501 si
3213 2448 3295 2501 vel
3339 2449 3394 2502 in
3431 2449 3588 2502 Deum
3616 2463 3722 2501 cre-

2159 2538 2291 2591 dant
2334 2539 2417 2592 vel
2448 2537 2758 2606 baptizent,
2800 2537 2999 2606 quisic
3041 2537 3296 2605 sapiunt,
3347 2553 3457 2591 non
3504 2537 3724 2590 videntes

2163 2632 2214 2682 in
2267 2629 2559 2698 Scriptutis
2608 2628 2811 2682 sanctis
2862 2629 3138 2682 Trinitatis
3189 2629 3472 2682 unitatem.
3525 2629 3725 2694 Scripsit

2163 2735 2394 2787 namque
2443 2719 2508 2772 ad
2574 2718 2837 2786 Ephesios
2895 2717 3234 2772 beatissimus
3281 2718 3478 2771 Paulus
3523 2735 3536 2770 :
3581 2717 3727 2784 Pr0p-

2164 2824 2296 2866 terea
2344 2811 2586 2878 suscipite
2607 2819 2711 2863 tota
2741 2825 2885 2861 arma
2917 2807 3015 2860 Dei
3041 2848 3054 2872 ,
3081 2819 3135 2860 ut
3165 2809 3369 2876 possitis
3425 2808 3645 2862 resistere
3684 2807 3728 2858 in

2164 2905 2244 2956 die
2293 2903 2520 2972 maligno
2555 2917 2573 2954 :
2605 2910 2652 2953 et
2703 2916 2818 2953 cum
2863 2900 3034 2952 omnia
3064 2899 3409 2968 perfeceritis,
3435 2909 3563 2953 state
3597 2899 3730 2951 cincti

2166 2995 2363 3047 lumbos
2392 2995 2444 3046 in
2491 2993 2727 3058 veritate,
2760 3003 2810 3045 et
2849 2993 3066 3045 calceate
3096 2993 3247 3061 pedes
3279 2991 3329 3043 in
3377 2991 3730 3060 pra-paratione

481 3090 650 3142 omnia
671 3131 686 3156 ,
728 3097 774 3142 et
818 3106 951 3142 unus
998 3089 1243 3142 Dominus
1294 3088 1448 3141 Iesus
1475 3088 1733 3157 Christus,
1780 3108 1868 3154 per
1914 3109 2061 3162 quem
2090 3090 2135 3152 (ζ
2169 3083 2434 3153 Evangelii
2459 3084 2598 3150 pacis
2637 3097 2656 3135 :
2687 3098 2841 3150 super
2873 3081 2982 3134 lucc
3011 3084 3182 3134 omnia
3210 3081 3516 3151 accipientes
3556 3091 3731 3134 scutum

481 3180 650 3229 omnia
698 3176 751 3247 (1
785 3177 902 3231 Cor.
955 3194 1078 3239 VIII,
1117 3177 1194 3244 6).
1247 3178 1307 3230 Et
1340 3178 1480 3246 quod
1526 3187 1608 3231 est
1646 3180 1814 3248 majus
1853 3183 1903 3234 in
1952 3192 2059 3237 tota

483 3277 722 3320 creatura
747 3305 761 3328 ,
797 3267 898 3320 hoc
917 3277 998 3321 est
1026 3283 1220 3336 corpus
1265 3269 1500 3332 Domini,
1529 3286 1594 3323 ex
1641 3271 1843 3336 Spiritu
1873 3285 2062 3331 sant-to

484 3370 601 3408 esse
654 3356 914 3421 creditur,
958 3359 1094 3411 sicut
1135 3360 1458 3426 evangelista
1493 3360 1769 3414 Mattlueus
1801 3365 2059 3419 tradidit:

484 3444 670 3498 Christi
705 3451 960 3516 generatio
988 3448 1058 3501 sic
1093 3449 1207 3518 fuit.
1241 3447 1368 3501 Cum
1405 3450 1706 3515 desponsata
1740 3464 1864 3505 esset
1896 3453 2064 3508 Maria

487 3545 646 3588 mater
673 3539 781 3604 ejus
810 3554 842 3589 a
865 3535 1056 3607 λοστ»ρή
1079 3578 1096 3602 ,
1140 3549 1408 3608 antequam
1450 3542 1804 3606 convenirent,
1862 3545 2063 3598 inventa

487 3633 558 3676 est
581 3623 633 3675 in
654 3634 794 3677 utero
816 3625 1000 3678 habens
1029 3626 1091 3678 de
1119 3625 1319 3689 Spiritu
1341 3637 1539 3682 sancto.
1567 3627 1758 3696 Ioseph
1783 3642 1950 3684 autem
1988 3635 2063 3686 vir
2112 3621 2116 3625 ’

487 3716 597 3783 ejus
624 3730 738 3767 cum
767 3726 890 3769 esset
918 3717 1066 3770 homo
1082 3717 1276 3784 justus,
1305 3728 1352 3771 et
1378 3718 1530 3771 nollet
1551 3734 1661 3770 eam
1690 3719 1917 3788 detegere
1938 3764 1951 3787 ,
1979 3738 2065 3774 vo-

489 3807 582 3857 luit
603 3821 715 3857 cant
737 3809 928 3860 occulte
949 3809 1218 3860 dimittere.
1243 3807 1370 3860 Haec
1390 3817 1556 3859 autem
1577 3823 1635 3861 eo
1656 3809 1926 3877 cogitante,
1955 3828 2066 3864 ecce

489 3896 698 3966 angelus
725 3896 926 3952 Domini
949 3900 1002 3952 in
1027 3885 1214 3952 somnis
1239 3899 1371 3951 visus
1389 3908 1463 3950 est
1488 3916 1518 3950 a
1538 3896 1730 3964 Ioseph
1755 3901 1923 3954 dicens
1953 3902 2065 3955 illi:

491 3988 701 4056 Ioseph,
736 3987 842 4044 Fili
869 3989 1063 4055 David,
1089 4008 1151 4043 ue
1175 3992 1349 4044 timeas
1371 3992 1590 4061 recipere
1615 3991 1836 4047 Mariam
1858 4012 2066 4050 uxorem

492 4089 632 4129 luant
669 4093 688 4132 :
719 4082 853 4146 quod
895 4081 1027 4132 enim
1070 4096 1131 4132 ea:
1158 4096 1219 4133 ea
1249 4089 1500 4144 nascetur,
1538 4082 1601 4133 de
1644 4080 1843 4150 Spiritu
1893 4098 2068 4140 sancto

493 4176 565 4220 est
595 4168 809 4238 (.llatth.
860 4186 896 4235 ι,
932 4170 1039 4239 18).
1084 4170 1150 4223 Ει
1189 4171 1310 4223 licet
1355 4169 1624 4237 Sapientia
1669 4171 1974 4228 Salomonis
2015 4176 2065 4228 in

497 4256 828 4323 Proverbiis,
859 4259 924 4312 dc
958 4273 1183 4326 corpore
1207 4260 1498 4315 Salvatoris
1526 4260 1758 4326 diceret,
1803 4263 2071 4332 Sapientia

495 4348 761 4415 mdiﬁcavit
791 4350 885 4402 sibi
916 4350 1120 4402 domum
1145 4351 1325 4422 (Prov.
1357 4367 1430 4415 Ix,
1467 4351 1542 4418 I),
1584 4360 1639 4404 et
1667 4351 1751 4405 hic
1791 4355 2071 4420 prolitetur

2166 3178 2308 3243 ﬁdei,
2339 3187 2386 3228 et
2412 3177 2612 3243 galeam
2635 3175 2880 3227 salutaris
2911 3175 3154 3244 accipite,
3185 3182 3231 3226 et
3262 3173 3498 3244 gladium
3522 3171 3731 3242 spiritus,

2164 3269 2298 3336 quod
2325 3278 2397 3320 est
2426 3266 2630 3319 verbum
2661 3264 2754 3317 Dei
2785 3263 3004 3333 (Ephes.
3036 3280 3116 3330 vt,
3154 3263 3262 3333 I3).
3306 3263 3450 3318 Ecce
3475 3273 3629 3317 totam
3657 3275 3733 3314 ar-

2166 3371 2426 3414 maturam
2471 3369 2521 3414 et
2564 3360 2768 3428 galeam
2803 3359 2918 3412 Filii
2951 3376 2964 3410 :
3032 3359 3144 3427 ipse
3171 3359 3315 3412 enim
3343 3367 3433 3411 est
3461 3354 3731 3409 salutaris:

2164 3452 2299 3503 sicut
2329 3451 2465 3504 dixit
2493 3451 2656 3504 Isaias
2685 3450 2942 3519 pr0p|tcta
2969 3467 2980 3502 :
3019 3447 3085 3501 Et
3110 3448 3291 3501 ridebit
3320 3449 3486 3500 omnis
3513 3461 3624 3500 caro
3662 3461 3732 3497 sa-

2166 3544 2331 3594 lutare
2356 3541 2449 3595 Dei
2479 3542 2637 3594 nostri
2671 3538 2821 3610 (Isai.
2853 3556 2955 3603 XL,
2990 3539 3064 3608 5).
3100 3539 3323 3594 Gladius
3367 3553 3500 3592 vero
3528 3536 3734 3605 Spiritus

2167 3631 2373 3695 sancti,
2415 3631 2651 3699 nunquid
2704 3632 2910 3684 destitit
2948 3647 2977 3684 a
3029 3629 3329 3684 Trinitate?
3370 3629 3604 3698 nunquid
3643 3641 3733 3678 non

2169 3722 2426 3776 unitatem
2457 3722 2686 3776 edocet?
2707 3721 2844 3787 Quid
2873 3722 3033 3790 igitur
3069 3721 3133 3774 de
3166 3719 3368 3788 Spiritu
3403 3732 3587 3773 sancto
3606 3718 3733 3786 quis-

2167 3828 2322 3881 quam
2353 3813 2511 3866 dicit?
2539 3827 2662 3865 cum
2690 3813 2824 3866 tales
2871 3812 3230 3880 professiones
3271 3812 3340 3866 de
3369 3826 3439 3864 eo
3483 3810 3652 3865 audiat
3684 3807 3728 3860 in

2167 3903 2458 3972 Sci-ipturis
2507 3903 2812 3967 enuntiari,
2855 3901 3036 3955 audiat
3083 3904 3242 3956 etiam
3289 3911 3507 3956 sanctos
3546 3904 3737 3953 orantes

2171 3996 2454 4048 Dominum
2489 4012 2500 4046 :
2533 3994 2766 4057 Domine,
2795 4010 2856 4046 ne
2875 3994 2927 4046 in
2950 3982 3132 4047 iratua
3162 4009 3348 4064 arguas
3372 4009 3452 4046 me
3482 3991 3639 4060 (Psal.
3670 4002 3731 4049 vt.

2168 4087 2248 4153 2).
2285 4085 2350 4138 Et
2409 4088 2458 4138 in
2515 4086 2719 4153 psalmo
2772 4101 2786 4136 :
2829 4086 3058 4155 Arguam
3099 4093 3146 4138 te
3198 4093 3244 4136 et
3289 4092 3513 4136 statuam
3553 4087 3735 4151 peccata

2172 4175 2335 4248 314.
2356 4185 2442 4229 tua
2463 4187 2580 4230 ante
2609 4176 2792 4245 faciem
2824 4186 2963 4228 tuam
2995 4173 3163 4244 (Psal.
3195 4189 3318 4227 χιιι
3341 4214 3355 4237 ,
3383 4174 3501 4242 2|).
3533 4173 3591 4224 Et
3626 4169 3731 4222 Sal-

2175 4278 2410 4320 vatorem
2443 4267 2509 4320 de
2540 4267 2742 4334 Spiritu
2770 4279 2955 4319 saneto
2977 4265 3240 4319 dicentem
3276 4284 3287 4317 :
3325 4265 3384 4320 Si
3433 4274 3594 4318 autem
3620 4263 3731 4323 iero,

2174 4359 2366 4408 mittam
2395 4355 2707 4408 Paraclitum
2737 4357 2806 4407 ad
2829 4371 2948 4421 vos;
2978 4365 3024 4407 et
3055 4371 3169 4407 cum
3205 4355 3391 4407 venerit
3420 4355 3540 4418 ille,
3571 4355 3732 4417 arguet

497 4438 820 4506 unigenitum
850 4451 1143 4496 creatorem
1171 4445 1410 4511 corporis
1433 4446 1545 4510 sui,
1583 4446 1668 4500 hic
1701 4457 1875 4501 tamen
1905 4463 2070 4517 ange—
2105 4464 2151 4521 ι)
2179 4447 2310 4497 hunc
2338 4445 2586 4497 mundum
2613 4447 2675 4498 de
2705 4457 2929 4512 peccato,
2973 4457 3019 4499 et
3042 4447 3104 4497 de
3130 4447 3364 4513 jus-uia,
3398 4455 3448 4497 et
3478 4445 3538 4497 de
3550 4439 3734 4514 judicio

499 4528 579 4580 lus
601 4543 664 4580 ex
687 4528 884 4593 Spiritu
915 4540 1099 4586 sancto
1131 4532 1258 4586 illud
1305 4549 1424 4588 esse
1472 4535 1604 4588 dixit
1637 4555 1650 4590 :
1681 4547 1734 4591 et
1776 4539 1851 4591 sic
1899 4538 2072 4591 omnis

498 4617 830 4672 Christianus
852 4635 970 4672 cum
997 4623 1293 4688 instruitur,
1312 4625 1499 4677 credit.
1527 4625 1710 4693 Neque
1729 4629 1875 4681 enim
1896 4629 2070 4695 Scrip-

505 4716 618 4758 tura
650 4709 788 4761 circa
821 4710 1132 4766 Trinitatem
1164 4714 1463 4781 discrepat,
1515 4731 1673 4768 ttnam
1723 4719 2074 4786 eamdemque

501 4800 864 4862 operationem
916 4803 1032 4870 ejus
1081 4806 1269 4861 factam
1327 4803 1519 4874 ubique
1562 4807 1780 4860 docens.
1835 4807 2073 4875 Denique

506 4890 669 4944 Deum
723 4893 954 4960 paritura
1002 4897 1150 4948 beata
1195 4896 1350 4966 Virgo
1393 4897 1552 4950 Maria
1598 4911 1716 4950 cum
1768 4897 2070 4950 Gabrielem

501 4981 734 5035 audisset
759 4981 1024 5037 dicentem
1053 5000 1067 5036 :
1106 4985 1234 5039 Ecce
1271 4989 1323 5038 iu
1359 4997 1498 5040 utero
1539 4988 1776 5052 habebis,
1825 4996 1872 5039 et
1907 4990 2072 5057 paries

503 5073 691 5141 ﬁlium,
722 5080 766 5126 et
786 5073 983 5127 vocabis
1009 5089 1188 5126 nomen
1219 5079 1328 5145 ejus
1356 5075 1531 5129 Iesum
1556 5076 1704 5146 (Luc.
1735 5092 1771 5140 ι,
1803 5076 1915 5146 51),
1946 5085 2072 5143 etc.;

504 5175 557 5217 et
584 5180 702 5218 cum
736 5165 1135 5232 interrogasset,
1169 5164 1434 5227 Quomodo
1456 5168 1551 5219 erit
1582 5171 1737 5228 istud,
1766 5169 1886 5237 quia
1916 5168 2080 5220 virum

507 5271 604 5307 non
635 5257 750 5309 novi
800 5255 988 5326 (Ibid.,
1018 5255 1139 5321 54)?
1164 5257 1339 5309 statim
1379 5255 1602 5310 duretur
1625 5259 1692 5310 ab
1723 5273 1788 5310 eo
1815 5259 2025 5312 dicv‘nte
2065 5274 2078 5310 :

510 5342 733 5413 Spiritus
760 5357 963 5401 sanctus
1005 5347 1320 5414 superveniet.
1347 5347 1400 5398 in
1430 5357 1475 5398 te
1500 5390 1514 5415 ,
1547 5357 1593 5399 et
1623 5349 1784 5402 virtus
1831 5349 2081 5402 ditissimi

511 5435 826 5494 obumbrabit
845 5441 954 5494 tibi.
985 5440 1257 5504 Propterea
1277 5440 1413 5508 quod
1440 5451 1672 5492 nascetur
1691 5458 1755 5492 ea:
1785 5453 1830 5494 te
1855 5452 2084 5495 sanctum

514 5529 770 5582 vocabitur
801 5530 968 5584 Filius
1004 5531 1095 5584 Dei
1117 5529 1304 5598 (lbid.,
1479 5530 1629 5595 Quod
1657 5531 1700 5583 si
1730 5533 1888 5602 313
1916 5533 2088 5588 virtus

515 5614 769 5670 Altissitni
788 5623 1202 5689 estunigenitus,
1218 5622 1510 5676 seettndutn
1537 5621 1755 5675 Paulum
1785 5623 2050 5678 dicentem
2073 5643 2083 5677 :

519 5703 744 5759 Christus
772 5706 868 5760 Dei
903 5713 1087 5778 virtus,
1127 5712 1316 5769 et‘Dei
1346 5715 1593 5773 sanicntia
1619 5712 1668 5775 ll
1699 5713 1817 5768 Cor.
1852 5729 1892 5778 ι.
1941 5713 2036 5779 24)
2074 5735 2083 5766 :

2180 4535 2358 4606 (Ioan.
2391 4553 2508 4599 xvu,
2539 4537 2618 4604 7).
2648 4535 2712 4589 Et
2738 4537 3185 4604 quemadmodum
3217 4535 3269 4588 in
3301 4536 3435 4589 Isaia
3457 4576 3470 4596 .
3519 4535 3582 4586 de
3615 4544 3733 4584 con-

2180 4626 2483 4680 verSatioue
2513 4626 2766 4694 unigeniti
2806 4627 2941 4679 inter
2975 4627 3219 4680 homines
3248 4627 3493 4679 audimus
3530 4642 3540 4676 :
3583 4619 3736 4673 Exibit

2181 4718 2320 4787 virga
2343 4719 2404 4769 de
2431 4717 2603 4768 radice
2628 4713 2790 4781 Iesse,
2817 4727 2860 4768 et
2882 4719 2978 4784 flos
3004 4719 3066 4770 de
3093 4719 3265 4770 radice
3293 4719 3400 4780 eius
3429 4713 3671 4778 ascendet,
3696 4718 3736 4761 et

2181 4809 2456 4876 requiescet
2485 4809 2536 4859 in
2561 4823 2619 4858 eo
2643 4807 2851 4875 spiritus
2887 4807 2996 4869 Dei,
3019 4809 3230 4876 spiritus
3253 4808 3514 4873 sapientia:
3529 4814 3575 4856 et
3606 4800 3737 4854 intel-

2189 4901 2370 4957 lectus,
2401 4899 2612 4967 spiritus
2638 4898 2834 4949 consilii
2858 4909 2903 4950 et
2937 4899 3246 4967 fortitudinis
3266 4938 3280 4962 ,
3312 4898 3518 4964 spiritus
3539 4890 3738 4947 scientia!

2181 5000 2224 5042 et
2253 4989 2470 5055 pietatis,
2497 4997 2543 5040 et
2567 4987 2777 5052 replebit
2801 5004 2912 5040 eum
2934 4989 3144 5055 spiritus
3175 4989 3368 5040 timoris
3389 4985 3606 5039 Domini.
3632 4979 3738 5033 Non

2182 5085 2460 5134 secundum
2489 5079 2704 5145 gloriam
2753 5079 3030 5143 iudicabit,
3075 5094 3231 5148 neque
3260 5077 3537 5132 secundum
3580 5076 3739 5141 {acun-

2185 5173 2328 5224 diam
2359 5182 2558 5241 arguet,
2590 5172 2678 5223 sed
2693 5173 2945 5240 judicabit
2976 5173 3158 5224 humili
3177 5172 3398 5241 judicio,
3423 5180 3467 5224 et
3495 5169 3737 5234 redargurt

2185 5263 2447 5330 superbos,
2471 5271 2519 5313 et
2552 5263 2729 5330 eripiet
2769 5262 2982 5315 humiles
3024 5271 3201 5328 terrm,
3233 5272 3280 5315 et
3308 5263 3542 5329 percutiet
3576 5267 3737 5310 terram

2189 5355 2336 5404 verbo
2364 5355 2488 5416 oris,
2515 5362 2560 5404 et
2581 5353 2764 5420 spiritu
2797 5369 2886 5420 per
2913 5353 3049 5405 labia
3081 5352 3346 5420 interﬁciet
3370 5351 3573 5422 impium
3603 5341 3735 5414 (Isai-

2192 5459 2265 5506 ttt,
2301 5441 2437 5510 1-4).
2485 5443 2648 5511 Igitur
2677 5453 2728 5496 et
2771 5451 3144 5496 conversatum
3175 5459 3296 5497 eum
3340 5445 3475 5496 inter
3521 5430 3739 5492 homines

2189 5535 2466 5600 videmus,
2505 5547 2560 5588 et
2587 5535 2831 5602 spiritum
2859 5535 2990 5598 Dei,
3025 5534 3074 5588 id
3117 5545 3198 5588 est
3230 5534 3479 5603 Spiritum
3518 5536 3738 5585 Sanctum

2192 5625 2299 5692 (qui
2323 5632 2376 5677 et
2401 5635 2605 5690 septem
2639 5623 2860 5690 spiritus
2881 5625 3163 5693 vocantur)
3188 5639 3350 5693 super
3375 5637 3493 5679 eum
3523 5614 3739 5684 requies—

2195 5732 2315 5772 cere
2343 5716 2610 5779 videmus;
2635 5715 2871 5776 nondum
2894 5730 3022 5772 vero
3041 5715 3275 5780 judicetn
3297 5730 3416 5773 eum
3439 5706 3735 5780 aspeximus
