  <div class='ocr_page' id='page_1' title='image "/cluster/home/n/w/nwhite01/storage/ocr_20150623/62/hvd.32044054758693/166.png"; bbox 0 0 3958 6176; ppageno 0'>
   <div class='ocr_carea' id='block_1_1' title="bbox 286 269 2305 333">
    <p class='ocr_par' dir='ltr' id='par_1_1' title="bbox 286 269 2305 333">
     <span class='ocr_line' id='line_1_1' title="bbox 286 269 2305 333; baseline -0.004 -1"><span class='ocrx_word' id='word_1_1' title='bbox 286 281 361 333; x_wconf 68' lang='lat' dir='ltr'><strong>Sil</strong></span> <span class='ocrx_word' id='word_1_2' title='bbox 1524 272 1606 323; x_wconf 82' lang='lat' dir='ltr'><strong>DE</strong></span> <span class='ocrx_word' id='word_1_3' title='bbox 1650 269 2016 324; x_wconf 72' lang='lat' dir='ltr'><strong>TlllMTATE</strong></span> <span class='ocrx_word' id='word_1_4' title='bbox 2056 271 2181 325; x_wconf 70' lang='lat' dir='ltr'><strong>LIB.</strong></span> <span class='ocrx_word' id='word_1_5' title='bbox 2217 271 2305 324; x_wconf 77' lang='lat' dir='ltr'><strong>XII</strong></span> 
     </span>
    </p>
   </div>
   <div class='ocr_carea' id='block_1_2' title="bbox 3384 279 3489 332">
    <p class='ocr_par' dir='ltr' id='par_1_2' title="bbox 3384 279 3489 332">
     <span class='ocr_line' id='line_1_2' title="bbox 3384 279 3489 332; baseline 0.019 -2"><span class='ocrx_word' id='word_1_6' title='bbox 3384 279 3489 332; x_wconf 66' lang='lat'><strong>3‘22</strong></span> 
     </span>
    </p>
   </div>
   <div class='ocr_carea' id='block_1_3' title="bbox 281 380 3493 453">
    <p class='ocr_par' dir='ltr' id='par_1_3' title="bbox 281 380 3493 453">
     <span class='ocr_line' id='line_1_3' title="bbox 281 380 3493 453; baseline -0.003 -5"><span class='ocrx_word' id='word_1_7' title='bbox 281 397 356 448; x_wconf 84' lang='lat' dir='ltr'><strong>sed</strong></span> <span class='ocrx_word' id='word_1_8' title='bbox 380 389 542 443; x_wconf 84' lang='lat' dir='ltr'><strong>videre</strong></span> <span class='ocrx_word' id='word_1_9' title='bbox 572 386 617 440; x_wconf 87' lang='lat' dir='ltr'><strong>in</strong></span> <span class='ocrx_word' id='word_1_10' title='bbox 647 385 887 439; x_wconf 78' lang='lat' dir='ltr'><strong>secundo</strong></span> <span class='ocrx_word' id='word_1_11' title='bbox 909 384 1027 453; x_wconf 83' lang='lat' dir='ltr'><strong>ejus</strong></span> <span class='ocrx_word' id='word_1_12' title='bbox 1055 383 1286 437; x_wconf 83' lang='lat' dir='ltr'><strong>adventu</strong></span> <span class='ocrx_word' id='word_1_13' title='bbox 1310 394 1698 450; x_wconf 84' lang='lat' dir='ltr'><strong>exspectamus.</strong></span> <span class='ocrx_word' id='word_1_14' title='bbox 1727 380 1816 436; x_wconf 91' lang='lat' dir='ltr'><strong>Sic</strong></span> <span class='ocrx_word' id='word_1_15' title='bbox 1847 386 1890 440; x_wconf 80' lang='grc' dir='ltr'>Α</span> <span class='ocrx_word' id='word_1_16' title='bbox 1922 398 2134 452; x_wconf 87' lang='lat' dir='ltr'><strong>corpora</strong></span> <span class='ocrx_word' id='word_1_17' title='bbox 2160 394 2341 446; x_wconf 83' lang='lat' dir='ltr'><strong>uestra,</strong></span> <span class='ocrx_word' id='word_1_18' title='bbox 2362 400 2450 451; x_wconf 77' lang='lat' dir='ltr'><strong>per</strong></span> <span class='ocrx_word' id='word_1_19' title='bbox 2470 383 2827 437; x_wconf 83' lang='lat' dir='ltr'><strong>inhabitantem</strong></span> <span class='ocrx_word' id='word_1_20' title='bbox 2848 385 3096 451; x_wconf 72' lang='lat' dir='ltr'><strong>Spiritum</strong></span> <span class='ocrx_word' id='word_1_21' title='bbox 3119 403 3262 439; x_wconf 87' lang='lat' dir='ltr'><strong>suum</strong></span> <span class='ocrx_word' id='word_1_22' title='bbox 3284 391 3335 442; x_wconf 86' lang='lat' dir='ltr'><strong>in</strong></span> <span class='ocrx_word' id='word_1_23' title='bbox 3358 394 3493 445; x_wconf 73' lang='lat' dir='ltr'><strong>vobis</strong></span> 
     </span>
    </p>
   </div>
   <div class='ocr_carea' id='block_1_4' title="bbox 282 474 1810 553">
    <p class='ocr_par' dir='ltr' id='par_1_4' title="bbox 282 474 1810 553">
     <span class='ocr_line' id='line_1_4' title="bbox 282 474 1810 553; baseline -0.01 -13"><span class='ocrx_word' id='word_1_24' title='bbox 282 489 428 553; x_wconf 88' lang='lat' dir='ltr'><strong>itaque</strong></span> <span class='ocrx_word' id='word_1_25' title='bbox 446 490 496 535; x_wconf 89' lang='lat' dir='ltr'><strong>et</strong></span> <span class='ocrx_word' id='word_1_26' title='bbox 523 480 583 532; x_wconf 80' lang='lat' dir='ltr'><strong>de</strong></span> <span class='ocrx_word' id='word_1_27' title='bbox 614 478 820 546; x_wconf 88' lang='lat' dir='ltr'><strong>Spiritu</strong></span> <span class='ocrx_word' id='word_1_28' title='bbox 851 488 1035 531; x_wconf 83' lang='lat' dir='ltr'><strong>sancto</strong></span> <span class='ocrx_word' id='word_1_29' title='bbox 1064 477 1344 529; x_wconf 61' lang='lat' dir='ltr'><strong>audientis</strong></span> <span class='ocrx_word' id='word_1_30' title='bbox 1365 474 1764 528; x_wconf 63' lang='lat' dir='ltr'><strong>constdcramus</strong></span> <span class='ocrx_word' id='word_1_31' title='bbox 1798 490 1810 524; x_wconf 91' lang='lat'><strong>:</strong></span> 
     </span>
    </p>
   </div>
   <div class='ocr_carea' id='block_1_5' title="bbox 280 566 1816 642">
    <p class='ocr_par' dir='ltr' id='par_1_5' title="bbox 280 566 1816 642">
     <span class='ocr_line' id='line_1_5' title="bbox 280 566 1816 642; baseline -0.009 -12"><span class='ocrx_word' id='word_1_32' title='bbox 280 577 377 642; x_wconf 83' lang='lat' dir='ltr'><strong>Ipse</strong></span> <span class='ocrx_word' id='word_1_33' title='bbox 409 573 537 627; x_wconf 82' lang='lat' dir='ltr'><strong>enini</strong></span> <span class='ocrx_word' id='word_1_34' title='bbox 568 571 731 625; x_wconf 84' lang='lat' dir='ltr'><strong>Filius</strong></span> <span class='ocrx_word' id='word_1_35' title='bbox 756 578 841 623; x_wconf 87' lang='lat' dir='ltr'><strong>est</strong></span> <span class='ocrx_word' id='word_1_36' title='bbox 868 569 984 634; x_wconf 89' lang='lat' dir='ltr'><strong>Dei,</strong></span> <span class='ocrx_word' id='word_1_37' title='bbox 1033 570 1120 637; x_wconf 89' lang='lat' dir='ltr'><strong>qui</strong></span> <span class='ocrx_word' id='word_1_38' title='bbox 1152 569 1285 621; x_wconf 64' lang='lat' dir='ltr'><strong>dixit</strong></span> <span class='ocrx_word' id='word_1_39' title='bbox 1315 582 1327 623; x_wconf 86' lang='lat'><strong>:</strong></span> <span class='ocrx_word' id='word_1_40' title='bbox 1375 566 1439 621; x_wconf 89' lang='lat' dir='ltr'><strong>Et</strong></span> <span class='ocrx_word' id='word_1_41' title='bbox 1485 582 1598 619; x_wconf 88' lang='lat' dir='ltr'><strong>cum</strong></span> <span class='ocrx_word' id='word_1_42' title='bbox 1629 566 1816 619; x_wconf 77' lang='lat' dir='ltr'><strong>venerit</strong></span> 
     </span>
    </p>
   </div>
   <div class='ocr_carea' id='block_1_6' title="bbox 283 657 1817 729">
    <p class='ocr_par' dir='ltr' id='par_1_6' title="bbox 283 657 1817 729">
     <span class='ocr_line' id='line_1_6' title="bbox 283 657 1817 729; baseline -0.007 -11"><span class='ocrx_word' id='word_1_43' title='bbox 283 664 556 728; x_wconf 85' lang='lat' dir='ltr'><strong>Paraclitus,</strong></span> <span class='ocrx_word' id='word_1_44' title='bbox 579 672 758 729; x_wconf 85' lang='lat' dir='ltr'><strong>arguet</strong></span> <span class='ocrx_word' id='word_1_45' title='bbox 778 664 911 712; x_wconf 87' lang='lat' dir='ltr'><strong>hunc</strong></span> <span class='ocrx_word' id='word_1_46' title='bbox 930 661 1179 712; x_wconf 88' lang='lat' dir='ltr'><strong>mundum</strong></span> <span class='ocrx_word' id='word_1_47' title='bbox 1206 659 1267 710; x_wconf 86' lang='lat' dir='ltr'><strong>de</strong></span> <span class='ocrx_word' id='word_1_48' title='bbox 1299 668 1522 726; x_wconf 77' lang='lat' dir='ltr'><strong>peccato,</strong></span> <span class='ocrx_word' id='word_1_49' title='bbox 1556 665 1601 709; x_wconf 87' lang='lat' dir='ltr'><strong>et</strong></span> <span class='ocrx_word' id='word_1_50' title='bbox 1627 657 1691 707; x_wconf 82' lang='lat' dir='ltr'><strong>de</strong></span> <span class='ocrx_word' id='word_1_51' title='bbox 1703 659 1817 726; x_wconf 86' lang='lat' dir='ltr'><strong>jus-</strong></span> 
     </span>
    </p>
   </div>
   <div class='ocr_carea' id='block_1_7' title="bbox 280 748 1817 823">
    <p class='ocr_par' dir='ltr' id='par_1_7' title="bbox 280 748 1817 823">
     <span class='ocr_line' id='line_1_7' title="bbox 280 748 1817 823; baseline -0.007 -12"><span class='ocrx_word' id='word_1_52' title='bbox 280 758 393 821; x_wconf 83' lang='lat' dir='ltr'><strong>titia,</strong></span> <span class='ocrx_word' id='word_1_53' title='bbox 421 754 549 808; x_wconf 84' lang='lat' dir='ltr'><strong>etde</strong></span> <span class='ocrx_word' id='word_1_54' title='bbox 578 753 777 823; x_wconf 70' lang='lat' dir='ltr'><strong>judicio</strong></span> <span class='ocrx_word' id='word_1_55' title='bbox 816 750 991 821; x_wconf 83' lang='lat' dir='ltr'><strong>(Joan.</strong></span> <span class='ocrx_word' id='word_1_56' title='bbox 1026 766 1135 812; x_wconf 70' lang='lat' dir='ltr'><strong>rm,</strong></span> <span class='ocrx_word' id='word_1_57' title='bbox 1164 750 1255 819; x_wconf 91' lang='lat'><strong>8).</strong></span> <span class='ocrx_word' id='word_1_58' title='bbox 1300 749 1483 816; x_wconf 84' lang='lat' dir='ltr'><strong>Neque</strong></span> <span class='ocrx_word' id='word_1_59' title='bbox 1527 749 1665 801; x_wconf 89' lang='lat' dir='ltr'><strong>enim</strong></span> <span class='ocrx_word' id='word_1_60' title='bbox 1703 748 1817 801; x_wconf 86' lang='lat' dir='ltr'><strong>sine</strong></span> 
     </span>
    </p>
   </div>
   <div class='ocr_carea' id='block_1_8' title="bbox 284 825 1817 913">
    <p class='ocr_par' dir='ltr' id='par_1_8' title="bbox 284 825 1817 913">
     <span class='ocr_line' id='line_1_8' title="bbox 284 825 1817 913; baseline -0.008 -10"><span class='ocrx_word' id='word_1_61' title='bbox 284 825 455 913; x_wconf 73' lang='lat' dir='ltr'><strong>Spiritu</strong></span> <span class='ocrx_word' id='word_1_62' title='bbox 482 854 661 897; x_wconf 89' lang='lat' dir='ltr'><strong>sancto</strong></span> <span class='ocrx_word' id='word_1_63' title='bbox 695 843 949 897; x_wconf 86' lang='lat' dir='ltr'><strong>Dominus</strong></span> <span class='ocrx_word' id='word_1_64' title='bbox 993 842 1241 896; x_wconf 91' lang='lat' dir='ltr'><strong>adveniet</strong></span> <span class='ocrx_word' id='word_1_65' title='bbox 1270 841 1322 893; x_wconf 90' lang='lat' dir='ltr'><strong>in</strong></span> <span class='ocrx_word' id='word_1_66' title='bbox 1351 856 1534 904; x_wconf 83' lang='lat' dir='ltr'><strong>carne,</strong></span> <span class='ocrx_word' id='word_1_67' title='bbox 1560 840 1651 891; x_wconf 84' lang='lat' dir='ltr'><strong>sed</strong></span> <span class='ocrx_word' id='word_1_68' title='bbox 1687 855 1817 892; x_wconf 84' lang='lat' dir='ltr'><strong>con-</strong></span> 
     </span>
    </p>
   </div>
   <div class='ocr_carea' id='block_1_9' title="bbox 279 930 1817 998">
    <p class='ocr_par' dir='ltr' id='par_1_9' title="bbox 279 930 1817 998">
     <span class='ocr_line' id='line_1_9' title="bbox 279 930 1817 998; baseline -0.005 -9"><span class='ocrx_word' id='word_1_69' title='bbox 279 940 428 989; x_wconf 81' lang='lat' dir='ltr'><strong>tint-us</strong></span> <span class='ocrx_word' id='word_1_70' title='bbox 455 949 567 988; x_wconf 90' lang='lat' dir='ltr'><strong>cum</strong></span> <span class='ocrx_word' id='word_1_71' title='bbox 592 933 870 987; x_wconf 78' lang='lat' dir='ltr'><strong>divinitate</strong></span> <span class='ocrx_word' id='word_1_72' title='bbox 898 948 990 985; x_wconf 88' lang='lat' dir='ltr'><strong>sua</strong></span> <span class='ocrx_word' id='word_1_73' title='bbox 1021 948 1141 985; x_wconf 89' lang='lat' dir='ltr'><strong>cum</strong></span> <span class='ocrx_word' id='word_1_74' title='bbox 1173 932 1260 998; x_wconf 85' lang='lat' dir='ltr'><strong>qui</strong></span> <span class='ocrx_word' id='word_1_75' title='bbox 1295 930 1688 984; x_wconf 86' lang='lat' dir='ltr'><strong>universitatem</strong></span> <span class='ocrx_word' id='word_1_76' title='bbox 1720 930 1817 983; x_wconf 85' lang='lat' dir='ltr'><strong>im-</strong></span> 
     </span>
    </p>
   </div>
   <div class='ocr_carea' id='block_1_10' title="bbox 279 1023 1820 1095">
    <p class='ocr_par' dir='ltr' id='par_1_10' title="bbox 279 1023 1820 1095">
     <span class='ocr_line' id='line_1_10' title="bbox 279 1023 1820 1095; baseline -0.002 -18"><span class='ocrx_word' id='word_1_77' title='bbox 279 1030 387 1095; x_wconf 83' lang='lat' dir='ltr'><strong>plet,</strong></span> <span class='ocrx_word' id='word_1_78' title='bbox 414 1040 524 1079; x_wconf 87' lang='lat' dir='ltr'><strong>cum</strong></span> <span class='ocrx_word' id='word_1_79' title='bbox 556 1024 623 1077; x_wconf 88' lang='lat' dir='ltr'><strong>sit</strong></span> <span class='ocrx_word' id='word_1_80' title='bbox 662 1025 843 1077; x_wconf 87' lang='lat' dir='ltr'><strong>unctio</strong></span> <span class='ocrx_word' id='word_1_81' title='bbox 871 1038 1033 1092; x_wconf 85' lang='lat' dir='ltr'><strong>super</strong></span> <span class='ocrx_word' id='word_1_82' title='bbox 1062 1038 1274 1076; x_wconf 84' lang='lat' dir='ltr'><strong>carnem</strong></span> <span class='ocrx_word' id='word_1_83' title='bbox 1299 1038 1467 1075; x_wconf 87' lang='lat' dir='ltr'><strong>suam.</strong></span> <span class='ocrx_word' id='word_1_84' title='bbox 1494 1023 1582 1075; x_wconf 85' lang='lat' dir='ltr'><strong>Sic</strong></span> <span class='ocrx_word' id='word_1_85' title='bbox 1609 1037 1737 1075; x_wconf 86' lang='lat' dir='ltr'><strong>sane</strong></span> <span class='ocrx_word' id='word_1_86' title='bbox 1765 1029 1820 1075; x_wconf 87' lang='lat' dir='ltr'><strong>et</strong></span> 
     </span>
    </p>
   </div>
   <div class='ocr_carea' id='block_1_11' title="bbox 280 1112 1819 1177">
    <p class='ocr_par' dir='ltr' id='par_1_11' title="bbox 280 1112 1819 1177">
     <span class='ocr_line' id='line_1_11' title="bbox 280 1112 1819 1177; baseline -0.005 -7"><span class='ocrx_word' id='word_1_87' title='bbox 280 1118 415 1170; x_wconf 80' lang='lat' dir='ltr'><strong>David</strong></span> <span class='ocrx_word' id='word_1_88' title='bbox 446 1116 737 1169; x_wconf 81' lang='lat' dir='ltr'><strong>audivimus</strong></span> <span class='ocrx_word' id='word_1_89' title='bbox 770 1125 1072 1168; x_wconf 84' lang='lat' dir='ltr'><strong>cantantem</strong></span> <span class='ocrx_word' id='word_1_90' title='bbox 1105 1123 1157 1166; x_wconf 91' lang='lat' dir='ltr'><strong>et</strong></span> <span class='ocrx_word' id='word_1_91' title='bbox 1183 1113 1448 1166; x_wconf 79' lang='lat' dir='ltr'><strong>dicentem</strong></span> <span class='ocrx_word' id='word_1_92' title='bbox 1486 1128 1498 1161; x_wconf 91' lang='lat'><strong>:</strong></span> <span class='ocrx_word' id='word_1_93' title='bbox 1532 1113 1645 1177; x_wconf 85' lang='lat' dir='ltr'><strong>Quo</strong></span> <span class='ocrx_word' id='word_1_94' title='bbox 1668 1112 1748 1163; x_wconf 88' lang='lat' dir='ltr'><strong>ibo</strong></span> <span class='ocrx_word' id='word_1_95' title='bbox 1788 1128 1819 1163; x_wconf 89' lang='lat' dir='ltr'><strong>a</strong></span> 
     </span>
    </p>
   </div>
   <div class='ocr_carea' id='block_1_12' title="bbox 278 1202 1816 1272">
    <p class='ocr_par' dir='ltr' id='par_1_12' title="bbox 278 1202 1816 1272">
     <span class='ocr_line' id='line_1_12' title="bbox 278 1202 1816 1272; baseline -0.004 -14"><span class='ocrx_word' id='word_1_96' title='bbox 278 1206 433 1271; x_wconf 78' lang='lat' dir='ltr'><strong>spiritu</strong></span> <span class='ocrx_word' id='word_1_97' title='bbox 458 1216 561 1265; x_wconf 85' lang='lat' dir='ltr'><strong>tuo,</strong></span> <span class='ocrx_word' id='word_1_98' title='bbox 593 1214 641 1258; x_wconf 88' lang='lat' dir='ltr'><strong>et</strong></span> <span class='ocrx_word' id='word_1_99' title='bbox 667 1220 768 1272; x_wconf 90' lang='lat' dir='ltr'><strong>quo</strong></span> <span class='ocrx_word' id='word_1_100' title='bbox 794 1220 823 1255; x_wconf 89' lang='lat' dir='ltr'><strong>a</strong></span> <span class='ocrx_word' id='word_1_101' title='bbox 849 1203 979 1269; x_wconf 78' lang='lat' dir='ltr'><strong>[acie</strong></span> <span class='ocrx_word' id='word_1_102' title='bbox 1002 1214 1088 1254; x_wconf 85' lang='lat' dir='ltr'><strong>tua</strong></span> <span class='ocrx_word' id='word_1_103' title='bbox 1129 1203 1321 1271; x_wconf 79' lang='lat' dir='ltr'><strong>fugiam</strong></span> <span class='ocrx_word' id='word_1_104' title='bbox 1348 1202 1521 1271; x_wconf 78' lang='lat' dir='ltr'><strong>(I’sal.</strong></span> <span class='ocrx_word' id='word_1_105' title='bbox 1552 1216 1783 1256; x_wconf 77' lang='lat' dir='ltr'><strong>cxxsvttt</strong></span> <span class='ocrx_word' id='word_1_106' title='bbox 1803 1242 1816 1265; x_wconf 91' lang='lat'><strong>,</strong></span> 
     </span>
    </p>
   </div>
   <div class='ocr_carea' id='block_1_13' title="bbox 278 1293 1818 1362">
    <p class='ocr_par' dir='ltr' id='par_1_13' title="bbox 278 1293 1818 1362">
     <span class='ocr_line' id='line_1_13' title="bbox 278 1293 1818 1362; baseline -0.005 -11"><span class='ocrx_word' id='word_1_107' title='bbox 278 1298 348 1362; x_wconf 83' lang='lat'><strong>7)?</strong></span> <span class='ocrx_word' id='word_1_108' title='bbox 364 1298 456 1350; x_wconf 83' lang='lat' dir='ltr'><strong>Aut</strong></span> <span class='ocrx_word' id='word_1_109' title='bbox 473 1310 570 1347; x_wconf 90' lang='lat' dir='ltr'><strong>non</strong></span> <span class='ocrx_word' id='word_1_110' title='bbox 586 1304 835 1362; x_wconf 88' lang='lat' dir='ltr'><strong>tanquam</strong></span> <span class='ocrx_word' id='word_1_111' title='bbox 850 1294 1079 1359; x_wconf 88' lang='lat' dir='ltr'><strong>jndicem</strong></span> <span class='ocrx_word' id='word_1_112' title='bbox 1096 1293 1339 1358; x_wconf 78' lang='lat' dir='ltr'><strong>Spiritum</strong></span> <span class='ocrx_word' id='word_1_113' title='bbox 1362 1301 1676 1359; x_wconf 85' lang='lat' dir='ltr'><strong>exspectans</strong></span> <span class='ocrx_word' id='word_1_114' title='bbox 1692 1293 1818 1345; x_wconf 83' lang='lat' dir='ltr'><strong>istas</strong></span> 
     </span>
    </p>
   </div>
   <div class='ocr_carea' id='block_1_14' title="bbox 278 1382 1816 1453">
    <p class='ocr_par' dir='ltr' id='par_1_14' title="bbox 278 1382 1816 1453">
     <span class='ocr_line' id='line_1_14' title="bbox 278 1382 1816 1453; baseline -0.003 -14"><span class='ocrx_word' id='word_1_115' title='bbox 278 1386 442 1439; x_wconf 85' lang='lat' dir='ltr'><strong>emittit</strong></span> <span class='ocrx_word' id='word_1_116' title='bbox 463 1382 856 1453; x_wconf 68' lang='lat' dir='ltr'><strong>professiones?</strong></span> <span class='ocrx_word' id='word_1_117' title='bbox 878 1384 1049 1436; x_wconf 88' lang='lat' dir='ltr'><strong>Omne</strong></span> <span class='ocrx_word' id='word_1_118' title='bbox 1069 1382 1209 1435; x_wconf 89' lang='lat' dir='ltr'><strong>enim</strong></span> <span class='ocrx_word' id='word_1_119' title='bbox 1234 1396 1368 1449; x_wconf 89' lang='lat' dir='ltr'><strong>opus</strong></span> <span class='ocrx_word' id='word_1_120' title='bbox 1392 1383 1505 1446; x_wconf 78' lang='lat' dir='ltr'><strong>Dei,</strong></span> <span class='ocrx_word' id='word_1_121' title='bbox 1526 1392 1576 1434; x_wconf 90' lang='lat' dir='ltr'><strong>et</strong></span> <span class='ocrx_word' id='word_1_122' title='bbox 1598 1382 1816 1447; x_wconf 81' lang='lat' dir='ltr'><strong>Christi,</strong></span> 
     </span>
    </p>
   </div>
   <div class='ocr_carea' id='block_1_15' title="bbox 278 1472 1821 1544">
    <p class='ocr_par' dir='ltr' id='par_1_15' title="bbox 278 1472 1821 1544">
     <span class='ocr_line' id='line_1_15' title="bbox 278 1472 1821 1544; baseline -0.004 -14"><span class='ocrx_word' id='word_1_123' title='bbox 278 1487 323 1530; x_wconf 90' lang='lat' dir='ltr'><strong>et</strong></span> <span class='ocrx_word' id='word_1_124' title='bbox 343 1476 554 1544; x_wconf 89' lang='lat' dir='ltr'><strong>Spiritus</strong></span> <span class='ocrx_word' id='word_1_125' title='bbox 580 1476 749 1528; x_wconf 77' lang='lat' dir='ltr'><strong>sancti</strong></span> <span class='ocrx_word' id='word_1_126' title='bbox 782 1484 865 1528; x_wconf 91' lang='lat' dir='ltr'><strong>est</strong></span> <span class='ocrx_word' id='word_1_127' title='bbox 892 1475 1183 1542; x_wconf 84' lang='lat' dir='ltr'><strong>proprium.</strong></span> <span class='ocrx_word' id='word_1_128' title='bbox 1232 1473 1338 1525; x_wconf 87' lang='lat' dir='ltr'><strong>Aut</strong></span> <span class='ocrx_word' id='word_1_129' title='bbox 1382 1487 1485 1525; x_wconf 85' lang='lat' dir='ltr'><strong>non</strong></span> <span class='ocrx_word' id='word_1_130' title='bbox 1520 1472 1821 1524; x_wconf 79' lang='lat' dir='ltr'><strong>audivimus</strong></span> 
     </span>
    </p>
   </div>
   <div class='ocr_carea' id='block_1_16' title="bbox 277 1563 1821 1634">
    <p class='ocr_par' dir='ltr' id='par_1_16' title="bbox 277 1563 1821 1634">
     <span class='ocr_line' id='line_1_16' title="bbox 277 1563 1821 1634; baseline -0.002 -14"><span class='ocrx_word' id='word_1_131' title='bbox 277 1582 379 1620; x_wconf 88' lang='lat' dir='ltr'><strong>eum</strong></span> <span class='ocrx_word' id='word_1_132' title='bbox 405 1568 452 1619; x_wconf 91' lang='lat' dir='ltr'><strong>in</strong></span> <span class='ocrx_word' id='word_1_133' title='bbox 498 1566 842 1634; x_wconf 73' lang='lat' dir='ltr'><strong>nonagesimo</strong></span> <span class='ocrx_word' id='word_1_134' title='bbox 879 1574 935 1619; x_wconf 88' lang='lat' dir='ltr'><strong>et</strong></span> <span class='ocrx_word' id='word_1_135' title='bbox 982 1575 1171 1634; x_wconf 86' lang='lat' dir='ltr'><strong>quarto</strong></span> <span class='ocrx_word' id='word_1_136' title='bbox 1209 1564 1412 1631; x_wconf 87' lang='lat' dir='ltr'><strong>psalmo</strong></span> <span class='ocrx_word' id='word_1_137' title='bbox 1449 1563 1714 1617; x_wconf 90' lang='lat' dir='ltr'><strong>dicentem</strong></span> <span class='ocrx_word' id='word_1_138' title='bbox 1755 1565 1821 1617; x_wconf 91' lang='lat' dir='ltr'><strong>de</strong></span> 
     </span>
    </p>
   </div>
   <div class='ocr_carea' id='block_1_17' title="bbox 280 1654 1820 1727">
    <p class='ocr_par' dir='ltr' id='par_1_17' title="bbox 280 1654 1820 1727">
     <span class='ocr_line' id='line_1_17' title="bbox 280 1654 1820 1727; baseline -0.003 -17"><span class='ocrx_word' id='word_1_139' title='bbox 280 1659 369 1711; x_wconf 84' lang='lat' dir='ltr'><strong>[leo</strong></span> <span class='ocrx_word' id='word_1_140' title='bbox 395 1677 407 1713; x_wconf 89' lang='lat'><strong>:</strong></span> <span class='ocrx_word' id='word_1_141' title='bbox 435 1657 590 1711; x_wconf 79' lang='lat' dir='ltr'><strong>Hodie</strong></span> <span class='ocrx_word' id='word_1_142' title='bbox 620 1658 825 1726; x_wconf 82' lang='lat' dir='ltr'><strong>quidem</strong></span> <span class='ocrx_word' id='word_1_143' title='bbox 850 1658 893 1709; x_wconf 90' lang='lat' dir='ltr'><strong>si</strong></span> <span class='ocrx_word' id='word_1_144' title='bbox 920 1673 1084 1710; x_wconf 80' lang='lat' dir='ltr'><strong>uocem</strong></span> <span class='ocrx_word' id='word_1_145' title='bbox 1114 1659 1223 1727; x_wconf 87' lang='lat' dir='ltr'><strong>ejus</strong></span> <span class='ocrx_word' id='word_1_146' title='bbox 1242 1656 1526 1721; x_wconf 69' lang='lat' dir='ltr'><strong>audierizis,</strong></span> <span class='ocrx_word' id='word_1_147' title='bbox 1560 1656 1713 1708; x_wconf 88' lang='lat' dir='ltr'><strong>nolite</strong></span> <span class='ocrx_word' id='word_1_148' title='bbox 1736 1654 1820 1707; x_wconf 84' lang='lat' dir='ltr'><strong>ob-</strong></span> 
     </span>
    </p>
   </div>
   <div class='ocr_carea' id='block_1_18' title="bbox 1924 474 3487 549">
    <p class='ocr_par' dir='ltr' id='par_1_18' title="bbox 1924 474 3487 549">
     <span class='ocr_line' id='line_1_18' title="bbox 1924 474 3487 549; baseline 0.007 -24"><span class='ocrx_word' id='word_1_149' title='bbox 1924 474 2099 542; x_wconf 78' lang='lat' dir='ltr'><strong>(ltom.</strong></span> <span class='ocrx_word' id='word_1_150' title='bbox 2131 491 2242 539; x_wconf 87' lang='lat' dir='ltr'><strong>vm,</strong></span> <span class='ocrx_word' id='word_1_151' title='bbox 2268 476 2374 543; x_wconf 84' lang='lat' dir='ltr'><strong>ll).</strong></span> <span class='ocrx_word' id='word_1_152' title='bbox 2400 475 2459 528; x_wconf 86' lang='lat' dir='ltr'><strong>Et</strong></span> <span class='ocrx_word' id='word_1_153' title='bbox 2492 476 2651 529; x_wconf 82' lang='lat' dir='ltr'><strong>David</strong></span> <span class='ocrx_word' id='word_1_154' title='bbox 2677 477 2729 529; x_wconf 90' lang='lat' dir='ltr'><strong>in</strong></span> <span class='ocrx_word' id='word_1_155' title='bbox 2753 480 3045 532; x_wconf 83' lang='lat' dir='ltr'><strong>centesimo</strong></span> <span class='ocrx_word' id='word_1_156' title='bbox 3074 482 3229 532; x_wconf 88' lang='lat' dir='ltr'><strong>tertio</strong></span> <span class='ocrx_word' id='word_1_157' title='bbox 3257 487 3487 549; x_wconf 69' lang='lat' dir='ltr'><strong>psalmo:</strong></span> 
     </span>
    </p>
   </div>
   <div class='ocr_carea' id='block_1_19' title="bbox 1919 564 3492 641">
    <p class='ocr_par' dir='ltr' id='par_1_19' title="bbox 1919 564 3492 641">
     <span class='ocr_line' id='line_1_19' title="bbox 1919 564 3492 641; baseline 0.006 -25"><span class='ocrx_word' id='word_1_158' title='bbox 1919 564 2133 633; x_wconf 81' lang='lat' dir='ltr'><strong>Auferes</strong></span> <span class='ocrx_word' id='word_1_159' title='bbox 2169 567 2420 633; x_wconf 73' lang='lat' dir='ltr'><strong>Spiritum</strong></span> <span class='ocrx_word' id='word_1_160' title='bbox 2468 582 2664 631; x_wconf 87' lang='lat' dir='ltr'><strong>eorum,</strong></span> <span class='ocrx_word' id='word_1_161' title='bbox 2709 583 2752 619; x_wconf 73' lang='lat' dir='ltr'><strong>et</strong></span> <span class='ocrx_word' id='word_1_162' title='bbox 2783 568 3033 636; x_wconf 79' lang='lat' dir='ltr'><strong>deﬁcient,</strong></span> <span class='ocrx_word' id='word_1_163' title='bbox 3066 581 3112 622; x_wconf 90' lang='lat' dir='ltr'><strong>et</strong></span> <span class='ocrx_word' id='word_1_164' title='bbox 3148 571 3201 622; x_wconf 88' lang='lat' dir='ltr'><strong>in</strong></span> <span class='ocrx_word' id='word_1_165' title='bbox 3240 588 3492 641; x_wconf 62' lang='lat' dir='ltr'><strong>parcerem</strong></span> 
     </span>
    </p>
   </div>
   <div class='ocr_carea' id='block_1_20' title="bbox 1919 657 3492 729">
    <p class='ocr_par' dir='ltr' id='par_1_20' title="bbox 1919 657 3492 729">
     <span class='ocr_line' id='line_1_20' title="bbox 1919 657 3492 729; baseline 0.006 -21"><span class='ocrx_word' id='word_1_166' title='bbox 1919 665 2289 711; x_wconf 69' lang='lat' dir='ltr'><strong>convertentur.</strong></span> <span class='ocrx_word' id='word_1_167' title='bbox 2337 657 2522 711; x_wconf 76' lang='lat' dir='ltr'><strong>Emitte</strong></span> <span class='ocrx_word' id='word_1_168' title='bbox 2550 658 2800 729; x_wconf 63' lang='lat' dir='ltr'><strong>Spiritum</strong></span> <span class='ocrx_word' id='word_1_169' title='bbox 2838 670 2981 712; x_wconf 88' lang='lat' dir='ltr'><strong>tuum</strong></span> <span class='ocrx_word' id='word_1_170' title='bbox 3010 670 3057 713; x_wconf 89' lang='lat' dir='ltr'><strong>et</strong></span> <span class='ocrx_word' id='word_1_171' title='bbox 3086 665 3406 729; x_wconf 79' lang='lat' dir='ltr'><strong>creabantur,</strong></span> <span class='ocrx_word' id='word_1_172' title='bbox 3443 676 3492 718; x_wconf 91' lang='lat' dir='ltr'><strong>et</strong></span> 
     </span>
    </p>
   </div>
   <div class='ocr_carea' id='block_1_21' title="bbox 1919 747 3491 823">
    <p class='ocr_par' dir='ltr' id='par_1_21' title="bbox 1919 747 3491 823">
     <span class='ocr_line' id='line_1_21' title="bbox 1919 747 3491 823; baseline 0.008 -26"><span class='ocrx_word' id='word_1_173' title='bbox 1919 747 2180 799; x_wconf 84' lang='lat' dir='ltr'><strong>renovabis</strong></span> <span class='ocrx_word' id='word_1_174' title='bbox 2220 750 2399 817; x_wconf 79' lang='lat' dir='ltr'><strong>facient</strong></span> <span class='ocrx_word' id='word_1_175' title='bbox 2439 760 2584 803; x_wconf 82' lang='lat' dir='ltr'><strong>terra:</strong></span> <span class='ocrx_word' id='word_1_176' title='bbox 2620 750 2784 818; x_wconf 83' lang='lat' dir='ltr'><strong>(Psal.</strong></span> <span class='ocrx_word' id='word_1_177' title='bbox 2811 766 2921 811; x_wconf 87' lang='lat' dir='ltr'><strong>cm,</strong></span> <span class='ocrx_word' id='word_1_178' title='bbox 2950 752 3061 811; x_wconf 76' lang='grc'><strong>29).</strong></span> <span class='ocrx_word' id='word_1_179' title='bbox 3113 753 3177 805; x_wconf 82' lang='lat' dir='ltr'><strong>Et</strong></span> <span class='ocrx_word' id='word_1_180' title='bbox 3216 756 3491 823; x_wconf 77' lang='lat' dir='ltr'><strong>quisquam</strong></span> 
     </span>
    </p>
   </div>
   <div class='ocr_carea' id='block_1_22' title="bbox 1923 836 3491 913">
    <p class='ocr_par' dir='ltr' id='par_1_22' title="bbox 1923 836 3491 913">
     <span class='ocr_line' id='line_1_22' title="bbox 1923 836 3491 913; baseline 0.007 -25"><span class='ocrx_word' id='word_1_181' title='bbox 1923 836 2237 891; x_wconf 85' lang='lat' dir='ltr'><strong>Paraclitum</strong></span> <span class='ocrx_word' id='word_1_182' title='bbox 2266 850 2559 894; x_wconf 81' lang='lat' dir='ltr'><strong>creatorem</strong></span> <span class='ocrx_word' id='word_1_183' title='bbox 2594 857 2695 894; x_wconf 86' lang='lat' dir='ltr'><strong>non</strong></span> <span class='ocrx_word' id='word_1_184' title='bbox 2725 843 3013 896; x_wconf 79' lang='lat' dir='ltr'><strong>conﬁtetur</strong></span> <span class='ocrx_word' id='word_1_185' title='bbox 3040 857 3180 907; x_wconf 62' lang='lat' dir='ltr'><strong>esse,</strong></span> <span class='ocrx_word' id='word_1_186' title='bbox 3213 847 3301 913; x_wconf 91' lang='lat' dir='ltr'><strong>qui</strong></span> <span class='ocrx_word' id='word_1_187' title='bbox 3333 848 3491 900; x_wconf 81' lang='lat' dir='ltr'><strong>mitti-</strong></span> 
     </span>
    </p>
   </div>
   <div class='ocr_carea' id='block_1_23' title="bbox 1920 931 3490 996">
    <p class='ocr_par' dir='ltr' id='par_1_23' title="bbox 1920 931 3490 996">
     <span class='ocr_line' id='line_1_23' title="bbox 1920 931 3490 996; baseline 0.006 -14"><span class='ocrx_word' id='word_1_188' title='bbox 1920 938 2025 991; x_wconf 90' lang='lat' dir='ltr'><strong>tttr,</strong></span> <span class='ocrx_word' id='word_1_189' title='bbox 2056 939 2108 982; x_wconf 91' lang='lat' dir='ltr'><strong>et</strong></span> <span class='ocrx_word' id='word_1_190' title='bbox 2138 939 2283 983; x_wconf 84' lang='lat' dir='ltr'><strong>creat</strong></span> <span class='ocrx_word' id='word_1_191' title='bbox 2310 944 2533 995; x_wconf 87' lang='lat' dir='ltr'><strong>corpora</strong></span> <span class='ocrx_word' id='word_1_192' title='bbox 2560 946 2587 983; x_wconf 88' lang='lat' dir='ltr'><strong>a</strong></span> <span class='ocrx_word' id='word_1_193' title='bbox 2616 931 2812 984; x_wconf 67' lang='lat' dir='ltr'><strong>saeculo</strong></span> <span class='ocrx_word' id='word_1_194' title='bbox 2839 933 3118 996; x_wconf 83' lang='lat' dir='ltr'><strong>dissoluta,</strong></span> <span class='ocrx_word' id='word_1_195' title='bbox 3149 944 3204 987; x_wconf 90' lang='lat' dir='ltr'><strong>et</strong></span> <span class='ocrx_word' id='word_1_196' title='bbox 3233 949 3490 991; x_wconf 85' lang='lat' dir='ltr'><strong>conversa</strong></span> 
     </span>
    </p>
   </div>
   <div class='ocr_carea' id='block_1_24' title="bbox 1922 1019 3491 1086">
    <p class='ocr_par' dir='ltr' id='par_1_24' title="bbox 1922 1019 3491 1086">
     <span class='ocr_line' id='line_1_24' title="bbox 1922 1019 3491 1086; baseline 0.003 -15"><span class='ocrx_word' id='word_1_197' title='bbox 1922 1020 1973 1071; x_wconf 91' lang='lat' dir='ltr'><strong>in</strong></span> <span class='ocrx_word' id='word_1_198' title='bbox 2005 1019 2276 1086; x_wconf 83' lang='lat' dir='ltr'><strong>pulverem</strong></span> <span class='ocrx_word' id='word_1_199' title='bbox 2314 1036 2496 1083; x_wconf 87' lang='lat' dir='ltr'><strong>suum;</strong></span> <span class='ocrx_word' id='word_1_200' title='bbox 2525 1029 2579 1073; x_wconf 89' lang='lat' dir='ltr'><strong>et</strong></span> <span class='ocrx_word' id='word_1_201' title='bbox 2613 1030 2832 1073; x_wconf 80' lang='lat' dir='ltr'><strong>renovat</strong></span> <span class='ocrx_word' id='word_1_202' title='bbox 2858 1019 3045 1074; x_wconf 78' lang='lat' dir='ltr'><strong>faciem</strong></span> <span class='ocrx_word' id='word_1_203' title='bbox 3071 1024 3264 1076; x_wconf 65' lang='lat' dir='ltr'><strong>terrae?</strong></span> <span class='ocrx_word' id='word_1_204' title='bbox 3302 1039 3491 1079; x_wconf 62' lang='lat' dir='ltr'><strong>seen...</strong></span> 
     </span>
    </p>
   </div>
   <div class='ocr_carea' id='block_1_25' title="bbox 1920 1113 3491 1183">
    <p class='ocr_par' dir='ltr' id='par_1_25' title="bbox 1920 1113 3491 1183">
     <span class='ocr_line' id='line_1_25' title="bbox 1920 1113 3491 1183; baseline 0.004 -18"><span class='ocrx_word' id='word_1_205' title='bbox 1920 1114 2044 1165; x_wconf 90' lang='lat' dir='ltr'><strong>dum</strong></span> <span class='ocrx_word' id='word_1_206' title='bbox 2074 1113 2173 1165; x_wconf 89' lang='lat' dir='ltr'><strong>hoc</strong></span> <span class='ocrx_word' id='word_1_207' title='bbox 2199 1114 2340 1180; x_wconf 88' lang='lat' dir='ltr'><strong>quod</strong></span> <span class='ocrx_word' id='word_1_208' title='bbox 2371 1114 2421 1167; x_wconf 91' lang='lat' dir='ltr'><strong>in</strong></span> <span class='ocrx_word' id='word_1_209' title='bbox 2454 1113 2583 1166; x_wconf 76' lang='lat' dir='ltr'><strong>Isaia</strong></span> <span class='ocrx_word' id='word_1_210' title='bbox 2615 1115 2868 1181; x_wconf 85' lang='lat' dir='ltr'><strong>propheta</strong></span> <span class='ocrx_word' id='word_1_211' title='bbox 2899 1115 3060 1183; x_wconf 76' lang='lat'><strong>313</strong></span> <span class='ocrx_word' id='word_1_212' title='bbox 3088 1117 3341 1183; x_wconf 89' lang='lat' dir='ltr'><strong>scriptum</strong></span> <span class='ocrx_word' id='word_1_213' title='bbox 3371 1132 3491 1172; x_wconf 91' lang='lat' dir='ltr'><strong>est:</strong></span> 
     </span>
    </p>
   </div>
   <div class='ocr_carea' id='block_1_26' title="bbox 1923 1203 3491 1276">
    <p class='ocr_par' dir='ltr' id='par_1_26' title="bbox 1923 1203 3491 1276">
     <span class='ocr_line' id='line_1_26' title="bbox 1923 1203 3491 1276; baseline 0.004 -21"><span class='ocrx_word' id='word_1_214' title='bbox 1923 1203 2035 1255; x_wconf 82' lang='lat' dir='ltr'><strong>Erit</strong></span> <span class='ocrx_word' id='word_1_215' title='bbox 2060 1215 2231 1255; x_wconf 81' lang='lat' dir='ltr'><strong>autent</strong></span> <span class='ocrx_word' id='word_1_216' title='bbox 2259 1206 2437 1256; x_wconf 73' lang='lat' dir='ltr'><strong>caelum</strong></span> <span class='ocrx_word' id='word_1_217' title='bbox 2469 1218 2650 1256; x_wconf 89' lang='lat' dir='ltr'><strong>novum</strong></span> <span class='ocrx_word' id='word_1_218' title='bbox 2671 1212 2716 1254; x_wconf 84' lang='lat' dir='ltr'><strong>et</strong></span> <span class='ocrx_word' id='word_1_219' title='bbox 2743 1213 2873 1255; x_wconf 87' lang='lat' dir='ltr'><strong>terra</strong></span> <span class='ocrx_word' id='word_1_220' title='bbox 2896 1220 3021 1255; x_wconf 84' lang='lat' dir='ltr'><strong>nova</strong></span> <span class='ocrx_word' id='word_1_221' title='bbox 3051 1204 3205 1272; x_wconf 87' lang='lat' dir='ltr'><strong>(Isai.</strong></span> <span class='ocrx_word' id='word_1_222' title='bbox 3234 1222 3351 1270; x_wconf 84' lang='lat' dir='ltr'><strong>va,</strong></span> <span class='ocrx_word' id='word_1_223' title='bbox 3380 1208 3491 1276; x_wconf 81' lang='grc'><strong>17).</strong></span> 
     </span>
    </p>
   </div>
   <div class='ocr_carea' id='block_1_27' title="bbox 1922 1295 3494 1365">
    <p class='ocr_par' dir='ltr' id='par_1_27' title="bbox 1922 1295 3494 1365">
     <span class='ocr_line' id='line_1_27' title="bbox 1922 1295 3494 1365; baseline 0.003 -16"><span class='ocrx_word' id='word_1_224' title='bbox 1922 1295 2051 1350; x_wconf 88' lang='lat' dir='ltr'><strong>Sine</strong></span> <span class='ocrx_word' id='word_1_225' title='bbox 2081 1311 2184 1364; x_wconf 89' lang='lat' dir='ltr'><strong>quo</strong></span> <span class='ocrx_word' id='word_1_226' title='bbox 2212 1295 2340 1349; x_wconf 86' lang='lat' dir='ltr'><strong>nihil</strong></span> <span class='ocrx_word' id='word_1_227' title='bbox 2375 1310 2545 1363; x_wconf 85' lang='lat' dir='ltr'><strong>neque</strong></span> <span class='ocrx_word' id='word_1_228' title='bbox 2573 1295 2748 1360; x_wconf 82' lang='lat' dir='ltr'><strong>Pater,</strong></span> <span class='ocrx_word' id='word_1_229' title='bbox 2777 1311 2946 1362; x_wconf 87' lang='lat' dir='ltr'><strong>neque</strong></span> <span class='ocrx_word' id='word_1_230' title='bbox 2969 1297 3134 1349; x_wconf 83' lang='lat' dir='ltr'><strong>Filius</strong></span> <span class='ocrx_word' id='word_1_231' title='bbox 3167 1311 3414 1365; x_wconf 87' lang='lat' dir='ltr'><strong>operatur</strong></span> <span class='ocrx_word' id='word_1_232' title='bbox 3443 1302 3494 1353; x_wconf 89' lang='lat' dir='ltr'><strong>in</strong></span> 
     </span>
    </p>
   </div>
   <div class='ocr_carea' id='block_1_28' title="bbox 1924 1386 3493 1451">
    <p class='ocr_par' dir='ltr' id='par_1_28' title="bbox 1924 1386 3493 1451">
     <span class='ocr_line' id='line_1_28' title="bbox 1924 1386 3493 1451; baseline 0.003 -11"><span class='ocrx_word' id='word_1_233' title='bbox 1924 1388 2213 1451; x_wconf 71' lang='lat' dir='ltr'><strong>occatione,</strong></span> <span class='ocrx_word' id='word_1_234' title='bbox 2249 1387 2385 1438; x_wconf 90' lang='lat' dir='ltr'><strong>sicut</strong></span> <span class='ocrx_word' id='word_1_235' title='bbox 2411 1396 2534 1439; x_wconf 86' lang='lat' dir='ltr'><strong>ante</strong></span> <span class='ocrx_word' id='word_1_236' title='bbox 2565 1386 2854 1451; x_wconf 85' lang='lat' dir='ltr'><strong>Scripturis</strong></span> <span class='ocrx_word' id='word_1_237' title='bbox 2880 1388 3079 1440; x_wconf 83' lang='lat' dir='ltr'><strong>sanctis</strong></span> <span class='ocrx_word' id='word_1_238' title='bbox 3110 1389 3493 1445; x_wconf 76' lang='lat' dir='ltr'><strong>demenstravi-</strong></span> 
     </span>
    </p>
   </div>
   <div class='ocr_carea' id='block_1_29' title="bbox 1923 1475 3493 1536">
    <p class='ocr_par' dir='ltr' id='par_1_29' title="bbox 1923 1475 3493 1536">
     <span class='ocr_line' id='line_1_29' title="bbox 1923 1475 3493 1536; baseline 0.004 -7"><span class='ocrx_word' id='word_1_239' title='bbox 1923 1490 2061 1529; x_wconf 90' lang='lat' dir='ltr'><strong>mus.</strong></span> <span class='ocrx_word' id='word_1_240' title='bbox 2105 1476 2170 1528; x_wconf 84' lang='lat' dir='ltr'><strong>Et</strong></span> <span class='ocrx_word' id='word_1_241' title='bbox 2206 1477 2391 1527; x_wconf 89' lang='lat' dir='ltr'><strong>iterum</strong></span> <span class='ocrx_word' id='word_1_242' title='bbox 2419 1476 2609 1528; x_wconf 86' lang='lat' dir='ltr'><strong>Paulus</strong></span> <span class='ocrx_word' id='word_1_243' title='bbox 2637 1475 2700 1529; x_wconf 90' lang='lat' dir='ltr'><strong>ad</strong></span> <span class='ocrx_word' id='word_1_244' title='bbox 2734 1475 3001 1530; x_wconf 79' lang='lat' dir='ltr'><strong>Romanos</strong></span> <span class='ocrx_word' id='word_1_245' title='bbox 3032 1479 3217 1531; x_wconf 72' lang='lat' dir='ltr'><strong>scribit</strong></span> <span class='ocrx_word' id='word_1_246' title='bbox 3260 1498 3272 1531; x_wconf 89' lang='lat'><strong>:</strong></span> <span class='ocrx_word' id='word_1_247' title='bbox 3317 1480 3493 1536; x_wconf 82' lang='lat' dir='ltr'><strong>Habeo</strong></span> 
     </span>
    </p>
   </div>
   <div class='ocr_carea' id='block_1_30' title="bbox 1923 1565 3492 1631">
    <p class='ocr_par' dir='ltr' id='par_1_30' title="bbox 1923 1565 3492 1631">
     <span class='ocr_line' id='line_1_30' title="bbox 1923 1565 3492 1631; baseline 0.005 -15"><span class='ocrx_word' id='word_1_248' title='bbox 1923 1568 2057 1617; x_wconf 84' lang='lat' dir='ltr'><strong>enim</strong></span> <span class='ocrx_word' id='word_1_249' title='bbox 2085 1565 2443 1631; x_wconf 82' lang='lat' dir='ltr'><strong>conﬁdentiam</strong></span> <span class='ocrx_word' id='word_1_250' title='bbox 2480 1566 2532 1617; x_wconf 90' lang='lat' dir='ltr'><strong>in</strong></span> <span class='ocrx_word' id='word_1_251' title='bbox 2560 1565 2757 1618; x_wconf 74' lang='lat' dir='ltr'><strong>Christo</strong></span> <span class='ocrx_word' id='word_1_252' title='bbox 2781 1565 2811 1617; x_wconf 79' lang='grc' dir='ltr'><em>,Ι</em></span> <span class='ocrx_word' id='word_1_253' title='bbox 2819 1582 2904 1618; x_wconf 87' lang='lat' dir='ltr'><strong>esu</strong></span> <span class='ocrx_word' id='word_1_254' title='bbox 2934 1567 3000 1617; x_wconf 89' lang='lat' dir='ltr'><strong>ad</strong></span> <span class='ocrx_word' id='word_1_255' title='bbox 3024 1567 3298 1621; x_wconf 89' lang='lat' dir='ltr'><strong>Dominum</strong></span> <span class='ocrx_word' id='word_1_256' title='bbox 3334 1587 3351 1623; x_wconf 91' lang='lat'><strong><em>:</em></strong></span> <span class='ocrx_word' id='word_1_257' title='bbox 3394 1588 3492 1625; x_wconf 89' lang='lat' dir='ltr'><strong>non</strong></span> 
     </span>
    </p>
   </div>
   <div class='ocr_carea' id='block_1_31' title="bbox 1925 1654 3492 1728">
    <p class='ocr_par' dir='ltr' id='par_1_31' title="bbox 1925 1654 3492 1728">
     <span class='ocr_line' id='line_1_31' title="bbox 1925 1654 3492 1728; baseline 0.007 -23"><span class='ocrx_word' id='word_1_258' title='bbox 1925 1664 2093 1706; x_wconf 88' lang='lat' dir='ltr'><strong>autem</strong></span> <span class='ocrx_word' id='word_1_259' title='bbox 2121 1656 2284 1706; x_wconf 87' lang='lat' dir='ltr'><strong>audeo</strong></span> <span class='ocrx_word' id='word_1_260' title='bbox 2314 1654 2375 1706; x_wconf 87' lang='lat' dir='ltr'><strong>de</strong></span> <span class='ocrx_word' id='word_1_261' title='bbox 2404 1656 2633 1708; x_wconf 86' lang='lat' dir='ltr'><strong>omnibus</strong></span> <span class='ocrx_word' id='word_1_262' title='bbox 2672 1655 2832 1725; x_wconf 85' lang='lat' dir='ltr'><strong>loqui,</strong></span> <span class='ocrx_word' id='word_1_263' title='bbox 2865 1658 2999 1724; x_wconf 88' lang='lat' dir='ltr'><strong>quod</strong></span> <span class='ocrx_word' id='word_1_264' title='bbox 3028 1675 3128 1710; x_wconf 76' lang='lat' dir='ltr'><strong>non</strong></span> <span class='ocrx_word' id='word_1_265' title='bbox 3159 1670 3232 1712; x_wconf 86' lang='lat' dir='ltr'><strong>est</strong></span> <span class='ocrx_word' id='word_1_266' title='bbox 3261 1671 3492 1728; x_wconf 90' lang='lat' dir='ltr'><strong>operatus</strong></span> 
     </span>
    </p>
   </div>
   <div class='ocr_carea' id='block_1_32' title="bbox 277 1741 3492 1818">
    <p class='ocr_par' dir='ltr' id='par_1_32' title="bbox 277 1741 3492 1818">
     <span class='ocr_line' id='line_1_32' title="bbox 277 1741 3492 1818; baseline 0.002 -20"><span class='ocrx_word' id='word_1_267' title='bbox 277 1748 437 1800; x_wconf 86' lang='lat' dir='ltr'><strong>durare</strong></span> <span class='ocrx_word' id='word_1_268' title='bbox 467 1752 621 1801; x_wconf 85' lang='lat' dir='ltr'><strong>corda</strong></span> <span class='ocrx_word' id='word_1_269' title='bbox 650 1756 835 1811; x_wconf 81' lang='lat' dir='ltr'><strong>vestra,</strong></span> <span class='ocrx_word' id='word_1_270' title='bbox 866 1747 997 1799; x_wconf 81' lang='lat' dir='ltr'><strong>sicut</strong></span> <span class='ocrx_word' id='word_1_271' title='bbox 1025 1748 1078 1799; x_wconf 88' lang='lat' dir='ltr'><strong>in</strong></span> <span class='ocrx_word' id='word_1_272' title='bbox 1126 1745 1508 1800; x_wconf 75' lang='lat' dir='ltr'><strong>exacerbatione</strong></span> <span class='ocrx_word' id='word_1_273' title='bbox 1548 1746 1819 1797; x_wconf 84' lang='lat' dir='ltr'><strong>secundum</strong></span> <span class='ocrx_word' id='word_1_274' title='bbox 1854 1741 1898 1799; x_wconf 88' lang='grc' dir='ltr'>Β</span> <span class='ocrx_word' id='word_1_275' title='bbox 1926 1763 2012 1811; x_wconf 90' lang='lat' dir='ltr'><strong>per</strong></span> <span class='ocrx_word' id='word_1_276' title='bbox 2046 1762 2125 1799; x_wconf 88' lang='lat' dir='ltr'><strong>me</strong></span> <span class='ocrx_word' id='word_1_277' title='bbox 2153 1744 2407 1799; x_wconf 66' lang='lat' dir='ltr'><strong>Christus.</strong></span> <span class='ocrx_word' id='word_1_278' title='bbox 2478 1749 2555 1799; x_wconf 80' lang='lat' dir='ltr'><strong>Ad</strong></span> <span class='ocrx_word' id='word_1_279' title='bbox 2596 1748 2967 1802; x_wconf 84' lang='lat' dir='ltr'><strong>obauditionem</strong></span> <span class='ocrx_word' id='word_1_280' title='bbox 3004 1752 3225 1818; x_wconf 85' lang='lat' dir='ltr'><strong>gentium</strong></span> <span class='ocrx_word' id='word_1_281' title='bbox 3265 1755 3411 1806; x_wconf 84' lang='lat' dir='ltr'><strong>verba</strong></span> <span class='ocrx_word' id='word_1_282' title='bbox 3448 1763 3492 1807; x_wconf 91' lang='lat' dir='ltr'><strong>et</strong></span> 
     </span>
    </p>
   </div>
   <div class='ocr_carea' id='block_1_33' title="bbox 275 1839 1818 1903">
    <p class='ocr_par' dir='ltr' id='par_1_33' title="bbox 275 1839 1818 1903">
     <span class='ocr_line' id='line_1_33' title="bbox 275 1839 1818 1903; baseline -0.001 -12"><span class='ocrx_word' id='word_1_283' title='bbox 275 1841 383 1892; x_wconf 84' lang='lat' dir='ltr'><strong>diem</strong></span> <span class='ocrx_word' id='word_1_284' title='bbox 411 1840 697 1892; x_wconf 84' lang='lat' dir='ltr'><strong>tentationis</strong></span> <span class='ocrx_word' id='word_1_285' title='bbox 725 1839 776 1891; x_wconf 88' lang='lat' dir='ltr'><strong>in</strong></span> <span class='ocrx_word' id='word_1_286' title='bbox 802 1839 1025 1903; x_wconf 85' lang='lat' dir='ltr'><strong>deserto,</strong></span> <span class='ocrx_word' id='word_1_287' title='bbox 1057 1839 1142 1891; x_wconf 87' lang='lat' dir='ltr'><strong>ubi</strong></span> <span class='ocrx_word' id='word_1_288' title='bbox 1179 1846 1493 1890; x_wconf 78' lang='lat' dir='ltr'><strong>tentauerunt</strong></span> <span class='ocrx_word' id='word_1_289' title='bbox 1533 1853 1610 1887; x_wconf 89' lang='lat' dir='ltr'><strong>me</strong></span> <span class='ocrx_word' id='word_1_290' title='bbox 1655 1846 1818 1903; x_wconf 79' lang='lat' dir='ltr'><strong>patres</strong></span> 
     </span>
    </p>
   </div>
   <div class='ocr_carea' id='block_1_34' title="bbox 274 1928 1819 2001">
    <p class='ocr_par' dir='ltr' id='par_1_34' title="bbox 274 1928 1819 2001">
     <span class='ocr_line' id='line_1_34' title="bbox 274 1928 1819 2001; baseline -0.003 -18"><span class='ocrx_word' id='word_1_291' title='bbox 274 1932 404 1984; x_wconf 68' lang='lat' dir='ltr'><strong>vestri</strong></span> <span class='ocrx_word' id='word_1_292' title='bbox 429 1930 599 2001; x_wconf 87' lang='lat' dir='ltr'><strong>(Psal.</strong></span> <span class='ocrx_word' id='word_1_293' title='bbox 627 1946 770 1994; x_wconf 80' lang='lat' dir='ltr'><strong>setv,</strong></span> <span class='ocrx_word' id='word_1_294' title='bbox 802 1929 879 1997; x_wconf 86' lang='lat'><strong>8).</strong></span> <span class='ocrx_word' id='word_1_295' title='bbox 911 1931 982 1984; x_wconf 91' lang='lat' dir='ltr'><strong>De</strong></span> <span class='ocrx_word' id='word_1_296' title='bbox 1009 1946 1068 1983; x_wconf 89' lang='lat' dir='ltr'><strong>se</strong></span> <span class='ocrx_word' id='word_1_297' title='bbox 1099 1945 1224 1983; x_wconf 87' lang='lat' dir='ltr'><strong>vero</strong></span> <span class='ocrx_word' id='word_1_298' title='bbox 1252 1947 1263 1981; x_wconf 91' lang='lat'><strong>:</strong></span> <span class='ocrx_word' id='word_1_299' title='bbox 1291 1928 1641 1982; x_wconf 83' lang='lat' dir='ltr'><strong>Probaverunt</strong></span> <span class='ocrx_word' id='word_1_300' title='bbox 1670 1938 1718 1980; x_wconf 89' lang='lat' dir='ltr'><strong>et</strong></span> <span class='ocrx_word' id='word_1_301' title='bbox 1746 1929 1819 1979; x_wconf 78' lang='lat' dir='ltr'><strong>ci-</strong></span> 
     </span>
    </p>
   </div>
   <div class='ocr_carea' id='block_1_35' title="bbox 274 2020 1820 2091">
    <p class='ocr_par' dir='ltr' id='par_1_35' title="bbox 274 2020 1820 2091">
     <span class='ocr_line' id='line_1_35' title="bbox 274 2020 1820 2091; baseline 0 -18"><span class='ocrx_word' id='word_1_302' title='bbox 274 2026 426 2075; x_wconf 82' lang='lat' dir='ltr'><strong>derunt</strong></span> <span class='ocrx_word' id='word_1_303' title='bbox 474 2039 629 2090; x_wconf 84' lang='lat' dir='ltr'><strong>opera</strong></span> <span class='ocrx_word' id='word_1_304' title='bbox 685 2039 817 2076; x_wconf 88' lang='lat' dir='ltr'><strong>mea.</strong></span> <span class='ocrx_word' id='word_1_305' title='bbox 854 2022 1202 2091; x_wconf 83' lang='lat' dir='ltr'><strong>Quadraginta</strong></span> <span class='ocrx_word' id='word_1_306' title='bbox 1238 2024 1386 2074; x_wconf 87' lang='lat' dir='ltr'><strong>annis</strong></span> <span class='ocrx_word' id='word_1_307' title='bbox 1434 2022 1696 2090; x_wconf 76' lang='lat' dir='ltr'><strong>proximus</strong></span> <span class='ocrx_word' id='word_1_308' title='bbox 1743 2020 1820 2090; x_wconf 80' lang='lat' dir='ltr'><strong>fui</strong></span> 
     </span>
    </p>
   </div>
   <div class='ocr_carea' id='block_1_36' title="bbox 271 2110 1817 2181">
    <p class='ocr_par' dir='ltr' id='par_1_36' title="bbox 271 2110 1817 2181">
     <span class='ocr_line' id='line_1_36' title="bbox 271 2110 1817 2181; baseline 0 -18"><span class='ocrx_word' id='word_1_309' title='bbox 271 2113 547 2180; x_wconf 63' lang='lat' dir='ltr'><strong>generationi</strong></span> <span class='ocrx_word' id='word_1_310' title='bbox 568 2112 714 2176; x_wconf 88' lang='lat' dir='ltr'><strong>huic,</strong></span> <span class='ocrx_word' id='word_1_311' title='bbox 740 2124 785 2164; x_wconf 86' lang='lat' dir='ltr'><strong>et</strong></span> <span class='ocrx_word' id='word_1_312' title='bbox 807 2114 914 2165; x_wconf 71' lang='lat' dir='ltr'><strong>dixi</strong></span> <span class='ocrx_word' id='word_1_313' title='bbox 941 2130 957 2164; x_wconf 86' lang='lat'><strong>.&#39;</strong></span> <span class='ocrx_word' id='word_1_314' title='bbox 983 2112 1194 2180; x_wconf 86' lang='lat' dir='ltr'><strong>Semper</strong></span> <span class='ocrx_word' id='word_1_315' title='bbox 1232 2113 1283 2164; x_wconf 88' lang='lat' dir='ltr'><strong>hi</strong></span> <span class='ocrx_word' id='word_1_316' title='bbox 1319 2123 1488 2165; x_wconf 85' lang='lat' dir='ltr'><strong>errant</strong></span> <span class='ocrx_word' id='word_1_317' title='bbox 1511 2114 1680 2165; x_wconf 90' lang='lat' dir='ltr'><strong>corde.</strong></span> <span class='ocrx_word' id='word_1_318' title='bbox 1708 2110 1817 2181; x_wconf 87' lang='lat' dir='ltr'><strong>Ipsi</strong></span> 
     </span>
    </p>
   </div>
   <div class='ocr_carea' id='block_1_37' title="bbox 270 2202 1818 2271">
    <p class='ocr_par' dir='ltr' id='par_1_37' title="bbox 270 2202 1818 2271">
     <span class='ocr_line' id='line_1_37' title="bbox 270 2202 1818 2271; baseline 0.002 -20"><span class='ocrx_word' id='word_1_319' title='bbox 270 2217 471 2253; x_wconf 79' lang='lat' dir='ltr'><strong>menon</strong></span> <span class='ocrx_word' id='word_1_320' title='bbox 492 2211 840 2271; x_wconf 84' lang='lat' dir='ltr'><strong>cognoverunt</strong></span> <span class='ocrx_word' id='word_1_321' title='bbox 861 2204 963 2255; x_wconf 88' lang='lat' dir='ltr'><strong>vias</strong></span> <span class='ocrx_word' id='word_1_322' title='bbox 987 2219 1139 2264; x_wconf 85' lang='lat' dir='ltr'><strong>meas,</strong></span> <span class='ocrx_word' id='word_1_323' title='bbox 1161 2202 1285 2254; x_wconf 85' lang='lat' dir='ltr'><strong>sicut</strong></span> <span class='ocrx_word' id='word_1_324' title='bbox 1299 2202 1474 2270; x_wconf 81' lang='lat' dir='ltr'><strong>juravi</strong></span> <span class='ocrx_word' id='word_1_325' title='bbox 1496 2202 1549 2253; x_wconf 89' lang='lat' dir='ltr'><strong>in</strong></span> <span class='ocrx_word' id='word_1_326' title='bbox 1570 2202 1649 2254; x_wconf 90' lang='lat' dir='ltr'><strong>ira</strong></span> <span class='ocrx_word' id='word_1_327' title='bbox 1670 2218 1779 2253; x_wconf 85' lang='lat' dir='ltr'><strong>mea</strong></span> <span class='ocrx_word' id='word_1_328' title='bbox 1799 2219 1818 2255; x_wconf 86' lang='lat'><strong><em>:</em></strong></span> 
     </span>
    </p>
   </div>
   <div class='ocr_carea' id='block_1_38' title="bbox 270 2289 1820 2362">
    <p class='ocr_par' dir='ltr' id='par_1_38' title="bbox 270 2289 1820 2362">
     <span class='ocr_line' id='line_1_38' title="bbox 270 2289 1820 2362; baseline -0.001 -18"><span class='ocrx_word' id='word_1_329' title='bbox 270 2289 320 2344; x_wconf 83' lang='lat' dir='ltr'><strong>Si</strong></span> <span class='ocrx_word' id='word_1_330' title='bbox 331 2293 586 2344; x_wconf 80' lang='lat' dir='ltr'><strong>introibant</strong></span> <span class='ocrx_word' id='word_1_331' title='bbox 614 2293 670 2344; x_wconf 88' lang='lat' dir='ltr'><strong>in</strong></span> <span class='ocrx_word' id='word_1_332' title='bbox 692 2294 910 2359; x_wconf 87' lang='lat' dir='ltr'><strong>requiem</strong></span> <span class='ocrx_word' id='word_1_333' title='bbox 922 2309 1080 2345; x_wconf 89' lang='lat' dir='ltr'><strong>meam</strong></span> <span class='ocrx_word' id='word_1_334' title='bbox 1106 2291 1289 2362; x_wconf 80' lang='lat' dir='ltr'><strong>(Ibid.,</strong></span> <span class='ocrx_word' id='word_1_335' title='bbox 1313 2292 1397 2346; x_wconf 91' lang='lat' dir='ltr'><strong>9-l</strong></span> <span class='ocrx_word' id='word_1_336' title='bbox 1415 2291 1486 2358; x_wconf 86' lang='lat' dir='ltr'><strong>l).</strong></span> <span class='ocrx_word' id='word_1_337' title='bbox 1510 2291 1658 2357; x_wconf 86' lang='lat' dir='ltr'><strong>Quod</strong></span> <span class='ocrx_word' id='word_1_338' title='bbox 1682 2293 1724 2344; x_wconf 91' lang='lat' dir='ltr'><strong>si</strong></span> <span class='ocrx_word' id='word_1_339' title='bbox 1748 2292 1820 2343; x_wconf 88' lang='lat' dir='ltr'><strong>di-</strong></span> 
     </span>
    </p>
   </div>
   <div class='ocr_carea' id='block_1_39' title="bbox 268 2382 1821 2451">
    <p class='ocr_par' dir='ltr' id='par_1_39' title="bbox 268 2382 1821 2451">
     <span class='ocr_line' id='line_1_39' title="bbox 268 2382 1821 2451; baseline 0.002 -17"><span class='ocrx_word' id='word_1_340' title='bbox 268 2392 367 2435; x_wconf 96' lang='lat' dir='ltr'><strong>cant</strong></span> <span class='ocrx_word' id='word_1_341' title='bbox 388 2383 457 2435; x_wconf 87' lang='lat' dir='ltr'><strong>illi</strong></span> <span class='ocrx_word' id='word_1_342' title='bbox 479 2383 647 2436; x_wconf 89' lang='lat' dir='ltr'><strong>Deum</strong></span> <span class='ocrx_word' id='word_1_343' title='bbox 672 2397 811 2445; x_wconf 89' lang='lat' dir='ltr'><strong>esse,</strong></span> <span class='ocrx_word' id='word_1_344' title='bbox 831 2393 883 2437; x_wconf 91' lang='lat' dir='ltr'><strong>et</strong></span> <span class='ocrx_word' id='word_1_345' title='bbox 905 2399 1009 2436; x_wconf 87' lang='lat' dir='ltr'><strong>non</strong></span> <span class='ocrx_word' id='word_1_346' title='bbox 1029 2384 1295 2451; x_wconf 89' lang='lat' dir='ltr'><strong>spiritum,</strong></span> <span class='ocrx_word' id='word_1_347' title='bbox 1323 2382 1553 2449; x_wconf 85' lang='lat' dir='ltr'><strong>quidieit</strong></span> <span class='ocrx_word' id='word_1_348' title='bbox 1570 2400 1583 2434; x_wconf 87' lang='lat'>:</span> <span class='ocrx_word' id='word_1_349' title='bbox 1601 2382 1821 2448; x_wconf 85' lang='lat' dir='ltr'><strong>Propte-</strong></span> 
     </span>
    </p>
   </div>
   <div class='ocr_carea' id='block_1_40' title="bbox 270 2471 1817 2542">
    <p class='ocr_par' dir='ltr' id='par_1_40' title="bbox 270 2471 1817 2542">
     <span class='ocr_line' id='line_1_40' title="bbox 270 2471 1817 2542; baseline 0.003 -21"><span class='ocrx_word' id='word_1_350' title='bbox 270 2486 341 2523; x_wconf 89' lang='lat' dir='ltr'><strong>rea</strong></span> <span class='ocrx_word' id='word_1_351' title='bbox 361 2472 464 2523; x_wconf 89' lang='lat' dir='ltr'><strong>odio</strong></span> <span class='ocrx_word' id='word_1_352' title='bbox 477 2472 634 2525; x_wconf 81' lang='lat' dir='ltr'><strong>habui</strong></span> <span class='ocrx_word' id='word_1_353' title='bbox 651 2471 793 2524; x_wconf 87' lang='lat' dir='ltr'><strong>illam</strong></span> <span class='ocrx_word' id='word_1_354' title='bbox 812 2475 1199 2542; x_wconf 81' lang='lat' dir='ltr'><strong>generationem,</strong></span> <span class='ocrx_word' id='word_1_355' title='bbox 1226 2484 1274 2526; x_wconf 73' lang='lat' dir='ltr'><strong>rt</strong></span> <span class='ocrx_word' id='word_1_356' title='bbox 1300 2482 1421 2527; x_wconf 88' lang='lat' dir='ltr'><strong>ante</strong></span> <span class='ocrx_word' id='word_1_357' title='bbox 1433 2473 1572 2526; x_wconf 85' lang='lat' dir='ltr'><strong>dicta</strong></span> <span class='ocrx_word' id='word_1_358' title='bbox 1600 2472 1687 2526; x_wconf 87' lang='lat' dir='ltr'><strong>illa</strong></span> <span class='ocrx_word' id='word_1_359' title='bbox 1701 2488 1817 2526; x_wconf 90' lang='lat' dir='ltr'><strong>om-</strong></span> 
     </span>
    </p>
   </div>
   <div class='ocr_carea' id='block_1_41' title="bbox 267 2560 1816 2632">
    <p class='ocr_par' dir='ltr' id='par_1_41' title="bbox 267 2560 1816 2632">
     <span class='ocr_line' id='line_1_41' title="bbox 267 2560 1816 2632; baseline 0.002 -21"><span class='ocrx_word' id='word_1_360' title='bbox 267 2560 353 2621; x_wconf 87' lang='lat' dir='ltr'><strong>nia,</strong></span> <span class='ocrx_word' id='word_1_361' title='bbox 367 2561 571 2614; x_wconf 79' lang='lat' dir='ltr'><strong>audiant</strong></span> <span class='ocrx_word' id='word_1_362' title='bbox 589 2562 814 2615; x_wconf 88' lang='lat' dir='ltr'><strong>Paulum</strong></span> <span class='ocrx_word' id='word_1_363' title='bbox 827 2577 887 2615; x_wconf 89' lang='lat' dir='ltr'><strong>ea</strong></span> <span class='ocrx_word' id='word_1_364' title='bbox 902 2578 1022 2631; x_wconf 81' lang='lat' dir='ltr'><strong>qua:</strong></span> <span class='ocrx_word' id='word_1_365' title='bbox 1037 2563 1085 2615; x_wconf 89' lang='lat' dir='ltr'><strong>itt</strong></span> <span class='ocrx_word' id='word_1_366' title='bbox 1100 2563 1288 2616; x_wconf 88' lang='lat' dir='ltr'><strong>eodem</strong></span> <span class='ocrx_word' id='word_1_367' title='bbox 1305 2563 1509 2632; x_wconf 81' lang='lat' dir='ltr'><strong>psalmo</strong></span> <span class='ocrx_word' id='word_1_368' title='bbox 1521 2562 1816 2629; x_wconf 87' lang='lat' dir='ltr'><strong>suntdicta,</strong></span> 
     </span>
    </p>
   </div>
   <div class='ocr_carea' id='block_1_42' title="bbox 266 2650 1820 2724">
    <p class='ocr_par' dir='ltr' id='par_1_42' title="bbox 266 2650 1820 2724">
     <span class='ocr_line' id='line_1_42' title="bbox 266 2650 1820 2724; baseline 0.003 -19"><span class='ocrx_word' id='word_1_369' title='bbox 266 2650 398 2723; x_wconf 80' lang='lat'><strong>315</strong></span> <span class='ocrx_word' id='word_1_370' title='bbox 418 2654 479 2705; x_wconf 90' lang='lat' dir='ltr'><strong>ad</strong></span> <span class='ocrx_word' id='word_1_371' title='bbox 497 2654 753 2707; x_wconf 77' lang='lat' dir='ltr'><strong>llebra-os</strong></span> <span class='ocrx_word' id='word_1_372' title='bbox 772 2653 1089 2709; x_wconf 75' lang='lat' dir='ltr'><strong>Scribetitem</strong></span> <span class='ocrx_word' id='word_1_373' title='bbox 1117 2656 1225 2707; x_wconf 86' lang='lat' dir='ltr'><strong>sic:</strong></span> <span class='ocrx_word' id='word_1_374' title='bbox 1252 2655 1421 2718; x_wconf 83' lang='lat' dir='ltr'><strong>Quare</strong></span> <span class='ocrx_word' id='word_1_375' title='bbox 1447 2657 1575 2707; x_wconf 84' lang='lat' dir='ltr'><strong>sicut</strong></span> <span class='ocrx_word' id='word_1_376' title='bbox 1594 2654 1820 2724; x_wconf 84' lang='lat' dir='ltr'><strong>Spiritus</strong></span> 
     </span>
    </p>
   </div>
   <div class='ocr_carea' id='block_1_43' title="bbox 264 2744 1822 2817">
    <p class='ocr_par' dir='ltr' id='par_1_43' title="bbox 264 2744 1822 2817">
     <span class='ocr_line' id='line_1_43' title="bbox 264 2744 1822 2817; baseline 0.005 -24"><span class='ocrx_word' id='word_1_377' title='bbox 264 2755 435 2796; x_wconf 86' lang='lat' dir='ltr'><strong>sanctus</strong></span> <span class='ocrx_word' id='word_1_378' title='bbox 470 2746 633 2811; x_wconf 82' lang='lat' dir='ltr'><strong>dicit;</strong></span> <span class='ocrx_word' id='word_1_379' title='bbox 680 2744 844 2798; x_wconf 87' lang='lat' dir='ltr'><strong>Ilodie</strong></span> <span class='ocrx_word' id='word_1_380' title='bbox 888 2747 931 2799; x_wconf 88' lang='lat' dir='ltr'><strong>si</strong></span> <span class='ocrx_word' id='word_1_381' title='bbox 974 2761 1139 2799; x_wconf 81' lang='lat' dir='ltr'><strong>roccm</strong></span> <span class='ocrx_word' id='word_1_382' title='bbox 1185 2749 1295 2817; x_wconf 78' lang='lat' dir='ltr'><strong>ejus</strong></span> <span class='ocrx_word' id='word_1_383' title='bbox 1338 2747 1630 2811; x_wconf 85' lang='lat' dir='ltr'><strong>audieritis,</strong></span> <span class='ocrx_word' id='word_1_384' title='bbox 1668 2750 1822 2802; x_wconf 86' lang='lat' dir='ltr'><strong>nolite</strong></span> 
     </span>
    </p>
   </div>
   <div class='ocr_carea' id='block_1_44' title="bbox 265 2835 1821 2905">
    <p class='ocr_par' dir='ltr' id='par_1_44' title="bbox 265 2835 1821 2905">
     <span class='ocr_line' id='line_1_44' title="bbox 265 2835 1821 2905; baseline 0.004 -20"><span class='ocrx_word' id='word_1_385' title='bbox 265 2835 480 2889; x_wconf 80' lang='lat' dir='ltr'><strong>obdurare</strong></span> <span class='ocrx_word' id='word_1_386' title='bbox 502 2837 667 2889; x_wconf 88' lang='lat' dir='ltr'><strong>corda</strong></span> <span class='ocrx_word' id='word_1_387' title='bbox 693 2847 858 2890; x_wconf 77' lang='lat' dir='ltr'><strong>vestra</strong></span> <span class='ocrx_word' id='word_1_388' title='bbox 885 2836 1045 2903; x_wconf 85' lang='lat' dir='ltr'><strong>(Heb.</strong></span> <span class='ocrx_word' id='word_1_389' title='bbox 1072 2854 1151 2901; x_wconf 88' lang='lat' dir='ltr'><strong>tu,</strong></span> <span class='ocrx_word' id='word_1_390' title='bbox 1178 2838 1255 2905; x_wconf 83' lang='lat'><strong>7).</strong></span> <span class='ocrx_word' id='word_1_391' title='bbox 1291 2838 1517 2891; x_wconf 85' lang='lat' dir='ltr'><strong>Veniant</strong></span> <span class='ocrx_word' id='word_1_392' title='bbox 1548 2848 1725 2891; x_wconf 84' lang='lat' dir='ltr'><strong>autem</strong></span> <span class='ocrx_word' id='word_1_393' title='bbox 1756 2839 1821 2892; x_wconf 90' lang='lat' dir='ltr'><strong>ad</strong></span> 
     </span>
    </p>
   </div>
   <div class='ocr_carea' id='block_1_45' title="bbox 272 2927 1824 2993">
    <p class='ocr_par' dir='ltr' id='par_1_45' title="bbox 272 2927 1824 2993">
     <span class='ocr_line' id='line_1_45' title="bbox 272 2927 1824 2993; baseline 0.003 -16"><span class='ocrx_word' id='word_1_394' title='bbox 272 2928 556 2993; x_wconf 83' lang='lat' dir='ltr'><strong>prophetam</strong></span> <span class='ocrx_word' id='word_1_395' title='bbox 601 2927 826 2992; x_wconf 86' lang='lat' dir='ltr'><strong>Isaiam,</strong></span> <span class='ocrx_word' id='word_1_396' title='bbox 863 2936 917 2981; x_wconf 91' lang='lat' dir='ltr'><strong>et</strong></span> <span class='ocrx_word' id='word_1_397' title='bbox 955 2928 1171 2981; x_wconf 89' lang='lat' dir='ltr'><strong>audiant</strong></span> <span class='ocrx_word' id='word_1_398' title='bbox 1210 2943 1329 2981; x_wconf 91' lang='lat' dir='ltr'><strong>eum</strong></span> <span class='ocrx_word' id='word_1_399' title='bbox 1360 2928 1625 2982; x_wconf 87' lang='lat' dir='ltr'><strong>dicentem</strong></span> <span class='ocrx_word' id='word_1_400' title='bbox 1662 2946 1674 2980; x_wconf 89' lang='lat'>:</span> <span class='ocrx_word' id='word_1_401' title='bbox 1704 2928 1824 2981; x_wconf 85' lang='lat' dir='ltr'><strong>Non</strong></span> 
     </span>
    </p>
   </div>
   <div class='ocr_carea' id='block_1_46' title="bbox 265 3017 1823 3088">
    <p class='ocr_par' dir='ltr' id='par_1_46' title="bbox 265 3017 1823 3088">
     <span class='ocr_line' id='line_1_46' title="bbox 265 3017 1823 3088; baseline 0.003 -22"><span class='ocrx_word' id='word_1_402' title='bbox 265 3017 449 3085; x_wconf 83' lang='lat' dir='ltr'><strong>legatus.</strong></span> <span class='ocrx_word' id='word_1_403' title='bbox 488 3034 655 3087; x_wconf 86' lang='lat' dir='ltr'><strong>neque</strong></span> <span class='ocrx_word' id='word_1_404' title='bbox 695 3017 931 3088; x_wconf 83' lang='lat' dir='ltr'><strong>angelus,</strong></span> <span class='ocrx_word' id='word_1_405' title='bbox 966 3020 1055 3071; x_wconf 86' lang='lat' dir='ltr'><strong>sed</strong></span> <span class='ocrx_word' id='word_1_406' title='bbox 1090 3020 1198 3085; x_wconf 88' lang='lat' dir='ltr'><strong>ipse</strong></span> <span class='ocrx_word' id='word_1_407' title='bbox 1224 3018 1434 3072; x_wconf 89' lang='lat' dir='ltr'><strong>salvabit</strong></span> <span class='ocrx_word' id='word_1_408' title='bbox 1469 3034 1572 3083; x_wconf 86' lang='lat' dir='ltr'><strong>eos,</strong></span> <span class='ocrx_word' id='word_1_409' title='bbox 1603 3035 1660 3071; x_wconf 90' lang='lat' dir='ltr'><strong>eo</strong></span> <span class='ocrx_word' id='word_1_410' title='bbox 1688 3019 1823 3088; x_wconf 87' lang='lat' dir='ltr'><strong>quod</strong></span> 
     </span>
    </p>
   </div>
   <div class='ocr_carea' id='block_1_47' title="bbox 1922 1838 3492 1911">
    <p class='ocr_par' dir='ltr' id='par_1_47' title="bbox 1922 1838 3492 1911">
     <span class='ocr_line' id='line_1_47' title="bbox 1922 1838 3492 1911; baseline 0.005 -23"><span class='ocrx_word' id='word_1_411' title='bbox 1922 1840 2088 1905; x_wconf 78' lang='lat' dir='ltr'><strong>farto,</strong></span> <span class='ocrx_word' id='word_1_412' title='bbox 2129 1847 2279 1906; x_wconf 85' lang='lat' dir='ltr'><strong>atque</strong></span> <span class='ocrx_word' id='word_1_413' title='bbox 2321 1839 2372 1888; x_wconf 88' lang='lat' dir='ltr'><strong>in</strong></span> <span class='ocrx_word' id='word_1_414' title='bbox 2412 1839 2620 1891; x_wconf 87' lang='lat' dir='ltr'><strong>veritate</strong></span> <span class='ocrx_word' id='word_1_415' title='bbox 2665 1838 2922 1907; x_wconf 87' lang='lat' dir='ltr'><strong>signorum</strong></span> <span class='ocrx_word' id='word_1_416' title='bbox 2967 1851 3012 1893; x_wconf 88' lang='lat' dir='ltr'><strong>et</strong></span> <span class='ocrx_word' id='word_1_417' title='bbox 3052 1843 3399 1911; x_wconf 82' lang='lat' dir='ltr'><strong>prodigiorum</strong></span> <span class='ocrx_word' id='word_1_418' title='bbox 3440 1845 3492 1897; x_wconf 87' lang='lat' dir='ltr'><strong>in</strong></span> 
     </span>
    </p>
   </div>
   <div class='ocr_carea' id='block_1_48' title="bbox 1920 1927 3495 2000">
    <p class='ocr_par' dir='ltr' id='par_1_48' title="bbox 1920 1927 3495 2000">
     <span class='ocr_line' id='line_1_48' title="bbox 1920 1927 3495 2000; baseline 0.004 -20"><span class='ocrx_word' id='word_1_419' title='bbox 1920 1930 2101 1981; x_wconf 86' lang='lat' dir='ltr'><strong>v&#39;rtute</strong></span> <span class='ocrx_word' id='word_1_420' title='bbox 2131 1927 2357 1992; x_wconf 84' lang='lat' dir='ltr'><strong>Spiritus</strong></span> <span class='ocrx_word' id='word_1_421' title='bbox 2393 1930 2557 1980; x_wconf 87' lang='lat' dir='ltr'><strong>sancti</strong></span> <span class='ocrx_word' id='word_1_422' title='bbox 2591 1928 2765 1998; x_wconf 80' lang='lat' dir='ltr'><strong>(Rom.</strong></span> <span class='ocrx_word' id='word_1_423' title='bbox 2796 1944 2884 1994; x_wconf 82' lang='lat' dir='ltr'><strong>xv,</strong></span> <span class='ocrx_word' id='word_1_424' title='bbox 2915 1931 3003 1998; x_wconf 81' lang='lat' dir='ltr'><strong>l7)</strong></span> <span class='ocrx_word' id='word_1_425' title='bbox 3030 1949 3040 1982; x_wconf 91' lang='lat'>:</span> <span class='ocrx_word' id='word_1_426' title='bbox 3068 1932 3267 1986; x_wconf 90' lang='lat' dir='ltr'><strong>docens</strong></span> <span class='ocrx_word' id='word_1_427' title='bbox 3294 1932 3495 2000; x_wconf 90' lang='lat' dir='ltr'><strong>Spiritu</strong></span> 
     </span>
    </p>
   </div>
   <div class='ocr_carea' id='block_1_49' title="bbox 1921 2016 3493 2088">
    <p class='ocr_par' dir='ltr' id='par_1_49' title="bbox 1921 2016 3493 2088">
     <span class='ocr_line' id='line_1_49' title="bbox 1921 2016 3493 2088; baseline 0.004 -19"><span class='ocrx_word' id='word_1_428' title='bbox 1921 2026 2108 2071; x_wconf 89' lang='lat' dir='ltr'><strong>sancto</strong></span> <span class='ocrx_word' id='word_1_429' title='bbox 2136 2016 2403 2071; x_wconf 78' lang='lat' dir='ltr'><strong>Christum</strong></span> <span class='ocrx_word' id='word_1_430' title='bbox 2438 2032 2531 2084; x_wconf 90' lang='lat' dir='ltr'><strong>per</strong></span> <span class='ocrx_word' id='word_1_431' title='bbox 2561 2032 2619 2071; x_wconf 86' lang='lat' dir='ltr'><strong>se</strong></span> <span class='ocrx_word' id='word_1_432' title='bbox 2648 2020 2793 2085; x_wconf 77' lang='lat' dir='ltr'><strong>signa</strong></span> <span class='ocrx_word' id='word_1_433' title='bbox 2824 2029 2879 2072; x_wconf 90' lang='lat' dir='ltr'><strong>et</strong></span> <span class='ocrx_word' id='word_1_434' title='bbox 2906 2021 3140 2088; x_wconf 84' lang='lat' dir='ltr'><strong>prodigia</strong></span> <span class='ocrx_word' id='word_1_435' title='bbox 3172 2021 3379 2076; x_wconf 79' lang='lat' dir='ltr'><strong>iecisse.</strong></span> <span class='ocrx_word' id='word_1_436' title='bbox 3414 2023 3493 2076; x_wconf 79' lang='lat' dir='ltr'><strong>Ad</strong></span> 
     </span>
    </p>
   </div>
   <div class='ocr_carea' id='block_1_50' title="bbox 1924 2106 3495 2181">
    <p class='ocr_par' dir='ltr' id='par_1_50' title="bbox 1924 2106 3495 2181">
     <span class='ocr_line' id='line_1_50' title="bbox 1924 2106 3495 2181; baseline 0.004 -20"><span class='ocrx_word' id='word_1_437' title='bbox 1924 2107 2186 2172; x_wconf 78' lang='lat' dir='ltr'><strong>Ephesios</strong></span> <span class='ocrx_word' id='word_1_438' title='bbox 2215 2122 2340 2161; x_wconf 89' lang='lat' dir='ltr'><strong>vero</strong></span> <span class='ocrx_word' id='word_1_439' title='bbox 2366 2125 2379 2160; x_wconf 92' lang='lat'><strong>:</strong></span> <span class='ocrx_word' id='word_1_440' title='bbox 2413 2106 2457 2159; x_wconf 86' lang='lat' dir='ltr'><strong>II</strong></span> <span class='ocrx_word' id='word_1_441' title='bbox 2467 2112 2584 2177; x_wconf 86' lang='lat' dir='ltr'><strong>njus</strong></span> <span class='ocrx_word' id='word_1_442' title='bbox 2621 2110 2695 2160; x_wconf 85' lang='lat' dir='ltr'><strong>rei</strong></span> <span class='ocrx_word' id='word_1_443' title='bbox 2733 2110 2898 2179; x_wconf 89' lang='lat' dir='ltr'><strong>gratia</strong></span> <span class='ocrx_word' id='word_1_444' title='bbox 2922 2112 3071 2178; x_wconf 81' lang='lat' dir='ltr'><strong>ﬂecto</strong></span> <span class='ocrx_word' id='word_1_445' title='bbox 3097 2128 3262 2181; x_wconf 88' lang='lat' dir='ltr'><strong>genua</strong></span> <span class='ocrx_word' id='word_1_446' title='bbox 3293 2130 3401 2167; x_wconf 88' lang='lat' dir='ltr'><strong>mea</strong></span> <span class='ocrx_word' id='word_1_447' title='bbox 3428 2114 3495 2167; x_wconf 87' lang='lat' dir='ltr'><strong>ad</strong></span> 
     </span>
    </p>
   </div>
   <div class='ocr_carea' id='block_1_51' title="bbox 1922 2196 3498 2268">
    <p class='ocr_par' dir='ltr' id='par_1_51' title="bbox 1922 2196 3498 2268">
     <span class='ocr_line' id='line_1_51' title="bbox 1922 2196 3498 2268; baseline 0.005 -19"><span class='ocrx_word' id='word_1_448' title='bbox 1922 2196 2154 2261; x_wconf 85' lang='lat' dir='ltr'><strong>Patrem,</strong></span> <span class='ocrx_word' id='word_1_449' title='bbox 2180 2214 2242 2251; x_wconf 82' lang='lat' dir='ltr'><strong>ea:</strong></span> <span class='ocrx_word' id='word_1_450' title='bbox 2261 2214 2362 2266; x_wconf 89' lang='lat' dir='ltr'><strong>quo</strong></span> <span class='ocrx_word' id='word_1_451' title='bbox 2394 2200 2557 2251; x_wconf 88' lang='lat' dir='ltr'><strong>omnis</strong></span> <span class='ocrx_word' id='word_1_452' title='bbox 2579 2200 2857 2268; x_wconf 87' lang='lat' dir='ltr'><strong>pateruitas</strong></span> <span class='ocrx_word' id='word_1_453' title='bbox 2877 2200 2930 2251; x_wconf 88' lang='lat' dir='ltr'><strong>in</strong></span> <span class='ocrx_word' id='word_1_454' title='bbox 2957 2202 3079 2253; x_wconf 78' lang='lat' dir='ltr'><strong>(‘on</strong></span> <span class='ocrx_word' id='word_1_455' title='bbox 3100 2210 3145 2253; x_wconf 89' lang='lat' dir='ltr'><strong>et</strong></span> <span class='ocrx_word' id='word_1_456' title='bbox 3170 2202 3222 2254; x_wconf 88' lang='lat' dir='ltr'><strong>in</strong></span> <span class='ocrx_word' id='word_1_457' title='bbox 3247 2211 3381 2255; x_wconf 83' lang='lat' dir='ltr'><strong>terra</strong></span> <span class='ocrx_word' id='word_1_458' title='bbox 3405 2220 3498 2257; x_wconf 64' lang='grc' dir='ltr'><strong>ηας</strong></span> 
     </span>
    </p>
   </div>
   <div class='ocr_carea' id='block_1_52' title="bbox 1922 2289 3498 2362">
    <p class='ocr_par' dir='ltr' id='par_1_52' title="bbox 1922 2289 3498 2362">
     <span class='ocr_line' id='line_1_52' title="bbox 1922 2289 3498 2362; baseline 0.003 -20"><span class='ocrx_word' id='word_1_459' title='bbox 1922 2289 2169 2353; x_wconf 87' lang='lat' dir='ltr'><strong>minatur,</strong></span> <span class='ocrx_word' id='word_1_460' title='bbox 2199 2300 2252 2343; x_wconf 87' lang='lat' dir='ltr'><strong>ut</strong></span> <span class='ocrx_word' id='word_1_461' title='bbox 2281 2290 2365 2343; x_wconf 87' lang='lat' dir='ltr'><strong>det</strong></span> <span class='ocrx_word' id='word_1_462' title='bbox 2394 2291 2531 2343; x_wconf 83' lang='lat' dir='ltr'><strong>vobis</strong></span> <span class='ocrx_word' id='word_1_463' title='bbox 2552 2290 2831 2343; x_wconf 88' lang='lat' dir='ltr'><strong>secundum</strong></span> <span class='ocrx_word' id='word_1_464' title='bbox 2856 2292 3164 2359; x_wconf 80' lang='lat' dir='ltr'><strong>opulentiam</strong></span> <span class='ocrx_word' id='word_1_465' title='bbox 3197 2294 3374 2362; x_wconf 78' lang='lat' dir='ltr'><strong>glorite</strong></span> <span class='ocrx_word' id='word_1_466' title='bbox 3394 2309 3498 2347; x_wconf 73' lang='lat' dir='ltr'><strong>sum</strong></span> 
     </span>
    </p>
   </div>
   <div class='ocr_carea' id='block_1_53' title="bbox 1922 2380 3495 2449">
    <p class='ocr_par' dir='ltr' id='par_1_53' title="bbox 1922 2380 3495 2449">
     <span class='ocr_line' id='line_1_53' title="bbox 1922 2380 3495 2449; baseline 0.003 -17"><span class='ocrx_word' id='word_1_467' title='bbox 1922 2382 2149 2432; x_wconf 80' lang='lat' dir='ltr'><strong>virtutem</strong></span> <span class='ocrx_word' id='word_1_468' title='bbox 2188 2381 2482 2446; x_wconf 80' lang='lat' dir='ltr'><strong>conﬁrmari</strong></span> <span class='ocrx_word' id='word_1_469' title='bbox 2524 2397 2613 2443; x_wconf 87' lang='lat' dir='ltr'><strong>per</strong></span> <span class='ocrx_word' id='word_1_470' title='bbox 2644 2380 2891 2449; x_wconf 88' lang='lat' dir='ltr'><strong>Spiritum</strong></span> <span class='ocrx_word' id='word_1_471' title='bbox 2924 2399 3072 2434; x_wconf 84' lang='lat' dir='ltr'><strong>suum</strong></span> <span class='ocrx_word' id='word_1_472' title='bbox 3122 2383 3173 2435; x_wconf 89' lang='lat' dir='ltr'><strong>in</strong></span> <span class='ocrx_word' id='word_1_473' title='bbox 3211 2384 3495 2437; x_wconf 79' lang='lat' dir='ltr'><strong>interiorem</strong></span> 
     </span>
    </p>
   </div>
   <div class='ocr_carea' id='block_1_54' title="bbox 1922 2472 3497 2541">
    <p class='ocr_par' dir='ltr' id='par_1_54' title="bbox 1922 2472 3497 2541">
     <span class='ocr_line' id='line_1_54' title="bbox 1922 2472 3497 2541; baseline 0.002 -17"><span class='ocrx_word' id='word_1_474' title='bbox 1922 2474 2200 2536; x_wconf 83' lang='lat' dir='ltr'><strong>hominem,</strong></span> <span class='ocrx_word' id='word_1_475' title='bbox 2230 2472 2462 2525; x_wconf 80' lang='lat' dir='ltr'><strong>habitare</strong></span> <span class='ocrx_word' id='word_1_476' title='bbox 2488 2473 2743 2526; x_wconf 80' lang='lat' dir='ltr'><strong>Christum</strong></span> <span class='ocrx_word' id='word_1_477' title='bbox 2778 2489 2866 2541; x_wconf 87' lang='lat' dir='ltr'><strong>per</strong></span> <span class='ocrx_word' id='word_1_478' title='bbox 2894 2473 3045 2541; x_wconf 78' lang='lat' dir='ltr'><strong>ﬁdem</strong></span> <span class='ocrx_word' id='word_1_479' title='bbox 3076 2474 3129 2526; x_wconf 86' lang='lat' dir='ltr'><strong>in</strong></span> <span class='ocrx_word' id='word_1_480' title='bbox 3154 2476 3387 2527; x_wconf 77' lang='lat' dir='ltr'><strong>cordibus</strong></span> <span class='ocrx_word' id='word_1_481' title='bbox 3416 2491 3497 2527; x_wconf 80' lang='lat' dir='ltr'><strong>ue-</strong></span> 
     </span>
    </p>
   </div>
   <div class='ocr_carea' id='block_1_55' title="bbox 1921 2560 3496 2632">
    <p class='ocr_par' dir='ltr' id='par_1_55' title="bbox 1921 2560 3496 2632">
     <span class='ocr_line' id='line_1_55' title="bbox 1921 2560 3496 2632; baseline 0.003 -19"><span class='ocrx_word' id='word_1_482' title='bbox 1921 2563 2039 2614; x_wconf 83' lang='lat' dir='ltr'><strong>stris</strong></span> <span class='ocrx_word' id='word_1_483' title='bbox 2062 2560 2275 2629; x_wconf 83' lang='lat' dir='ltr'><strong>(Ephes.</strong></span> <span class='ocrx_word' id='word_1_484' title='bbox 2304 2576 2384 2627; x_wconf 89' lang='lat' dir='ltr'><strong>nt,</strong></span> <span class='ocrx_word' id='word_1_485' title='bbox 2406 2561 2516 2632; x_wconf 77' lang='lat' dir='ltr'><strong>ll).</strong></span> <span class='ocrx_word' id='word_1_486' title='bbox 2551 2561 2613 2615; x_wconf 88' lang='lat' dir='ltr'><strong>Et</strong></span> <span class='ocrx_word' id='word_1_487' title='bbox 2639 2561 2752 2615; x_wconf 68' lang='lat' dir='ltr'><strong>huic</strong></span> <span class='ocrx_word' id='word_1_488' title='bbox 2778 2562 2988 2630; x_wconf 89' lang='lat' dir='ltr'><strong>quidem</strong></span> <span class='ocrx_word' id='word_1_489' title='bbox 3020 2562 3085 2615; x_wconf 90' lang='lat' dir='ltr'><strong>de</strong></span> <span class='ocrx_word' id='word_1_490' title='bbox 3108 2562 3263 2616; x_wconf 84' lang='lat' dir='ltr'><strong>Patre</strong></span> <span class='ocrx_word' id='word_1_491' title='bbox 3284 2573 3336 2617; x_wconf 90' lang='lat' dir='ltr'><strong>et</strong></span> <span class='ocrx_word' id='word_1_492' title='bbox 3359 2562 3496 2617; x_wconf 80' lang='lat' dir='ltr'><strong>Filio</strong></span> 
     </span>
    </p>
   </div>
   <div class='ocr_carea' id='block_1_56' title="bbox 1926 2651 3495 2721">
    <p class='ocr_par' dir='ltr' id='par_1_56' title="bbox 1926 2651 3495 2721">
     <span class='ocr_line' id='line_1_56' title="bbox 1926 2651 3495 2721; baseline 0.003 -18"><span class='ocrx_word' id='word_1_493' title='bbox 1926 2651 2117 2706; x_wconf 81' lang='lat' dir='ltr'><strong>Paulus</strong></span> <span class='ocrx_word' id='word_1_494' title='bbox 2145 2651 2485 2721; x_wconf 68' lang='lat' dir='ltr'><strong>singulariter</strong></span> <span class='ocrx_word' id='word_1_495' title='bbox 2518 2653 2705 2704; x_wconf 81' lang='lat' dir='ltr'><strong>scribit</strong></span> <span class='ocrx_word' id='word_1_496' title='bbox 2736 2666 2752 2708; x_wconf 88' lang='lat'><strong>:</strong></span> <span class='ocrx_word' id='word_1_497' title='bbox 2785 2653 2921 2705; x_wconf 87' lang='lat' dir='ltr'><strong>sicut</strong></span> <span class='ocrx_word' id='word_1_498' title='bbox 2956 2652 3019 2704; x_wconf 91' lang='lat' dir='ltr'><strong>ad</strong></span> <span class='ocrx_word' id='word_1_499' title='bbox 3049 2652 3495 2707; x_wconf 73' lang='lat' dir='ltr'><strong>Thessalonicen-</strong></span> 
     </span>
    </p>
   </div>
   <div class='ocr_carea' id='block_1_57' title="bbox 1923 2742 3498 2813">
    <p class='ocr_par' dir='ltr' id='par_1_57' title="bbox 1923 2742 3498 2813">
     <span class='ocr_line' id='line_1_57' title="bbox 1923 2742 3498 2813; baseline 0.003 -18"><span class='ocrx_word' id='word_1_500' title='bbox 1923 2756 2029 2804; x_wconf 84' lang='lat' dir='ltr'><strong>ses,</strong></span> <span class='ocrx_word' id='word_1_501' title='bbox 2049 2742 2187 2808; x_wconf 90' lang='lat' dir='ltr'><strong>quod</strong></span> <span class='ocrx_word' id='word_1_502' title='bbox 2210 2742 2515 2811; x_wconf 75' lang='lat' dir='ltr'><strong>frequenter</strong></span> <span class='ocrx_word' id='word_1_503' title='bbox 2532 2744 2942 2797; x_wconf 88' lang='lat' dir='ltr'><strong>memoravimus</strong></span> <span class='ocrx_word' id='word_1_504' title='bbox 2963 2744 3036 2796; x_wconf 85' lang='lat' dir='ltr'><strong>ait</strong></span> <span class='ocrx_word' id='word_1_505' title='bbox 3057 2761 3068 2795; x_wconf 89' lang='lat'>:</span> <span class='ocrx_word' id='word_1_506' title='bbox 3089 2742 3208 2813; x_wconf 86' lang='lat' dir='ltr'><strong>Ipse</strong></span> <span class='ocrx_word' id='word_1_507' title='bbox 3228 2761 3340 2797; x_wconf 81' lang='lat' dir='ltr'><strong>vero</strong></span> <span class='ocrx_word' id='word_1_508' title='bbox 3360 2744 3498 2799; x_wconf 88' lang='lat' dir='ltr'><strong>Deus</strong></span> 
     </span>
    </p>
   </div>
   <div class='ocr_carea' id='block_1_58' title="bbox 1924 2832 3490 2906">
    <p class='ocr_par' dir='ltr' id='par_1_58' title="bbox 1924 2832 3490 2906">
     <span class='ocr_line' id='line_1_58' title="bbox 1924 2832 3490 2906; baseline 0.004 -21"><span class='ocrx_word' id='word_1_509' title='bbox 1924 2842 1970 2886; x_wconf 86' lang='lat' dir='ltr'><strong>et</strong></span> <span class='ocrx_word' id='word_1_510' title='bbox 2008 2832 2159 2885; x_wconf 73' lang='lat' dir='ltr'><strong>Pater</strong></span> <span class='ocrx_word' id='word_1_511' title='bbox 2189 2844 2356 2887; x_wconf 88' lang='lat' dir='ltr'><strong>noster</strong></span> <span class='ocrx_word' id='word_1_512' title='bbox 2384 2834 2666 2898; x_wconf 88' lang='lat' dir='ltr'><strong>sanctiﬁcet</strong></span> <span class='ocrx_word' id='word_1_513' title='bbox 2691 2850 2777 2886; x_wconf 85' lang='lat' dir='ltr'><strong>vos</strong></span> <span class='ocrx_word' id='word_1_514' title='bbox 2815 2833 2883 2885; x_wconf 88' lang='lat' dir='ltr'><strong>ad</strong></span> <span class='ocrx_word' id='word_1_515' title='bbox 2912 2837 3186 2902; x_wconf 76' lang='lat' dir='ltr'><strong>perfectum</strong></span> <span class='ocrx_word' id='word_1_516' title='bbox 3224 2834 3399 2906; x_wconf 78' lang='lat' dir='ltr'><strong>(Thes.</strong></span> <span class='ocrx_word' id='word_1_517' title='bbox 3440 2853 3490 2903; x_wconf 80' lang='grc' dir='ltr'><strong>ν,</strong></span> 
     </span>
    </p>
   </div>
   <div class='ocr_carea' id='block_1_59' title="bbox 1924 2924 3499 2995">
    <p class='ocr_par' dir='ltr' id='par_1_59' title="bbox 1924 2924 3499 2995">
     <span class='ocr_line' id='line_1_59' title="bbox 1924 2924 3499 2995; baseline 0.002 -15"><span class='ocrx_word' id='word_1_518' title='bbox 1924 2926 2035 2991; x_wconf 75' lang='lat'><strong>9.3).</strong></span> <span class='ocrx_word' id='word_1_519' title='bbox 2060 2925 2173 2978; x_wconf 87' lang='lat' dir='ltr'><strong>Non</strong></span> <span class='ocrx_word' id='word_1_520' title='bbox 2198 2925 2327 2978; x_wconf 88' lang='lat' dir='ltr'><strong>dicit</strong></span> <span class='ocrx_word' id='word_1_521' title='bbox 2344 2925 2658 2977; x_wconf 77' lang='lat' dir='ltr'><strong>sanctificeut</strong></span> <span class='ocrx_word' id='word_1_522' title='bbox 2681 2940 2767 2977; x_wconf 82' lang='lat' dir='ltr'><strong>vos</strong></span> <span class='ocrx_word' id='word_1_523' title='bbox 2789 2924 3078 2992; x_wconf 85' lang='lat' dir='ltr'><strong>pluraliter,</strong></span> <span class='ocrx_word' id='word_1_524' title='bbox 3104 2927 3197 2980; x_wconf 86' lang='lat' dir='ltr'><strong>sed</strong></span> <span class='ocrx_word' id='word_1_525' title='bbox 3219 2929 3499 2995; x_wconf 80' lang='lat' dir='ltr'><strong>sanctiﬁcet</strong></span> 
     </span>
    </p>
   </div>
   <div class='ocr_carea' id='block_1_60' title="bbox 1928 3018 3499 3087">
    <p class='ocr_par' dir='ltr' id='par_1_60' title="bbox 1928 3018 3499 3087">
     <span class='ocr_line' id='line_1_60' title="bbox 1928 3018 3499 3087; baseline 0.001 -15"><span class='ocrx_word' id='word_1_526' title='bbox 1928 3018 2285 3087; x_wconf 81' lang='lat' dir='ltr'><strong>singulariter.</strong></span> <span class='ocrx_word' id='word_1_527' title='bbox 2316 3018 2543 3085; x_wconf 88' lang='lat' dir='ltr'><strong>Quando</strong></span> <span class='ocrx_word' id='word_1_528' title='bbox 2571 3028 2747 3072; x_wconf 88' lang='lat' dir='ltr'><strong>autem</strong></span> <span class='ocrx_word' id='word_1_529' title='bbox 2773 3025 2837 3071; x_wconf 89' lang='lat' dir='ltr'><strong>ad</strong></span> <span class='ocrx_word' id='word_1_530' title='bbox 2867 3019 3169 3073; x_wconf 86' lang='lat' dir='ltr'><strong>Corinthios</strong></span> <span class='ocrx_word' id='word_1_531' title='bbox 3198 3021 3265 3075; x_wconf 89' lang='lat' dir='ltr'><strong>de</strong></span> <span class='ocrx_word' id='word_1_532' title='bbox 3286 3019 3420 3074; x_wconf 87' lang='lat' dir='ltr'><strong>Filio</strong></span> <span class='ocrx_word' id='word_1_533' title='bbox 3445 3029 3499 3074; x_wconf 80' lang='lat' dir='ltr'><strong>et</strong></span> 
     </span>
    </p>
   </div>
   <div class='ocr_carea' id='block_1_61' title="bbox 266 3102 3498 3179">
    <p class='ocr_par' dir='ltr' id='par_1_61' title="bbox 266 3102 3498 3179">
     <span class='ocr_line' id='line_1_61' title="bbox 266 3102 3498 3179; baseline 0.002 -21"><span class='ocrx_word' id='word_1_534' title='bbox 266 3108 471 3177; x_wconf 75' lang='lat' dir='ltr'><strong>diligeret</strong></span> <span class='ocrx_word' id='word_1_535' title='bbox 497 3126 581 3164; x_wconf 87' lang='lat' dir='ltr'><strong>eos</strong></span> <span class='ocrx_word' id='word_1_536' title='bbox 605 3127 623 3163; x_wconf 92' lang='lat'><strong><em>:</em></strong></span> <span class='ocrx_word' id='word_1_537' title='bbox 650 3123 696 3162; x_wconf 89' lang='lat' dir='ltr'><strong>et</strong></span> <span class='ocrx_word' id='word_1_538' title='bbox 719 3111 825 3179; x_wconf 86' lang='lat' dir='ltr'><strong>ipse</strong></span> <span class='ocrx_word' id='word_1_539' title='bbox 853 3111 1069 3179; x_wconf 84' lang='lat' dir='ltr'><strong>suscepit</strong></span> <span class='ocrx_word' id='word_1_540' title='bbox 1093 3126 1195 3175; x_wconf 87' lang='lat' dir='ltr'><strong>eos,</strong></span> <span class='ocrx_word' id='word_1_541' title='bbox 1224 3119 1271 3163; x_wconf 88' lang='lat' dir='ltr'><strong>et</strong></span> <span class='ocrx_word' id='word_1_542' title='bbox 1296 3111 1534 3163; x_wconf 75' lang='lat' dir='ltr'><strong>exultavit</strong></span> <span class='ocrx_word' id='word_1_543' title='bbox 1558 3126 1641 3164; x_wconf 89' lang='lat' dir='ltr'><strong>eos</strong></span> <span class='ocrx_word' id='word_1_544' title='bbox 1663 3110 1829 3163; x_wconf 79' lang='lat' dir='ltr'><strong>omni-</strong></span> <span class='ocrx_word' id='word_1_545' title='bbox 1859 3102 1903 3164; x_wconf 87' lang='lat' dir='ltr'><strong><em>C</em></strong></span> <span class='ocrx_word' id='word_1_546' title='bbox 1938 3112 2135 3179; x_wconf 87' lang='lat' dir='ltr'><strong>Spiritu</strong></span> <span class='ocrx_word' id='word_1_547' title='bbox 2165 3111 2295 3164; x_wconf 83' lang='lat' dir='ltr'><strong>dicit</strong></span> <span class='ocrx_word' id='word_1_548' title='bbox 2323 3129 2334 3162; x_wconf 89' lang='lat'><strong>:</strong></span> <span class='ocrx_word' id='word_1_549' title='bbox 2370 3110 2474 3165; x_wconf 92' lang='lat' dir='ltr'><strong>Sed</strong></span> <span class='ocrx_word' id='word_1_550' title='bbox 2500 3110 2663 3164; x_wconf 89' lang='lat' dir='ltr'><strong>abluti</strong></span> <span class='ocrx_word' id='word_1_551' title='bbox 2688 3111 2822 3175; x_wconf 86' lang='lat' dir='ltr'><strong>estis,</strong></span> <span class='ocrx_word' id='word_1_552' title='bbox 2852 3114 2939 3164; x_wconf 88' lang='lat' dir='ltr'><strong>sed</strong></span> <span class='ocrx_word' id='word_1_553' title='bbox 2972 3112 3273 3178; x_wconf 77' lang='lat' dir='ltr'><strong>sanctiﬁcati</strong></span> <span class='ocrx_word' id='word_1_554' title='bbox 3300 3115 3417 3167; x_wconf 84' lang='lat' dir='ltr'><strong>estis</strong></span> <span class='ocrx_word' id='word_1_555' title='bbox 3445 3116 3498 3168; x_wconf 85' lang='lat' dir='ltr'><strong>in</strong></span> 
     </span>
    </p>
   </div>
   <div class='ocr_carea' id='block_1_62' title="bbox 265 3199 1823 3271">
    <p class='ocr_par' dir='ltr' id='par_1_62' title="bbox 265 3199 1823 3271">
     <span class='ocr_line' id='line_1_62' title="bbox 265 3199 1823 3271; baseline 0.004 -22"><span class='ocrx_word' id='word_1_556' title='bbox 265 3199 339 3251; x_wconf 78' lang='lat' dir='ltr'><strong>bus</strong></span> <span class='ocrx_word' id='word_1_557' title='bbox 370 3202 536 3255; x_wconf 88' lang='lat' dir='ltr'><strong>diebus</strong></span> <span class='ocrx_word' id='word_1_558' title='bbox 580 3203 784 3255; x_wconf 72' lang='lat' dir='ltr'><strong>sa’cuti.</strong></span> <span class='ocrx_word' id='word_1_559' title='bbox 828 3200 941 3268; x_wconf 83' lang='lat' dir='ltr'><strong>Ipsi</strong></span> <span class='ocrx_word' id='word_1_560' title='bbox 976 3218 1091 3254; x_wconf 88' lang='lat' dir='ltr'><strong>vero</strong></span> <span class='ocrx_word' id='word_1_561' title='bbox 1123 3204 1482 3255; x_wconf 84' lang='lat' dir='ltr'><strong>contumaciter</strong></span> <span class='ocrx_word' id='word_1_562' title='bbox 1514 3211 1742 3271; x_wconf 87' lang='lat' dir='ltr'><strong>egerunt,</strong></span> <span class='ocrx_word' id='word_1_563' title='bbox 1776 3212 1823 3255; x_wconf 89' lang='lat' dir='ltr'><strong>et</strong></span> 
     </span>
    </p>
   </div>
   <div class='ocr_carea' id='block_1_63' title="bbox 264 3294 1826 3361">
    <p class='ocr_par' dir='ltr' id='par_1_63' title="bbox 264 3294 1826 3361">
     <span class='ocr_line' id='line_1_63' title="bbox 264 3294 1826 3361; baseline 0.001 -16"><span class='ocrx_word' id='word_1_564' title='bbox 264 3298 662 3348; x_wconf 69' lang='lat' dir='ltr'><strong>exacerbaverunt</strong></span> <span class='ocrx_word' id='word_1_565' title='bbox 696 3294 949 3361; x_wconf 86' lang='lat' dir='ltr'><strong>Spiritum</strong></span> <span class='ocrx_word' id='word_1_566' title='bbox 981 3303 1214 3347; x_wconf 78' lang='lat' dir='ltr'><strong>sumtum</strong></span> <span class='ocrx_word' id='word_1_567' title='bbox 1236 3337 1250 3361; x_wconf 96' lang='lat'><strong>,</strong></span> <span class='ocrx_word' id='word_1_568' title='bbox 1284 3303 1330 3347; x_wconf 90' lang='lat' dir='ltr'><strong>et</strong></span> <span class='ocrx_word' id='word_1_569' title='bbox 1361 3310 1627 3347; x_wconf 80' lang='lat' dir='ltr'><strong>conversus</strong></span> <span class='ocrx_word' id='word_1_570' title='bbox 1655 3304 1726 3347; x_wconf 58' lang='lat' dir='ltr'><strong>ett</strong></span> <span class='ocrx_word' id='word_1_571' title='bbox 1755 3294 1826 3347; x_wconf 89' lang='lat' dir='ltr'><strong>eis</strong></span> 
     </span>
    </p>
   </div>
   <div class='ocr_carea' id='block_1_64' title="bbox 267 3382 1823 3453">
    <p class='ocr_par' dir='ltr' id='par_1_64' title="bbox 267 3382 1823 3453">
     <span class='ocr_line' id='line_1_64' title="bbox 267 3382 1823 3453; baseline 0.003 -22"><span class='ocrx_word' id='word_1_572' title='bbox 267 3383 320 3432; x_wconf 83' lang='lat' dir='ltr'><strong>ad</strong></span> <span class='ocrx_word' id='word_1_573' title='bbox 346 3384 665 3437; x_wconf 75' lang='lat' dir='ltr'><strong>inimicitiam</strong></span> <span class='ocrx_word' id='word_1_574' title='bbox 693 3382 849 3452; x_wconf 89' lang='lat' dir='ltr'><strong>(Isai.</strong></span> <span class='ocrx_word' id='word_1_575' title='bbox 876 3400 1025 3448; x_wconf 75' lang='lat' dir='ltr'><strong>unt,</strong></span> <span class='ocrx_word' id='word_1_576' title='bbox 1053 3383 1133 3453; x_wconf 92' lang='lat'><strong>9).</strong></span> <span class='ocrx_word' id='word_1_577' title='bbox 1172 3385 1279 3439; x_wconf 83' lang='lat' dir='ltr'><strong>Nec</strong></span> <span class='ocrx_word' id='word_1_578' title='bbox 1302 3400 1406 3437; x_wconf 91' lang='lat' dir='ltr'><strong>non</strong></span> <span class='ocrx_word' id='word_1_579' title='bbox 1443 3386 1602 3438; x_wconf 82' lang='lat' dir='ltr'><strong>etiam</strong></span> <span class='ocrx_word' id='word_1_580' title='bbox 1639 3385 1823 3453; x_wconf 71' lang='lat' dir='ltr'><strong>primi-</strong></span> 
     </span>
    </p>
   </div>
   <div class='ocr_carea' id='block_1_65' title="bbox 267 3469 1823 3548">
    <p class='ocr_par' dir='ltr' id='par_1_65' title="bbox 267 3469 1823 3548">
     <span class='ocr_line' id='line_1_65' title="bbox 267 3469 1823 3548; baseline 0.004 -27"><span class='ocrx_word' id='word_1_581' title='bbox 267 3469 349 3524; x_wconf 87' lang='lat' dir='ltr'><strong>tias</strong></span> <span class='ocrx_word' id='word_1_582' title='bbox 394 3488 694 3545; x_wconf 80' lang='lat' dir='ltr'><strong>martyrum</strong></span> <span class='ocrx_word' id='word_1_583' title='bbox 735 3472 1063 3548; x_wconf 87' lang='lat' dir='ltr'><strong>Stephanum</strong></span> <span class='ocrx_word' id='word_1_584' title='bbox 1113 3474 1413 3527; x_wconf 87' lang='lat' dir='ltr'><strong>auscultent</strong></span> <span class='ocrx_word' id='word_1_585' title='bbox 1462 3478 1823 3542; x_wconf 81' lang='lat' dir='ltr'><strong>increpantem</strong></span> 
     </span>
    </p>
   </div>
   <div class='ocr_carea' id='block_1_66' title="bbox 266 3562 1826 3633">
    <p class='ocr_par' dir='ltr' id='par_1_66' title="bbox 266 3562 1826 3633">
     <span class='ocr_line' id='line_1_66' title="bbox 266 3562 1826 3633; baseline 0.005 -21"><span class='ocrx_word' id='word_1_586' title='bbox 266 3562 504 3631; x_wconf 85' lang='lat' dir='ltr'><strong>principes</strong></span> <span class='ocrx_word' id='word_1_587' title='bbox 536 3564 851 3617; x_wconf 66' lang='lat' dir='ltr'><strong>Iudaeorum</strong></span> <span class='ocrx_word' id='word_1_588' title='bbox 870 3603 884 3628; x_wconf 93' lang='lat'><strong>,</strong></span> <span class='ocrx_word' id='word_1_589' title='bbox 911 3564 979 3617; x_wconf 91' lang='lat' dir='ltr'><strong>ob</strong></span> <span class='ocrx_word' id='word_1_590' title='bbox 1009 3565 1266 3619; x_wconf 86' lang='lat' dir='ltr'><strong>benellcia</strong></span> <span class='ocrx_word' id='word_1_591' title='bbox 1292 3580 1409 3633; x_wconf 74' lang='lat' dir='ltr'><strong>qua:</strong></span> <span class='ocrx_word' id='word_1_592' title='bbox 1440 3566 1663 3620; x_wconf 87' lang='lat' dir='ltr'><strong>contulit</strong></span> <span class='ocrx_word' id='word_1_593' title='bbox 1686 3566 1826 3620; x_wconf 90' lang='lat' dir='ltr'><strong>Deus</strong></span> 
     </span>
    </p>
   </div>
   <div class='ocr_carea' id='block_1_67' title="bbox 265 3654 1825 3728">
    <p class='ocr_par' dir='ltr' id='par_1_67' title="bbox 265 3654 1825 3728">
     <span class='ocr_line' id='line_1_67' title="bbox 265 3654 1825 3728; baseline 0.003 -22"><span class='ocrx_word' id='word_1_594' title='bbox 265 3654 473 3717; x_wconf 77' lang='lat' dir='ltr'><strong>patribus</strong></span> <span class='ocrx_word' id='word_1_595' title='bbox 503 3672 731 3720; x_wconf 89' lang='lat' dir='ltr'><strong>eorum,</strong></span> <span class='ocrx_word' id='word_1_596' title='bbox 764 3672 885 3710; x_wconf 90' lang='lat' dir='ltr'><strong>cum</strong></span> <span class='ocrx_word' id='word_1_597' title='bbox 914 3657 1168 3711; x_wconf 87' lang='lat' dir='ltr'><strong>educeret</strong></span> <span class='ocrx_word' id='word_1_598' title='bbox 1196 3673 1290 3712; x_wconf 91' lang='lat' dir='ltr'><strong>eos</strong></span> <span class='ocrx_word' id='word_1_599' title='bbox 1319 3657 1385 3711; x_wconf 89' lang='lat' dir='ltr'><strong>de</strong></span> <span class='ocrx_word' id='word_1_600' title='bbox 1419 3668 1556 3711; x_wconf 75' lang='lat' dir='ltr'><strong>terra</strong></span> <span class='ocrx_word' id='word_1_601' title='bbox 1587 3659 1825 3728; x_wconf 63' lang='lat' dir='ltr'><strong>Egypti,</strong></span> 
     </span>
    </p>
   </div>
   <div class='ocr_carea' id='block_1_68' title="bbox 265 3746 1823 3819">
    <p class='ocr_par' dir='ltr' id='par_1_68' title="bbox 265 3746 1823 3819">
     <span class='ocr_line' id='line_1_68' title="bbox 265 3746 1823 3819; baseline 0.006 -24"><span class='ocrx_word' id='word_1_602' title='bbox 265 3746 468 3807; x_wconf 84' lang='lat' dir='ltr'><strong>peractis</strong></span> <span class='ocrx_word' id='word_1_603' title='bbox 492 3748 667 3815; x_wconf 83' lang='lat' dir='ltr'><strong>signis</strong></span> <span class='ocrx_word' id='word_1_604' title='bbox 688 3754 743 3800; x_wconf 88' lang='lat' dir='ltr'><strong>et</strong></span> <span class='ocrx_word' id='word_1_605' title='bbox 766 3747 1020 3815; x_wconf 50' lang='lat' dir='ltr'><strong>prodigiis</strong></span> <span class='ocrx_word' id='word_1_606' title='bbox 1045 3749 1095 3801; x_wconf 91' lang='lat' dir='ltr'><strong>in</strong></span> <span class='ocrx_word' id='word_1_607' title='bbox 1121 3759 1259 3802; x_wconf 89' lang='lat' dir='ltr'><strong>terra</strong></span> <span class='ocrx_word' id='word_1_608' title='bbox 1279 3748 1516 3819; x_wconf 65' lang='lat' dir='ltr'><strong>Egypti,</strong></span> <span class='ocrx_word' id='word_1_609' title='bbox 1542 3761 1594 3803; x_wconf 88' lang='lat' dir='ltr'><strong>et</strong></span> <span class='ocrx_word' id='word_1_610' title='bbox 1618 3752 1667 3803; x_wconf 81' lang='lat' dir='ltr'><strong>in</strong></span> <span class='ocrx_word' id='word_1_611' title='bbox 1693 3752 1823 3804; x_wconf 85' lang='lat' dir='ltr'><strong>utari</strong></span> 
     </span>
    </p>
   </div>
   <div class='ocr_carea' id='block_1_69' title="bbox 265 3831 1824 3907">
    <p class='ocr_par' dir='ltr' id='par_1_69' title="bbox 265 3831 1824 3907">
     <span class='ocr_line' id='line_1_69' title="bbox 265 3831 1824 3907; baseline 0.006 -23"><span class='ocrx_word' id='word_1_612' title='bbox 265 3831 439 3901; x_wconf 84' lang='lat' dir='ltr'><strong>Rubro,</strong></span> <span class='ocrx_word' id='word_1_613' title='bbox 463 3846 518 3891; x_wconf 90' lang='lat' dir='ltr'><strong>et</strong></span> <span class='ocrx_word' id='word_1_614' title='bbox 544 3839 598 3891; x_wconf 92' lang='lat' dir='ltr'><strong>in</strong></span> <span class='ocrx_word' id='word_1_615' title='bbox 624 3839 867 3903; x_wconf 89' lang='lat' dir='ltr'><strong>deserto,</strong></span> <span class='ocrx_word' id='word_1_616' title='bbox 896 3853 992 3907; x_wconf 89' lang='lat' dir='ltr'><strong>per</strong></span> <span class='ocrx_word' id='word_1_617' title='bbox 1010 3853 1178 3891; x_wconf 87' lang='lat' dir='ltr'><strong>annos</strong></span> <span class='ocrx_word' id='word_1_618' title='bbox 1199 3840 1576 3907; x_wconf 77' lang='lat' dir='ltr'><strong>quadraginta:</strong></span> <span class='ocrx_word' id='word_1_619' title='bbox 1601 3851 1653 3894; x_wconf 92' lang='lat' dir='ltr'><strong>et</strong></span> <span class='ocrx_word' id='word_1_620' title='bbox 1675 3842 1742 3893; x_wconf 87' lang='lat' dir='ltr'><strong>oh</strong></span> <span class='ocrx_word' id='word_1_621' title='bbox 1763 3857 1824 3896; x_wconf 90' lang='lat' dir='ltr'><strong>ea</strong></span> 
     </span>
    </p>
   </div>
   <div class='ocr_carea' id='block_1_70' title="bbox 264 3925 1825 3997">
    <p class='ocr_par' dir='ltr' id='par_1_70' title="bbox 264 3925 1825 3997">
     <span class='ocr_line' id='line_1_70' title="bbox 264 3925 1825 3997; baseline 0.008 -24"><span class='ocrx_word' id='word_1_622' title='bbox 264 3938 360 3990; x_wconf 75' lang='lat' dir='ltr'><strong>qua:</strong></span> <span class='ocrx_word' id='word_1_623' title='bbox 386 3925 687 3996; x_wconf 76' lang='lat' dir='ltr'><strong>irreligiose</strong></span> <span class='ocrx_word' id='word_1_624' title='bbox 713 3936 961 3997; x_wconf 64' lang='lat' dir='ltr'><strong>egerunt,</strong></span> <span class='ocrx_word' id='word_1_625' title='bbox 987 3929 1127 3982; x_wconf 79' lang='lat' dir='ltr'><strong>iacto</strong></span> <span class='ocrx_word' id='word_1_626' title='bbox 1147 3929 1312 3983; x_wconf 85' lang='lat' dir='ltr'><strong>vitulo</strong></span> <span class='ocrx_word' id='word_1_627' title='bbox 1338 3941 1391 3984; x_wconf 92' lang='lat' dir='ltr'><strong>et</strong></span> <span class='ocrx_word' id='word_1_628' title='bbox 1419 3932 1572 3984; x_wconf 86' lang='lat' dir='ltr'><strong>idolis</strong></span> <span class='ocrx_word' id='word_1_629' title='bbox 1599 3932 1825 3987; x_wconf 84' lang='lat' dir='ltr'><strong>adoran-</strong></span> 
     </span>
    </p>
   </div>
   <div class='ocr_carea' id='block_1_71' title="bbox 262 4022 1821 4090">
    <p class='ocr_par' dir='ltr' id='par_1_71' title="bbox 262 4022 1821 4090">
     <span class='ocr_line' id='line_1_71' title="bbox 262 4022 1821 4090; baseline 0.006 -20"><span class='ocrx_word' id='word_1_630' title='bbox 262 4025 355 4080; x_wconf 85' lang='lat' dir='ltr'><strong>tes,</strong></span> <span class='ocrx_word' id='word_1_631' title='bbox 392 4029 445 4073; x_wconf 91' lang='lat' dir='ltr'><strong>et</strong></span> <span class='ocrx_word' id='word_1_632' title='bbox 483 4029 709 4089; x_wconf 81' lang='lat' dir='ltr'><strong>propter</strong></span> <span class='ocrx_word' id='word_1_633' title='bbox 737 4023 915 4075; x_wconf 90' lang='lat' dir='ltr'><strong>omnia</strong></span> <span class='ocrx_word' id='word_1_634' title='bbox 958 4038 1075 4090; x_wconf 70' lang='lat' dir='ltr'><strong>quae</strong></span> <span class='ocrx_word' id='word_1_635' title='bbox 1115 4022 1317 4077; x_wconf 79' lang='lat' dir='ltr'><strong>nefarie</strong></span> <span class='ocrx_word' id='word_1_636' title='bbox 1354 4024 1639 4079; x_wconf 88' lang='lat' dir='ltr'><strong>machinati</strong></span> <span class='ocrx_word' id='word_1_637' title='bbox 1676 4036 1821 4089; x_wconf 88' lang='lat' dir='ltr'><strong>sunt,</strong></span> 
     </span>
    </p>
   </div>
   <div class='ocr_carea' id='block_1_72' title="bbox 263 4108 1820 4181">
    <p class='ocr_par' dir='ltr' id='par_1_72' title="bbox 263 4108 1820 4181">
     <span class='ocr_line' id='line_1_72' title="bbox 263 4108 1820 4181; baseline 0.006 -22"><span class='ocrx_word' id='word_1_638' title='bbox 263 4108 500 4165; x_wconf 81' lang='lat' dir='ltr'><strong>dicentem</strong></span> <span class='ocrx_word' id='word_1_639' title='bbox 529 4112 598 4166; x_wconf 86' lang='lat' dir='ltr'><strong>ad</strong></span> <span class='ocrx_word' id='word_1_640' title='bbox 628 4127 725 4166; x_wconf 88' lang='lat' dir='ltr'><strong>eos</strong></span> <span class='ocrx_word' id='word_1_641' title='bbox 750 4130 762 4164; x_wconf 89' lang='lat'><strong>:</strong></span> <span class='ocrx_word' id='word_1_642' title='bbox 790 4111 934 4165; x_wconf 88' lang='lat' dir='ltr'><strong>Dura</strong></span> <span class='ocrx_word' id='word_1_643' title='bbox 954 4114 1160 4177; x_wconf 83' lang='lat' dir='ltr'><strong>ceruice,</strong></span> <span class='ocrx_word' id='word_1_644' title='bbox 1196 4122 1242 4165; x_wconf 90' lang='lat' dir='ltr'><strong>et</strong></span> <span class='ocrx_word' id='word_1_645' title='bbox 1282 4114 1620 4167; x_wconf 86' lang='lat' dir='ltr'><strong>incircumcisi</strong></span> <span class='ocrx_word' id='word_1_646' title='bbox 1647 4118 1820 4181; x_wconf 88' lang='lat' dir='ltr'><strong>corde,</strong></span> 
     </span>
    </p>
   </div>
   <div class='ocr_carea' id='block_1_73' title="bbox 263 4205 1825 4275">
    <p class='ocr_par' dir='ltr' id='par_1_73' title="bbox 263 4205 1825 4275">
     <span class='ocr_line' id='line_1_73' title="bbox 263 4205 1825 4275; baseline 0.004 -20"><span class='ocrx_word' id='word_1_647' title='bbox 263 4209 304 4251; x_wconf 78' lang='grc' dir='ltr'><strong>ει</strong></span> <span class='ocrx_word' id='word_1_648' title='bbox 325 4206 551 4269; x_wconf 77' lang='lat' dir='ltr'><strong>auribus,</strong></span> <span class='ocrx_word' id='word_1_649' title='bbox 576 4222 665 4259; x_wconf 73' lang='lat' dir='ltr'><strong>vos</strong></span> <span class='ocrx_word' id='word_1_650' title='bbox 688 4222 882 4275; x_wconf 81' lang='lat' dir='ltr'><strong>semper</strong></span> <span class='ocrx_word' id='word_1_651' title='bbox 899 4205 1115 4274; x_wconf 84' lang='lat' dir='ltr'><strong>Spiritui</strong></span> <span class='ocrx_word' id='word_1_652' title='bbox 1145 4218 1321 4259; x_wconf 90' lang='lat' dir='ltr'><strong>sancto</strong></span> <span class='ocrx_word' id='word_1_653' title='bbox 1348 4207 1634 4260; x_wconf 80' lang='lat' dir='ltr'><strong>obnitimini</strong></span> <span class='ocrx_word' id='word_1_654' title='bbox 1657 4223 1676 4261; x_wconf 91' lang='lat'><strong><em>:</em></strong></span> <span class='ocrx_word' id='word_1_655' title='bbox 1696 4209 1825 4261; x_wconf 87' lang='lat' dir='ltr'><strong>sicut</strong></span> 
     </span>
    </p>
   </div>
   <div class='ocr_carea' id='block_1_74' title="bbox 263 4296 1826 4368">
    <p class='ocr_par' dir='ltr' id='par_1_74' title="bbox 263 4296 1826 4368">
     <span class='ocr_line' id='line_1_74' title="bbox 263 4296 1826 4368; baseline 0.006 -25"><span class='ocrx_word' id='word_1_656' title='bbox 263 4301 411 4356; x_wconf 83' lang='lat' dir='ltr'><strong>patres</strong></span> <span class='ocrx_word' id='word_1_657' title='bbox 434 4299 587 4349; x_wconf 68' lang='lat' dir='ltr'><strong>t&#39;estri</strong></span> <span class='ocrx_word' id='word_1_658' title='bbox 609 4306 658 4349; x_wconf 89' lang='lat' dir='ltr'><strong>et</strong></span> <span class='ocrx_word' id='word_1_659' title='bbox 684 4313 790 4350; x_wconf 86' lang='lat' dir='ltr'><strong>vos.</strong></span> <span class='ocrx_word' id='word_1_660' title='bbox 828 4296 985 4361; x_wconf 84' lang='lat' dir='ltr'><strong>Quem</strong></span> <span class='ocrx_word' id='word_1_661' title='bbox 1008 4297 1145 4350; x_wconf 87' lang='lat' dir='ltr'><strong>enim</strong></span> <span class='ocrx_word' id='word_1_662' title='bbox 1170 4313 1232 4350; x_wconf 80' lang='lat' dir='ltr'><strong>ea:</strong></span> <span class='ocrx_word' id='word_1_663' title='bbox 1252 4297 1509 4366; x_wconf 85' lang='lat' dir='ltr'><strong>praphetis</strong></span> <span class='ocrx_word' id='word_1_664' title='bbox 1537 4312 1635 4350; x_wconf 87' lang='lat' dir='ltr'><strong>non</strong></span> <span class='ocrx_word' id='word_1_665' title='bbox 1656 4315 1826 4368; x_wconf 82' lang='lat' dir='ltr'><strong>perse-</strong></span> 
     </span>
    </p>
   </div>
   <div class='ocr_carea' id='block_1_75' title="bbox 259 4384 1822 4456">
    <p class='ocr_par' dir='ltr' id='par_1_75' title="bbox 259 4384 1822 4456">
     <span class='ocr_line' id='line_1_75' title="bbox 259 4384 1822 4456; baseline 0.007 -25"><span class='ocrx_word' id='word_1_666' title='bbox 259 4384 346 4435; x_wconf 80' lang='lat' dir='ltr'><strong>cuti</strong></span> <span class='ocrx_word' id='word_1_667' title='bbox 370 4398 484 4438; x_wconf 84' lang='lat' dir='ltr'><strong>sunt</strong></span> <span class='ocrx_word' id='word_1_668' title='bbox 507 4397 683 4453; x_wconf 86' lang='lat' dir='ltr'><strong>patres</strong></span> <span class='ocrx_word' id='word_1_669' title='bbox 713 4388 880 4452; x_wconf 84' lang='lat' dir='ltr'><strong>vestri,</strong></span> <span class='ocrx_word' id='word_1_670' title='bbox 904 4397 949 4440; x_wconf 87' lang='lat' dir='ltr'><strong>et</strong></span> <span class='ocrx_word' id='word_1_671' title='bbox 977 4388 1313 4442; x_wconf 83' lang='lat' dir='ltr'><strong>occiderunt?</strong></span> <span class='ocrx_word' id='word_1_672' title='bbox 1344 4390 1726 4456; x_wconf 79' lang='lat' dir='ltr'><strong>pronuntiantes</strong></span> <span class='ocrx_word' id='word_1_673' title='bbox 1755 4391 1822 4442; x_wconf 87' lang='lat' dir='ltr'><strong>de</strong></span> 
     </span>
    </p>
   </div>
   <div class='ocr_carea' id='block_1_76' title="bbox 1926 3201 3497 3273">
    <p class='ocr_par' dir='ltr' id='par_1_76' title="bbox 1926 3201 3497 3273">
     <span class='ocr_line' id='line_1_76' title="bbox 1926 3201 3497 3273; baseline 0.001 -18"><span class='ocrx_word' id='word_1_674' title='bbox 1926 3204 2127 3257; x_wconf 87' lang='lat' dir='ltr'><strong>nomine</strong></span> <span class='ocrx_word' id='word_1_675' title='bbox 2159 3202 2359 3255; x_wconf 88' lang='lat' dir='ltr'><strong>Domini</strong></span> <span class='ocrx_word' id='word_1_676' title='bbox 2386 3203 2551 3256; x_wconf 72' lang='lat' dir='ltr'><strong>nostri</strong></span> <span class='ocrx_word' id='word_1_677' title='bbox 2578 3201 2701 3255; x_wconf 81' lang='lat' dir='ltr'><strong>Jesu</strong></span> <span class='ocrx_word' id='word_1_678' title='bbox 2733 3201 2952 3268; x_wconf 79' lang='lat' dir='ltr'><strong>Christi,</strong></span> <span class='ocrx_word' id='word_1_679' title='bbox 2996 3211 3042 3255; x_wconf 92' lang='lat' dir='ltr'><strong>et</strong></span> <span class='ocrx_word' id='word_1_680' title='bbox 3082 3204 3134 3255; x_wconf 84' lang='lat' dir='ltr'><strong>in</strong></span> <span class='ocrx_word' id='word_1_681' title='bbox 3166 3203 3365 3273; x_wconf 86' lang='lat' dir='ltr'><strong>Spiritu</strong></span> <span class='ocrx_word' id='word_1_682' title='bbox 3407 3203 3497 3258; x_wconf 89' lang='lat' dir='ltr'><strong>Dei</strong></span> 
     </span>
    </p>
   </div>
   <div class='ocr_carea' id='block_1_77' title="bbox 1927 3292 3499 3364">
    <p class='ocr_par' dir='ltr' id='par_1_77' title="bbox 1927 3292 3499 3364">
     <span class='ocr_line' id='line_1_77' title="bbox 1927 3292 3499 3364; baseline 0.001 -19"><span class='ocrx_word' id='word_1_683' title='bbox 1927 3296 2084 3347; x_wconf 86' lang='lat' dir='ltr'><strong>nostri</strong></span> <span class='ocrx_word' id='word_1_684' title='bbox 2114 3292 2167 3363; x_wconf 80' lang='grc' dir='ltr'><strong>(Ι</strong></span> <span class='ocrx_word' id='word_1_685' title='bbox 2194 3293 2313 3347; x_wconf 88' lang='lat' dir='ltr'><strong>Cor.</strong></span> <span class='ocrx_word' id='word_1_686' title='bbox 2345 3309 2418 3359; x_wconf 68' lang='grc' dir='ltr'><strong>τι,</strong></span> <span class='ocrx_word' id='word_1_687' title='bbox 2446 3293 2552 3363; x_wconf 83' lang='grc' dir='ltr'><strong>Η).</strong></span> <span class='ocrx_word' id='word_1_688' title='bbox 2590 3295 2653 3347; x_wconf 82' lang='lat' dir='ltr'><strong>Et</strong></span> <span class='ocrx_word' id='word_1_689' title='bbox 2680 3294 2747 3348; x_wconf 88' lang='lat' dir='ltr'><strong>de</strong></span> <span class='ocrx_word' id='word_1_690' title='bbox 2769 3294 2926 3348; x_wconf 85' lang='lat' dir='ltr'><strong>Patre</strong></span> <span class='ocrx_word' id='word_1_691' title='bbox 2954 3295 3191 3364; x_wconf 88' lang='lat' dir='ltr'><strong>quidem,</strong></span> <span class='ocrx_word' id='word_1_692' title='bbox 3219 3306 3272 3350; x_wconf 88' lang='lat' dir='ltr'><strong>et</strong></span> <span class='ocrx_word' id='word_1_693' title='bbox 3296 3297 3365 3351; x_wconf 87' lang='lat' dir='ltr'><strong>de</strong></span> <span class='ocrx_word' id='word_1_694' title='bbox 3383 3298 3499 3364; x_wconf 70' lang='lat' dir='ltr'><strong>Spi.</strong></span> 
     </span>
    </p>
   </div>
   <div class='ocr_carea' id='block_1_78' title="bbox 1930 3385 3500 3458">
    <p class='ocr_par' dir='ltr' id='par_1_78' title="bbox 1930 3385 3500 3458">
     <span class='ocr_line' id='line_1_78' title="bbox 1930 3385 3500 3458; baseline 0.003 -20"><span class='ocrx_word' id='word_1_695' title='bbox 1930 3386 2031 3439; x_wconf 91' lang='lat' dir='ltr'><strong>ritu</strong></span> <span class='ocrx_word' id='word_1_696' title='bbox 2056 3403 2069 3438; x_wconf 84' lang='lat'>;</span> <span class='ocrx_word' id='word_1_697' title='bbox 2106 3385 2325 3439; x_wconf 87' lang='lat' dir='ltr'><strong>Nescitis</strong></span> <span class='ocrx_word' id='word_1_698' title='bbox 2363 3387 2483 3455; x_wconf 86' lang='lat' dir='ltr'><strong>quia</strong></span> <span class='ocrx_word' id='word_1_699' title='bbox 2512 3387 2752 3456; x_wconf 82' lang='lat' dir='ltr'><strong>templum</strong></span> <span class='ocrx_word' id='word_1_700' title='bbox 2786 3385 2879 3439; x_wconf 88' lang='lat' dir='ltr'><strong>Dei</strong></span> <span class='ocrx_word' id='word_1_701' title='bbox 2906 3389 3042 3452; x_wconf 82' lang='lat' dir='ltr'><strong>estis,</strong></span> <span class='ocrx_word' id='word_1_702' title='bbox 3072 3398 3119 3441; x_wconf 92' lang='lat' dir='ltr'><strong>et</strong></span> <span class='ocrx_word' id='word_1_703' title='bbox 3150 3388 3374 3458; x_wconf 83' lang='lat' dir='ltr'><strong>Spiritus</strong></span> <span class='ocrx_word' id='word_1_704' title='bbox 3407 3388 3500 3443; x_wconf 83' lang='lat' dir='ltr'><strong>Dei</strong></span> 
     </span>
    </p>
   </div>
   <div class='ocr_carea' id='block_1_79' title="bbox 1926 3476 3501 3549">
    <p class='ocr_par' dir='ltr' id='par_1_79' title="bbox 1926 3476 3501 3549">
     <span class='ocr_line' id='line_1_79' title="bbox 1926 3476 3501 3549; baseline 0.005 -22"><span class='ocrx_word' id='word_1_705' title='bbox 1926 3477 2120 3529; x_wconf 88' lang='lat' dir='ltr'><strong>habitat</strong></span> <span class='ocrx_word' id='word_1_706' title='bbox 2144 3477 2195 3528; x_wconf 89' lang='lat' dir='ltr'><strong>in</strong></span> <span class='ocrx_word' id='word_1_707' title='bbox 2215 3476 2388 3529; x_wconf 66' lang='lat' dir='ltr'><strong>vobis?</strong></span> <span class='ocrx_word' id='word_1_708' title='bbox 2415 3476 2473 3531; x_wconf 87' lang='lat' dir='ltr'><strong>Si</strong></span> <span class='ocrx_word' id='word_1_709' title='bbox 2499 3478 2612 3547; x_wconf 87' lang='lat' dir='ltr'><strong>quis</strong></span> <span class='ocrx_word' id='word_1_710' title='bbox 2642 3479 2881 3546; x_wconf 89' lang='lat' dir='ltr'><strong>templum</strong></span> <span class='ocrx_word' id='word_1_711' title='bbox 2906 3478 2999 3531; x_wconf 86' lang='lat' dir='ltr'><strong>Dei</strong></span> <span class='ocrx_word' id='word_1_712' title='bbox 3023 3478 3281 3532; x_wconf 72' lang='lat' dir='ltr'><strong>violaverit</strong></span> <span class='ocrx_word' id='word_1_713' title='bbox 3307 3481 3501 3549; x_wconf 60' lang='grc' dir='ltr'><strong>αἰθρη-</strong></span> 
     </span>
    </p>
   </div>
   <div class='ocr_carea' id='block_1_80' title="bbox 1928 3568 3500 3640">
    <p class='ocr_par' dir='ltr' id='par_1_80' title="bbox 1928 3568 3500 3640">
     <span class='ocr_line' id='line_1_80' title="bbox 1928 3568 3500 3640; baseline 0.004 -20"><span class='ocrx_word' id='word_1_714' title='bbox 1928 3569 2009 3620; x_wconf 87' lang='lat' dir='ltr'><strong>det</strong></span> <span class='ocrx_word' id='word_1_715' title='bbox 2040 3568 2189 3621; x_wconf 89' lang='lat' dir='ltr'><strong>illum</strong></span> <span class='ocrx_word' id='word_1_716' title='bbox 2220 3568 2354 3621; x_wconf 86' lang='lat' dir='ltr'><strong>Deus</strong></span> <span class='ocrx_word' id='word_1_717' title='bbox 2382 3585 2401 3622; x_wconf 90' lang='lat'><strong><em>:</em></strong></span> <span class='ocrx_word' id='word_1_718' title='bbox 2428 3570 2549 3639; x_wconf 89' lang='lat' dir='ltr'><strong>quia</strong></span> <span class='ocrx_word' id='word_1_719' title='bbox 2577 3571 2823 3635; x_wconf 84' lang='lat' dir='ltr'><strong>templum</strong></span> <span class='ocrx_word' id='word_1_720' title='bbox 2856 3570 2947 3623; x_wconf 89' lang='lat' dir='ltr'><strong>Dei</strong></span> <span class='ocrx_word' id='word_1_721' title='bbox 2977 3582 3210 3624; x_wconf 86' lang='lat' dir='ltr'><strong>sanctum</strong></span> <span class='ocrx_word' id='word_1_722' title='bbox 3241 3581 3333 3637; x_wconf 89' lang='lat' dir='ltr'><strong>est,</strong></span> <span class='ocrx_word' id='word_1_723' title='bbox 3366 3574 3500 3640; x_wconf 89' lang='lat' dir='ltr'><strong>quod</strong></span> 
     </span>
    </p>
   </div>
   <div class='ocr_carea' id='block_1_81' title="bbox 1928 3660 3500 3729">
    <p class='ocr_par' dir='ltr' id='par_1_81' title="bbox 1928 3660 3500 3729">
     <span class='ocr_line' id='line_1_81' title="bbox 1928 3660 3500 3729; baseline 0.005 -18"><span class='ocrx_word' id='word_1_724' title='bbox 1928 3662 2045 3713; x_wconf 87' lang='lat' dir='ltr'><strong>estis</strong></span> <span class='ocrx_word' id='word_1_725' title='bbox 2073 3677 2155 3714; x_wconf 85' lang='lat' dir='ltr'><strong>vos</strong></span> <span class='ocrx_word' id='word_1_726' title='bbox 2204 3660 2251 3729; x_wconf 89' lang='lat' dir='ltr'><strong>(I</strong></span> <span class='ocrx_word' id='word_1_727' title='bbox 2284 3662 2402 3715; x_wconf 79' lang='lat' dir='ltr'><strong>Cor.</strong></span> <span class='ocrx_word' id='word_1_728' title='bbox 2437 3677 2529 3725; x_wconf 87' lang='grc' dir='ltr'><strong>ιιι,</strong></span> <span class='ocrx_word' id='word_1_729' title='bbox 2557 3661 2666 3729; x_wconf 81' lang='grc'><strong>16).</strong></span> <span class='ocrx_word' id='word_1_730' title='bbox 2714 3661 2819 3715; x_wconf 88' lang='lat' dir='ltr'><strong>Sed</strong></span> <span class='ocrx_word' id='word_1_731' title='bbox 2869 3671 2924 3715; x_wconf 90' lang='lat' dir='ltr'><strong>et</strong></span> <span class='ocrx_word' id='word_1_732' title='bbox 2962 3662 3127 3717; x_wconf 82' lang='lat' dir='ltr'><strong>David</strong></span> <span class='ocrx_word' id='word_1_733' title='bbox 3164 3663 3230 3718; x_wconf 87' lang='lat' dir='ltr'><strong>de</strong></span> <span class='ocrx_word' id='word_1_734' title='bbox 3269 3662 3424 3719; x_wconf 88' lang='lat' dir='ltr'><strong>Patre</strong></span> <span class='ocrx_word' id='word_1_735' title='bbox 3450 3676 3500 3719; x_wconf 92' lang='lat' dir='ltr'><strong>et</strong></span> 
     </span>
    </p>
   </div>
   <div class='ocr_carea' id='block_1_82' title="bbox 1928 3750 3503 3823">
    <p class='ocr_par' dir='ltr' id='par_1_82' title="bbox 1928 3750 3503 3823">
     <span class='ocr_line' id='line_1_82' title="bbox 1928 3750 3503 3823; baseline 0.001 -19"><span class='ocrx_word' id='word_1_736' title='bbox 1928 3750 2127 3819; x_wconf 88' lang='lat' dir='ltr'><strong>Spirittt</strong></span> <span class='ocrx_word' id='word_1_737' title='bbox 2154 3751 2295 3804; x_wconf 88' lang='lat' dir='ltr'><strong>dicat</strong></span> <span class='ocrx_word' id='word_1_738' title='bbox 2319 3770 2331 3803; x_wconf 86' lang='lat'><strong>:</strong></span> <span class='ocrx_word' id='word_1_739' title='bbox 2356 3752 2470 3817; x_wconf 88' lang='lat' dir='ltr'><strong>Quo</strong></span> <span class='ocrx_word' id='word_1_740' title='bbox 2496 3752 2574 3803; x_wconf 87' lang='lat' dir='ltr'><strong>ibo</strong></span> <span class='ocrx_word' id='word_1_741' title='bbox 2595 3769 2625 3803; x_wconf 89' lang='lat' dir='ltr'><strong>a</strong></span> <span class='ocrx_word' id='word_1_742' title='bbox 2649 3751 2849 3816; x_wconf 88' lang='lat' dir='ltr'><strong>Spiritu</strong></span> <span class='ocrx_word' id='word_1_743' title='bbox 2871 3753 2993 3805; x_wconf 85' lang='lat' dir='ltr'><strong>tuo?</strong></span> <span class='ocrx_word' id='word_1_744' title='bbox 3016 3765 3063 3805; x_wconf 90' lang='lat' dir='ltr'><strong>et</strong></span> <span class='ocrx_word' id='word_1_745' title='bbox 3088 3770 3119 3804; x_wconf 91' lang='lat' dir='ltr'><strong>a</strong></span> <span class='ocrx_word' id='word_1_746' title='bbox 3140 3754 3268 3823; x_wconf 78' lang='lat' dir='ltr'><strong>facie</strong></span> <span class='ocrx_word' id='word_1_747' title='bbox 3294 3763 3381 3805; x_wconf 86' lang='lat' dir='ltr'><strong>tua</strong></span> <span class='ocrx_word' id='word_1_748' title='bbox 3401 3771 3503 3823; x_wconf 90' lang='lat' dir='ltr'><strong>quo</strong></span> 
     </span>
    </p>
   </div>
   <div class='ocr_carea' id='block_1_83' title="bbox 1926 3842 3499 3915">
    <p class='ocr_par' dir='ltr' id='par_1_83' title="bbox 1926 3842 3499 3915">
     <span class='ocr_line' id='line_1_83' title="bbox 1926 3842 3499 3915; baseline 0.003 -22"><span class='ocrx_word' id='word_1_749' title='bbox 1926 3842 2165 3912; x_wconf 80' lang='lat' dir='ltr'><strong>fugiant?</strong></span> <span class='ocrx_word' id='word_1_750' title='bbox 2228 3842 2289 3895; x_wconf 84' lang='lat' dir='ltr'><strong>Si</strong></span> <span class='ocrx_word' id='word_1_751' title='bbox 2338 3843 2612 3894; x_wconf 80' lang='lat' dir='ltr'><strong>ascendere</strong></span> <span class='ocrx_word' id='word_1_752' title='bbox 2674 3844 2726 3894; x_wconf 88' lang='lat' dir='ltr'><strong>in</strong></span> <span class='ocrx_word' id='word_1_753' title='bbox 2772 3844 2981 3907; x_wconf 72' lang='lat' dir='ltr'><strong>(telum,</strong></span> <span class='ocrx_word' id='word_1_754' title='bbox 3033 3851 3087 3895; x_wconf 87' lang='lat' dir='ltr'><strong>tu</strong></span> <span class='ocrx_word' id='word_1_755' title='bbox 3137 3844 3199 3895; x_wconf 82' lang='lat' dir='ltr'><strong>ibi</strong></span> <span class='ocrx_word' id='word_1_756' title='bbox 3240 3859 3296 3897; x_wconf 89' lang='lat' dir='ltr'><strong>es</strong></span> <span class='ocrx_word' id='word_1_757' title='bbox 3329 3844 3499 3915; x_wconf 85' lang='lat' dir='ltr'><strong>(Psal.</strong></span> 
     </span>
    </p>
   </div>
   <div class='ocr_carea' id='block_1_84' title="bbox 1926 3932 3503 4000">
    <p class='ocr_par' dir='ltr' id='par_1_84' title="bbox 1926 3932 3503 4000">
     <span class='ocr_line' id='line_1_84' title="bbox 1926 3932 3503 4000; baseline 0.003 -16"><span class='ocrx_word' id='word_1_758' title='bbox 1926 3946 2178 3993; x_wconf 72' lang='lat' dir='ltr'><strong>cxxxvtn,</strong></span> <span class='ocrx_word' id='word_1_759' title='bbox 2205 3933 2281 3996; x_wconf 92' lang='lat'><strong>7);</strong></span> <span class='ocrx_word' id='word_1_760' title='bbox 2313 3940 2367 3983; x_wconf 86' lang='lat' dir='ltr'><strong>et</strong></span> <span class='ocrx_word' id='word_1_761' title='bbox 2396 3946 2500 3984; x_wconf 86' lang='lat' dir='ltr'><strong>non</strong></span> <span class='ocrx_word' id='word_1_762' title='bbox 2524 3932 2659 3984; x_wconf 76' lang='lat' dir='ltr'><strong>dixit</strong></span> <span class='ocrx_word' id='word_1_763' title='bbox 2686 3946 2794 3998; x_wconf 80' lang='lat' dir='ltr'><strong>vos,</strong></span> <span class='ocrx_word' id='word_1_764' title='bbox 2820 3932 2940 3985; x_wconf 87' lang='lat' dir='ltr'><strong>licet</strong></span> <span class='ocrx_word' id='word_1_765' title='bbox 2963 3932 3028 3985; x_wconf 89' lang='lat' dir='ltr'><strong>de</strong></span> <span class='ocrx_word' id='word_1_766' title='bbox 3050 3932 3248 4000; x_wconf 87' lang='lat' dir='ltr'><strong>Spiritu</strong></span> <span class='ocrx_word' id='word_1_767' title='bbox 3270 3942 3325 3987; x_wconf 90' lang='lat' dir='ltr'><strong>et</strong></span> <span class='ocrx_word' id='word_1_768' title='bbox 3347 3934 3503 3988; x_wconf 84' lang='lat' dir='ltr'><strong>Patre</strong></span> 
     </span>
    </p>
   </div>
   <div class='ocr_carea' id='block_1_85' title="bbox 1926 4022 3496 4091">
    <p class='ocr_par' dir='ltr' id='par_1_85' title="bbox 1926 4022 3496 4091">
     <span class='ocr_line' id='line_1_85' title="bbox 1926 4022 3496 4091; baseline 0.002 -16"><span class='ocrx_word' id='word_1_769' title='bbox 1926 4022 2161 4075; x_wconf 83' lang='lat' dir='ltr'><strong>dixerit:</strong></span> <span class='ocrx_word' id='word_1_770' title='bbox 2199 4022 2297 4075; x_wconf 88' lang='lat' dir='ltr'><strong>Ubi</strong></span> <span class='ocrx_word' id='word_1_771' title='bbox 2328 4032 2409 4075; x_wconf 90' lang='lat' dir='ltr'><strong>est</strong></span> <span class='ocrx_word' id='word_1_772' title='bbox 2436 4022 2577 4074; x_wconf 90' lang='lat' dir='ltr'><strong>enim</strong></span> <span class='ocrx_word' id='word_1_773' title='bbox 2608 4022 2768 4083; x_wconf 88' lang='lat' dir='ltr'><strong>Deus,</strong></span> <span class='ocrx_word' id='word_1_774' title='bbox 2802 4023 2871 4074; x_wconf 88' lang='lat' dir='ltr'><strong>ibi</strong></span> <span class='ocrx_word' id='word_1_775' title='bbox 2904 4032 2986 4075; x_wconf 91' lang='lat' dir='ltr'><strong>est</strong></span> <span class='ocrx_word' id='word_1_776' title='bbox 3014 4032 3068 4077; x_wconf 90' lang='lat' dir='ltr'><strong>et</strong></span> <span class='ocrx_word' id='word_1_777' title='bbox 3094 4023 3277 4088; x_wconf 79' lang='lat' dir='ltr'><strong>Filius,</strong></span> <span class='ocrx_word' id='word_1_778' title='bbox 3305 4033 3356 4077; x_wconf 89' lang='lat' dir='ltr'><strong>et</strong></span> <span class='ocrx_word' id='word_1_779' title='bbox 3378 4025 3496 4091; x_wconf 89' lang='lat' dir='ltr'><strong>Spi—</strong></span> 
     </span>
    </p>
   </div>
   <div class='ocr_carea' id='block_1_86' title="bbox 1926 4112 3495 4181">
    <p class='ocr_par' dir='ltr' id='par_1_86' title="bbox 1926 4112 3495 4181">
     <span class='ocr_line' id='line_1_86' title="bbox 1926 4112 3495 4181; baseline 0.001 -16"><span class='ocrx_word' id='word_1_780' title='bbox 1926 4115 2061 4166; x_wconf 73' lang='lat' dir='ltr'><strong>ritus</strong></span> <span class='ocrx_word' id='word_1_781' title='bbox 2087 4127 2206 4165; x_wconf 88' lang='lat' dir='ltr'><strong>esse</strong></span> <span class='ocrx_word' id='word_1_782' title='bbox 2229 4112 2553 4174; x_wconf 82' lang='lat' dir='ltr'><strong>ostenditur,</strong></span> <span class='ocrx_word' id='word_1_783' title='bbox 2578 4122 2632 4165; x_wconf 91' lang='lat' dir='ltr'><strong>et</strong></span> <span class='ocrx_word' id='word_1_784' title='bbox 2662 4112 2714 4165; x_wconf 92' lang='lat' dir='ltr'><strong>in</strong></span> <span class='ocrx_word' id='word_1_785' title='bbox 2740 4112 2873 4165; x_wconf 82' lang='lat' dir='ltr'><strong>Filio</strong></span> <span class='ocrx_word' id='word_1_786' title='bbox 2901 4114 3129 4181; x_wconf 88' lang='lat' dir='ltr'><strong>atquein</strong></span> <span class='ocrx_word' id='word_1_787' title='bbox 3152 4113 3351 4181; x_wconf 91' lang='lat' dir='ltr'><strong>Spiritu</strong></span> <span class='ocrx_word' id='word_1_788' title='bbox 3373 4128 3495 4167; x_wconf 84' lang='lat' dir='ltr'><strong>san-</strong></span> 
     </span>
    </p>
   </div>
   <div class='ocr_carea' id='block_1_87' title="bbox 1927 4204 3499 4259">
    <p class='ocr_par' dir='ltr' id='par_1_87' title="bbox 1927 4204 3499 4259">
     <span class='ocr_line' id='line_1_87' title="bbox 1927 4204 3499 4259; baseline -0.001 -1"><span class='ocrx_word' id='word_1_789' title='bbox 1927 4216 2014 4258; x_wconf 91' lang='lat' dir='ltr'><strong>cto</strong></span> <span class='ocrx_word' id='word_1_790' title='bbox 2041 4205 2181 4259; x_wconf 86' lang='lat' dir='ltr'><strong>Deus</strong></span> <span class='ocrx_word' id='word_1_791' title='bbox 2213 4204 2482 4258; x_wconf 82' lang='lat' dir='ltr'><strong>adorator.</strong></span> <span class='ocrx_word' id='word_1_792' title='bbox 2519 4204 2646 4257; x_wconf 83' lang='lat' dir='ltr'><strong>Nam</strong></span> <span class='ocrx_word' id='word_1_793' title='bbox 2675 4218 2794 4258; x_wconf 90' lang='lat' dir='ltr'><strong>cum</strong></span> <span class='ocrx_word' id='word_1_794' title='bbox 2824 4204 3152 4259; x_wconf 87' lang='lat' dir='ltr'><strong>Samaritana</strong></span> <span class='ocrx_word' id='word_1_795' title='bbox 3184 4205 3373 4259; x_wconf 89' lang='lat' dir='ltr'><strong>mulier</strong></span> <span class='ocrx_word' id='word_1_796' title='bbox 3404 4207 3499 4258; x_wconf 85' lang='lat' dir='ltr'><strong>ad-</strong></span> 
     </span>
    </p>
   </div>
   <div class='ocr_carea' id='block_1_88' title="bbox 1928 4294 3501 4365">
    <p class='ocr_par' dir='ltr' id='par_1_88' title="bbox 1928 4294 3501 4365">
     <span class='ocr_line' id='line_1_88' title="bbox 1928 4294 3501 4365; baseline 0.001 -17"><span class='ocrx_word' id='word_1_797' title='bbox 1928 4295 2029 4351; x_wconf 90' lang='lat' dir='ltr'><strong>huc</strong></span> <span class='ocrx_word' id='word_1_798' title='bbox 2050 4296 2336 4350; x_wconf 88' lang='lat' dir='ltr'><strong>carnaliter</strong></span> <span class='ocrx_word' id='word_1_799' title='bbox 2356 4296 2615 4365; x_wconf 82' lang='lat' dir='ltr'><strong>cogitaret</strong></span> <span class='ocrx_word' id='word_1_800' title='bbox 2633 4294 2701 4348; x_wconf 89' lang='lat' dir='ltr'><strong>de</strong></span> <span class='ocrx_word' id='word_1_801' title='bbox 2725 4296 2851 4358; x_wconf 87' lang='lat' dir='ltr'><strong>Deo,</strong></span> <span class='ocrx_word' id='word_1_802' title='bbox 2871 4303 2925 4348; x_wconf 90' lang='lat' dir='ltr'><strong>et</strong></span> <span class='ocrx_word' id='word_1_803' title='bbox 2943 4294 3290 4349; x_wconf 82' lang='lat' dir='ltr'><strong>arbitraretur</strong></span> <span class='ocrx_word' id='word_1_804' title='bbox 3310 4296 3362 4349; x_wconf 89' lang='lat' dir='ltr'><strong>in</strong></span> <span class='ocrx_word' id='word_1_805' title='bbox 3384 4296 3501 4350; x_wconf 84' lang='lat' dir='ltr'><strong>loco</strong></span> 
     </span>
    </p>
   </div>
   <div class='ocr_carea' id='block_1_89' title="bbox 1926 4383 3501 4457">
    <p class='ocr_par' dir='ltr' id='par_1_89' title="bbox 1926 4383 3501 4457">
     <span class='ocr_line' id='line_1_89' title="bbox 1926 4383 3501 4457; baseline 0.001 -17"><span class='ocrx_word' id='word_1_806' title='bbox 1926 4388 2093 4441; x_wconf 91' lang='lat' dir='ltr'><strong>Deum</strong></span> <span class='ocrx_word' id='word_1_807' title='bbox 2124 4386 2356 4448; x_wconf 89' lang='lat' dir='ltr'><strong>adorari,</strong></span> <span class='ocrx_word' id='word_1_808' title='bbox 2388 4401 2449 4439; x_wconf 90' lang='lat' dir='ltr'><strong>ac</strong></span> <span class='ocrx_word' id='word_1_809' title='bbox 2473 4386 2677 4439; x_wconf 86' lang='lat' dir='ltr'><strong>diceret</strong></span> <span class='ocrx_word' id='word_1_810' title='bbox 2706 4402 2720 4439; x_wconf 88' lang='lat'><strong>:</strong></span> <span class='ocrx_word' id='word_1_811' title='bbox 2744 4383 2982 4447; x_wconf 85' lang='lat' dir='ltr'><strong>Domine,</strong></span> <span class='ocrx_word' id='word_1_812' title='bbox 3005 4384 3351 4440; x_wconf 83' lang='lat' dir='ltr'><strong>animadverto</strong></span> <span class='ocrx_word' id='word_1_813' title='bbox 3381 4388 3501 4457; x_wconf 90' lang='lat' dir='ltr'><strong>quia</strong></span> 
     </span>
    </p>
   </div>
   <div class='ocr_carea' id='block_1_90' title="bbox 262 4460 3497 4550">
    <p class='ocr_par' dir='ltr' id='par_1_90' title="bbox 262 4460 3497 4550">
     <span class='ocr_line' id='line_1_90' title="bbox 262 4460 3497 4550; baseline 0.001 -25"><span class='ocrx_word' id='word_1_814' title='bbox 262 4475 457 4528; x_wconf 71' lang='lat' dir='ltr'><strong>adventu</strong></span> <span class='ocrx_word' id='word_1_815' title='bbox 475 4479 637 4548; x_wconf 85' lang='lat' dir='ltr'><strong>justi,</strong></span> <span class='ocrx_word' id='word_1_816' title='bbox 667 4482 817 4550; x_wconf 86' lang='lat' dir='ltr'><strong>cujus</strong></span> <span class='ocrx_word' id='word_1_817' title='bbox 842 4495 927 4531; x_wconf 85' lang='lat' dir='ltr'><strong>uos</strong></span> <span class='ocrx_word' id='word_1_818' title='bbox 955 4479 1237 4548; x_wconf 86' lang='lat' dir='ltr'><strong>proditores</strong></span> <span class='ocrx_word' id='word_1_819' title='bbox 1259 4488 1309 4532; x_wconf 89' lang='lat' dir='ltr'><strong>et</strong></span> <span class='ocrx_word' id='word_1_820' title='bbox 1338 4479 1682 4548; x_wconf 78' lang='lat' dir='ltr'><strong>interfectores</strong></span> <span class='ocrx_word' id='word_1_821' title='bbox 1703 4481 1826 4548; x_wconf 78' lang='lat' dir='ltr'><strong>facti</strong></span> <span class='ocrx_word' id='word_1_822' title='bbox 1855 4460 1905 4519; x_wconf 72' lang='grc' dir='ltr'><strong>Β</strong></span> <span class='ocrx_word' id='word_1_823' title='bbox 1930 4495 2010 4547; x_wconf 78' lang='grc' dir='ltr'><strong>ρι’(</strong></span> <span class='ocrx_word' id='word_1_824' title='bbox 2027 4478 2177 4549; x_wconf 89' lang='lat' dir='ltr'><strong>pheta</strong></span> <span class='ocrx_word' id='word_1_825' title='bbox 2198 4492 2249 4530; x_wconf 87' lang='lat' dir='ltr'><strong>es</strong></span> <span class='ocrx_word' id='word_1_826' title='bbox 2271 4487 2345 4531; x_wconf 88' lang='lat' dir='ltr'><strong>tu.</strong></span> <span class='ocrx_word' id='word_1_827' title='bbox 2376 4476 2551 4529; x_wconf 85' lang='lat' dir='ltr'><strong>Patres</strong></span> <span class='ocrx_word' id='word_1_828' title='bbox 2572 4477 2733 4529; x_wconf 85' lang='lat' dir='ltr'><strong>nostri</strong></span> <span class='ocrx_word' id='word_1_829' title='bbox 2756 4477 2807 4528; x_wconf 89' lang='lat' dir='ltr'><strong>in</strong></span> <span class='ocrx_word' id='word_1_830' title='bbox 2829 4484 2999 4528; x_wconf 88' lang='lat' dir='ltr'><strong>monte</strong></span> <span class='ocrx_word' id='word_1_831' title='bbox 3024 4476 3118 4527; x_wconf 87' lang='lat' dir='ltr'><strong>isto</strong></span> <span class='ocrx_word' id='word_1_832' title='bbox 3143 4478 3497 4541; x_wconf 69' lang='lat' dir='ltr'><strong>adorat&#39;erunt,</strong></span> 
     </span>
    </p>
   </div>
   <div class='ocr_carea' id='block_1_91' title="bbox 260 4565 1818 4638">
    <p class='ocr_par' dir='ltr' id='par_1_91' title="bbox 260 4565 1818 4638">
     <span class='ocr_line' id='line_1_91' title="bbox 260 4565 1818 4638; baseline 0.005 -23"><span class='ocrx_word' id='word_1_833' title='bbox 260 4565 376 4617; x_wconf 78' lang='lat' dir='ltr'><strong>estis.</strong></span> <span class='ocrx_word' id='word_1_834' title='bbox 399 4566 495 4632; x_wconf 86' lang='lat' dir='ltr'><strong>Qui</strong></span> <span class='ocrx_word' id='word_1_835' title='bbox 518 4568 784 4637; x_wconf 84' lang='lat' dir='ltr'><strong>accepistis</strong></span> <span class='ocrx_word' id='word_1_836' title='bbox 807 4569 963 4638; x_wconf 83' lang='lat' dir='ltr'><strong>legent</strong></span> <span class='ocrx_word' id='word_1_837' title='bbox 985 4569 1052 4622; x_wconf 90' lang='lat' dir='ltr'><strong>ad</strong></span> <span class='ocrx_word' id='word_1_838' title='bbox 1077 4570 1371 4638; x_wconf 88' lang='lat' dir='ltr'><strong>angelorum</strong></span> <span class='ocrx_word' id='word_1_839' title='bbox 1390 4571 1818 4634; x_wconf 87' lang='lat' dir='ltr'><strong>constitutionem,</strong></span> 
     </span>
    </p>
   </div>
   <div class='ocr_carea' id='block_1_92' title="bbox 260 4657 1823 4731">
    <p class='ocr_par' dir='ltr' id='par_1_92' title="bbox 260 4657 1823 4731">
     <span class='ocr_line' id='line_1_92' title="bbox 260 4657 1823 4731; baseline 0.008 -28"><span class='ocrx_word' id='word_1_840' title='bbox 260 4660 408 4707; x_wconf 84' lang='lat' dir='ltr'><strong>etnon</strong></span> <span class='ocrx_word' id='word_1_841' title='bbox 430 4662 669 4711; x_wconf 75' lang='lat' dir='ltr'><strong>amastis</strong></span> <span class='ocrx_word' id='word_1_842' title='bbox 696 4658 832 4725; x_wconf 77' lang='lat' dir='ltr'><strong>(Act.</strong></span> <span class='ocrx_word' id='word_1_843' title='bbox 866 4674 958 4724; x_wconf 87' lang='lat' dir='ltr'><strong>vn,</strong></span> <span class='ocrx_word' id='word_1_844' title='bbox 984 4657 1214 4729; x_wconf 74' lang='lat'><strong>51-55).</strong></span> <span class='ocrx_word' id='word_1_845' title='bbox 1243 4660 1371 4725; x_wconf 86' lang='lat' dir='ltr'><strong>Quis</strong></span> <span class='ocrx_word' id='word_1_846' title='bbox 1402 4662 1557 4731; x_wconf 77' lang='lat' dir='ltr'><strong>igitur</strong></span> <span class='ocrx_word' id='word_1_847' title='bbox 1587 4676 1690 4714; x_wconf 91' lang='lat' dir='ltr'><strong>non</strong></span> <span class='ocrx_word' id='word_1_848' title='bbox 1720 4663 1823 4715; x_wconf 82' lang='lat' dir='ltr'><strong>mi-</strong></span> 
     </span>
    </p>
   </div>
   <div class='ocr_carea' id='block_1_93' title="bbox 259 4745 1822 4819">
    <p class='ocr_par' dir='ltr' id='par_1_93' title="bbox 259 4745 1822 4819">
     <span class='ocr_line' id='line_1_93' title="bbox 259 4745 1822 4819; baseline 0.006 -22"><span class='ocrx_word' id='word_1_849' title='bbox 259 4745 442 4801; x_wconf 82' lang='lat' dir='ltr'><strong>rabitur</strong></span> <span class='ocrx_word' id='word_1_850' title='bbox 465 4749 700 4819; x_wconf 89' lang='lat' dir='ltr'><strong>Spiritus</strong></span> <span class='ocrx_word' id='word_1_851' title='bbox 730 4750 900 4804; x_wconf 86' lang='lat' dir='ltr'><strong>sancti</strong></span> <span class='ocrx_word' id='word_1_852' title='bbox 934 4750 1289 4817; x_wconf 85' lang='lat' dir='ltr'><strong>divinitatem,</strong></span> <span class='ocrx_word' id='word_1_853' title='bbox 1317 4766 1438 4805; x_wconf 92' lang='lat' dir='ltr'><strong>cum</strong></span> <span class='ocrx_word' id='word_1_854' title='bbox 1471 4753 1596 4805; x_wconf 91' lang='lat' dir='ltr'><strong>talia</strong></span> <span class='ocrx_word' id='word_1_855' title='bbox 1622 4754 1728 4805; x_wconf 85' lang='lat' dir='ltr'><strong>sint</strong></span> <span class='ocrx_word' id='word_1_856' title='bbox 1756 4753 1822 4807; x_wconf 88' lang='lat' dir='ltr'><strong>de</strong></span> 
     </span>
    </p>
   </div>
   <div class='ocr_carea' id='block_1_94' title="bbox 258 4838 1822 4910">
    <p class='ocr_par' dir='ltr' id='par_1_94' title="bbox 258 4838 1822 4910">
     <span class='ocr_line' id='line_1_94' title="bbox 258 4838 1822 4910; baseline 0.007 -25"><span class='ocrx_word' id='word_1_857' title='bbox 258 4848 316 4886; x_wconf 87' lang='lat' dir='ltr'><strong>eo</strong></span> <span class='ocrx_word' id='word_1_858' title='bbox 343 4838 516 4891; x_wconf 84' lang='lat' dir='ltr'><strong>dicta?</strong></span> <span class='ocrx_word' id='word_1_859' title='bbox 548 4838 681 4903; x_wconf 86' lang='lat' dir='ltr'><strong>Quis</strong></span> <span class='ocrx_word' id='word_1_860' title='bbox 718 4855 824 4892; x_wconf 70' lang='lat' dir='ltr'><strong>non</strong></span> <span class='ocrx_word' id='word_1_861' title='bbox 855 4841 1192 4896; x_wconf 81' lang='lat' dir='ltr'><strong>venerabitur</strong></span> <span class='ocrx_word' id='word_1_862' title='bbox 1218 4840 1536 4895; x_wconf 88' lang='lat' dir='ltr'><strong>Paraclitum</strong></span> <span class='ocrx_word' id='word_1_863' title='bbox 1569 4842 1822 4910; x_wconf 89' lang='lat' dir='ltr'><strong>Spiritum</strong></span> 
     </span>
    </p>
   </div>
   <div class='ocr_carea' id='block_1_95' title="bbox 261 4927 1823 4999">
    <p class='ocr_par' dir='ltr' id='par_1_95' title="bbox 261 4927 1823 4999">
     <span class='ocr_line' id='line_1_95' title="bbox 261 4927 1823 4999; baseline 0.008 -24"><span class='ocrx_word' id='word_1_864' title='bbox 261 4927 505 4993; x_wconf 84' lang='lat' dir='ltr'><strong>veritatis,</strong></span> <span class='ocrx_word' id='word_1_865' title='bbox 536 4944 658 4983; x_wconf 85' lang='lat' dir='ltr'><strong>cum</strong></span> <span class='ocrx_word' id='word_1_866' title='bbox 688 4930 885 4984; x_wconf 80' lang='lat' dir='ltr'><strong>viderit</strong></span> <span class='ocrx_word' id='word_1_867' title='bbox 907 4945 1028 4984; x_wconf 91' lang='lat' dir='ltr'><strong>eum</strong></span> <span class='ocrx_word' id='word_1_868' title='bbox 1057 4946 1279 4999; x_wconf 80' lang='lat' dir='ltr'><strong>arguere</strong></span> <span class='ocrx_word' id='word_1_869' title='bbox 1307 4932 1446 4987; x_wconf 86' lang='lat' dir='ltr'><strong>hunc</strong></span> <span class='ocrx_word' id='word_1_870' title='bbox 1477 4935 1729 4987; x_wconf 89' lang='lat' dir='ltr'><strong>mundum</strong></span> <span class='ocrx_word' id='word_1_871' title='bbox 1755 4935 1823 4988; x_wconf 90' lang='lat' dir='ltr'><strong>de</strong></span> 
     </span>
    </p>
   </div>
   <div class='ocr_carea' id='block_1_96' title="bbox 256 5020 1824 5089">
    <p class='ocr_par' dir='ltr' id='par_1_96' title="bbox 256 5020 1824 5089">
     <span class='ocr_line' id='line_1_96' title="bbox 256 5020 1824 5089; baseline 0.006 -21"><span class='ocrx_word' id='word_1_872' title='bbox 256 5026 494 5084; x_wconf 78' lang='lat' dir='ltr'><strong>peccato,</strong></span> <span class='ocrx_word' id='word_1_873' title='bbox 543 5030 596 5073; x_wconf 90' lang='lat' dir='ltr'><strong>et</strong></span> <span class='ocrx_word' id='word_1_874' title='bbox 634 5020 701 5073; x_wconf 88' lang='lat' dir='ltr'><strong>de</strong></span> <span class='ocrx_word' id='word_1_875' title='bbox 727 5021 963 5085; x_wconf 71' lang='lat' dir='ltr'><strong>iustitia,</strong></span> <span class='ocrx_word' id='word_1_876' title='bbox 1003 5030 1057 5074; x_wconf 87' lang='lat' dir='ltr'><strong>et</strong></span> <span class='ocrx_word' id='word_1_877' title='bbox 1084 5021 1151 5075; x_wconf 91' lang='lat' dir='ltr'><strong>de</strong></span> <span class='ocrx_word' id='word_1_878' title='bbox 1175 5022 1419 5089; x_wconf 85' lang='lat' dir='ltr'><strong>judicio?</strong></span> <span class='ocrx_word' id='word_1_879' title='bbox 1456 5024 1589 5078; x_wconf 91' lang='lat' dir='ltr'><strong>Cum</strong></span> <span class='ocrx_word' id='word_1_880' title='bbox 1633 5023 1824 5079; x_wconf 87' lang='lat' dir='ltr'><strong>viderit</strong></span> 
     </span>
    </p>
   </div>
   <div class='ocr_carea' id='block_1_97' title="bbox 256 5113 1823 5181">
    <p class='ocr_par' dir='ltr' id='par_1_97' title="bbox 256 5113 1823 5181">
     <span class='ocr_line' id='line_1_97' title="bbox 256 5113 1823 5181; baseline 0.008 -23"><span class='ocrx_word' id='word_1_881' title='bbox 256 5122 365 5161; x_wconf 89' lang='lat' dir='ltr'><strong>eum</strong></span> <span class='ocrx_word' id='word_1_882' title='bbox 392 5113 742 5166; x_wconf 88' lang='lat' dir='ltr'><strong>suscitantem</strong></span> <span class='ocrx_word' id='word_1_883' title='bbox 774 5126 1035 5177; x_wconf 87' lang='lat' dir='ltr'><strong>mortuos,</strong></span> <span class='ocrx_word' id='word_1_884' title='bbox 1056 5123 1109 5167; x_wconf 89' lang='lat' dir='ltr'><strong>et</strong></span> <span class='ocrx_word' id='word_1_885' title='bbox 1136 5114 1515 5181; x_wconf 78' lang='lat' dir='ltr'><strong>viviﬁcantem,</strong></span> <span class='ocrx_word' id='word_1_886' title='bbox 1546 5127 1599 5169; x_wconf 91' lang='lat' dir='ltr'><strong>ct</strong></span> <span class='ocrx_word' id='word_1_887' title='bbox 1627 5116 1823 5170; x_wconf 80' lang='lat' dir='ltr'><strong>iacien-</strong></span> 
     </span>
    </p>
   </div>
   <div class='ocr_carea' id='block_1_98' title="bbox 253 5196 1821 5275">
    <p class='ocr_par' dir='ltr' id='par_1_98' title="bbox 253 5196 1821 5275">
     <span class='ocr_line' id='line_1_98' title="bbox 253 5196 1821 5275; baseline 0.005 -23"><span class='ocrx_word' id='word_1_888' title='bbox 253 5208 348 5253; x_wconf 85' lang='lat' dir='ltr'><strong>tem</strong></span> <span class='ocrx_word' id='word_1_889' title='bbox 382 5205 527 5270; x_wconf 74' lang='grc' dir='ltr'><strong>σιειοὰ</strong></span> <span class='ocrx_word' id='word_1_890' title='bbox 570 5203 727 5257; x_wconf 88' lang='lat' dir='ltr'><strong>Pater</strong></span> <span class='ocrx_word' id='word_1_891' title='bbox 766 5215 821 5259; x_wconf 92' lang='lat' dir='ltr'><strong>et</strong></span> <span class='ocrx_word' id='word_1_892' title='bbox 856 5204 1021 5258; x_wconf 79' lang='lat' dir='ltr'><strong>Filius</strong></span> <span class='ocrx_word' id='word_1_893' title='bbox 1055 5204 1216 5258; x_wconf 82' lang='lat' dir='ltr'><strong>facit?</strong></span> <span class='ocrx_word' id='word_1_894' title='bbox 1270 5206 1400 5259; x_wconf 80' lang='lat' dir='ltr'><strong>Nam</strong></span> <span class='ocrx_word' id='word_1_895' title='bbox 1450 5207 1504 5259; x_wconf 88' lang='lat' dir='ltr'><strong>in</strong></span> <span class='ocrx_word' id='word_1_896' title='bbox 1537 5196 1821 5275; x_wconf 81' lang='lat' dir='ltr'><strong>Evangelia</strong></span> 
     </span>
    </p>
   </div>
   <div class='ocr_carea' id='block_1_99' title="bbox 253 5292 1825 5358">
    <p class='ocr_par' dir='ltr' id='par_1_99' title="bbox 253 5292 1825 5358">
     <span class='ocr_line' id='line_1_99' title="bbox 253 5292 1825 5358; baseline 0.005 -15"><span class='ocrx_word' id='word_1_897' title='bbox 253 5292 499 5358; x_wconf 84' lang='lat' dir='ltr'><strong>scriptum</strong></span> <span class='ocrx_word' id='word_1_898' title='bbox 530 5306 648 5347; x_wconf 83' lang='lat' dir='ltr'><strong>est:</strong></span> <span class='ocrx_word' id='word_1_899' title='bbox 678 5296 826 5350; x_wconf 80' lang='lat' dir='ltr'><strong>Sicut</strong></span> <span class='ocrx_word' id='word_1_900' title='bbox 854 5297 985 5349; x_wconf 81' lang='lat' dir='ltr'><strong>enim</strong></span> <span class='ocrx_word' id='word_1_901' title='bbox 1008 5295 1163 5349; x_wconf 87' lang='lat' dir='ltr'><strong>Pater</strong></span> <span class='ocrx_word' id='word_1_902' title='bbox 1191 5297 1400 5348; x_wconf 86' lang='lat' dir='ltr'><strong>suscitat</strong></span> <span class='ocrx_word' id='word_1_903' title='bbox 1429 5306 1649 5350; x_wconf 88' lang='lat' dir='ltr'><strong>mortuos</strong></span> <span class='ocrx_word' id='word_1_904' title='bbox 1672 5309 1717 5351; x_wconf 89' lang='lat' dir='ltr'><strong>et</strong></span> <span class='ocrx_word' id='word_1_905' title='bbox 1747 5300 1825 5351; x_wconf 77' lang='lat' dir='ltr'><strong>vi-</strong></span> 
     </span>
    </p>
   </div>
   <div class='ocr_carea' id='block_1_100' title="bbox 250 5385 1817 5456">
    <p class='ocr_par' dir='ltr' id='par_1_100' title="bbox 250 5385 1817 5456">
     <span class='ocr_line' id='line_1_100' title="bbox 250 5385 1817 5456; baseline 0.004 -22"><span class='ocrx_word' id='word_1_906' title='bbox 250 5385 442 5449; x_wconf 78' lang='lat' dir='ltr'><strong>riﬁcat,</strong></span> <span class='ocrx_word' id='word_1_907' title='bbox 478 5387 560 5438; x_wconf 87' lang='lat' dir='ltr'><strong>sic</strong></span> <span class='ocrx_word' id='word_1_908' title='bbox 599 5396 642 5439; x_wconf 88' lang='lat' dir='ltr'><strong>et</strong></span> <span class='ocrx_word' id='word_1_909' title='bbox 678 5386 848 5441; x_wconf 83' lang='lat' dir='ltr'><strong>Filius</strong></span> <span class='ocrx_word' id='word_1_910' title='bbox 880 5403 1005 5455; x_wconf 88' lang='lat' dir='ltr'><strong>quos</strong></span> <span class='ocrx_word' id='word_1_911' title='bbox 1038 5390 1145 5440; x_wconf 76' lang='lat' dir='ltr'><strong>uult</strong></span> <span class='ocrx_word' id='word_1_912' title='bbox 1177 5388 1395 5453; x_wconf 77' lang='lat' dir='ltr'><strong>vivi/ica:</strong></span> <span class='ocrx_word' id='word_1_913' title='bbox 1426 5386 1602 5456; x_wconf 86' lang='lat' dir='ltr'><strong>(Joan.</strong></span> <span class='ocrx_word' id='word_1_914' title='bbox 1630 5404 1677 5451; x_wconf 88' lang='lat' dir='ltr'><strong>v,</strong></span> <span class='ocrx_word' id='word_1_915' title='bbox 1704 5388 1817 5456; x_wconf 73' lang='grc'><strong>21).</strong></span> 
     </span>
    </p>
   </div>
   <div class='ocr_carea' id='block_1_101' title="bbox 251 5472 1822 5545">
    <p class='ocr_par' dir='ltr' id='par_1_101' title="bbox 251 5472 1822 5545">
     <span class='ocr_line' id='line_1_101' title="bbox 251 5472 1822 5545; baseline 0.006 -23"><span class='ocrx_word' id='word_1_916' title='bbox 251 5472 307 5524; x_wconf 73' lang='lat' dir='ltr'><strong>Et</strong></span> <span class='ocrx_word' id='word_1_917' title='bbox 338 5477 619 5541; x_wconf 83' lang='lat' dir='ltr'><strong>apostolus</strong></span> <span class='ocrx_word' id='word_1_918' title='bbox 657 5477 852 5530; x_wconf 88' lang='lat' dir='ltr'><strong>Paulus</strong></span> <span class='ocrx_word' id='word_1_919' title='bbox 888 5478 952 5529; x_wconf 91' lang='lat' dir='ltr'><strong>ad</strong></span> <span class='ocrx_word' id='word_1_920' title='bbox 990 5476 1258 5530; x_wconf 80' lang='lat' dir='ltr'><strong>Romanos</strong></span> <span class='ocrx_word' id='word_1_921' title='bbox 1298 5478 1427 5531; x_wconf 82' lang='lat' dir='ltr'><strong>dicit</strong></span> <span class='ocrx_word' id='word_1_922' title='bbox 1459 5495 1473 5531; x_wconf 90' lang='lat'><strong>:</strong></span> <span class='ocrx_word' id='word_1_923' title='bbox 1505 5477 1566 5530; x_wconf 89' lang='lat' dir='ltr'><strong>Si</strong></span> <span class='ocrx_word' id='word_1_924' title='bbox 1594 5478 1822 5545; x_wconf 85' lang='lat' dir='ltr'><strong>Spiritus</strong></span> 
     </span>
    </p>
   </div>
   <div class='ocr_carea' id='block_1_102' title="bbox 248 5567 1821 5634">
    <p class='ocr_par' dir='ltr' id='par_1_102' title="bbox 248 5567 1821 5634">
     <span class='ocr_line' id='line_1_102' title="bbox 248 5567 1821 5634; baseline 0.004 -19"><span class='ocrx_word' id='word_1_925' title='bbox 248 5567 343 5632; x_wconf 74' lang='lat' dir='ltr'><strong>ejus</strong></span> <span class='ocrx_word' id='word_1_926' title='bbox 379 5569 474 5634; x_wconf 79' lang='lat' dir='ltr'><strong>qui</strong></span> <span class='ocrx_word' id='word_1_927' title='bbox 506 5567 960 5621; x_wconf 80' lang='lat' dir='ltr'><strong>suscitauitlesum</strong></span> <span class='ocrx_word' id='word_1_928' title='bbox 999 5584 1029 5619; x_wconf 92' lang='lat' dir='ltr'><strong>a</strong></span> <span class='ocrx_word' id='word_1_929' title='bbox 1058 5569 1301 5632; x_wconf 86' lang='lat' dir='ltr'><strong>mortuis,</strong></span> <span class='ocrx_word' id='word_1_930' title='bbox 1337 5569 1530 5622; x_wconf 84' lang='lat' dir='ltr'><strong>habitat</strong></span> <span class='ocrx_word' id='word_1_931' title='bbox 1559 5570 1610 5621; x_wconf 88' lang='lat' dir='ltr'><strong>in</strong></span> <span class='ocrx_word' id='word_1_932' title='bbox 1650 5570 1821 5622; x_wconf 83' lang='lat' dir='ltr'><strong>vobis:</strong></span> 
     </span>
    </p>
   </div>
   <div class='ocr_carea' id='block_1_103' title="bbox 245 5659 1818 5728">
    <p class='ocr_par' dir='ltr' id='par_1_103' title="bbox 245 5659 1818 5728">
     <span class='ocr_line' id='line_1_103' title="bbox 245 5659 1818 5728; baseline 0.003 -19"><span class='ocrx_word' id='word_1_933' title='bbox 245 5661 321 5723; x_wconf 76' lang='lat' dir='ltr'><strong>qui</strong></span> <span class='ocrx_word' id='word_1_934' title='bbox 361 5661 632 5713; x_wconf 75' lang='lat' dir='ltr'><strong>suscitavit</strong></span> <span class='ocrx_word' id='word_1_935' title='bbox 661 5659 835 5715; x_wconf 70' lang='lat' dir='ltr'><strong>Iesum</strong></span> <span class='ocrx_word' id='word_1_936' title='bbox 865 5679 895 5714; x_wconf 90' lang='lat' dir='ltr'><strong>a</strong></span> <span class='ocrx_word' id='word_1_937' title='bbox 928 5662 1166 5728; x_wconf 82' lang='lat' dir='ltr'><strong>mortuis,</strong></span> <span class='ocrx_word' id='word_1_938' title='bbox 1208 5661 1476 5727; x_wconf 77' lang='lat' dir='ltr'><strong>vivi/icahit</strong></span> <span class='ocrx_word' id='word_1_939' title='bbox 1505 5671 1552 5713; x_wconf 89' lang='lat' dir='ltr'><strong>et</strong></span> <span class='ocrx_word' id='word_1_940' title='bbox 1585 5663 1818 5714; x_wconf 85' lang='lat' dir='ltr'><strong>mortalia</strong></span> 
     </span>
    </p>
   </div>
   <div class='ocr_carea' id='block_1_104' title="bbox 1926 4566 3501 4637">
    <p class='ocr_par' dir='ltr' id='par_1_104' title="bbox 1926 4566 3501 4637">
     <span class='ocr_line' id='line_1_104' title="bbox 1926 4566 3501 4637; baseline -0.001 -15"><span class='ocrx_word' id='word_1_941' title='bbox 1926 4580 1973 4622; x_wconf 87' lang='lat' dir='ltr'><strong>et</strong></span> <span class='ocrx_word' id='word_1_942' title='bbox 2014 4585 2100 4622; x_wconf 83' lang='lat' dir='ltr'><strong>vos</strong></span> <span class='ocrx_word' id='word_1_943' title='bbox 2136 4569 2303 4622; x_wconf 86' lang='lat' dir='ltr'><strong>dicitis</strong></span> <span class='ocrx_word' id='word_1_944' title='bbox 2340 4571 2579 4633; x_wconf 84' lang='lat' dir='ltr'><strong>quoniam</strong></span> <span class='ocrx_word' id='word_1_945' title='bbox 2614 4566 2983 4635; x_wconf 85' lang='lat' dir='ltr'><strong>Hierosolymis</strong></span> <span class='ocrx_word' id='word_1_946' title='bbox 3018 4576 3090 4620; x_wconf 84' lang='lat' dir='ltr'><strong>est</strong></span> <span class='ocrx_word' id='word_1_947' title='bbox 3128 4566 3286 4631; x_wconf 90' lang='lat' dir='ltr'><strong>locus,</strong></span> <span class='ocrx_word' id='word_1_948' title='bbox 3318 4568 3370 4619; x_wconf 88' lang='lat' dir='ltr'><strong>in</strong></span> <span class='ocrx_word' id='word_1_949' title='bbox 3402 4584 3501 4637; x_wconf 88' lang='lat' dir='ltr'><strong>quo</strong></span> 
     </span>
    </p>
   </div>
   <div class='ocr_carea' id='block_1_105' title="bbox 1925 4648 3499 4728">
    <p class='ocr_par' dir='ltr' id='par_1_105' title="bbox 1925 4648 3499 4728">
     <span class='ocr_line' id='line_1_105' title="bbox 1925 4648 3499 4728; baseline -0.001 -17"><span class='ocrx_word' id='word_1_950' title='bbox 1925 4660 2133 4712; x_wconf 89' lang='lat' dir='ltr'><strong>adorari</strong></span> <span class='ocrx_word' id='word_1_951' title='bbox 2157 4667 2351 4724; x_wconf 86' lang='lat' dir='ltr'><strong>oportet</strong></span> <span class='ocrx_word' id='word_1_952' title='bbox 2380 4656 2560 4728; x_wconf 80' lang='lat' dir='ltr'><strong>(Joan.</strong></span> <span class='ocrx_word' id='word_1_953' title='bbox 2590 4648 2662 4723; x_wconf 82' lang='lat' dir='ltr'><strong>tv,</strong></span> <span class='ocrx_word' id='word_1_954' title='bbox 2692 4657 2802 4725; x_wconf 76' lang='lat' dir='ltr'><strong>l9).</strong></span> <span class='ocrx_word' id='word_1_955' title='bbox 2829 4655 3084 4709; x_wconf 87' lang='lat' dir='ltr'><strong>Dominus</strong></span> <span class='ocrx_word' id='word_1_956' title='bbox 3112 4664 3286 4709; x_wconf 91' lang='lat' dir='ltr'><strong>autem</strong></span> <span class='ocrx_word' id='word_1_957' title='bbox 3317 4656 3499 4709; x_wconf 79' lang='lat' dir='ltr'><strong>exclu-</strong></span> 
     </span>
    </p>
   </div>
   <div class='ocr_carea' id='block_1_106' title="bbox 1926 4744 3503 4811">
    <p class='ocr_par' dir='ltr' id='par_1_106' title="bbox 1926 4744 3503 4811">
     <span class='ocr_line' id='line_1_106' title="bbox 1926 4744 3503 4811; baseline -0.004 -6"><span class='ocrx_word' id='word_1_958' title='bbox 1926 4751 2057 4805; x_wconf 89' lang='lat' dir='ltr'><strong>dens</strong></span> <span class='ocrx_word' id='word_1_959' title='bbox 2075 4751 2127 4803; x_wconf 92' lang='lat' dir='ltr'><strong>in</strong></span> <span class='ocrx_word' id='word_1_960' title='bbox 2148 4751 2262 4804; x_wconf 92' lang='lat' dir='ltr'><strong>loco</strong></span> <span class='ocrx_word' id='word_1_961' title='bbox 2282 4749 2495 4803; x_wconf 83' lang='lat' dir='ltr'><strong>adorari</strong></span> <span class='ocrx_word' id='word_1_962' title='bbox 2515 4746 2851 4811; x_wconf 79' lang='lat' dir='ltr'><strong>Deum,dixit</strong></span> <span class='ocrx_word' id='word_1_963' title='bbox 2873 4745 2937 4799; x_wconf 88' lang='lat' dir='ltr'><strong>ad</strong></span> <span class='ocrx_word' id='word_1_964' title='bbox 2959 4760 3077 4800; x_wconf 90' lang='lat' dir='ltr'><strong>eam</strong></span> <span class='ocrx_word' id='word_1_965' title='bbox 3097 4764 3108 4796; x_wconf 88' lang='lat'><strong>:</strong></span> <span class='ocrx_word' id='word_1_966' title='bbox 3128 4744 3334 4811; x_wconf 81' lang='lat' dir='ltr'><strong>Mulier,</strong></span> <span class='ocrx_word' id='word_1_967' title='bbox 3353 4746 3503 4799; x_wconf 87' lang='lat' dir='ltr'><strong>crede</strong></span> 
     </span>
    </p>
   </div>
   <div class='ocr_carea' id='block_1_107' title="bbox 1926 4838 3501 4912">
    <p class='ocr_par' dir='ltr' id='par_1_107' title="bbox 1926 4838 3501 4912">
     <span class='ocr_line' id='line_1_107' title="bbox 1926 4838 3501 4912; baseline -0.004 -17"><span class='ocrx_word' id='word_1_968' title='bbox 1926 4844 2070 4907; x_wconf 88' lang='lat' dir='ltr'><strong>mihi,</strong></span> <span class='ocrx_word' id='word_1_969' title='bbox 2095 4844 2214 4912; x_wconf 88' lang='lat' dir='ltr'><strong>quia</strong></span> <span class='ocrx_word' id='word_1_970' title='bbox 2242 4844 2374 4894; x_wconf 86' lang='lat' dir='ltr'><strong>venit</strong></span> <span class='ocrx_word' id='word_1_971' title='bbox 2401 4841 2545 4903; x_wconf 87' lang='lat' dir='ltr'><strong>hora,</strong></span> <span class='ocrx_word' id='word_1_972' title='bbox 2569 4838 2770 4905; x_wconf 89' lang='lat' dir='ltr'><strong>quando</strong></span> <span class='ocrx_word' id='word_1_973' title='bbox 2805 4853 2963 4906; x_wconf 85' lang='lat' dir='ltr'><strong>neque</strong></span> <span class='ocrx_word' id='word_1_974' title='bbox 2990 4838 3040 4890; x_wconf 90' lang='lat' dir='ltr'><strong>in</strong></span> <span class='ocrx_word' id='word_1_975' title='bbox 3072 4839 3168 4890; x_wconf 86' lang='lat' dir='ltr'><strong>ista</strong></span> <span class='ocrx_word' id='word_1_976' title='bbox 3195 4846 3379 4902; x_wconf 86' lang='lat' dir='ltr'><strong>monte,</strong></span> <span class='ocrx_word' id='word_1_977' title='bbox 3410 4854 3501 4889; x_wconf 86' lang='lat' dir='ltr'><strong>ne-</strong></span> 
     </span>
    </p>
   </div>
   <div class='ocr_carea' id='block_1_108' title="bbox 1927 4927 3499 5001">
    <p class='ocr_par' dir='ltr' id='par_1_108' title="bbox 1927 4927 3499 5001">
     <span class='ocr_line' id='line_1_108' title="bbox 1927 4927 3499 5001; baseline -0.004 -15"><span class='ocrx_word' id='word_1_978' title='bbox 1927 4950 2022 5000; x_wconf 88' lang='lat' dir='ltr'><strong>que</strong></span> <span class='ocrx_word' id='word_1_979' title='bbox 2041 4935 2093 4986; x_wconf 88' lang='lat' dir='ltr'><strong>in</strong></span> <span class='ocrx_word' id='word_1_980' title='bbox 2114 4932 2482 5001; x_wconf 79' lang='lat' dir='ltr'><strong>Hierosolymis</strong></span> <span class='ocrx_word' id='word_1_981' title='bbox 2512 4930 2791 4985; x_wconf 88' lang='lat' dir='ltr'><strong>adorabitis</strong></span> <span class='ocrx_word' id='word_1_982' title='bbox 2818 4927 3061 4982; x_wconf 88' lang='lat' dir='ltr'><strong>Patrem:</strong></span> <span class='ocrx_word' id='word_1_983' title='bbox 3088 4928 3175 4981; x_wconf 88' lang='lat' dir='ltr'><strong>sed</strong></span> <span class='ocrx_word' id='word_1_984' title='bbox 3199 4929 3331 4981; x_wconf 84' lang='lat' dir='ltr'><strong>venit</strong></span> <span class='ocrx_word' id='word_1_985' title='bbox 3350 4930 3499 4991; x_wconf 82' lang='lat' dir='ltr'><strong>hora,</strong></span> 
     </span>
    </p>
   </div>
   <div class='ocr_carea' id='block_1_109' title="bbox 1926 5018 3499 5093">
    <p class='ocr_par' dir='ltr' id='par_1_109' title="bbox 1926 5018 3499 5093">
     <span class='ocr_line' id='line_1_109' title="bbox 1926 5018 3499 5093; baseline -0.004 -16"><span class='ocrx_word' id='word_1_986' title='bbox 1926 5026 2129 5093; x_wconf 82' lang='lat' dir='ltr'><strong>quando</strong></span> <span class='ocrx_word' id='word_1_987' title='bbox 2170 5024 2274 5076; x_wconf 85' lang='lat' dir='ltr'><strong>veri</strong></span> <span class='ocrx_word' id='word_1_988' title='bbox 2316 5026 2609 5074; x_wconf 87' lang='lat' dir='ltr'><strong>adoratores</strong></span> <span class='ocrx_word' id='word_1_989' title='bbox 2652 5021 2939 5074; x_wconf 87' lang='lat' dir='ltr'><strong>adorabunt</strong></span> <span class='ocrx_word' id='word_1_990' title='bbox 2976 5018 3183 5073; x_wconf 88' lang='lat' dir='ltr'><strong>Patrem</strong></span> <span class='ocrx_word' id='word_1_991' title='bbox 3226 5021 3279 5073; x_wconf 88' lang='lat' dir='ltr'><strong>in</strong></span> <span class='ocrx_word' id='word_1_992' title='bbox 3311 5020 3499 5086; x_wconf 87' lang='lat' dir='ltr'><strong>spiritu</strong></span> 
     </span>
    </p>
   </div>
   <div class='ocr_carea' id='block_1_110' title="bbox 1924 5109 3497 5180">
    <p class='ocr_par' dir='ltr' id='par_1_110' title="bbox 1924 5109 3497 5180">
     <span class='ocr_line' id='line_1_110' title="bbox 1924 5109 3497 5180; baseline -0.005 -11"><span class='ocrx_word' id='word_1_993' title='bbox 1924 5125 1972 5169; x_wconf 86' lang='lat' dir='ltr'><strong>et</strong></span> <span class='ocrx_word' id='word_1_994' title='bbox 1995 5116 2218 5167; x_wconf 79' lang='lat' dir='ltr'><strong>veritate.</strong></span> <span class='ocrx_word' id='word_1_995' title='bbox 2244 5112 2398 5165; x_wconf 87' lang='lat' dir='ltr'><strong>Pater</strong></span> <span class='ocrx_word' id='word_1_996' title='bbox 2423 5114 2555 5164; x_wconf 88' lang='lat' dir='ltr'><strong>enim</strong></span> <span class='ocrx_word' id='word_1_997' title='bbox 2576 5110 2700 5164; x_wconf 84' lang='lat' dir='ltr'><strong>tales</strong></span> <span class='ocrx_word' id='word_1_998' title='bbox 2725 5112 2926 5180; x_wconf 70' lang='lat' dir='ltr'><strong>quaerit,</strong></span> <span class='ocrx_word' id='word_1_999' title='bbox 2976 5120 3025 5163; x_wconf 86' lang='lat' dir='ltr'><strong>et</strong></span> <span class='ocrx_word' id='word_1_1000' title='bbox 3047 5111 3203 5179; x_wconf 81' lang='lat'><strong>317</strong></span> <span class='ocrx_word' id='word_1_1001' title='bbox 3226 5109 3497 5162; x_wconf 78' lang='lat' dir='ltr'><strong>adorantes</strong></span> 
     </span>
    </p>
   </div>
   <div class='ocr_carea' id='block_1_111' title="bbox 1927 5196 3492 5272">
    <p class='ocr_par' dir='ltr' id='par_1_111' title="bbox 1927 5196 3492 5272">
     <span class='ocr_line' id='line_1_111' title="bbox 1927 5196 3492 5272; baseline -0.003 -15"><span class='ocrx_word' id='word_1_1002' title='bbox 1927 5203 2091 5258; x_wconf 88' lang='lat' dir='ltr'><strong>Deum</strong></span> <span class='ocrx_word' id='word_1_1003' title='bbox 2114 5206 2165 5256; x_wconf 90' lang='lat' dir='ltr'><strong>in</strong></span> <span class='ocrx_word' id='word_1_1004' title='bbox 2184 5204 2363 5272; x_wconf 86' lang='lat' dir='ltr'><strong>spiritu</strong></span> <span class='ocrx_word' id='word_1_1005' title='bbox 2397 5210 2445 5255; x_wconf 90' lang='lat' dir='ltr'><strong>et</strong></span> <span class='ocrx_word' id='word_1_1006' title='bbox 2475 5204 2679 5255; x_wconf 82' lang='lat' dir='ltr'><strong>ueritate</strong></span> <span class='ocrx_word' id='word_1_1007' title='bbox 2708 5211 2904 5268; x_wconf 89' lang='lat' dir='ltr'><strong>oportet</strong></span> <span class='ocrx_word' id='word_1_1008' title='bbox 2932 5202 3146 5254; x_wconf 87' lang='lat' dir='ltr'><strong>adorare</strong></span> <span class='ocrx_word' id='word_1_1009' title='bbox 3170 5198 3355 5265; x_wconf 87' lang='lat' dir='ltr'><strong>(Ibid.,</strong></span> <span class='ocrx_word' id='word_1_1010' title='bbox 3379 5196 3492 5267; x_wconf 72' lang='lat'><strong>‘21).</strong></span> 
     </span>
    </p>
   </div>
   <div class='ocr_carea' id='block_1_112' title="bbox 1926 5288 3493 5362">
    <p class='ocr_par' dir='ltr' id='par_1_112' title="bbox 1926 5288 3493 5362">
     <span class='ocr_line' id='line_1_112' title="bbox 1926 5288 3493 5362; baseline -0.003 -14"><span class='ocrx_word' id='word_1_1011' title='bbox 1926 5295 2078 5361; x_wconf 86' lang='lat' dir='ltr'><strong>Quod</strong></span> <span class='ocrx_word' id='word_1_1012' title='bbox 2107 5299 2149 5347; x_wconf 85' lang='lat' dir='ltr'><strong>si</strong></span> <span class='ocrx_word' id='word_1_1013' title='bbox 2180 5295 2232 5347; x_wconf 88' lang='lat' dir='ltr'><strong>in</strong></span> <span class='ocrx_word' id='word_1_1014' title='bbox 2255 5294 2444 5362; x_wconf 87' lang='lat' dir='ltr'><strong>spiritu</strong></span> <span class='ocrx_word' id='word_1_1015' title='bbox 2469 5302 2523 5347; x_wconf 88' lang='lat' dir='ltr'><strong>et</strong></span> <span class='ocrx_word' id='word_1_1016' title='bbox 2547 5292 2789 5357; x_wconf 88' lang='lat' dir='ltr'><strong>veritate,</strong></span> <span class='ocrx_word' id='word_1_1017' title='bbox 2812 5307 2939 5361; x_wconf 80' lang='lat' dir='ltr'><strong>ergo</strong></span> <span class='ocrx_word' id='word_1_1018' title='bbox 2969 5292 3019 5344; x_wconf 91' lang='lat' dir='ltr'><strong>in</strong></span> <span class='ocrx_word' id='word_1_1019' title='bbox 3046 5290 3180 5343; x_wconf 81' lang='lat' dir='ltr'><strong>Filio</strong></span> <span class='ocrx_word' id='word_1_1020' title='bbox 3204 5290 3341 5343; x_wconf 89' lang='lat' dir='ltr'><strong>Deus</strong></span> <span class='ocrx_word' id='word_1_1021' title='bbox 3361 5288 3493 5343; x_wconf 87' lang='lat' dir='ltr'><strong>ado-</strong></span> 
     </span>
    </p>
   </div>
   <div class='ocr_carea' id='block_1_113' title="bbox 1926 5382 3493 5453">
    <p class='ocr_par' dir='ltr' id='par_1_113' title="bbox 1926 5382 3493 5453">
     <span class='ocr_line' id='line_1_113' title="bbox 1926 5382 3493 5453; baseline -0.006 -10"><span class='ocrx_word' id='word_1_1022' title='bbox 1926 5396 2110 5443; x_wconf 89' lang='lat' dir='ltr'><strong>ratur:</strong></span> <span class='ocrx_word' id='word_1_1023' title='bbox 2136 5398 2258 5441; x_wconf 87' lang='lat' dir='ltr'><strong>nam</strong></span> <span class='ocrx_word' id='word_1_1024' title='bbox 2286 5387 2480 5441; x_wconf 87' lang='lat' dir='ltr'><strong>veritas</strong></span> <span class='ocrx_word' id='word_1_1025' title='bbox 2506 5394 2590 5441; x_wconf 90' lang='lat' dir='ltr'><strong>est</strong></span> <span class='ocrx_word' id='word_1_1026' title='bbox 2614 5385 2797 5447; x_wconf 84' lang='lat' dir='ltr'><strong>Filius,</strong></span> <span class='ocrx_word' id='word_1_1027' title='bbox 2821 5386 2907 5453; x_wconf 91' lang='lat' dir='ltr'><strong>qui</strong></span> <span class='ocrx_word' id='word_1_1028' title='bbox 2937 5384 3067 5437; x_wconf 79' lang='lat' dir='ltr'><strong>dixit</strong></span> <span class='ocrx_word' id='word_1_1029' title='bbox 3091 5400 3104 5435; x_wconf 91' lang='lat'><strong>:</strong></span> <span class='ocrx_word' id='word_1_1030' title='bbox 3130 5382 3240 5452; x_wconf 83' lang='lat' dir='ltr'><strong>Ego</strong></span> <span class='ocrx_word' id='word_1_1031' title='bbox 3259 5398 3371 5435; x_wconf 88' lang='lat' dir='ltr'><strong>sum</strong></span> <span class='ocrx_word' id='word_1_1032' title='bbox 3393 5383 3493 5447; x_wconf 82' lang='lat' dir='ltr'><strong>via,</strong></span> 
     </span>
    </p>
   </div>
   <div class='ocr_carea' id='block_1_114' title="bbox 1923 5472 3497 5547">
    <p class='ocr_par' dir='ltr' id='par_1_114' title="bbox 1923 5472 3497 5547">
     <span class='ocr_line' id='line_1_114' title="bbox 1923 5472 3497 5547; baseline -0.003 -16"><span class='ocrx_word' id='word_1_1033' title='bbox 1923 5489 1972 5532; x_wconf 88' lang='lat' dir='ltr'><strong>et</strong></span> <span class='ocrx_word' id='word_1_1034' title='bbox 2002 5480 2184 5531; x_wconf 86' lang='lat' dir='ltr'><strong>veritas</strong></span> <span class='ocrx_word' id='word_1_1035' title='bbox 2204 5518 2218 5541; x_wconf 95' lang='lat'><strong>,</strong></span> <span class='ocrx_word' id='word_1_1036' title='bbox 2259 5487 2307 5530; x_wconf 88' lang='lat' dir='ltr'><strong>et</strong></span> <span class='ocrx_word' id='word_1_1037' title='bbox 2344 5479 2446 5530; x_wconf 81' lang='lat' dir='ltr'><strong>vita</strong></span> <span class='ocrx_word' id='word_1_1038' title='bbox 2468 5476 2644 5547; x_wconf 84' lang='lat' dir='ltr'><strong>(Joan.</strong></span> <span class='ocrx_word' id='word_1_1039' title='bbox 2681 5491 2789 5543; x_wconf 76' lang='lat' dir='ltr'><strong>xrv,</strong></span> <span class='ocrx_word' id='word_1_1040' title='bbox 2810 5475 2887 5544; x_wconf 86' lang='lat'><strong>6);</strong></span> <span class='ocrx_word' id='word_1_1041' title='bbox 2936 5489 3030 5526; x_wconf 91' lang='lat' dir='ltr'><strong>cur</strong></span> <span class='ocrx_word' id='word_1_1042' title='bbox 3056 5486 3161 5526; x_wconf 90' lang='lat' dir='ltr'><strong>non</strong></span> <span class='ocrx_word' id='word_1_1043' title='bbox 3192 5486 3310 5525; x_wconf 89' lang='lat' dir='ltr'><strong>cum</strong></span> <span class='ocrx_word' id='word_1_1044' title='bbox 3340 5472 3497 5527; x_wconf 85' lang='lat' dir='ltr'><strong>Patre</strong></span> 
     </span>
    </p>
   </div>
   <div class='ocr_carea' id='block_1_115' title="bbox 1923 5564 3498 5638">
    <p class='ocr_par' dir='ltr' id='par_1_115' title="bbox 1923 5564 3498 5638">
     <span class='ocr_line' id='line_1_115' title="bbox 1923 5564 3498 5638; baseline -0.003 -14"><span class='ocrx_word' id='word_1_1045' title='bbox 1923 5571 2151 5638; x_wconf 85' lang='lat' dir='ltr'><strong>Spiritus</strong></span> <span class='ocrx_word' id='word_1_1046' title='bbox 2174 5570 2475 5624; x_wconf 87' lang='lat' dir='ltr'><strong>adorandus</strong></span> <span class='ocrx_word' id='word_1_1047' title='bbox 2497 5570 2565 5621; x_wconf 88' lang='lat' dir='ltr'><strong>sit</strong></span> <span class='ocrx_word' id='word_1_1048' title='bbox 2588 5585 2616 5620; x_wconf 88' lang='lat' dir='ltr'><strong>a</strong></span> <span class='ocrx_word' id='word_1_1049' title='bbox 2649 5568 2802 5620; x_wconf 88' lang='lat' dir='ltr'><strong>nobis</strong></span> <span class='ocrx_word' id='word_1_1050' title='bbox 2827 5582 2839 5617; x_wconf 90' lang='lat'>:</span> <span class='ocrx_word' id='word_1_1051' title='bbox 2866 5578 3091 5632; x_wconf 86' lang='lat' dir='ltr'><strong>namque</strong></span> <span class='ocrx_word' id='word_1_1052' title='bbox 3116 5564 3498 5635; x_wconf 85' lang='lat' dir='ltr'><strong>inacceptihile</strong></span> 
     </span>
    </p>
   </div>
   <div class='ocr_carea' id='block_1_116' title="bbox 1923 5657 3498 5730">
    <p class='ocr_par' dir='ltr' id='par_1_116' title="bbox 1923 5657 3498 5730">
     <span class='ocr_line' id='line_1_116' title="bbox 1923 5657 3498 5730; baseline -0.003 -13"><span class='ocrx_word' id='word_1_1053' title='bbox 1923 5671 2024 5727; x_wconf 86' lang='lat' dir='ltr'><strong>est,</strong></span> <span class='ocrx_word' id='word_1_1054' title='bbox 2048 5672 2103 5714; x_wconf 87' lang='lat' dir='ltr'><strong>ttt</strong></span> <span class='ocrx_word' id='word_1_1055' title='bbox 2125 5662 2454 5730; x_wconf 79' lang='lat' dir='ltr'><strong>cmporalem</strong></span> <span class='ocrx_word' id='word_1_1056' title='bbox 2476 5668 2791 5713; x_wconf 80' lang='lat' dir='ltr'><strong>venerantes</strong></span> <span class='ocrx_word' id='word_1_1057' title='bbox 2816 5657 3001 5721; x_wconf 88' lang='lat' dir='ltr'><strong>Detnn,</strong></span> <span class='ocrx_word' id='word_1_1058' title='bbox 3024 5669 3126 5711; x_wconf 88' lang='lat' dir='ltr'><strong>non</strong></span> <span class='ocrx_word' id='word_1_1059' title='bbox 3153 5657 3202 5711; x_wconf 87' lang='lat' dir='ltr'><strong>itt</strong></span> <span class='ocrx_word' id='word_1_1060' title='bbox 3224 5657 3419 5727; x_wconf 81' lang='lat' dir='ltr'><strong>Spiritu</strong></span> <span class='ocrx_word' id='word_1_1061' title='bbox 3445 5671 3498 5714; x_wconf 78' lang='lat' dir='ltr'><strong>ct</strong></span> 
     </span>
    </p>
   </div>
  </div>
