4026 6176
453 306 558 364 325
1553 320 1556 322 τ
1762 291 1982 349 VlGlLll
2022 288 2386 346 TAPSENSIS
3614 296 3711 349 δέ,

453 420 501 473 in
529 416 660 472 Filio
680 414 920 468 adorent.
945 412 1202 481 Alioquin
1228 409 1272 464 si
1300 409 1351 462 in
1374 408 1572 476 Spiritu
1598 406 1821 458 adorant
1845 405 2027 465 Deum,
2063 407 2110 464 Α
2141 418 2315 457 eorum
2342 418 2449 466 cor,
2474 417 2533 455 ne
2561 402 2691 472 forte
2719 402 2920 455 videant
2948 401 3130 467 oculis,
3157 411 3203 455 et
3228 401 3517 472 intelligant
3541 408 3713 471 corde,

455 508 779 562 cendoratur
805 505 1035 573 Spiritus
1063 521 1077 557 :
1134 517 1254 557 cum
1288 502 1337 554 in
1367 500 1584 553 Christo
1614 497 1829 550 audiant
1858 495 2025 563 glori-

459 601 603 653 Iicari
628 597 839 651 Patrem
871 598 924 650 in
956 596 1218 662 Ecclesia,
1244 593 1368 661 quid
1398 609 1455 647 se
1483 606 1603 648 esse
1626 591 1857 645 facturos
1886 602 2032 642 asse-

455 689 616 743 rent?
650 686 843 740 Paulus
872 688 1014 741 enim
1046 686 1288 739 scribens
1314 684 1379 737 ad
1414 682 1671 750 Ephesios
1700 682 1774 734 ait
1804 696 1818 734 :
1855 680 1918 732 Ei
1947 680 2031 747 qui

460 789 629 834 votens
654 786 726 830 est
751 778 920 829 omnia
940 777 1105 844 facere
1129 774 1448 826 abundanter
1470 788 1624 838 supra
1645 787 1793 839 quam
1816 770 2032 837 petimus

457 878 540 922 aut
570 869 818 936 sapimus,
850 867 949 934 ipsi
971 865 1139 935 gloria
1164 866 1216 917 in
1243 863 1491 927 Ecclesia,
1516 863 1567 914 in
1591 860 1788 915 Christo
1807 858 1952 923 Iesu,
1980 861 2033 912 in

457 975 630 1012 omnes
662 956 1205 1028 generationemwculi
1229 958 1533 1007 swculorum
1564 951 1778 1024 (Ephes.
1806 967 1884 1016 ιιι,
1913 948 2030 1019 20).

458 1050 525 1106 Ft
555 1065 760 1104 rursum
796 1047 988 1101 Paulus
1019 1047 1149 1100 dicit
1191 1061 1204 1101 :
1247 1045 1379 1111 Quia
1409 1057 1501 1111 per
1537 1042 1806 1096 Christum
1836 1041 2034 1095 dicitur

458 1144 630 1195 Amen
663 1140 800 1193 Patri
830 1138 893 1191 ad
922 1137 1143 1207 gloriam
1173 1133 1258 1206 (II
1289 1134 1406 1188 Cor.
1442 1149 1486 1197 ι,
1522 1131 1615 1201 20)
1640 1148 1653 1184 :
1684 1147 1778 1199 per
1807 1145 1905 1185 nos
1935 1129 2034 1182 Pa-

461 1246 595 1289 trem
624 1244 673 1288 ct
696 1234 909 1299 Filium,
941 1239 994 1284 et
1022 1231 1074 1283 in
1104 1229 1240 1283 Filio
1266 1228 1478 1283 Patrem
1510 1225 1898 1293 glorificantes,
1927 1236 2032 1275 non

461 1330 642 1394 utique
665 1324 1092 1393 conglorilicanle
1117 1321 1267 1374 Filio.
1302 1319 1391 1373 Sic
1414 1319 1590 1386 itaque
1615 1315 1778 1368 Deum
1802 1314 2033 1366 adoran-

462 1427 540 1471 tes
571 1418 621 1468 in
653 1415 849 1483 Spiritu
881 1420 934 1465 et
963 1412 1015 1465 in
1050 1411 1213 1473 Filio,
1246 1409 1296 1461 id
1333 1415 1414 1460 est
1445 1421 1538 1474 per
1565 1404 1819 1471 Spiritum
1850 1415 1911 1454 ac
1943 1416 2037 1468 per

462 1506 652 1558 Filium
675 1502 977 1567 adorantes,
996 1499 1345 1554 coadoramus
1361 1496 1660 1559 Dominum,
1685 1501 1741 1547 et
1759 1491 1966 1553 Filium,
1983 1500 2038 1544 et

460 1595 738 1662 Spiritum.
771 1591 1007 1660 Denique
1034 1588 1229 1642 Paulus
1255 1586 1443 1641 scribit
1467 1602 1479 1635 :
1514 1583 1578 1638 Ut
1606 1584 1657 1636 in
1688 1583 1890 1635 nomine
1909 1582 2036 1634 Iesu

459 1686 648 1739 Christi
676 1697 847 1736 omnes
875 1696 1040 1751 genua
1069 1680 1297 1748 ﬂectant,
1330 1685 1376 1729 et
1401 1675 1564 1729 omnis
1592 1674 1767 1742 lingua
1793 1672 2037 1739 conﬁtea-

2134 503 2182 546 et
2214 501 2591 557 convertantur,
2624 498 2673 547 et
2707 508 2879 546 sonent
2922 493 3038 545 illos
3083 491 3263 559 (Ioan.
3293 509 3396 555 ιιι,
3426 494 3538 554 59).
3594 495 3718 553 "me

2137 581 2298 652 igitur
2327 582 2462 636 dixit
2493 582 2675 647 Isaias,
2707 594 2829 636 cum
2858 583 3080 636 vidisset
3115 582 3338 651 gloriam
3380 583 3516 651 ejus,
3551 595 3604 639 et
3636 587 3716 640 lo-

2134 679 2287 726 cutns
2309 681 2387 726 est
2409 671 2476 726 de
2495 686 2580 725 eo.
2606 671 2669 724 Et
2690 672 2813 739 quid
2841 671 3034 725 facient
3056 674 3123 726 de
3142 671 3327 735 Paulo,
3350 674 3438 742 qui
3462 674 3716 743 Spiritum

2134 760 2265 813 dicit
2297 762 2347 813 in
2380 759 2469 812 illa
2501 760 2667 827 gloria
2696 760 2869 814 visum
2898 773 3019 815 esse
3051 760 3221 825 lsa'm,
3254 770 3309 815 et
3341 762 3573 817 locutum
3601 779 3724 822 esse

2134 849 2205 912 ei,
2228 863 2350 901 cznn
2381 849 2613 901 misisset
2642 862 2762 900 eum
2794 847 2858 900 ad
2893 849 3143 916 populum
3173 850 3475 920 supradicta
3505 854 3721 909 dicere?

2137 939 2403 1006 Scriptum
2435 946 2518 991 est
2541 937 2681 989 enim
2715 937 2792 990 sic
2824 936 2874 988 in
2902 938 3125 992 Artibus
3154 941 3548 1008 apostolorum:
3584 942 3721 997 Con-

2137 1031 2383 1082 venientes
2424 1037 2594 1082 autem
2637 1027 2707 1079 ad
2760 1027 3067 1084 alterutrum
3100 1028 3274 1084 Iudici
3317 1032 3719 1099 dimittebantur,

2094 1116 2099 1121 ’
2136 1121 2335 1173 dicente
2355 1118 2520 1173 Paulo
2542 1120 2745 1173 verbum
2768 1136 2958 1173 unum:
2980 1120 3114 1185 Quia
3135 1122 3257 1174 bene
3274 1121 3499 1189 Spiritus
3517 1136 3723 1178 sanctus

2136 1213 2333 1266 locutus
2356 1222 2430 1265 est
2454 1210 2521 1263 ad
2550 1209 2729 1263 Patres
2758 1218 2944 1263 vestros
2971 1226 3059 1278 per
3082 1211 3378 1279 prophetam
3398 1210 3613 1274 Isaiam,
3638 1215 3721 1266 di-

2138 1318 2256 1355 cens
2280 1315 2298 1354 :
2322 1300 2459 1353 Aure
2480 1299 2696 1352 audietis
2724 1309 2770 1351 et
2792 1314 2892 1351 non
2924 1298 3228 1369 intelligetis,
3259 1309 3311 1352 et
3338 1300 3560 1354 videntes
3588 1302 3723 1357 vidc-

2138 1390 2254 1445 bitis
2277 1397 2323 1440 et
2350 1404 2449 1441 non
2474 1388 2747 1457 aspirietis.
2775 1385 3122 1439 Incrassatum
3144 1396 3213 1441 (ιι
3236 1404 3323 1440 cor
3343 1389 3521 1457 populi
3546 1390 3722 1457 huius,

2136 1493 2183 1535 et
2215 1481 2426 1534 auribus
2450 1481 2553 1533 suis
2582 1479 2803 1549 graviter
2831 1479 3125 1542 audierunt,
3158 1491 3205 1531 et
3234 1480 3405 1534 oculos
3432 1497 3550 1534 suos
3580 1480 3723 1533 clau-

2137 1585 2345 1640 serunt,
2379 1590 2440 1627 ne
2471 1574 2602 1644 forte
2634 1572 2837 1625 videant
2864 1571 3026 1624 oculis
3046 1611 3060 1634 ,
3089 1580 3137 1623 et
3165 1572 3375 1625 auribus
3400 1573 3644 1638 audiant,
3674 1586 3724 1628 et

2139 1665 2292 1718 corde
2322 1664 2641 1732 intelligant,
2678 1669 2727 1713 et
2757 1670 3133 1727 convertantur,
3166 1666 3213 1712 et
3241 1676 3411 1713 sanem
3442 1662 3556 1715 illos
3585 1662 3720 1730 (Act.

460 1786 565 1839 tur,
601 1775 723 1843 quia
749 1772 993 1824 Dominus
1012 1767 1166 1823 Iesus
1194 1768 1247 1820 in
1278 1766 1445 1836 gloria
1475 1773 1547 1818 est
1573 1763 1667 1817 Dei
1691 1761 1864 1814 Patris
1888 1760 2043 1829 (Plii-
2075 1771 2120 1830 Β
2150 1769 2349 1821 xxvttt,
2373 1756 2444 1809 ‘25
2476 1753 2588 1820 27).
2620 1750 2758 1805 Ecce
2779 1750 3012 1805 Joannes
3034 1752 3247 1819 quidem
3272 1751 3497 1814 Filium,
3530 1751 3725 1805 Paulus

467 1866 563 1935 lip.
600 1879 658 1933 tt,
688 1862 798 1933 10).
833 1860 985 1928 Quod
1018 1858 1063 1912 si
1094 1858 1179 1921 hi,
1209 1860 1295 1925 qui
1336 1856 1389 1909 in
1436 1854 1648 1909 nomine
1684 1853 1811 1908 Iesu
1840 1850 2040 1904 Christi

463 1956 683 2009 ﬂectunt
722 1966 890 2020 genua
910 1990 925 2013 ,
957 1949 1147 2004 Filium
1177 1947 1476 2016 gloriticant
1502 1958 1623 1998 cum
1655 1942 1835 2008 Patre,
1860 1954 1957 1994 cur
1988 1940 2039 1994 hi

459 2046 548 2115 qui
581 2045 632 2097 in
664 2042 862 2111 Spiritu
898 2039 1104 2094 Patrem
1133 2047 1186 2090 et
1214 2035 1404 2089 Filium
1433 2033 1676 2096 adorant,
1709 2046 1816 2085 non
1845 2030 2041 2084 adora-

463 2135 595 2187 bunt
621 2146 743 2186 eum
772 2145 892 2183 cum
922 2129 1097 2193 Patre,
1137 2135 1192 2180 et
1219 2124 1376 2190 Filio,
1398 2132 1453 2177 et
1488 2121 1689 2190 Spiritu
1731 2121 1952 2173 sancto?
1981 2116 2038 2172 Si

462 2224 638 2292 itaque
658 2221 958 2275 audivimus
976 2218 1188 2287 Moysen
1216 2215 1483 2269 dicentem
1520 2229 1533 2265 :
1565 2211 1838 2264 Dominum
1877 2207 2039 2261 Deum

459 2322 603 2366 tuum
625 2310 883 2375 adorabis,
906 2319 952 2362 et
975 2308 1052 2361 illi
1077 2308 1174 2360 soli
1203 2306 1386 2359 servies
1411 2302 1585 2374 (Deut.
1611 2316 1682 2367 Vl,
1705 2301 1815 2370 13),
1840 2299 2038 2354 scimus

460 2406 787 2477 pronuntiari
815 2419 934 2458 cum
967 2404 1071 2457 Deo
1095 2400 1287 2455 Filium
1319 2409 1372 2453 et
1398 2396 1680 2466 Spiritum.
1727 2394 1793 2448 Et
1822 2408 1890 2448 ne
1923 2402 2039 2447 tan-

465 2513 623 2568 quam
663 2511 765 2550 non
807 2493 1000 2561 scripta
1046 2497 1426 2552 memorantes,
1473 2494 1527 2541 et
1563 2485 1631 2541 de
1674 2491 1858 2537 nostro
1895 2481 2038 2551 loqui

457 2590 751 2653 videamur,
775 2580 1183 2639 demonstranda
1208 2588 1291 2634 est
1310 2578 1607 2633 caelestium
1630 2574 1881 2629 virtutum
1910 2574 2039 2627 ado-

461 2679 620 2743 ratio,
642 2685 697 2731 et
718 2676 855 2730 sicut
876 2687 907 2728 e
928 2670 1126 2725 sanctis
1148 2668 1431 2723 didicimus
1454 2665 1763 2734 Scripturis.
1790 2663 2034 2717 Forsitan

458 2769 531 2822 illi
551 2767 890 2820 aemulatores
910 2760 1082 2817 euecti
1095 2800 1109 2824 ,
1127 2758 1205 2813 sic
1225 2766 1282 2813 et
1302 2756 1545 2811 venerari
1560 2754 1770 2809 discent
1789 2762 1842 2807 et
1857 2766 2033 2807 orare.

456 2861 625 2924 Quem
656 2856 827 2909 visum
864 2853 1045 2906 volunt
1077 2849 1224 2903 Isaiae
1256 2848 1307 2901 in
1340 2846 1540 2917 templo
1572 2843 1798 2910 laudari,
1826 2853 1880 2897 et
1908 2842 2037 2897 ado-

459 2950 587 3017 rari,
620 2958 675 3003 et
702 2944 984 3016 glorificari
1018 2957 1049 2996 a
1076 2940 1369 3011 scraphim,
1406 2939 1687 2994 Patremne
1716 2952 1782 2990 an
1809 2935 2029 3000 Filium;

458 3040 600 3094 forte
647 3037 789 3092 enim
820 3047 977 3089 aures
1022 3032 1306 3086 obstruent
1352 3029 1397 3083 si
1446 3027 1664 3082 audiant
1695 3036 1751 3081 et
1777 3026 2033 3094 Spiritum

2145 1860 2270 1898 vero
2293 1844 2548 1913 Spiritum
2578 1852 2821 1898 sanctum
2848 1859 2965 1898 esse
2991 1845 3140 1910 dicit,
3169 1847 3256 1914 qni
3283 1846 3352 1900 sit
3382 1846 3525 1899 visus
3553 1846 3722 1910 Isaia},

2141 1935 2336 1989 sedens
2365 1949 2524 2003 super
2555 1934 2804 1988 thronum
2835 1934 3000 1989 altum
3030 1943 3084 1989 et
3112 1936 3372 1990 elevatum
3393 1977 3407 2000 ,
3438 1936 3597 2007 319
3629 1938 3723 2006 qui

2140 2026 2429 2092 aduratur,
2470 2034 2525 2080 ct
2568 2025 2841 2092 laudatur,
2900 2035 2953 2081 et
2993 2027 3321 2096 gloriﬁcatur
3353 2043 3383 2081 a
3432 2030 3723 2098 seraphim.

2143 2117 2398 2171 Ecclesiae
2434 2124 2610 2170 autem
2638 2115 2833 2170 Christi
2874 2131 3062 2170 omnes
3102 2118 3168 2171 ab
3194 2116 3410 2171 Oriente
3445 2132 3612 2187 usque
3655 2117 3724 2171 ad

2140 2205 2481 2261 Occidentem
2509 2205 2895 2260 convenienter
2923 2205 3131 2260 Patrem
3164 2221 3192 2259 a
3221 2208 3485 2273 seraphim
3514 2204 3724 2262 laudari

2142 2294 2458 2364 proﬁtentur
2489 2294 2539 2348 in
2570 2294 2989 2348 ministeriorum
3023 2294 3307 2350 relatione.
3332 2296 3515 2349 Dicant
3545 2296 3726 2364 itaque

2141 2386 2295 2440 nobis
2348 2384 2439 2452 qui
2482 2384 2881 2440 venerationem
2933 2385 3154 2454 Spiritui
3199 2396 3385 2440 sancto
3434 2387 3723 2455 detegant,

2138 2474 2382 2543 quisnam
2404 2489 2471 2527 ex
2498 2473 2582 2528 his
2606 2489 2789 2528 verum
2812 2472 2972 2533 dicat.
2994 2482 3086 2529 aut
3108 2475 3225 2545 quis
3246 2475 3424 2529 fallat?
3457 2476 3721 2533 Utrumne

2136 2564 2386 2631 Joannes,
2409 2579 2474 2617 an
2501 2564 2728 2619 Paulus?
2753 2579 2820 2618 an
2844 2580 2976 2620 vero
2996 2580 3181 2621 omnes
3208 2566 3458 2620 Ecclesia!
3477 2566 3675 2621 Christi
3700 2569 3725 2621 ἲ

2138 2656 2386 2724 quoniam
2417 2655 2630 2725 quidem
2661 2671 2848 2711 omnes
2876 2658 3128 2712 Ecclesia:
3160 2659 3365 2712 Patrem
3399 2660 3725 2728 profitentur

2138 2760 2256 2800 esse
2281 2748 2369 2815 qui
2397 2745 2647 2799 adorator
2672 2761 2701 2799 a
2720 2744 3021 2815 Seraphim,
3042 2746 3274 2801 Joannes
3292 2746 3503 2810 Filium,
3530 2747 3727 2801 Paulus

2138 2854 2268 2895 vero
2301 2840 2560 2907 Spiritum
2601 2847 2864 2892 sanctum.
2910 2838 2967 2892 Si
2998 2854 3127 2893 vero
3163 2853 3320 2894 nemo
3349 2849 3533 2893 eorum
3566 2839 3725 2905 fallit,

2139 2929 2235 2984 sed
2264 2942 2451 2983 omnes
2474 2927 2754 2982 veritatem
2784 2928 2992 2992 dicunt,
3023 2928 3306 2983 manifeste
3335 2930 3613 2999 probatum
3640 2940 3726 2983 6.".

2139 3018 2281 3088 quod
2310 3018 2521 3074 etiamsi
2552 3017 2727 3073 Patris
2756 3033 2948 3073 nomen
2980 3019 3210 3085 dicatur,
3245 3020 3404 3075 hahet
3435 3030 3608 3075 tamen
3636 3022 3725 3075 Fi-

456 3139 725 3186 sanctum.
774 3126 934 3180 Isaias
973 3121 1117 3176 enim
1165 3121 1239 3174 ait
1271 3137 1283 3171 :
1324 3117 1390 3171 Et
1421 3118 1615 3185 factum
1659 3125 1733 3170 est
1771 3131 1906 3168 anno
1934 3130 2035 3184 quo
2061 3134 2104 3195 ρ
2142 3113 2268 3164 lium
2296 3110 2628 3179 etSpiritum
2654 3118 2894 3164 sanctum
2919 3123 3099 3165 secum
3124 3114 3538 3179 pronuntiatum.
3569 3115 3721 3165 Mi..-

454 3237 682 3277 nortuus
712 3229 782 3274 est
807 3218 960 3272 Ozias
980 3231 1091 3279 rex,
1114 3215 1215 3267 vidi
1241 3212 1511 3265 Dominum
1532 3210 1758 3266 Sabaoth
1783 3209 2037 3262 sedentem

455 3335 611 3387 super
634 3316 868 3369 thronum
889 3312 1049 3365 altum
1070 3321 1116 3363 et
1140 3309 1406 3370 eleuatum,
1430 3311 1480 3360 et
1500 3306 1649 3376 plena
1672 3305 1852 3357 domus
1871 3291 2037 3373 gloria

455 3412 561 3479 ejus
574 3426 592 3463 :
611 3419 657 3461 et
676 3406 933 3476 seraphim
952 3402 1150 3457 stabant
1168 3402 1219 3453 in
1239 3398 1454 3453 circuitu
1474 3397 1604 3466 ejus,
1620 3395 1829 3449 sezalas
1850 3392 2036 3447 habens

454 3517 576 3564 una,
609 3509 652 3554 et
682 3499 844 3551 altera
869 3510 998 3559 sex;
1027 3501 1073 3547 et
1096 3491 1295 3545 duabus
1325 3489 1529 3555 quidem
1558 3488 1652 3540 alis
1682 3486 1915 3540 vetabant
1957 3490 2037 3554 fa-

455 3591 581 3642 ciem
605 3604 623 3640 :
644 3584 842 3639 duabus
870 3599 985 3637 vero
1014 3580 1186 3651 pedes,
1220 3588 1267 3631 et
1300 3577 1495 3630 duabus
1521 3575 1777 3639 volabant,
1802 3575 1965 3644 318
1987 3583 2035 3627 et

455 3675 736 3730 clamabant
786 3674 1105 3734 alterutrum,
1154 3677 1203 3723 et
1240 3667 1470 3721 dicebant
1517 3666 1763 3731 Sanctus,
1806 3674 2030 3729 sanctus,

454 3773 660 3819 sanctus
690 3761 937 3815 Dominus
969 3758 1101 3812 Deus
1133 3755 1391 3821 Sabaoth;
1421 3756 1568 3826 plena
1602 3762 1673 3807 est
1703 3755 1866 3807 omnis
1901 3763 2036 3808 terra

454 3855 617 3925 gloria
637 3854 768 3925 ejus,
795 3858 840 3904 et
863 3851 1079 3903 levatum
1102 3856 1173 3902 est
1200 3849 1353 3900 limen
1374 3862 1439 3901 ea:
1459 3861 1577 3899 voce
1596 3861 1695 3914 qua
1722 3844 2029 3910 clamabant,

454 3956 499 4000 et
530 3947 710 3997 domus
736 3942 940 4012 impleta
962 3949 1035 3993 est
1056 3943 1220 4009 fumo.
1247 3936 1313 3991 Et
1334 3936 1443 3991 dixi
1474 3953 1489 3990 :
1521 3936 1566 3989 0
1598 3937 1746 3988 miser
1772 3952 1884 4005 ego,
1907 3952 2033 4003 quo-

454 4038 591 4089 niam
631 4039 963 4100 compunctus
1001 4045 1114 4083 sum
1156 4044 1173 4082 :
1211 4029 1332 4097 quia
1370 4043 1485 4081 cum
1523 4026 1618 4081 sim
1649 4026 1823 4091 homo,
1854 4035 1901 4079 et
1930 4027 2027 4080 int-

454 4126 645 4179 munda
664 4123 799 4177 labia
818 4122 1052 4187 habeam,
1074 4132 1125 4175 et
1148 4121 1201 4173 in
1227 4120 1393 4174 medio
1415 4116 1589 4188 pepuli
1612 4117 1874 4171 immunda
1897 4117 2034 4171 labia

453 4215 676 4267 habentis
701 4228 792 4280 ego
812 4211 1051 4278 habitem,
1076 4224 1246 4280 regem
1268 4208 1543 4262 Dominum
1565 4206 1791 4262 Sabaoth
1818 4223 1911 4277 ego
1930 4208 2033 4260 vidi

453 4306 611 4358 oculis
640 4305 781 4357 meis.
815 4300 882 4354 Et
912 4301 1092 4356 missus
1119 4308 1192 4353 est
1222 4300 1290 4352 ad
1320 4316 1399 4353 me
1426 4314 1557 4351 unus
1589 4299 1651 4351 de
1677 4297 1955 4367 seraphim,
1987 4306 2032 4350 et

454 4399 505 4449 in
528 4412 679 4449 manu
698 4394 910 4448 habebat
939 4394 1228 4457 carbonem,
1255 4408 1402 4461 quem
1430 4393 1482 4445 in
1504 4392 1699 4463 forcipe
1723 4392 1942 4458 sumpsit
1968 4391 2033 4443 ab

453 4485 639 4548 altari,
677 4495 723 4539 et
754 4484 914 4554 tetigit
940 4499 995 4537 os
1025 4499 1219 4547 meum,
1250 4493 1298 4537 et
1332 4484 1459 4535 dixit
1491 4482 1613 4534 mihi
1655 4496 1675 4535 :
1714 4480 1842 4534 Ecce
1871 4481 2031 4550 tetigit
2063 4508 2111 4567 υ

453 4576 588 4629 istud
607 4574 743 4628 labia
764 4585 870 4638 tua,
900 4583 945 4628 et
965 4575 1157 4644 auferet
1181 4574 1465 4642 iniquitates
1487 4582 1623 4637 tuas,
1648 4581 1694 4625 et
1717 4582 1921 4639 peccata
1946 4580 2033 4625 tua

453 4666 763 4718 emundabit.
786 4665 853 4717 Et
874 4681 963 4735 ego
983 4665 1149 4719 audivi
1170 4679 1336 4718 vocent
1358 4664 1580 4727 Domini,
1603 4664 1812 4717 dicentis
1830 4680 1848 4717 :
1871 4663 2033 4729 Quem

453 4757 646 4807 mittam
675 4762 722 4807 et
746 4756 858 4822 quis
884 4752 973 4806 ibit
1007 4755 1074 4807 ad
1105 4752 1349 4822 populum
1378 4752 1531 4805 istum
1555 4753 1579 4806 ?
1621 4750 1691 4808 Et
1719 4752 1826 4805 dixi
1854 4770 1871 4806 :
1902 4751 2035 4806 Ecce

452 4860 562 4913 ego,
586 4844 723 4896 mitte
745 4858 841 4895 me.
872 4841 934 4896 Et
957 4843 1087 4896 dixit
1112 4842 1238 4895 mihi
1261 4857 1279 4896 :
1320 4839 1402 4895 Ito
1427 4842 1494 4895 ad
1515 4842 1759 4911 populum
1788 4842 1961 4905 istum,
1985 4851 2033 4896 et

452 4936 533 4986 dc
563 4933 642 4988 ei:
661 4935 795 4986 Aure
814 4933 1050 4997 audietis,
1074 4942 1120 4985 et
1136 4948 1235 4985 non
1259 4932 1567 5001 intelligetis,
1586 4940 1634 4985 et
1649 4930 1870 4984 videntes
1892 4932 2030 4984 vide-

452 5026 584 5089 bitis,
612 5033 657 5079 et
679 5040 779 5077 non
807 5023 1078 5093 aspicietis.
1105 5021 1455 5076 Incrassatum
1485 5033 1554 5075 rst
1583 5024 1714 5076 enim
1742 5037 1829 5074 cor
1857 5023 2032 5093 populi

452 5118 626 5190 hujus,
646 5126 695 5171 et
721 5117 927 5169 auribus
947 5116 1051 5168 suis
1080 5116 1295 5185 graviter
1317 5115 1610 5181 audierunt,
1643 5124 1692 5168 et
1712 5115 1887 5169 oculos
1910 5130 2031 5169 suos

452 5214 763 5272 clauserunt,
789 5223 851 5259 ne
874 5209 1002 5275 forte
1024 5206 1220 5259 videant
1251 5206 1409 5259 oculis
1433 5213 1479 5259 et
1500 5205 1730 5269 credant,
1756 5215 1803 5257 et
1825 5205 2029 5257 auribus

452 5302 687 5365 audiant,
718 5308 764 5353 et
789 5298 939 5351 corde
970 5297 1283 5366 intelligant,
1314 5304 1361 5349 et
1390 5305 1760 5361 convertantur,
1782 5306 1829 5348 et
1857 5310 2028 5349 senem

452 5391 589 5446 illos.
616 5388 681 5442 Et
702 5388 842 5441 dixi:
868 5385 1135 5455 Usquequo
1157 5385 1370 5437 Domine
1390 5381 1543 5453 (lsai.
1566 5399 1639 5448 γι,
1658 5382 1745 5438 1-1
1762 5383 1838 5453 i)?
1858 5384 2026 5450 Quem

454 5482 611 5548 igitur
646 5482 786 5535 hunc
818 5493 937 5534 esse
967 5481 1183 5541 volunt,
1223 5475 1444 5529 afferant
1464 5515 1479 5539 ,
1511 5476 1693 5529 dicent
1719 5477 1860 5529 enim
1889 5474 2029 5528 forte

457 5571 664 5625 Filium.
690 5571 745 5625 ln
771 5569 1056 5638 Evangelio
1079 5568 1219 5622 enim
1245 5568 1375 5620 κατὰ
1397 5567 1618 5622 Ἰωάννην
1642 5565 1898 5632 scriptum
1922 5574 2023 5617 est:

455 5659 524 5715 Et
550 5670 810 5729 propterea
840 5676 939 5713 non
970 5664 1201 5726 poterant
1228 5655 1430 5708 credere
1457 5654 1509 5707 in
1528 5651 1727 5716 Iesum,
1749 5653 1867 5722 quia
1894 5652 2025 5705 dixit

460 5752 625 5809 Isaias
664 5750 903 5819 praphcta
931 5764 947 5806 .'
976 5747 1261 5805 Exca'cavit
1291 5762 1461 5802 eorum
1492 5746 1684 5813 oculos,
1708 5752 1753 5799 et
1781 5744 2021 5799 hebetavit

2138 3200 2225 3269 qui
2259 3199 2384 3269 quid
2429 3198 2627 3253 facient
2667 3198 2948 3254 audientes
2982 3199 3313 3255 Salvatorem
3358 3200 3620 3256 dicentem
3654 3204 3726 3258 ad

2137 3289 2427 3360 discipulos
2466 3307 2479 3342 :
2528 3289 2722 3344 Euntes
2761 3291 2934 3344 docete
2972 3307 3147 3345 omnes
3177 3300 3365 3362 g-ntes,
3410 3292 3726 3360 baptizantes

2137 3401 2221 3438 eos
2267 3386 2320 3437 in
2364 3384 2565 3437 nomine
2608 3381 2778 3436 Patris
2808 3421 2825 3447 ,
2877 3393 2925 3437 et
2968 3370 3125 3448 Filii,
3173 3392 3222 3436 et
3271 3383 3498 3453 Spiritus
3548 3387 3717 3439 sancti

2138 3477 2347 3548 (.tlatth.
2380 3491 2573 3541 sxvtn,
2602 3475 2728 3545 t9)?
2775 3491 2895 3530 cum
2926 3476 3199 3546 Scriptura
3241 3491 3346 3530 non
3375 3476 3719 3544 Trinitatem,

2135 3567 2229 3623 sed
2276 3567 2525 3621 unionem
2574 3566 2892 3621 nominaret.
2946 3567 3213 3636 Scriptum
3260 3576 3344 3621 est
3387 3570 3528 3622 enim
3556 3569 3722 3623 sicin

2136 3661 2357 3716 Actibus
2385 3660 2767 3730 apostolorum,
2801 3659 2869 3715 de
2896 3659 2979 3714 his
3001 3662 3088 3731 qui
3121 3662 3173 3715 in
3201 3660 3441 3714 Samaria
3469 3659 3725 3715 credide-

2136 3762 2254 3805 runt
2274 3793 2290 3816 ,
2331 3760 2387 3806 et
2419 3750 2669 3820 baptizati
2707 3759 2830 3805 sunt
2864 3765 2894 3804 a
2926 3749 3201 3820 Philippo,
3228 3749 3447 3804 Tantum
3478 3752 3556 3816 ba;
3577 3753 3725 3804 εἰκαιὶ

2135 3850 2279 3895 erant
2323 3841 2375 3895 in
2414 3842 2614 3895 nomine
2655 3841 2861 3895 Domini
2898 3841 3023 3894 Iesu
3065 3842 3200 3912 (Act.
3234 3856 3345 3903 vnt.
3374 3842 3487 3910 16).
3522 3842 3594 3897 De
3634 3842 3723 3898 his

2137 3947 2264 3987 vero
2288 3933 2377 4003 qui
2404 3932 2596 4000 Ephesi
2624 3947 2654 3986 a
2678 3934 2843 3989 Paulo
2874 3935 3120 4004 baptizati
3165 3945 3287 3989 sunt
3323 3954 3335 3989 :
3375 3935 3425 3988 li
3461 3951 3575 3989 cum
3621 3953 3722 3989 au-

2136 4023 2346 4091 dissent,
2379 4024 2622 4097 baptizati
2650 4037 2764 4081 sunt
2800 4028 2856 4081 in
2885 4030 3085 4082 nomine
3118 4028 3325 4082 Domini
3379 4027 3503 4083 Iesu
3529 4029 3724 4084 Christi

2141 4112 2331 4187 (Ibid.,
2361 4118 2456 4181 12;
2487 4119 2600 4173 A-t.
2632 4135 2742 4185 xu,
2774 4120 2855 4191 5).
2904 4120 3091 4176 Petrus
3136 4122 3296 4177 etiam
3331 4122 3545 4177 Iudaeos
3584 4123 3722 4178 allo-

2134 4223 2301 4274 quens
2326 4227 2339 4261 :
2366 4209 2745 4278 Paenitentiam,
2777 4212 2963 4281 inquit,
2991 4214 3141 4282 agite,
3172 4222 3218 4267 et
3244 4213 3527 4280 baptizerur
3551 4229 3713 4266 anns-

2134 4300 2345 4369 quisque
2382 4309 2596 4353 vestrum
2634 4301 2689 4354 in
2721 4303 2923 4356 nomine
2948 4301 3073 4356 Iesu
3107 4302 3294 4357 Christi
3331 4304 3382 4356 in
3422 4306 3722 4357 remiss’one

2137 4399 2459 4459 peccatorum
2487 4401 2768 4445 vestrorum
2799 4393 2935 4463 (Act.
2965 4411 3024 4462 ιι,
3056 4396 3170 4464 38).
3219 4395 3255 4448 li
3287 4411 3405 4449 cum
3436 4396 3714 4451 audissent

2136 4489 2192 4534 et
2224 4484 2664 4549 comprobassent
2709 4492 2982 4539 sermones
3009 4486 3159 4554 ejus,
3200 4486 3446 4554 bapt'sati
3482 4498 3626 4549 sunt,
3659 4505 3710 4547 et

2140 4572 2330 4626 addita:
2357 4583 2476 4627 sunt
2503 4574 2558 4626 in
2587 4576 2670 4629 die
2695 4576 2785 4629 illo
2815 4576 2998 4630 animo:
3024 4579 3169 4648 quasi
3206 4579 3304 4630 tria
3334 4578 3497 4632 millia
3529 4577 3716 4647 (Ibid,

2140 4661 2254 4731 tl).
2286 4661 2531 4731 Nunquid
2564 4667 2998 4732 praevaricatores
3032 4667 3264 4721 mandati
3294 4668 3587 4721 Salvatoris
3627 4668 3715 4722 ei-

2140 4751 2264 4806 fecti
2289 4754 2452 4806 sunt?
2490 4764 2547 4807 et
2573 4764 2759 4807 contra
2788 4755 3127 4811 traditionem
3153 4756 3444 4811 Salvatoris
3483 4756 3717 4826 baptiza-

2141 4852 2330 4896 verunt
2354 4849 2553 4896 tantam
2575 4844 3003 4900 multitudinem?
3025 4847 3136 4901 Non
3161 4847 3302 4901 enim
3327 4847 3582 4917 scriptum
3607 4854 3713 4911 est,

2140 4931 2260 4999 quia
2286 4932 2686 5001 baptizaverunt
2715 4937 2764 4988 in
2796 4938 3011 4992 nomine
3040 4939 3230 5002 Patris,
3258 4948 3312 4993 et
3339 4938 3480 5007 Filii,
3514 4949 3563 4993 et
3589 4938 3711 5006 Spi-

2139 5024 2271 5077 ritus
2314 5024 2508 5089 sancti,
2554 5026 2647 5079 sed
2699 5034 2904 5081 tantum
2958 5027 3007 5081 in
3057 5028 3269 5082 nomine
3314 5029 3521 5083 Domini
3560 5028 3711 5083 Iesu.

2134 5111 2378 5181 Nunquid
2426 5128 2555 5182 ergo
2598 5117 2924 5182 praevaricati
2982 5118 3144 5171 sunt?
3188 5117 3359 5171 Absit.
3405 5118 3533 5171 Nam
3584 5116 3713 5170 licet

2135 5202 2251 5257 Filii
2276 5202 2466 5258 nomen
2491 5204 2857 5259 tantummodo
2876 5205 3101 5274 dicatur,
3124 5206 3283 5261 habet
3306 5217 3479 5262 tamen
3499 5207 3708 5261 Patrem

2133 5301 2187 5347 et
2208 5292 2459 5360 Spiritum
2488 5308 2671 5348 secum
2701 5296 3097 5363 pronuntiatum
3116 5341 3129 5362 ,
3164 5296 3298 5349 sicut
3331 5296 3382 5349 in
3412 5295 3707 5362 Scripturis

2133 5385 2330 5437 sanctis
2365 5385 2734 5452 probavimus.
2780 5386 2960 5454 itaque
2998 5395 3053 5440 et
3081 5387 3309 5455 Spiritus
3356 5396 3573 5440 sanctus
3609 5386 3708 5439 Sa-

2135 5473 2292 5526 baoth
2315 5474 2529 5538 dicitur,
2552 5483 2605 5528 et
2626 5483 2706 5528 est
2729 5490 2845 5528 cum
2872 5476 2978 5530 Deo
3002 5485 3055 5530 et
3079 5490 3199 5529 cum
3224 5476 3359 5529 Filio
3384 5488 3412 5528 a
3436 5474 3705 5541 seraphin)

2133 5561 2404 5615 adoratus.
2436 5561 2660 5629 Propter
2682 5563 2822 5632 quod
2852 5563 2967 5619 haec
2992 5575 3070 5619 ter
3095 5565 3296 5629 dicunt,
3321 5564 3562 5627 Sanctus,
3590 5580 3707 5616 san.

2132 5660 2260 5716 ctus,
2283 5659 2485 5704 sanctus
2507 5651 2659 5720 (lsai.
2680 5668 2750 5717 v1,
2775 5653 2853 5723 3),
2876 5665 2933 5708 ut
2946 5654 3257 5710 Trinitatem
3280 5655 3703 5725 pronuntiarent.

2134 5740 2282 5797 Unde
2312 5750 2367 5797 et
2389 5740 2581 5799 Paulus
2612 5742 2891 5800 Dominum
2915 5745 3093 5802 vocari
3114 5745 3367 5814 Spiritum
3393 5758 3499 5799 non
3528 5752 3702 5808 negat,
