3958 6176
312 321 402 377 δεδ
1581 319 1663 373 ΒΕ
1703 318 2072 375 TRINITATE
2113 321 2240 377 LIB.
2284 323 2395 378 xu.

3466 341 3570 397 59.6

311 435 474 488 dicens
497 430 558 483 ad
582 429 744 501 320
759 428 1069 484 Corinthios
1092 447 1104 459 ·
1133 429 1379 483 Dominus
1398 445 1512 483 vero
1531 430 1758 500 Spiritus
1779 443 1874 494 est,
1906 434 1954 492 Α
1982 446 2086 485 mat
2107 453 2199 490 nos
2232 439 2480 492 robiscum
2501 441 2551 494 in
2581 440 2802 507 Christo,
2836 453 2884 498 et
2922 447 3065 500 unxit
3093 465 3185 503 nos
3217 448 3350 504 Deus
3368 497 3382 518 ,
3405 457 3492 522 qui
3517 469 3564 512 et

311 537 350 580 rt
382 526 456 578 ubi
479 524 704 593 Spiritus
731 523 934 576 Domini
954 533 1048 588 est,
1074 523 1141 575 ibi
1171 523 1376 576 libertas
1407 521 1492 592 (11
1515 523 1634 586 Cor,
1663 539 1741 588 tu,
1767 525 1874 594 17).

311 618 363 672 Et
387 617 444 670 ad
470 617 738 668 Romanos
762 615 834 668 ait
859 631 872 668 :
901 613 1005 668 Lex
1024 623 1191 667 autem
1219 614 1430 684 spiritus
1456 616 1570 668 vitm
1597 616 1649 668 in
1677 616 1876 669 Christo

309 707 414 760 .l.su
437 708 662 758 liberavit
685 723 762 760 me
800 722 828 756 a
862 706 968 774 lege
989 705 1178 774 peccati
1202 715 1246 757 et
1271 705 1446 758 mortis
1468 705 1642 773 (Rom.
1666 706 1872 773 vmﬂ).

310 799 564 865 Qu-vmodo
600 813 728 868 ergo
758 798 869 850 ausi
901 801 1032 851 eatis
1061 796 1319 865 Spiritum
1367 807 1610 851 sanctum
1659 810 1872 851 servum

308 894 486 954 dicere,
518 889 608 957 qui
640 900 939 943 creaturam
991 888 1275 941 liberavit?
1306 887 1360 942 Si
1391 888 1536 941 enim
1571 887 1747 942 omnia
1780 903 1876 957 per

309 981 461 1051 ip~um
503 979 643 1034 facta
696 989 846 1044 sunt,
896 981 1128 1034 ostendit
1176 991 1414 1034 creatum
1462 994 1581 1033 esse
1619 979 1873 1048 Spiritum

310 1073 568 1128 sanctum?
614 1071 805 1137 Utique
825 1071 987 1124 etiam
1015 1071 1065 1124 id
1090 1069 1228 1138 quod
1271 1071 1322 1122 in
1353 1069 1651 1124 centesimo
1682 1081 1874 1123 octavo

307 1163 492 1216 decimo
527 1161 731 1229 psalmo
758 1161 1017 1228 scriptum
1047 1171 1150 1227 Bal,
1186 1160 1319 1224 Quia
1343 1161 1514 1212 omnia
1543 1160 1763 1212 serviunt
1787 1162 1876 1213 tibi

307 1255 455 1323 (Psal.
483 1268 669 1315 C\Vlll,
695 1251 809 1321 91),
832 1266 1042 1306 servum
1076 1266 1193 1307 esse
1221 1252 1452 1306 ostendit
1472 1252 1726 1320 Spiritum
1753 1266 1875 1305 san-

305 1345 469 1401 ctum?
499 1344 608 1399 Sed
654 1357 824 1412 neque
867 1343 918 1397 in
958 1357 1064 1412 quo
1094 1342 1308 1410 dicitur,
1345 1344 1522 1396 omnia
1557 1357 1652 1412 per
1681 1341 1871 1396 Filium

305 1437 420 1491 iacta
448 1445 594 1500 sunt,
620 1436 852 1505 assignat
876 1435 1134 1505 Spiritum
1163 1442 1406 1489 sanctum
1435 1451 1449 1488 :
1481 1436 1594 1502 ipse
1619 1435 1762 1489 enim
1795 1445 1877 1488 est

305 1531 377 1600 qui
414 1529 648 1598 loquitur
689 1547 699 1580 :
745 1543 919 1596 neque
961 1527 1012 1580 id
1051 1527 1192 1596 quod
1243 1527 1422 1580 omnia
1471 1524 1707 1580 serviunt
1758 1526 1872 1591 tibi,

303 1637 489 1676 servum
535 1635 658 1675 esse
689 1619 926 1674 ostendit
960 1633 1102 1672 eum.
1150 1617 1401 1683 Alioquin
1434 1629 1481 1673 et
1511 1616 1704 1671 Paulus
1744 1633 1876 1684 quo-

303 1713 441 1766 modo
483 1710 785 1765 audiendus
829 1720 941 1775 est,
999 1709 1182 1764 dicens
1224 1726 1236 1761 :
1273 1708 1394 1761 Non
1436 1709 1570 1760 enim
1611 1709 1873 1777 accepistis

1979 527 2194 594 signavit
2234 546 2344 598 nos,
2370 541 2416 584 et
2439 532 2574 585 dedit
2599 539 2809 588 arrltam
2835 536 3064 602 Spiritus
3097 541 3150 592 in
3182 543 3418 597 cordibus
3446 563 3569 599 nos-

1980 617 2071 668 tris
2097 615 2180 682 (II
2211 619 2331 672 Cor.
2369 636 2405 686 ι,
2438 621 2532 690 21)
2578 623 2645 678 Ει
2690 625 2878 680 iterum
2910 629 2974 681 ad
3019 630 3279 698 Ephesios
3327 637 3442 689 ait:
3502 635 3570 691 In

1977 721 2078 770 quo
2107 709 2363 763 credentes
2393 713 2580 782 signati
2609 717 2727 768 estis
2751 716 2950 781 Spiritu
2975 723 3325 789 promissionis
3361 737 3559 794 sancto,

1977 798 2064 860 qui
2093 807 2162 850 est
2193 803 2346 852 arrhrt
2375 803 2685 859 Inereditatfs
2715 810 3130 880 nostree(l€phes.
3161 815 3302 883 ι,15)
3336 834 3347 867 :
3375 833 3564 883 magna

1981 900 2080 941 nos
2101 903 2294 957 sapere
2315 894 2486 946 sancti
2521 910 2820 965 praeparant
2858 900 2926 954 de
2967 902 3165 971 Spiritu
3192 919 3401 962 saneto.
3431 909 3564 965 Nam

1977 994 2096 1031 eum
2127 981 2288 1034 David
2317 984 2520 1040 diceret
2553 987 2602 1040 in
2635 991 2822 1057 quinto
2849 993 3060 1047 decimo
3095 1000 3340 1065 psalmo:
3389 1002 3568 1056 Domi-

1978 1087 2072 1126 nus
2102 1092 2220 1142 pars
2258 1077 2567 1133 Ira‘reditatis
2583 1099 2726 1144 meae,
2757 1094 2803 1137 et
2832 1089 3005 1140 calicis
3047 1092 3143 1140 mei
3173 1091 3345 1162 (Psal.
3369 1111 3456 1159 xv,
3484 1097 3566 1166 5).

1986 1167 2047 1219 Et
2077 1167 2251 1222 Moses
2283 1170 2547 1226 scriberet
2573 1191 2583 1224 :
2617 1173 2736 1228 Non
2760 1178 2853 1229 erit
2878 1182 3063 1245 portio,
3098 1199 3256 1252 neque
3290 1184 3564 1240 hwreditas

1977 1255 2142 1309 letifis
2173 1257 2223 1310 in
2255 1268 2434 1322 terra;
2488 1260 2738 1317 Dominus
2777 1267 2886 1336 ipse
2922 1271 3088 1337 portio
3145 1289 3318 1326 eorum
3367 1287 3459 1330 est.
3501 1278 3566 1332 Et

1981 1345 2242 1402 .leremias
2269 1351 2529 1404 clamaret
2562 1353 2729 1419 :Quia
2783 1357 2872 1424 qui
2906 1358 3158 1414 formavit
3214 1365 3391 1418 omnia
3450 1367 3564 1436 ipse

1977 1448 2059 1491 est
2091 1437 2377 1494 hmeditas
2405 1442 2562 1510 hujus
2588 1443 2772 1512 Jacob,
2800 1448 3050 1504 Dominus
3084 1468 3275 1508 nomen
3301 1467 3382 1509 est
3404 1457 3474 1511 ei.
3503 1460 3565 1513 Iit

1977 1543 2098 1581 cum
2155 1529 2440 1585 Dominum
2489 1533 2856 1591 htrredtatcm
2909 1551 3218 1597 sanctorum
3272 1545 3579 1615 Scriptum.

1977 1617 2236 1685 dieereut,
2269 1621 2468 1676 Paulus
2497 1625 2711 1678 arrham
2750 1631 3078 1687 luereditatis
3105 1647 3409 1692 sanctorum
3437 1641 3560 1709 Spi-

1979 1713 2138 1765 ritum
2172 1725 2412 1769 sanctum
2438 1734 2557 1772 esse
2588 1720 2750 1774 dixit:
2809 1721 2873 1776 In
2922 1741 3043 1792 quo,
3072 1727 3262 1797 inquit,
3305 1733 3561 1786 credentes

303 1804 513 1872 spiritum
545 1803 806 1855 servitutis
836 1803 1016 1854 iterum
1048 1802 1096 1852 in
1128 1802 1326 1862 timore,
1357 1800 1447 1853 sed
1475 1800 1739 1870 accepistis
1769 1800 1869 1866 spi-
1907 1800 1948 1858 Β
1978 1803 2167 1868 signati
2195 1807 2312 1858 estis
2339 1807 2537 1876 Spiritu
2560 1814 2910 1879 promissionis
2947 1830 3143 1886 sancto,
3171 1824 3256 1890 qui
3286 1834 3358 1877 est
3404 1828 3562 1880 ari-Im

300 1897 434 1947 ritum
453 1894 747 1963 adoptiouis
769 1894 994 1959 ﬁliorum
1018 1893 1066 1945 in
1091 1909 1190 1957 quo
1212 1891 1515 1960 clamamus,
1539 1894 1694 1953 Abba,
1720 1891 1873 1946 Pater

301 1987 457 2060 (Itoni.
477 2001 599 2054 vm,
627 1985 748 2053 I5)?
773 1985 952 2054 Itaque
975 2001 1073 2038 nec
1093 1999 1280 2039 servus
1305 2000 1403 2039 nec
1425 1986 1627 2040 creatio
1644 1985 1872 2055 Spiritu.-

301 2087 494 2133 sanctus
525 2093 650 2131 esse
677 2075 920 2131 (iUCt‘IUI'.
951 2076 1054 2131 Sed
1081 2092 1174 2131 vos
1197 2086 1251 2131 et
1274 2092 1548 2139 carneum,
1579 2088 1627 2130 et
1659 2093 1870 2132 servum

299 2187 401 2225 eum
430 2186 552 2225 esse
590 2171 877 2239 infamatis,
911 2185 1029 2225 eum
1065 2187 1177 2226 non.
1201 2173 1376 2226 solum
1405 2173 1540 2226 liber
1570 2173 1660 2239 sit,
1695 2175 1788 2228 sed
1819 2185 1874 2230 et

298 2272 532 2313 creatura:
569 2260 873 2314 libertatem
907 2261 1180 2331 largiatur,
1222 2264 1361 2315 sicut
1399 2265 1650 2330 superius
1681 2265 1873 2332 proba-

296 2351 463 2404 vimus.
513 2350 589 2405 Et
628 2366 839 2404 rursum
883 2350 1076 2406 Paulus
1117 2352 1346 2405 scribit:
1385 2342 1664 2406 Divisiones
1704 2365 1872 2408 autem

297 2443 521 2494 donorum
578 2451 730 2506 sunt,
781 2442 913 2493 idem
961 2456 1073 2494 vero
1132 2441 1360 2512 Spiritus
1407 2441 1458 2514 (Ι
1501 2442 1616 2497 Cor.
1655 2461 1760 2512 xu,
1791 2445 1870 2514 4).

302 2531 376 2596 Et,
402 2534 587 2588 Omnia
613 2542 782 2586 autem
807 2532 914 2585 liae
955 2541 1195 2603 aperatur
1218 2551 1347 2587 unus
1372 2543 1419 2588 et
1462 2535 1594 2588 idem
1622 2536 1868 2602 Spiritus,

296 2625 502 2680 dividens
579 2627 800 2693 singulis
854 2626 984 2679 sicut
1031 2628 1136 2680 vult
1189 2624 1372 2696 (Ibid.,
1407 2626 1516 2696 11).
1594 2627 1662 2681 Et
1717 2627 1874 2681 Jesus

295 2720 390 2770 ait:
417 2717 645 2787 Spiritus
670 2716 754 2770 ubi
780 2717 883 2770 vult
909 2717 1090 2784 spirat.
1119 2717 1173 2771 Si
1205 2725 1381 2771 autem
1413 2718 1536 2772 lacit
1566 2717 1705 2788 quod
1740 2719 1868 2780 Vult,

235 2793 238 2796 Α
294 2806 381 2876 iam
409 2824 510 2861 nun
547 2818 626 2860 est
659 2822 884 2872 servus,
913 2807 1006 2862 sed
1040 2808 1196 2862 liber.
1246 2807 1400 2874 Quali
1446 2823 1571 2861 vero
1611 2818 1780 2862 tttotle
1813 2808 1871 2861 li-

294 2898 482 2952 uientur
513 2899 608 2967 qui
652 2897 934 2952 Dominum
978 2901 1212 2954 cmicstis
1254 2900 1454 2953 militia:
1497 2915 1710 2954 servum
1751 2917 1871 2954 esse

294 2990 633 3055 proﬁtentur?
689 2990 944 3044 Dominus
989 2993 1130 3044 enim
1179 2992 1429 3044 virtutum
1484 2993 1871 3060 interpretatur

293 3077 526 3133 Dominus
554 3079 826 3146 Sabaoth;
857 3081 943 3150 qui
974 3083 1153 3152 utique
1181 3083 1482 3136 libertatem
1515 3100 1618 3136 non
1648 3085 1871 3150 largitur

1982 1888 2295 1950 Ita'reditotis
2325 1907 2510 1953 nostra:
2538 1901 2754 1966 (Ep/tes.
2789 1921 2824 1970 t,
2861 1906 2945 1978 15)
2985 1928 2995 1961 :
3025 1888 3223 1967 docens
3257 1915 3559 1972 haereditari

1978 1989 2032 2061 et
2061 1999 2166 2036 non
2194 1983 2532 2044 ba-reditare.
2562 1990 2928 2050 Proiessiones
2978 2010 3281 2065 sanctorum
3312 2020 3441 2060 cons
3463 2007 3560 2062 de-

1979 2083 2114 2126 rate.
2141 2075 2230 2129 Ait
2251 2077 2392 2129 cnim
2422 2078 2580 2134 Isaias
2606 2082 2669 2134 ad
2695 2099 2788 2138 eos
2836 2087 2923 2154 qui
2972 2103 3074 2141 non
3109 2089 3368 2149 haberent
3394 2096 3561 2164 Spiri-

1978 2169 2086 2215 tum
2120 2174 2388 2232 sanctum,
2417 2177 2466 2223 et
2493 2182 2773 2239 propterea
2807 2175 3111 2245 ignorantes
3165 2198 3285 2239 esse
3318 2187 3552 2242 haeredi-

1977 2259 2139 2308 tatetn
2177 2257 2380 2311 sanctis
2429 2273 2547 2327 post
2578 2261 2736 2332 hujus
2780 2268 2964 2322 saaculi
3023 2271 3230 2326 exitum
3286 2275 3560 2335 instruens

1978 2347 2194 2412 pariter,
2227 2360 2279 2401 et
2305 2350 2489 2404 dicens
2519 2370 2531 2407 :
2565 2352 2655 2408 Est
2685 2357 2958 2413 Itwreditas
2989 2362 3263 2418 colentibus
3297 2368 3478 2436 Deum,
3503 2383 3556 2426 et

1975 2451 2060 2489 ros
2085 2438 2222 2491 eritis
2247 2441 2401 2508 justi,
2422 2443 2544 2496 dicit
2573 2445 2822 2502 Dominus
2849 2450 3000 2520 (Iani.
3037 2469 3146 2522 LIV,
3181 2458 3289 2527 Π).
3325 2460 3424 2526 Qui
3450 2463 3558 2516 siti-

1975 2527 2059 2595 tis,
2088 2531 2154 2582 ite
2171 2531 2238 2582 ad
2253 2549 2435 2602 aquam
2455 2533 2610 2604 (Isai.
2629 2553 2713 2604 ιν,
2735 2539 2804 2609 1),
2821 2542 3073 2610 Spiritum
3101 2561 3341 2602 sanctum
3367 2567 3561 2620 aquam

1976 2619 2276 2687 appellans,
2308 2623 2445 2678 sicut
2479 2629 2812 2694 postmodum
2848 2635 3266 2691 monstrabimus
3298 2654 3312 2692 :
3347 2619 3465 2694 cuin
3489 2642 3560 2696 sit

1973 2706 2131 2761 art-Ita
2166 2722 2472 2767 sanctorum
2495 2715 2849 2785 btcreditatis,
2884 2721 3022 2776 hunc
3038 2723 3293 2793 Spiritum
3316 2744 3561 2787 sanctum

1974 2806 2027 2848 et
2059 2797 2221 2852 David
2252 2803 2586 2871 signaculum
2611 2817 2663 2860 et
2685 2811 2900 2862 arrham
2945 2812 3273 2869 Ita-reditatis
3317 2835 3434 2872 cum
3467 2822 3562 2877 ha-

1975 2885 2196 2942 buissd.
2214 2891 2319 2945 Sed
2354 2893 2450 2947 hos
2471 2897 2685 2964 quidem
2710 2901 2919 2967 quinon
2944 2905 3169 2958 credunt
3192 2907 3563 2968 btereditatcm

1974 2994 2093 3060 esse
2136 2983 2357 3050 sanctis,
2393 2997 2510 3055 post
2541 2987 2695 3055 huius
2725 2990 2846 3044 vita:
2892 2996 3091 3046 exitum
3119 2997 3281 3069 322
3333 3001 3558 3058 miseros

1973 3058 2094 3123 esse
2123 3070 2275 3126 dicit.
2312 3074 2386 3128 De
2434 3091 2492 3131 se
2522 3093 2648 3131 veto
2683 3089 2734 3133 et
2763 3081 2862 3135 sibi
2917 3085 3179 3140 similibus
3224 3093 3559 3150 conlideuter

293 3182 552 3235 creaturae,
590 3171 692 3224 nisi
729 3184 871 3225 esset
902 3173 1193 3226 creatiouis
1229 3174 1482 3228 Dominus
1516 3191 1528 3227 :
1563 3174 1613 3228 in
1647 3177 1864 3230 nomine

1970 3176 2131 3230 agens
2161 3167 2238 3218 ait
2260 3165 2310 3219 in
2337 3168 2542 3236 psalmo
2561 3181 2750 3238 quarto
2776 3188 2789 3225 :
2826 3173 2978 3228 Multi
3006 3180 3215 3233 dicunt:
3248 3182 3372 3248 Quis
3394 3195 3560 3239 osten-

292 3261 413 3314 enim
439 3262 571 3316 .icsu
601 3273 654 3314 et
684 3263 914 3331 Spiritus
945 3275 1162 3318 sanctus
1185 3274 1289 3327 est,
1321 3265 1454 3318 sicut
1481 3266 1737 3321 Dominus
1763 3269 1865 3322 ait:

294 3347 571 3405 Paraclitus
620 3369 735 3406 vero
769 3353 995 3422 Spiritus
1041 3365 1284 3423 sanctus,
1326 3373 1473 3424 quem
1528 3359 1688 3433 mittet
1730 3360 1867 3413 vobis

291 3440 430 3497 Pater
457 3446 508 3497 in
539 3445 747 3498 nomine
775 3461 906 3510 meo,
939 3447 1024 3500 ille
1054 3464 1139 3501 cos
1165 3449 1362 3502 docebit
1421 3447 1603 3513 (Joan.
1640 3466 1743 3516 xlv,
1772 3452 1866 3519 ί26)

290 3551 461 3590 nomen
490 3537 694 3602 Patris,
727 3547 781 3592 et
823 3537 962 3602 Filii,
1002 3548 1056 3593 et
1083 3541 1313 3610 Spiritus
1340 3541 1534 3607 saucii,
1568 3542 1619 3595 in
1654 3558 1867 3611 propr:

289 3626 382 3678 vita
404 3639 453 3680 et
473 3627 780 3683 substantia
808 3643 1151 3696 permanens,
1175 3645 1296 3683 cum
1327 3631 1442 3700 ipse
1468 3640 1538 3685 s:t
1560 3634 1686 3686 vita.
1720 3634 1867 3685 Alio-

288 3716 362 3784 qui
393 3717 517 3785 quid
569 3716 782 3771 facietis
823 3718 1100 3773 audientes
1145 3722 1198 3772 in
1237 3720 1477 3775 Camieis
1516 3721 1864 3777 Canticorum

287 3803 610 3862 Salomonent
662 3808 978 3862 dicentem:
1031 3808 1359 3880 Unguentum
1412 3811 1635 3879 e/fusum
1687 3831 1865 3868 nomen

287 3905 433 3961 tuum,
450 3907 724 3968 prapterea
745 3899 1138 3954 adolescentulte
1154 3901 1440 3956 dilexerunt
1463 3913 1509 3958 te
1531 3902 1704 3972 (Cant.
1730 3921 1766 3969 ι,
1785 3907 1866 3975 2;?

289 3987 436 4058 Isaias
454 4008 586 4047 vero
606 4010 627 4048 :
649 3992 713 4047 Et
735 3995 885 4064 faciet
911 3993 1160 4049 Dominus
1182 3997 1410 4052 Sabaoth
1431 4001 1662 4068 gentibus
1693 4003 1744 4054 in
1768 4003 1865 4056 isto

285 4093 454 4147 monte,
479 4084 648 4137 bibent
679 4083 730 4136 in
757 4084 953 4149 latitia,
978 4085 1140 4140 bibent
1168 4088 1360 4154 uinum,
1384 4102 1643 4159 unguento
1668 4109 1863 4161 ungen-

284 4178 374 4236 tur,
401 4175 602 4226 tradent
628 4177 735 4227 nec
764 4176 934 4228 omnia
961 4177 1195 4245 gentibus
1224 4176 1378 4246 (lsai.
1411 4196 1536 4242 xxv,
1568 4181 1649 4246 6).
1678 4181 1866 4237 Nonne

281 4259 522 4329 Spiritum
567 4272 812 4318 sanctum
854 4280 963 4333 quo
995 4265 1139 4319 uncti
1169 4283 1374 4334 sumus,
1409 4281 1736 4338 unguentum
1771 4287 1864 4325 vo-

283 4357 406 4408 cavit
461 4356 773 4425 prepheta?
845 4358 1015 4424 Quem
1079 4365 1132 4409 et
1180 4357 1346 4411 David
1394 4359 1568 4414 oleum
1625 4361 1865 4415 exsulta-

282 4443 425 4499 tionis
479 4447 640 4518 321
672 4447 906 4515 appellat
951 4452 1002 4502 in
1035 4450 1445 4520 quadragesimo
1475 4464 1665 4522 quarto
1722 4455 1865 4522 psal-

1971 3250 2044 3304 di.‘
2068 3256 2209 3308 nobis
2241 3257 2399 3312 bona?
2429 3260 2703 3330 signatum
2728 3275 2803 3318 est
2849 3282 3002 3337 super
3031 3286 3124 3324 nos
3169 3273 3338 3328 lumen
3391 3280 3563 3334 vultus

1969 3347 2063 3423 tui,
2099 3347 2317 3404 Domine
2346 3344 2518 3422 (Psal.
2538 3370 2610 3420 tv,
2633 3357 2686 3427 6)
2722 3374 2734 3408 :
2767 3360 3120 3427 signatiouem
3171 3365 3354 3423 dicens
3383 3385 3408 3423 s
3431 3387 3560 3440 gna-

1970 3441 2170 3508 eulutn,
2196 3447 2336 3512 quod
2369 3449 2548 3503 lumen
2582 3452 2760 3506 vultus
2780 3443 2989 3508 Domini
3015 3471 3136 3512 esse
3159 3461 3228 3512 sit
3261 3462 3556 3528 professus.

1970 3531 2152 3602 Itaque
2184 3536 2409 3591 credant
2453 3538 2616 3593 Paulo
2658 3543 2879 3609 dicenti,
2929 3546 3129 3615 Spiritu
3183 3534 3558 3620 promisswnis

1970 3637 2154 3682 saneto
2183 3631 2420 3699 signatos
2449 3649 2570 3690 esse
2595 3651 2686 3692 ere
2709 3640 2898 3695 lentes.
2933 3641 2999 3696 Et
3052 3643 3238 3712 David,
3272 3650 3359 3715 qui
3391 3651 3555 3704 habe-

1972 3736 2046 3774 ret
2077 3725 2324 3779 eumdem
2348 3729 2595 3795 spiritum
2629 3733 2774 3798 Iidei,
2811 3736 3088 3803 psallenti:
3114 3739 3326 3796 Credidi
3353 3757 3559 3814 propter

1967 3813 2105 3880 quod
2143 3814 2346 3869 locutus
2374 3833 2488 3870 sum
2515 3819 2684 3889 (Psal.
2718 3839 2842 3889 cxv,
2878 3825 2988 3895 10).
3017 3829 3201 3886 Sciant
3231 3835 3369 3900 quod
3393 3813 3555 3890 etlu-

1969 3919 2090 3956 men
2117 3909 2294 3962 vultus
2319 3910 2529 3966 Domini
2568 3928 2690 3969 esse
2727 3917 2860 3972 dicit
2880 3919 3210 3989 signaculum
3243 3929 3381 3993 quod
3403 3947 3558 3988 acce-

1970 3999 2066 4065 pil,
2091 4001 2140 4054 id
2165 4013 2248 4058 est
2272 4005 2528 4073 Spiritum
2561 4021 2830 4078 sanctum,
2855 4016 2992 4070 adeo
3015 4028 3073 4071 ut
3126 4030 3182 4074 et
3233 4022 3428 4080 Filium
3460 4027 3541 4084 De

1969 4091 2150 4146 lumen
2182 4095 2275 4150 Dei
2303 4111 2423 4153 esse
2469 4098 2646 4154 sciens
2697 4104 2948 4172 psalleret
3003 4107 3137 4172 Deo,
3172 4111 3224 4166 in
3281 4114 3555 4172 tricesimo

1967 4184 2154 4251 quinto
2196 4189 2422 4256 psalmo,
2455 4191 2642 4248 dicens
2675 4213 2686 4247 :
2723 4194 2787 4249 In
2814 4199 3006 4253 lumine
3033 4212 3123 4255 tuo
3147 4204 3424 4260 videbimus
3464 4213 3550 4263 lu-

1967 4287 2082 4327 men
2111 4274 2283 4347 (Psal.
2316 4296 2478 4348 xxxv,
2512 4283 2622 4353 10);
2650 4284 2700 4339 id
2741 4297 2846 4352 est,
2881 4287 2932 4342 in
2952 4288 3085 4344 Filio
3113 4302 3204 4347 tuo
3251 4295 3552 4355 videbimus

1969 4364 2227 4432 Spiritum
2259 4381 2524 4426 sanctum.
2553 4375 2641 4429 Sic
2665 4387 2720 4430 et
2751 4378 2916 4434 Isaias
2943 4381 3198 4451 Spiritum
3231 4387 3322 4454 qui
3344 4392 3548 4444 sancti-

1971 4453 2092 4508 ﬁcat
2119 4472 2221 4511 non
2247 4457 2417 4514 soloin
2449 4463 2651 4530 lumen,
2691 4482 2873 4522 verum
2917 4471 3077 4525 e‘iam
3118 4453 3293 4543 ignem
3323 4479 3425 4532 scit
3449 4495 3552 4550 ap-

283 4549 360 4588 mo
401 4538 588 4593 dicens
642 4541 695 4593 in
744 4544 1149 4597 conversatione
1225 4544 1456 4599 humana
1502 4546 1798 4600 Salvatoris
1830 4566 1842 4600 :
1876 4530 1926 4590 Ῑ)
1951 4551 2170 4618 pellare,
2202 4553 2386 4609 dicens
2420 4573 2432 4608 :
2475 4556 2540 4610 Et
2565 4562 2658 4613 erit
2691 4562 2859 4618 lumen
2885 4563 3042 4635 hujus
3077 4564 3263 4634 Israel,
3278 4580 3326 4624 et
3355 4530 3550 4628 sane-tri-

287 4623 549 4698 Pwpterea
578 4631 723 4684 unxit
755 4643 800 4684 te
825 4630 984 4698 Deus,
1009 4630 1148 4687 Deus
1177 4644 1292 4689 tuus
1328 4638 1436 4690 oleo
1488 4639 1845 4692 ea'sultatiottis

281 4733 375 4782 pra:
397 4724 715 4776 consortibus
741 4725 840 4777 tuis
874 4722 1043 4793 (Ρδιιι.
1083 4742 1221 4792 xuv,
1252 4728 1330 4799 8).
1381 4729 1534 4795 Quod
1565 4745 1846 4786 assumens

279 4806 451 4864 Petrus
473 4815 584 4867 ait:
640 4811 843 4878 Iesum,
869 4817 954 4884 qui
980 4827 1051 4869 est
1090 4833 1122 4868 a
1179 4816 1465 4886 Nazaretlt,
1500 4823 1644 4873 unxit
1704 4821 1844 4876 Deus

278 4913 383 4950 eum
409 4901 459 4971 in
493 4902 694 4972 Spiritu
725 4915 904 4956 sancto
927 4913 974 4956 et
1019 4907 1201 4958 virtute
1223 4908 1364 4980 (Act.
1393 4925 1447 4975 x,
1478 4907 1592 4980 58).
1615 4911 1846 4986 Spiritus

275 4985 442 5057 itaque
471 5003 682 5047 sanctus
715 5009 835 5047 cum
866 5006 918 5048 et
970 4997 1146 5054 oleum
1181 5008 1234 5052 et
1274 5011 1600 5069 unguentum
1633 5003 1846 5071 dicitur,

276 5095 462 5136 nomen
492 5093 576 5137 est
604 5083 694 5137 Dei
728 5095 783 5139 et
815 5085 953 5147 Filii,
981 5087 1032 5140 in
1068 5090 1282 5158 propria
1315 5093 1418 5145 vita
1447 5100 1500 5146 et
1543 5093 1843 5149 subsutntia

274 5183 585 5236 permanens
619 5193 630 5228 :
664 5191 787 5229 cum
816 5179 884 5229 sit
915 5177 1052 5246 ipse,
1087 5189 1143 5233 ut
1179 5197 1340 5244 supra
1387 5182 1622 5238 diximus
1651 5199 1850 5240 secun-

270 5260 386 5314 dum
417 5269 770 5334 prophetam,
804 5281 1129 5337 unguentum
1159 5273 1384 5328 ell‘usum
1433 5291 1628 5333 nomen
1677 5289 1848 5335 tuutn.

272 5356 596 5416 Manifestqu
619 5375 703 5420 est
737 5376 916 5420 autem
945 5369 1066 5437 quia
1087 5369 1346 5438 Spiritum
1387 5384 1636 5429 sanctum
1655 5375 1841 5431 elfudit

273 5448 522 5506 Dominus
547 5457 878 5513 abundanter
899 5474 1060 5530 super
1089 5477 1181 5516 eos
1205 5465 1291 5532 qui
1314 5479 1378 5520 ex
1398 5469 1642 5534 gentibus
1669 5471 1842 5525 credi-

270 5540 475 5609 derunt;
507 5547 642 5602 sicut
671 5548 870 5616 Paulus
916 5552 1121 5607 scribit.
1167 5553 1384 5609 Etcum
1431 5563 1736 5614 unctionem
1785 5571 1842 5615 et

271 5634 592 5702 signaculum
622 5643 931 5710 habeamus;
956 5654 1010 5700 et
1036 5660 1220 5700 rursus
1244 5647 1383 5703 idem
1418 5651 1614 5706 Paulus
1658 5655 1710 5707 in
1755 5669 1841 5709 se-

273 5727 434 5783 cunda
465 5730 696 5800 Epistola
723 5740 786 5792 ad
810 5737 1112 5794 Corinthios
1139 5739 1342 5796 scribat
1371 5758 1384 5795 :
1423 5743 1524 5808 Qui
1550 5754 1718 5798 autem
1749 5749 1838 5816 [ir-

1954 4646 2122 4712 licabit
2144 4664 2257 4701 eum
2274 4651 2387 4722 igne
2413 4655 2616 4708 ardenti
2637 4654 2769 4725 (1εαὶ
2777 4699 2790 4712 .
2810 4675 2861 4723 x,
2882 4658 2996 4728 17).
3015 4661 3078 4715 Et
3093 4677 3222 4718 ecce
3239 4665 3290 4718 in
3315 4665 3540 4734 lumine,

1953 4738 2093 4806 quod
2106 4750 2185 4793 est
2200 4740 2360 4811 ignis,
2372 4749 2676 4800 sanctiﬁcat
2691 4748 2828 4802 Deus
2859 4753 3002 4805 hunc
3015 4751 3198 4819 Israel,
3213 4767 3266 4809 et
3285 4756 3551 4815 Dominus

1955 4836 2133 4882 noster
2158 4828 2294 4898 ignis
2312 4847 2632 4890 consumens
2685 4847 2790 4905 est,
2813 4840 2952 4894 sicut
2978 4839 3192 4913 Moyses
3234 4848 3307 4901 ait
3343 4867 3354 4901 :
3406 4848 3551 4906 Deus

1955 4932 2116 4978 uester
2151 4925 2287 4996 ignis
2328 4945 2625 4984 consumens
2653 4943 2724 4985 est
2749 4933 2926 5002 (Deut.
2957 4951 3028 5000 tv,
3051 4937 3166 5009 24).
3193 4938 3298 4995 Sed
3323 4951 3378 4998 et
3404 4943 3546 4999 Pan-

1959 5014 2040 5068 lus
2070 5016 2198 5071 dicit
2225 5035 2236 5071 :
2275 5017 2342 5071 Ut
2371 5020 2667 5088 ﬁatoblatio
2693 5039 2766 5093 ge:
2792 5027 2916 5078 tium
2951 5030 3545 5102 acceptabilis,sanctiﬁ—

1957 5120 2071 5170 cata
2100 5112 2152 5165 in
2177 5112 2378 5182 Spiritu
2419 5126 2595 5190 saneto
2621 5117 2800 5188 (ltum.
2835 5135 2924 5186 xv,
2960 5122 3073 5191 16).
3121 5123 3188 5178 Et
3236 5140 3340 5178 non
3389 5126 3544 5180 alter

1955 5203 2343 5270 gentes,aliter
2369 5205 2527 5261 Israel
2552 5210 2956 5266 satictilieanlur
2981 5227 3010 5268 ει
3041 5213 3320 5282 Deoquam
3343 5214 3394 5269 in
3420 5216 3543 5285 Spi-

1957 5298 2060 5351 ritu
2079 5309 2295 5377 sancto,
2315 5302 2516 5359 lumine
2551 5316 2610 5361 et
2639 5309 2760 5376 igne
2790 5311 3074 5366 existente.
3112 5312 3246 5365 Dicit
3272 5320 3453 5363 autem
3485 5320 3540 5365 et

1955 5391 2214 5457 Sapientia
2233 5393 2538 5453 Salomonis
2558 5399 2610 5453 in
2638 5400 2944 5456 Proverbiis
2973 5421 2987 5455 :
3015 5401 3131 5454 Lua:
3160 5400 3542 5471 Dominiinspi-

1955 5481 2089 5534 ratio
2114 5493 2188 5537 est
2217 5484 2503 5556 hominum,
2540 5490 2627 5556 qui
2653 5500 2909 5544 scrutatur
2928 5492 3126 5543 interna
3152 5489 3334 5542 ventris
3351 5487 3540 5557 (Prov.

1959 5571 2198 5636 xx,27).
2235 5571 2303 5627 Et
2355 5577 2699 5630 manifestum
2731 5586 2833 5645 est,
2891 5579 3010 5645 quia
3067 5579 3298 5646 Spiritus
3351 5582 3536 5636 omnia

1956 5672 2246 5726 scrutatur,
2272 5667 2719 5732 quemadmodum
2770 5669 2956 5724 scribit
2979 5669 3198 5738 Paulus,
3225 5683 3280 5729 et
3331 5682 3474 5746 quod
3505 5695 3540 5734 ι

1956 5756 2220 5825 principio
2242 5759 2472 5815 lormato
2498 5760 2689 5828 Adam,
2717 5761 2770 5815 in
2801 5760 2988 5818 faciem
3013 5765 3130 5836 ejus
3153 5769 3371 5837 spiravit
3396 5771 3537 5825 Deus
