3958 6176
441 289 541 346 527

1735 272 1957 327 \‘lGILlI
1999 269 2373 325 TAPSENSIS

3596 265 3697 319 3‘28

440 402 697 470 spiritum
726 402 990 459 sanctum,
1021 392 1157 445 sicut
1184 391 1390 460 Moyses
1412 390 1501 442 ait:
1536 387 1597 441 Et
1630 388 1833 456 spiravit
1867 384 2005 438 Deus
2037 390 2086 446 Α
2118 383 2228 437 Lua:
2256 383 2455 436 Domini
2482 380 2747 450 inspiratio
2780 389 2849 434 est
2870 382 2901 432 Ιι
2928 379 3128 432 mitium
3154 375 3334 449 (Prov.
3366 392 3457 440 xx,
3482 375 3604 447 9.7).
3639 377 3704 430 Et

438 493 490 543 in
514 491 697 558 faciem
717 485 841 539 Atla:
877 483 1257 550 inspiratioaem
1285 481 1416 539 vilw.
1440 488 1482 531 et
1511 482 1675 546 factus
1702 485 1771 529 est
1792 475 1941 527 homo
1962 476 2014 525 in

437 581 663 632 ultimam
684 578 741 629 vi.
760 585 920 628 entem
947 570 1101 642 (Gen.
1125 586 1184 634 ιι,
1218 569 1297 635 7).
1326 567 1506 635 Neque
1528 565 1575 618 id
1601 564 1741 633 quod
1758 563 2013 630 spiratum

440 676 568 720 esta
604 666 849 727 Domino,
880 661 1056 714 anima
1098 667 1199 719 est,
1231 655 1520 709 secundum
1569 653 1887 708 fabulatores
1916 651 2014 705 Ju-

439 762 603 814 dams.
637 756 844 824 Alioqui
867 752 1137 823 quomodo
1164 752 1265 805 hoc
1292 745 1431 816 quod
1454 760 1483 797 a
1533 760 1593 798 se
1624 745 1879 812 spiratttm
1909 750 2012 805 est,

443 860 578 910 Dens
603 858 705 924 igni
726 864 926 908 aeterno
949 848 1310 903 condemnat?
1340 842 1446 898 Sed
1483 841 1755 894 vivificaris
1785 838 2015 905 Spiritus

439 954 538 1009 est,
554 947 619 999 de
637 953 805 1012 qqut
823 940 1017 995 Paulus
1039 937 1143 991 ait:
1170 934 1393 1003 Spiritus
1415 946 1530 984 vero
1546 930 1761 995 viviﬁcat
1785 926 1868 999 (Il
1892 926 2011 981 Cor.

441 1054 517 1103 ιιι,
545 1040 622 1105 6);
655 1048 707 1091 ει
732 1036 952 1104 spiravit
992 1033 1134 1086 Deus
1170 1031 1222 1083 in
1256 1029 1439 1081 faciem
1491 1023 1607 1092 ejus
1664 1021 2011 1091 spirationem

443 1129 587 1190 vitae,
615 1136 669 1181 et
691 1127 860 1179 factus
884 1132 967 1177 est
999 1124 1157 1174 homo
1188 1118 1240 1172 in
1264 1117 1493 1169 animam
1524 1114 1813 1165 viventum.
1835 1109 2017 1177 Itaque

442 1218 672 1283 Spiritus
699 1222 916 1270 sanctus
942 1218 1024 1265 est
1048 1206 1276 1277 Spiritus
1311 1205 1454 1267 vitae,
1487 1216 1515 1253 a
1561 1213 1666 1268 quo
1708 1197 2015 1253 excidentes

442 1308 704 1373 nonnulli,
736 1308 976 1358 viventes
1004 1300 1198 1355 mortui
1223 1306 1369 1360 sunt,
1405 1296 1541 1348 sicut
1565 1292 1758 1345 Paulus
1782 1290 1967 1344 seribit
1997 1307 2010 1343 :

444 1398 583 1449 Nam
609 1413 718 1465 qua'
736 1396 786 1447 in
810 1393 1001 1445 deliciis
1030 1391 1154 1461 agit,
1184 1388 1347 1439 vivens
1373 1391 1574 1434 mortua
1606 1388 1675 1432 est
1708 1377 1761 1447 (I
1793 1377 1927 1431 Tim.
1961 1392 2014 1441 ν,

443 1485 779 1553 6).Alioquin
811 1479 1076 1547 quomodo
1104 1472 1399 1529 audiendus
1418 1478 1502 1523 est
1532 1470 1783 1524 Salomon
1807 1465 2011 1520 dicens:

443 1572 556 1625 Luc
574 1570 782 1623 Domini
808 1567 965 1637 323
992 1564 1202 1631 spiratio
1224 1572 1295 1615 est
1318 1558 1605 1622 hominum,
1629 1570 1743 1625 qua:
1758 1562 2017 1607 scrutatur

439 1666 643 1717 interna
669 1661 851 1713 ventris
878 1658 1057 1728 (Prov.
1080 1671 1169 1717 xx,
1190 1653 1307 1717 27),
1338 1652 1380 1703 si
1408 1650 1611 1701 animas
1634 1646 1911 1699 hominum
1935 1644 2015 1697 lu-

2118 491 2147 528 a
2178 475 2357 542 Moyse
2389 473 2628 525 instructi
2660 472 2779 540 quia
2805 470 3015 537 spiravit
3037 469 3283 521 Dominus
3307 468 3359 519 in
3372 467 3555 534 [aciem
3578 467 3704 519 Adit:

2117 566 2500 633 inspirationem
2531 563 2663 623 vitm,
2694 571 2735 614 et
2768 561 2935 630 [actus
2964 569 3034 612 est
3063 561 3214 611 homo
3241 558 3294 609 in
3347 557 3572 609 animum
3626 558 3702 609 vi-

2116 665 2309 708 ventem
2329 654 2479 723 (Gen.
2505 670 2561 717 ιι,
2597 651 2673 720 'i).
2708 652 2997 704 Audientes
3027 664 3157 703 vero
3175 658 3229 703 et
3252 648 3583 703 Salvatorctn
3620 648 3703 700 di-

2116 755 2323 801 centem
2352 764 2363 797 :
2401 745 2508 813 Ego
2538 761 2648 798 sum
2682 742 2979 810 vi:a(Joan.
3011 740 3526 809 xtv,6).EtPaulum
3559 741 3699 795 scri-

2116 837 2328 892 bentem
2360 852 2373 888 :
2404 836 2508 888 Leu,
2528 837 2659 888 enim
2702 834 2929 902 Spiritus
2976 833 3091 884 vita:
3143 831 3325 901 (Rom.
3356 845 3469 893 VIII,
3503 830 3584 897 2).
3636 829 3705 883 Et

2116 943 2327 983 rursum
2354 944 2366 977 :
2399 926 2542 978 Misit
2574 924 2711 978 Deus
2736 924 2987 994 Spiritum
3004 919 3132 973 Filii
3154 923 3234 974 sui
3262 920 3315 972 in
3335 921 3493 972 corda
3516 929 3697 972 nostra

2118 1018 2260 1090 (Cal.
2289 1034 2365 1081 tv,
2395 1018 2473 1086 6).
2512 1016 2763 1070 Videntes
2793 1024 2972 1068 autem
3000 1015 3159 1068 etiam
3180 1011 3506 1081 unigenitum
3528 1012 3703 1066 insuf-

2114 1110 2334 1162 flantem
2367 1107 2418 1160 in
2436 1105 2631 1159 faciem
2663 1105 3027 1171 aposmlorum
3059 1108 3115 1156 et
3145 1101 3410 1155 dicentem
3438 1118 3449 1151 :
3480 1102 3703 1171 Accipite

2117 1202 2369 1270 Spiritum
2390 1209 2620 1252 sanctum
2651 1198 2834 1265 (Joan.
2865 1212 2957 1263 χχ,
2990 1195 3108 1261 22).
3163 1194 3569 1263 lnspirationem
3597 1192 3698 1260 igi-

2124 1304 2210 1346 tur
2243 1291 2384 1355 Filii,
2415 1293 2466 1342 in
2514 1290 2724 1358 propria
2779 1288 2884 1342 vita
2927 1297 2981 1341 et
3030 1285 3323 1341 substantia
3370 1294 3699 1348 manentem,

2117 1380 2373 1447 Spiritum
2404 1394 2524 1433 esse
2572 1378 2881 1443 doceamur,
2908 1386 2963 1431 et
3009 1390 3181 1445 neque
3231 1375 3492 1443 genitum,
3527 1388 3702 1442 neque

2115 1480 2355 1547 creatum
2384 1483 2507 1523 esse
2529 1483 2557 1521 a
2592 1469 2731 1522 Filio
2757 1468 3059 1532 credamus,
3095 1481 3431 1534 nequaquam
3458 1467 3701 1533 unigeni-

2117 1568 2225 1612 tum
2261 1557 2451 1611 Filium
2481 1558 2765 1611 credamus
2794 1571 2913 1612 esse
2957 1555 3233 1625 Spiritum,
3295 1564 3350 1608 et
3401 1555 3541 1622 quod
3595 1569 3701 1608 non

2115 1648 2185 1702 sit
2216 1647 2437 1701 verbum
2469 1645 2609 1710 Filii;
2641 1646 2879 1714 genitum
2906 1660 3033 1699 vero
3055 1659 3084 1697 a
3106 1644 3215 1697 Deo
3256 1641 3490 1696 Verbum
3542 1657 3700 1697 suum

442 1774 473 1809 n
498 1771 562 1809 en
595 1752 689 1806 Dei
711 1765 828 1805 esse
857 1746 1054 1811 dicitis,
1102 1743 1202 1798 nisi
1235 1741 1494 1811 Spiritum
1548 1744 1792 1789 sanctum
1839 1735 2015 1788 lumen
2049 1749 2095 1808 Β
2124 1738 2174 1790 in
2205 1738 2419 1806 propria
2450 1738 2554 1789 vita
2582 1736 2945 1789 etsubstantia
2979 1748 3317 1801 permanens,
3350 1747 3469 1785 cum
3493 1731 3607 1801 ipse
3632 1735 3701 1788 sit

442 1848 537 1902 Dei
560 1840 956 1901 confiteamini?
983 1839 1085 1894 Sed
1110 1836 1515 1903 instiirationem
1548 1828 1665 1884 Filii
1694 1827 2012 1883 essecreda-

442 1942 527 2003 tis,
559 1938 769 1992 dicente
791 1933 1005 2001 Moyse:
1044 1916 1419 1997 SpiravitDeus
1440 1922 1490 1973 in
1512 1916 1827 1989 faciemAdte
1855 1916 2015 1986 inspi-

438 2029 686 2082 rationem
714 2024 829 2076 vita:
872 2018 1023 2091 (Gen.
1050 2031 1110 2079 II,
1138 2016 1217 2082 7).
1249 2012 1310 2065 Et
1338 2009 1506 2062 Filius
1561 2007 1650 2060 Dei
1680 2025 1690 2057 :
1746 2004 1856 2073 Ego
1902 2021 2015 2058 sum

441 2120 542 2172 vita
570 2116 749 2186 (Joan.
770 2126 878 2175 χιν,
901 2114 977 2177 b).
1011 2104 1117 2161 Sed
1140 2113 1193 2157 et
1232 2100 1489 2169 sapientia
1519 2094 1818 2152 Salomonis
1848 2094 2015 2149 intro-

444 2184 644 2263 ducens
671 2202 1005 2258 Salvatorem
1046 2193 1173 2248 dicit
1203 2208 1216 2243 :
1250 2189 1383 2243 Ecce
1407 2188 1661 2258 proferam
1715 2184 1852 2238 vobis
1886 2199 2013 2237 mea:

436 2293 784 2366 inspirationis
814 2285 1178 2360 professionem
1227 2280 1403 2354 (Prov.
1433 2294 1470 2344 ι,
1514 2277 1628 2346 23);
1679 2276 1757 2330 sic
1787 2275 1926 2330 enim
1960 2275 2012 2327 in

440 2364 744 2441 Provetbiis
770 2380 871 2433 ait:
906 2374 1174 2444 Sapientia
1198 2374 1246 2425 in
1285 2372 1424 2424 exitu
1462 2369 1683 2431 canitur,
1722 2368 1775 2419 in
1834 2364 2014 2433 plateis

437 2493 551 2531 vero
580 2473 890 2540 ﬁducialiter
911 2468 1036 2538 agit.
1058 2463 1120 2517 In
1139 2463 1297 2535 portis
1319 2471 1487 2515 autem
1518 2460 1769 2528 potentior
1797 2458 2008 2523 assistit,

437 2567 489 2619 in
529 2564 684 2617 muris
715 2574 907 2629 quoque
930 2554 1145 2610 civitatis
1176 2552 1488 2619 conﬁdenter
1507 2551 1607 2602 ait:
1642 2548 1848 2612 Quanto
1889 2554 2014 2599 teme

437 2670 557 2724 pore
581 2652 830 2722 simplices
856 2647 1079 2701 obtinent
1094 2643 1368 2714 justitiam,
1404 2656 1503 2694 non
1534 2637 1869 2692 erubescent?
1902 2634 2012 2687 lm-

438 2745 709 2814 prudentes
747 2748 914 2791 autem
962 2732 1284 2788 contumelia:
1318 2747 1434 2784 cum
1483 2730 1582 2784 sint
1622 2727 1822 2797 cupidi,
1866 2725 2013 2792 impii

436 2832 622 2901 eﬂ'ecti,
647 2831 764 2883 odio
792 2826 1077 2879 habuerunt
1123 2836 1348 2886 sensum,
1393 2828 1442 2873 et
1473 2818 1677 2873 obnoxii
1732 2817 1856 2885 {acti
1899 2824 2013 2869 sunt

435 2918 879 2990 increpationibus.
917 2914 1048 2967 Ecce
1070 2915 1330 2981 proferam
1362 2910 1499 2963 vobis
1549 2923 1673 2961 mea:
1718 2906 2011 2976 spirationis

435 3010 818 3081 professionem,
854 3004 1039 3059 docebo
1064 3018 1149 3055 vos
1169 3017 1334 3053 meum
1364 2997 1835 3067 sermonem(Prov.
1856 2995 2009 3061 1,20-

2120 1828 2250 1880 vita.
2284 1826 2571 1894 Propterea
2606 1839 2737 1878 Vero
2774 1839 2877 1878 non
2910 1833 2992 1878 est
3014 1823 3225 1893 genitus
3258 1821 3325 1875 ab
3355 1830 3419 1875 eo
3444 1822 3697 1890 Spit-itus,

2114 1917 2236 1986 quia
2272 1931 2381 1971 non
2411 1924 2493 1970 est
2523 1914 2759 1969 Verbum
2791 1914 2924 1984 ejus.
2950 1914 3198 1967 Creatum
3230 1927 3355 1964 vero
3372 1910 3552 1964 dicere
3579 1909 3700 1978 Spi-

2114 2007 2273 2058 ritutn
2306 2013 2547 2059 sanctum
2577 2004 2723 2058 nefas
2750 2012 2851 2058 est.
2877 2002 3253 2058 Verumtamen
3289 1999 3697 2068 inspirationem

2116 2094 2233 2149 Filii
2266 2096 2355 2150 Dei
2378 2110 2499 2149 eum
2538 2109 2658 2150 esse
2709 2094 2909 2149 sanctis
2938 2092 3229 2160 Scripturis
3257 2090 3430 2145 edocti
3487 2104 3698 2145 sutnus.

2116 2183 2340 2239 Fontem
2369 2198 2496 2238 vero
2528 2182 2757 2251 Spiritus
2775 2184 2944 2236 sancti
2970 2180 3161 2235 Filium
3188 2179 3282 2234 Dei
3297 2193 3418 2233 esse
3441 2180 3695 2243 dicimus,

2116 2276 2233 2347 ipso
2264 2276 2398 2330 Filio
2430 2275 2483 2329 in
2527 2274 2758 2330 Jeremia
2783 2274 2996 2330 dicente
3021 2288 3035 2326 :
3068 2272 3188 2342 quia
3212 2272 3315 2324 duo
3344 2288 3559 2341 nequam
3574 2273 3697 2343 fecit

2114 2368 2333 2437 papulus
2371 2368 2485 2433 iste;
2542 2384 2619 2420 me
2650 2366 3024 2435 dereliquerunt
3057 2368 3250 2436 fontem
3274 2380 3422 2434 aqua:
3447 2366 3589 2427 vitae,
3649 2370 3696 2416 et

2115 2461 2350 2530 foderunt
2381 2460 2476 2512 sibi
2504 2462 2646 2514 lacus
2677 2460 2940 2525 contritas,
2964 2458 3048 2528 qui
3068 2474 3165 2510 non
3188 2462 3459 2525 potuerunt
3505 2468 3697 2522 aquam

2113 2560 2321 2621 portare
2344 2551 2560 2623 (Jerem.
2592 2567 2649 2616 ιι,
2675 2550 2786 2618 15).
2814 2553 2961 2619 Aqua
2995 2564 3125 2603 vero
3147 2548 3264 2600 viva
3312 2544 3538 2613 Spiritus
3565 2559 3693 2597 san-

2115 2652 2257 2706 ctus,
2281 2642 2421 2696 sicut
2441 2641 2675 2695 Joannes
2705 2639 2884 2693 docuit
2908 2637 3109 2692 dixisse
3137 2635 3469 2691 Salvatoretn
3507 2633 3572 2685 ad
3596 2632 3695 2686 Sa-

2115 2734 2430 2787 maritanam
2458 2728 2738 2786 mulierem
2773 2749 2784 2781 2
2813 2729 2873 2785 Si
2913 2730 3066 2782 scires
3096 2727 3286 2780 donum
3319 2724 3436 2790 Dei,
3492 2733 3537 2777 et
3580 2722 3691 2794 quis

2113 2834 2187 2878 est
2207 2823 2292 2891 qui
2314 2822 2434 2874 dicit
2462 2821 2584 2886 tibi,
2616 2822 2683 2875 da
2724 2819 2852 2872 mihi
2878 2818 3063 2880 bibere,
3094 2825 3149 2869 tu
3175 2817 3344 2883 utique
3394 2813 3599 2881 petisses
3629 2811 3694 2863 ab

2114 2927 2192 2975 eo;
2215 2922 2259 2965 et
2288 2912 2506 2965 dedisset
2528 2910 2617 2963 tibi
2645 2925 2834 2978 aquam
2863 2908 3026 2961 vivam
3049 2904 3231 2977 (Joan.
3264 2918 3338 2970 tv,
3365 2902 3558 2972 IO).Et
3576 2918 3696 2956 rur-

2115 3014 2232 3053 sum
2260 3016 2273 3052 :
2307 2998 2603 3066 Quicunque
2652 2997 2831 3050 biberit
2869 3012 2932 3049 ea:
2959 3011 3115 3066 aqua,
3136 3009 3290 3063 quant
3313 3009 3403 3063 ego
3449 2994 3495 3046 ei
3534 2994 3694 3056 dabo,

434 3100 546 3171 25).
574 3101 639 3153 Et
666 3097 825 3151 Isaias
848 3088 1562 3163 prmdicansSpiritussancti
1577 3088 2005 3157 promissionem,
2036 3103 2081 3163 ε
2116 3104 2217 3141 non
2251 3089 2383 3141 sitiet
2412 3089 2463 3140 in
2490 3096 2736 3141 a‘ternum
2777 3085 2963 3156 (Ibid.,
3005 3085 3114 3153 l3).
3170 3083 3300 3139 Natu
3319 3092 3374 3137 et
3412 3083 3464 3137 in
3516 3083 3696 3137 medio

433 3193 510 3244 sic
539 3190 649 3243 ait:
681 3184 817 3237 Dixit
846 3181 1096 3235 Dominus
1122 3180 1209 3247 qui
1231 3179 1349 3247 fecit
1376 3178 1575 3243 caelum,
1605 3187 1649 3232 et
1678 3176 1837 3246 aﬁixit
1852 3175 2005 3242 illud,

434 3284 523 3352 qu!
549 3276 785 3333 solidavit
807 3284 1015 3335 terram,
1046 3281 1092 3323 et
1123 3287 1237 3341 qua!
1252 3272 1305 3323 in
1328 3285 1387 3323 ea
1414 3278 1575 3322 sunt:
1613 3268 1700 3337 qui
1728 3267 1817 3319 dat
1844 3266 2009 3336 inspi-

434 3378 684 3430 rationem
704 3358 924 3441 populo,
957 3367 1044 3436 qui
1073 3377 1147 3421 est
1175 3381 1328 3434 super
1345 3380 1478 3430 eam,
1502 3373 1547 3416 et
1560 3362 1794 3432 spiritum
1807 3360 2011 3413 calcan-

434 3469 564 3521 tibus
592 3481 703 3519 eam
734 3460 884 3533 (lsai.
926 3476 1058 3526 xui,
1090 3458 1171 3533 5).
1204 3459 1374 3511 Dicite
1409 3457 1530 3525 quis
1557 3465 1640 3509 est
1674 3454 1897 3523 populus
1920 3449 2010 3519 qui

433 3559 634 3627 accepit
652 3550 1023 3625 spirationent?
1057 3547 1303 3617 Nunquid
1333 3556 1388 3602 et
1408 3548 1493 3601 hic
1521 3546 1868 3615 spirationem
1894 3544 2011 3596 ani-

435 3664 572 3705 mam
600 3661 719 3702 esse
748 3643 978 3699 dicetis?
1024 3641 1126 3694 Aut
1152 3638 1349 3693 dabitis
1378 3636 1495 3692 sine
1537 3635 1709 3690 anima
1759 3634 2008 3703 populum

434 3754 595 3810 super
615 3750 811 3791 terram
839 3730 1171 3790 constitisse?
1199 3728 1305 3784 Sed
1335 3742 1439 3783 non
1466 3736 1548 3783 est
1572 3742 1587 3793 ;
1623 3726 2008 3796 professionem

436 3844 663 3896 namque
684 3828 919 3897 Spiritus
940 3822 1108 3878 sancti
1134 3819 1427 3889 praedicans
1442 3821 1696 3888 propheta
1721 3817 1837 3871 hinc
1859 3817 2007 3871 dicit.

436 3923 676 3989 Denique
706 3917 1026 3987 completam
1079 3911 1466 3982 professionem
1495 3924 1657 3979 super
1708 3902 1892 3963 lideles
1918 3908 2009 3977 qui

435 4016 641 4068 fuerant
665 4010 757 4064 illo
791 4018 1061 4074 tempore,
1090 4001 1304 4070 scripsit
1358 4001 1529 4056 Lucas
1559 4017 1573 4053 :
1605 3998 1673 4053 Et
1711 4014 1824 4052 cum
1873 4013 2008 4052 com-

434 4107 695 4177 plerentur
723 4103 832 4154 dies
859 4096 1299 4165 Quinquagesimre
1319 4134 1334 4159 ,
1363 4101 1507 4146 erant
1537 4093 1731 4163 pariter
1747 4107 1919 4145 omnes
1957 4092 2011 4144 in

434 4216 611 4254 unum.
634 4194 699 4249 Et
726 4196 889 4265 [actus
912 4204 980 4247 est
998 4183 1163 4247 subito
1185 4191 1384 4245 sonitus
1431 4189 1492 4242 de
1518 4189 1663 4257 caelo,
1696 4199 1932 4257 tanquam
1967 4185 2012 4237 si

434 4292 640 4359 spiritus
688 4290 948 4342 vehemens
977 4284 1193 4352 ferretur
1216 4295 1235 4334 :
1264 4288 1309 4334 et
1349 4278 1577 4349 implevit
1611 4285 1769 4329 totam
1804 4276 2010 4328 domum

434 4385 517 4438 ubi
547 4392 691 4437 erant
726 4380 949 4435 sedentes
980 4392 999 4431 :
1028 4385 1075 4429 et
1103 4376 1350 4429 viswsunt
1381 4372 1451 4425 eis
1480 4370 1653 4424 divisa:
1681 4370 1867 4440 lingua:
1897 4376 2010 4419 tan-

2114 3179 2293 3246 templi
2315 3179 2506 3232 clamat
2531 3195 2543 3229 :
2578 3177 2639 3231 Si
2665 3176 2777 3245 quis
2799 3178 2903 3230 sitit
2924 3177 3090 3229 veniat
3118 3175 3185 3227 ad
3213 3189 3312 3238 me,
3327 3182 3370 3226 et
3400 3172 3553 3225 bibat.
3592 3172 3698 3237 Qui

2111 3268 2270 3320 credit
2294 3268 2345 3319 in
2376 3282 2473 3332 me,
2502 3266 2633 3320 sicut
2661 3266 2784 3320 dicit
2813 3265 3107 3334 Scriptura,
3152 3264 3371 3331 ﬂumina
3420 3264 3483 3316 de
3523 3273 3698 3316 ventre

2110 3358 2220 3423 eius
2248 3358 2409 3426 ﬂuent
2436 3371 2581 3426 aqua:
2611 3356 2733 3409 vivae
2755 3354 2937 3425 (Joan.
2968 3368 3057 3414 vn.
3078 3354 3193 3422 37).
3220 3353 3287 3407 Et
3316 3352 3698 3420 interpretatus

2110 3456 2191 3502 est
2213 3447 2288 3501 sic
2315 3463 2329 3500 :
2374 3445 2491 3500 Hoc
2519 3459 2690 3500 autem
2744 3446 2937 3500 dicebat
2965 3448 3028 3499 de
3066 3444 3266 3513 Spiritu
3295 3454 3495 3509 saneto,
3545 3463 3697 3515 quem

2110 3536 2366 3606 accepturi
2391 3546 2537 3589 erant
2566 3537 2652 3604 qui
2680 3536 2923 3589 credituri
2946 3544 3090 3588 erant
3128 3535 3177 3586 in
3208 3549 3323 3588 eunt
3355 3532 3545 3605 (Ibid.,
3578 3536 3693 3604 59).

2112 3627 2185 3680 Ita
2216 3629 2374 3681 etiam
2400 3638 2453 3683 et
2473 3628 2635 3683 Isaias
2650 3628 2927 3681 Dominum
2952 3627 3151 3682 ddisse
3175 3628 3266 3681 ait:
3290 3627 3423 3693 Quia
3450 3644 3538 3698 ego
3562 3628 3697 3681 dabo

2109 3715 2162 3767 in
2193 3716 2278 3768 siti
2326 3731 2509 3786 aquam
2538 3717 2601 3769 iis
2630 3717 2716 3784 qui
2752 3717 2806 3769 in
2854 3716 2988 3769 sicco
3014 3716 3108 3769 iter
3142 3717 3387 3785 fecerunt,
3432 3725 3479 3770 et
3509 3732 3697 3787 ponam

2114 3804 2365 3874 Spiritum
2422 3819 2586 3859 meum
2631 3820 2786 3872 super
2844 3820 3013 3859 semen
3052 3813 3231 3871 tuum,
3291 3814 3335 3857 et
3392 3804 3700 3858 bencdictio~

2112 3911 2197 3949 nes
2258 3910 2393 3948 meas
2448 3909 2597 3963 super
2643 3894 2779 3962 ﬁlios
2830 3904 2978 3948 tuos:
3023 3905 3070 3948 et
3122 3895 3311 3948 orietur
3359 3904 3603 3963 tanquam
3644 3897 3700 3950 in

2112 4005 2247 4058 aqua
2293 3992 2465 4059 fenum
2500 4028 2516 4053 ,
2567 3988 2700 4041 velut
2747 3986 2883 4040 saliat
2930 3988 3061 4039 inter
3101 3989 3276 4056 ﬂuxus
3333 4003 3480 4055 aqua:
3533 3986 3697 4059 (Isai.

2116 4096 2260 4146 thv,
2319 4080 2398 4150 3).
2448 4080 2588 4148 Ergo
2639 4078 2918 4133 manifeste
2965 4076 3257 4145 Scripturis
3310 4077 3512 4131 sanctis
3567 4093 3698 4146 pro-

2116 4172 2385 4226 fitentibus
2415 4214 2430 4234 ,
2506 4184 2699 4238 aquam
2758 4168 2931 4222 vivam
2976 4168 3232 4236 Spiritum
3282 4181 3401 4222 esse
3440 4168 3701 4238 cognovi-

2113 4276 2251 4316 mus.
2300 4261 2459 4332 325
2492 4260 2750 4314 Dominus
2795 4274 2855 4315 se
2881 4258 3082 4315 fontem
3126 4259 3380 4328 Spiritum
3411 4273 3532 4314 esse
3562 4260 3703 4316 dixit

2116 4357 2193 4410 sic
2226 4373 2241 4409 :
2276 4354 2358 4408 Me
2386 4355 2775 4423 dereliquerunt
2807 4355 2994 4424 fontem
3030 4367 3176 4421 aqua
3214 4354 3338 4405 viva:
3376 4349 3588 4422 (Jerem.
3616 4369 3657 4407 ιι
3682 4393 3699 4419 ,

434 4490 585 4544 quam
605 4473 761 4541 ignis,
786 4478 833 4522 et
862 4468 991 4521 sedit
1022 4482 1175 4534 super
1206 4476 1604 4531 unumquemque
1625 4475 1818 4522 eorum,
1846 4469 1893 4511 ει
1910 4473 2008 4510 εωο
2042 4473 2088 4533 υ
2118 4453 2231 4515 15).
2263 4452 2352 4507 Sic
2377 4460 2431 4505 et
2456 4451 2626 4505 David
2655 4459 2839 4505 cantat
2867 4451 2919 4503 in
2949 4450 3224 4504 tricesimo
3251 4448 3438 4517 quinto
3465 4447 3699 4517 psalmo,

436 4573 615 4634 perunt
647 4562 782 4631 loqui
812 4561 961 4612 variis
992 4557 1180 4627 linguis
1204 4553 1588 4623 proutSpiritus
1628 4559 1831 4604 sanctus
1858 4547 2011 4601 dabat

437 4656 772 4727 pronuntiare
788 4650 1011 4719 eislAct.
1043 4665 1100 4713 ιι,
1136 4647 1213 4717 1).
1245 4643 1419 4702 Simili
1445 4642 1604 4698 modo
1648 4656 1873 4711 magnus
1920 4640 2011 4694 ille

439 4748 532 4802 Job
553 4745 808 4798 adversus
831 4743 1032 4794 amicos
1053 4752 1196 4803 suos,
1230 4749 1349 4791 cum
1377 4742 1560 4788 essent
1589 4731 1787 4801 Spiritu
1826 4738 2011 4785 sancto

435 4835 647 4906 privati,
683 4841 738 4887 et
768 4831 901 4896 nihil
923 4842 1111 4884 verum
1143 4828 1409 4889 dicerent,
1452 4838 1627 4893 neque
1664 4823 2009 4892 Opinarentur

431 4944 489 4982 se
515 4936 639 4979 ante
668 4925 834 4977 Deum
892 4925 1057 4991 loqui,
1098 4920 1304 4975 aiebat:
1356 4916 1545 4973 Nonne
1583 4924 1700 4969 ante
1733 4914 2007 4991 Dominum

432 5018 693 5089 loquimini
723 5014 863 5084 (Jo't.
894 5029 1009 5077 xm,
1038 5014 1121 5080 '7)?
1150 5010 1213 5064 El
1237 5023 1449 5064 rursum
1478 5023 1490 5059 :
1538 5006 1640 5062 Cui
1692 5004 2011 5059 annuntiasti

433 5111 617 5167 verba?
645 5107 923 5177 lnspiratio
944 5119 1060 5157 vero
1083 5105 1227 5174 cujus
1249 5111 1341 5168 est,
1367 5114 1480 5171 qua
1502 5097 1728 5168 procedit
1752 5112 1783 5148 a
1798 5106 1843 5146 te
1857 5092 2007 5164 (Job.

433 5220 577 5265 xxw,
609 5202 692 5271 ni)?
717 5200 789 5253 Ex
823 5196 1014 5266 quibus
1061 5209 1201 5248 unus
1253 5206 1443 5261 magna
1500 5192 1723 5258 loquens
1751 5186 1962 5240 dicebat
1993 5200 2008 5239 :

433 5293 660 5359 Spiritus
684 5288 863 5357 estqui
888 5284 1187 5338 mortalibus
1229 5280 1516 5343 intercedit,
1566 5276 1833 5344 inspiratio
1890 5289 2005 5327 vero

432 5382 808 5453 omnipotentiae
828 5387 899 5431 est
918 5390 1031 5445 qua
1070 5388 1150 5425 me
1203 5372 1347 5423 docet
1377 5368 1519 5440 (Job.
1543 5382 1739 5433 χχχιιι,
1762 5366 1845 5434 4).
1874 5366 2011 5419 0m-

432 5477 674 5541 nipotens
725 5483 901 5525 autem
966 5468 1129 5521 Filius
1160 5462 1276 5525 Dei,
1313 5462 1382 5515 de
1427 5474 1532 5529 quo
1577 5458 1864 5511 Zacharias
1892 5457 2007 5511 ait:

432 5561 711 5628 Propterea
738 5563 809 5613 sic
838 5560 958 5613 dicit
993 5555 1242 5610 Dominus
1288 5550 1451 5621 324
1493 5550 1834 5616 omnipotens.
1876 5546 2007 5600 Post

431 5656 647 5729 gforiam
670 5656 798 5706 ιιιὶεϋ
823 5669 900 5705 me
926 5666 1076 5720 super
1102 5657 1291 5719 gentes,
1309 5660 1422 5714 qua
1448 5659 1532 5697 vos
1562 5641 1869 5708 deprtedatte
1895 5650 2011 5693 sunt

438 5744 619 5813 (lactt.
648 5759 706 5811 ιι,
722 5745 774 5813 8)
827 5742 1140 5799 Audit-imus
1163 5741 1321 5797 etiam
1341 5737 1680 5795 Salomonem
1696 5731 1969 5788 dicentem
1996 5747 2011 5786 :

2115 4546 2297 4599 dicens
2320 4545 2384 4597 ad
2415 4543 2697 4596 Dominum
2726 4541 2892 4609 :Quia
2913 4541 3052 4612 apud
3079 4549 3126 4594 te
3152 4550 3225 4593 est
3247 4541 3360 4609 fons
3380 4540 3493 4593 vita:
3517 4535 3698 4607 (Psal.

2115 4651 2277 4703 xxxv,
2337 4635 2450 4704 10).
2494 4633 2655 4703 Igitur
2706 4641 2900 4700 pra-ter
2941 4632 3223 4686 Dominum
3269 4629 3494 4684 ostende
3531 4628 3700 4682 alium

2115 4728 2315 4782 fontem
2347 4740 2465 4781 esse
2493 4726 2637 4790 vitm,
2668 4725 2757 4794 qui
2789 4724 2929 4793 apud
2958 4737 3083 4779 eum
3110 4723 3180 4777 sit
3213 4739 3226 4775 :
3258 4736 3363 4777 non
3385 4722 3528 4778 enim
3560 4719 3704 4776 dixit

2117 4817 2373 4885 Quoniam
2406 4827 2459 4871 tu
2485 4833 2535 4871 es
2567 4818 2679 4887 fons
2704 4816 2838 4880 ritte,
2869 4814 2963 4870 sed
3010 4815 3144 4881 Quia
3173 4815 3312 4885 apud
3346 4823 3395 4868 te
3429 4813 3547 4883 fons
3584 4814 3703 4868 viae

2118 4919 2211 4963 est.
2250 4908 2347 4963 Est
2388 4923 2516 4962 vero
2539 4907 2677 4975 apud
2711 4907 2899 4971 Deum,
2930 4916 2989 4961 et
3015 4914 3097 4961 εει
3124 4906 3288 4960 Filius
3320 4905 3437 4961 fons
3461 4907 3703 4960 existens

2114 5001 2365 5071 Spiritus,
2397 5002 2464 5054 de
2492 5005 2597 5069 quo
2626 5000 2821 5053 Paulus
2845 5000 2910 5051 ad
2951 4998 3226 5053 Romanos
3269 4995 3456 5051 scribit
3482 5014 3495 5048 :
3526 4996 3704 5065 Spiri-

2113 5105 2192 5147 tus
2222 5108 2336 5146 vero
2364 5094 2478 5145 vitm
2500 5100 2710 5162 prapter
2725 5092 2985 5161 justitiam
3009 5090 3187 5161 (Rom.
3219 5104 3337 5155 vni,
3367 5086 3477 5158 10).
3504 5089 3575 5142 Ita
3592 5103 3703 5143 non

2112 5185 2367 5249 alienum,
2398 5183 2490 5238 sed
2523 5182 2791 5253 proprium
2820 5181 2994 5236 Patris
3031 5195 3153 5236 esse
3188 5195 3312 5235 eum
3343 5177 3476 5233 dicit
3508 5196 3520 5232 :
3574 5194 3703 5234 nam

2112 5290 2232 5331 cum
2275 5274 2549 5343 professus
2595 5273 2821 5327 fuisset:
2859 5272 2995 5340 Quia
3025 5270 3166 5342 apud
3209 5281 3256 5324 te
3299 5279 3372 5323 est
3415 5273 3533 5338 fons
3561 5269 3703 5333 vita.

2118 5368 2394 5436 adiunxit:
2421 5364 2484 5419 In
2512 5364 2701 5418 lumine
2743 5374 2828 5418 tuo
2850 5363 3124 5417 videbimus
3145 5362 3315 5415 lumen
3339 5359 3509 5429 (Psal.
3535 5375 3702 5426 xxxv,

2120 5460 2242 5528 10);
2276 5459 2327 5512 id
2357 5467 2438 5513 est
2468 5458 2521 5511 in
2554 5457 2690 5512 Filio
2722 5465 2812 5510 tuo
2843 5454 3142 5509 videbimus
3169 5453 3452 5520 Spiritum.
3479 5452 3703 5510 Necnon

2120 5550 2279 5603 etiam
2309 5555 2365 5602 et
2388 5548 2439 5600 in
2472 5548 2688 5600 nomine
2718 5542 2929 5600 virtutis
2964 5544 3059 5599 Dei
3089 5544 3390 5613 appellatus
3418 5543 3656 5611 Spiritus
3685 5583 3702 5609 ,

2121 5650 2176 5694 et
2216 5640 2404 5700 virtus.
2438 5649 2493 5693 et
2536 5639 2793 5706 sapientia
2822 5650 2944 5692 esse
2992 5645 3339 5693 monstratur.
3383 5633 3703 5691 Audivimus

2121 5734 2264 5789 enim
2310 5731 2638 5789 Salvatorem
2666 5730 2718 5786 in
2751 5730 3060 5801 Evangelia,
3089 5730 3488 5802 promittentem
3528 5728 3699 5785 disci.
