3958 6176
300 394 391 450 52‘)

1430 370 1431 375 ‘
1482 395 1567 446 θλ
1610 392 1978 448 TRINITATE
2022 393 2147 448 LIB.
2194 394 2301 450 xu.

3422 408 3526 461 330

300 505 420 575 polis
436 502 539 556 suis
562 502 980 557 missurumcsse
1010 501 1261 573 Spiritum
1288 516 1549 564 Sanctum.
1583 508 1671 575 qui
1695 508 1839 558 dicit:
1874 512 1921 567 Λ
1950 517 2143 573 tempus
2176 508 2421 574 (Barac/t.
2454 525 2530 576 ιιι,
2570 509 2677 580 15).
2714 511 3001 566 Audien‘cs
3039 528 3164 583 erg.)
3203 514 3470 572 «licentem
3505 538 3525 575 :

294 598 353 651 Et
375 612 480 649 ecce
498 612 589 667 ego
610 596 803 648 mittam
826 596 1207 665 promissionem
1240 596 1408 650 Patris
1432 599 1526 651 mei
1556 614 1707 668 super
1736 616 1839 652 vos.

301 687 394 742 Vos
420 703 546 750 vero,
567 692 737 741 sedete
784 689 837 741 in
862 689 1077 755 ciuitate,
1122 690 1282 742 donec
1332 690 1618 744 induamini
1654 706 1715 743 ea:
1743 692 1845 744 alto

292 780 457 831 virtute
480 777 629 847 (Luc.
667 793 818 844 XXIV,
847 779 960 847 49).
994 780 1048 833 1η
1080 779 1297 834 Actibus
1329 794 1455 835 vero
1479 780 1844 850 apostoIorum

294 868 417 921 idem
441 867 695 920 Dominus
719 870 817 921 ait:
837 868 939 923 Sed
955 870 1209 940 accipietis
1227 870 1468 921 virtutum
1491 873 1847 939 supervenien-

291 966 377 1009 tcm
401 973 547 1025 super
567 972 652 1009 vos
685 958 941 1024 Spiritum
962 969 1189 1011 sanctum
1224 960 1363 1028 (Act.
1392 974 1431 1025 ι,
1462 958 1539 1029 8).
1574 959 1685 1013 Hoc
1710 973 1847 1027 quo-

291 1061 379 1114 que
404 1047 673 1115 impletum
701 1063 821 1103 esse
851 1041 1359 1118 comperiintts,sub
1386 1050 1475 1103 die
1504 1051 1842 1118 Quinquage-

291 1137 421 1190 simze
449 1151 858 1192 consummata.
887 1143 995 1195 Aut
1026 1156 1154 1210 ergo
1179 1143 1435 1197 virtutem
1470 1143 1558 1197 Dei
1588 1144 1841 1212 Spiritum

290 1236 508 1279 sanctum
526 1241 650 1280 esse
668 1230 1012 1297 proﬁtemini,
1035 1241 1124 1284 aut
1146 1232 1282 1285 sicut
1302 1232 1566 1286 Sabellius
1585 1233 1843 1302 Spiritum

291 1319 605 1385 paraclitum,
639 1333 761 1372 cum
784 1320 852 1373 sit
878 1320 1043 1374 virtus
1077 1321 1191 1385 Dei,
1227 1320 1471 1375 eumdem
1502 1322 1692 1376 Filium
1725 1339 1756 1377 e
1787 1339 1846 1379 se

290 1405 577 1471 pra-dicate.
604 1407 667 1461 Et
695 1407 874 1461 audite
894 1409 1113 1463 Paulum
1140 1408 1408 1464 dicentem
1438 1429 1451 1462 :
1485 1411 1710 1480 Spiritus
1733 1414 1846 1467 vita:

291 1496 749 1563 prop'erjustitiam
777 1497 950 1567 (Rom.
983 1512 1095 1559 \tttt,
1126 1498 1237 1566 11)).
1262 1498 1485 1554 Fontem
1511 1501 1704 1555 iterum
1728 1503 1846 1569 Spi-

290 1576 406 1637 ritus
435 1585 753 1639 iustruimnr
799 1601 917 1641 esse
950 1586 1163 1641 Filium.
1201 1588 1484 1643 Jeremiam
1530 1592 1708 1644 audite
1739 1585 1846 1644 cla;

290 1681 498 1725 [nantem
523 1684 711 1727 Culter
731 1673 978 1731 Judzeos:
1002 1677 1132 1742 Quia
1153 1679 1525 1747 dereliquerunt
1552 1697 1627 1732 me
1653 1681 1844 1749 fontem

290 1761 388 1812 eius
420 1759 699 1813 Dominum
731 1762 944 1834 (Jerem.
977 1781 1105 1828 xvtt,
1149 1765 1257 1835 15).
1294 1768 1442 1822 Alius
1468 1778 1641 1823 autem
1673 1770 1844 1836 SpII‘I'

292 1858 383 1901 lum
411 1850 688 1918 sapientiae
719 1868 839 1906 esse
868 1855 1046 1909 sciens
1076 1858 1387 1924 (secundum
1420 1859 1604 1913 Isaiam
1629 1862 1841 1930 quidem

291 1940 532 1996 dicentem
566 1961 579 1993 ι
614 1942 680 1996 Et
703 1946 975 2012 requiescet
1009 1963 1159 2016 super
1182 1963 1299 2001 cum
1328 1950 1552 2019 Spiritus
1581 1951 1692 2019 Dei,
1719 1952 1842 2020 Spi-

291 2033 401 2083 ritus
427 2032 695 2100 sapientia:
724 2044 769 2085 ct
804 2034 1085 2088 intellectus
1134 2035 1289 2104 (lsai.
1337 2054 1409 2103 XI,
1437 2039 1525 2107 9.);
1554 2044 1845 2096 secundum

291 2123 491 2179 I’aulum
518 2139 652 2179 vero
670 2126 1027 2180 scribentem:
1056 2126 1174 2182 Non
1197 2146 1334 2183 cesso
1356 2137 1545 2202 gratias
1567 2150 1717 2203 agens
1742 2135 1848 2188 Deo

290 2228 369 2278 pro
403 2214 564 2281 vobis,
611 2225 665 2266 ut
706 2214 788 2267 det
835 2218 971 2270 vobis
1017 2218 1267 2286 Spiritum
1297 2225 1559 2289 sapientia
1586 2236 1631 2277 rt
1663 2230 1851 2280 revela-

291 2306 423 2357 tionis
457 2306 681 2377 (Ephes.
713 2322 752 2373 ι,
788 2306 894 2377 16])
928 2307 1125 2362 fontem
1164 2324 1283 2364 esse
1321 2312 1562 2379 spiritum
1594 2314 1728 2367 dixit
1758 2330 1849 2369 su-

292 2408 392 2462 pra,
408 2394 481 2447 sic
501 2395 725 2449 dicens:
748 2395 1093 2466 Dercliquistis
1113 2398 1299 2467 fontem
1315 2401 1580 2468 sapientia:
1601 2402 1847 2471 (Barac/2.

294 2496 362 2547 ut,
388 2484 494 2554 15).
528 2485 685 2551 Quod
715 2501 842 2539 vero
873 2487 1126 2556 Spiritutn
1161 2489 1247 2542 hic
1273 2491 1585 2559 sapientiam
1616 2495 1850 2562 appella-

291 2575 427 2639 verit,
470 2574 823 2630 manifestum
867 2586 1033 2631 estex
1065 2578 1255 2647 quibus
1302 2581 1452 2634 dicit.
1483 2581 1611 2635 Nam
1643 2599 1762 2637 rum
1796 2587 1848 2640 in

291 2675 414 2715 terra
448 2664 834 2719 Chatdaaorum
876 2676 1018 2721 esset
1050 2670 1307 2736 populus,
1339 2680 1392 2724 et
1422 2686 1542 2725 cum
1586 2672 1850 2731 Chaldteis

290 2764 710 2820 com-crsuretur,
724 2757 802 2811 eis
814 2757 904 2825 qui
926 2774 1027 2811 non
1046 2758 1297 2814 haberent
1316 2760 1568 2828 Spiritum
1585 2774 1849 2833 Sanctum,

300 2848 381 2899 sed
430 2848 726 2902 carnaliter
757 2849 969 2916 quidem
1000 2849 1237 2903 viverent
1268 2862 1484 2919 peccato
1504 2892 1517 2913 ,
1551 2852 1712 2924 326
1738 2872 1852 2911 mo-

291 2947 517 2990 rercutur
541 2937 933 3005 verojustititc,
950 2947 1003 2992 et
1030 2938 1399 2994 Iraudarentur
1415 2942 1613 3010 Spiritu
1642 2957 1847 3014 sancto,

292 3030 605 3095 querebatur
647 3044 768 3083 cum
801 3029 1079 3098 lacrymis,
1110 3030 1333 3085 dicens:
1368 3032 1504 3098 Quid
1529 3044 1603 3086 cst
1638 3034 1850 3108 (Israel)

292 3120 411 3188 quod
436 3122 487 3172 in
520 3131 660 3172 terra
675 3120 993 3173 inimicorum
1018 3136 1090 3182 es,
1119 3134 1164 3172 et
1190 3121 1471 3174 inveterasti
1496 3122 1548 3175 in
1571 3135 1703 3177 terra
1728 3129 1851 3179 alie-

293 3226 367 3273 na,
397 3212 758 3280 coinquinatus
782 3228 835 3265 es
866 3228 979 3264 cum
1006 3213 1239 3277 mortuis,
1271 3213 1540 3281 deputatus
1567 3230 1619 3269 es
1648 3232 1764 3269 cum
1790 3219 1851 3271 iis

294 3301 368 3368 qui
413 3303 463 3353 in
514 3302 720 3370 inferno
774 3301 938 3355 sunt!
975 3302 1300 3370 Dereliquisti
1353 3308 1541 3373 fontem
1570 3307 1849 3374 sapientitr.
1879 3286 1924 3347 (δ

304 3390 433 3444 Viam
456 3392 670 3446 Domini
697 3393 739 3445 si
765 3392 943 3461 fuisses
974 3393 1253 3463 ingressus,
1273 3393 1524 3449 habitares
1555 3398 1725 3466 utique
1744 3412 1857 3450 cum

295 3498 404 3551 pace
432 3484 483 3534 in
515 3492 769 3535 (uernum
808 3481 1053 3550 (Baruth.
1087 3499 1163 3546 ttt,
1197 3483 1305 3554 IU).
1335 3483 1687 3538 Considerent
1715 3488 1856 3540 enim

218 3586 221 3587 '
296 3573 418 3625 viam
446 3588 613 3642 quam
643 3574 1043 3642 dercliquerunt
1074 3574 1161 3628 lilii
1195 3574 1378 3628 lsracl.
1412 3575 1578 3629 Deum
1607 3590 1746 3643 esse,
1767 3577 1856 3647 qui

296 3664 430 3729 dicit,
454 3664 571 3733 Ego
586 3680 701 3717 sum
730 3664 1044 3727 via,fontrm
1069 3666 1189 3718 vita:
1217 3665 1267 3718 in
1294 3666 1550 3734 pr0pheta
1575 3668 1854 3736 appellari,

296 3772 438 3825 quem
457 3758 865 3825 dereliquerunt
891 3757 1084 3821 Judaei,
1101 3758 1507 3825 coinquinantes
1530 3774 1587 3813 se
1611 3774 1730 3812 cum
1762 3761 1859 3813 Ita-

299 3848 543 3918 byloniis,
578 3851 666 3917 qui
696 3857 850 3902 erant
885 3848 1079 3902 mortui
1110 3848 1328 3917 justitite
1363 3867 1375 3901 :
1410 3848 1537 3907 dum
1577 3850 1718 3904 enim
1752 3865 1859 3905 non

230 3915 245 3923 -
295 3915 479 3994 habent
506 3943 562 3991 in
586 3915 645 3992 se
678 3938 933 4007 Spiritum
964 3915 1293 4007 paraclitum,
1321 3941 1567 4009 spiritum
1597 3941 1856 4005 veritatis,

295 4034 370 4098 qui
400 4043 482 4085 est
511 4032 622 4084 vita
650 4041 706 4086 et
736 4032 965 4084 vivilicat
998 4048 1009 4081 :
1042 4033 1283 4088 viventes
1308 4033 1500 4085 mortui
1533 4043 1669 4087 sunt.
1708 4034 1859 4090 Unde

296 4130 344 4174 et
389 4122 590 4175 Paulus
642 4121 709 4174 de
743 4124 939 4175 talibus
978 4127 1163 4176 scrioit
1195 4139 1207 4175 :
1242 4123 1380 4177 Nam
1422 4126 1541 4195 qua!
1572 4128 1624 4181 in
1665 4130 1858 4185 deliciis

295 4215 389 4282 agit
420 4216 579 4266 vidua
600 4255 614 4277 ,
648 4218 816 4268 vivens
852 4230 1047 4269 mortua
1080 4227 1149 4270 est
1179 4217 1230 4287 (I
1266 4218 1395 4273 Tim.
1430 4237 1482 4288 v,
1512 4222 1588 4291 6).
1618 4225 1681 4277 Et
1709 4226 1854 4281 Sulo‘

296 4318 409 4355 mon
438 4306 637 4358 clamat
673 4323 683 4356 :
732 4306 832 4368 Qui
858 4307 909 4358 in
947 4308 1138 4360 celiciis
1184 4320 1502 4365 conversatur
1532 4329 1561 4364 a
1605 4316 1821 4380 pueritia
1843 4358 1857 4383 ,

297 4408 453 4447 servus
473 4397 606 4460 erit;
632 4398 682 4447 in
711 4398 979 4451 novissimo
997 4400 1178 4453 dolebit
1205 4402 1253 4453 in
1281 4417 1331 4454 se
1353 4401 1531 4472 (Prov.
1567 4421 1716 4469 χχιχ,
1741 4409 1857 4479 21).

296 4486 383 4551 Qui
406 4490 551 4540 enim
586 4490 636 4541 in
670 4491 869 4557 peccati
901 4488 1106 4542 deliciis
1130 4501 1309 4558 agunt,
1344 4509 1446 4547 tton
1474 4495 1695 4551 audiunt
1725 4498 1859 4551 Pau-

297 4575 392 4629 lum
425 4580 755 4632 scribentem
783 4596 794 4629 :
842 4579 961 4632 Non
992 4582 1125 4633 enim
1154 4583 1419 4649 accepistis
1449 4586 1681 4655 spiritum
1705 4588 1859 4641 servi-

298 4668 406 4718 tutis
427 4669 605 4720 iterum
624 4669 675 4720 in
706 4670 906 4735 timore,
929 4669 1016 4720 sed
1040 4671 1296 4737 accepistis
1317 4672 1549 4741 spiritum
1570 4675 1857 4745 adeptionis
1888 4656 1932 4715 Ῐ)

296 4754 509 4820 ﬁliorum
528 4759 580 4810 in
606 4774 707 4824 quo
734 4757 1034 4824 clamamus,
1062 4760 1199 4812 Abba
1222 4758 1382 4814 Pater
1403 4761 1576 4832 (Rom.
1603 4781 1715 4832 vttt,
1748 4769 1854 4838 15).

296 4842 391 4896 Sed
418 4860 537 4898 cum
568 4850 675 4900 sint
713 4848 805 4900 ﬁlii
838 4850 1060 4916 peccati,
1096 4852 1287 4904 tnortui
1340 4861 1465 4907 sunt
1489 4854 1727 4924 justitice.
1758 4860 1857 4925 Qui

296 4945 417 4988 vero
441 4936 669 5003 Spiritus
698 4938 868 4992 sancti
903 4938 1100 4993 dnttum
1132 4954 1472 5010 aecepcrunt,
1503 4947 1681 5002 dicant
1707 4967 1719 5002 :
1752 4951 1858 5007 Lex

296 5024 423 5075 enim
462 5028 672 5094 spiritus
700 5029 816 5082 vita?
842 5030 895 5082 in
938 5031 1141 5084 Christo
1167 5032 1292 5087 Jesu
1321 5036 1544 5091 liberavit
1584 5058 1662 5095 me
1689 5061 1720 5096 a
1747 5045 1856 5115 lege

294 5117 483 5179 peccati
514 5124 559 5168 et
587 5119 763 5171 mortis
795 5118 969 5188 (Rom.
1003 5136 1115 5185 vttt,
1143 5122 1223 5191 2).
1268 5125 1406 5180 Bene
1436 5128 1612 5198 itaque
1647 5132 1856 5205 Moyses

292 5202 593 5259 observavit
627 5218 683 5261 ut
712 5208 951 5264 diceret:
998 5209 1177 5279 Itaque
1215 5216 1477 5284 inspiravit
1520 5202 1768 5279 Dominus
1800 5226 1855 5280 in

292 5295 469 5360 {aciem
505 5296 628 5351 Adae
654 5300 1035 5369 inspirationem
1064 5305 1209 5371 vitae,
1250 5316 1297 5359 et
1331 5308 1495 5377 factus
1526 5322 1598 5363 est
1624 5312 1771 5369 homo
1803 5318 1856 5372 in

289 5386 513 5437 animum
554 5388 787 5443 viventem
817 5388 968 5460 (Gen.
1001 5408 1059 5457 tt,
1089 5395 1167 5463 '7).
1196 5396 1299 5464 Qui
1333 5401 1474 5453 enim
1516 5418 1619 5456 non
1659 5404 1855 5463 habent

288 5474 545 5542 Spiritum
574 5491 833 5544 sanctum,
863 5484 1101 5540 viventes
1121 5490 1312 5542 mortui
1344 5500 1485 5545 sunt.
1525 5492 1674 5549 Unde
1707 5507 1761 5551 et
1788 5498 1853 5555 ad

288 5565 450 5623 Israel
482 5571 736 5628 derelicto
765 5576 1010 5641 Domino,
1038 5581 1125 5645 qui
1157 5581 1226 5638 sit
1251 5581 1370 5637 fons
1401 5583 1523 5638 vita:
1555 5588 1852 5656 viviﬁcans,

287 5660 449 5716 dicit:
488 5663 835 5735 Dereliquistis
865 5670 1052 5737 fontem
1082 5674 1362 5741 sapientiw.
1397 5676 1545 5731 Viam
1578 5680 1786 5736 Domini
1812 5687 1858 5739 si

289 5756 469 5812 fuisses
502 5760 773 5825 ingressus,
816 5764 1259 5831 utiquaftabitares
1299 5770 1351 5823 in
1384 5787 1508 5840 pace
1533 5773 1583 5826 in
1610 5786 1854 5832 wternum

575 5854 839 5917 PATROL.
883 5858 1074 5919 LXII.

1952 595 2064 667 Ego
2100 615 2212 651 sum
2244 601 2322 651 via
2354 599 2527 669 (foan.
2561 617 2664 667 xlv,
2700 602 2756 670 6)
2791 602 2967 656 :docti
3001 606 3157 655 etiat‘it
3182 619 3207 654 a
3240 604 3527 672 Scripturis

1949 691 2150 745 Sanctis
2182 690 2377 745 fontem
2409 692 2651 758 spiritum
2678 707 2797 747 esse
2827 694 2988 747 Deum
3012 696 3099 762 qui
3132 694 3293 749 dict:
3328 695 3412 748 Me
3440 699 3514 749 de-

1949 780 2258 849 reliquerunt
2292 784 2483 850 fontem
2511 798 2655 851 aqua:
2685 784 2805 836 viva:
2838 781 3048 853 (Jerem.
3080 798 3139 846 tt,
3175 785 3293 853 I3);
3329 800 3529 853 nequa-

1950 886 2107 940 quam
2139 882 2437 925 creaturam
2471 873 2725 941 Spit-itum
2768 884 3009 928 sanctum
3052 890 3171 929 esse
3210 879 3484 945 sapiamus
3508 916 3524 940 ,

1949 961 2043 1015 sed
2071 960 2309 1030 ejusdem
2341 976 2460 1015 esse
2487 978 2607 1016 cum
2643 964 2799 1037 Patre
2828 976 2881 1019 et
2911 966 3046 1019 Filio
3073 966 3384 1021 substantia:
3425 969 3527 1021 itc-

1950 1069 2066 1107 rum
2097 1070 2161 1109 ex
2190 1054 2295 1107 alia
2340 1058 2600 1123 scriptura
2635 1057 2994 1123 probavimus,
3026 1059 3163 1113 sicut
3185 1063 3430 1127 superius
3460 1063 3525 1114 ab

1948 1142 2081 1197 Isaia
2138 1144 2394 1212 propheta
2446 1147 2743 1199 docuimus.
2797 1147 2999 1201 Scribit
3048 1160 3223 1204 autem
3267 1152 3354 1205 ille
3412 1167 3525 1205 ma-

1947 1250 2080 1303 gnus
2119 1234 2351 1290 Joannes
2404 1238 2729 1307 evangelista
2784 1238 2836 1292 in
2878 1241 3235 1311 Apocalypsi,
3291 1246 3402 1297 hate
3440 1244 3525 1297 di-

1947 1338 2076 1378 cens
2105 1344 2116 1376 :
2156 1325 2221 1378 Et
2248 1329 2464 1381 ostendt
2510 1327 2634 1380 mihi
2671 1330 2885 1397 ﬂuvium
2914 1347 3062 1400 aqua:
3095 1334 3217 1386 viva:
3247 1334 3524 1387 candidum

1945 1416 2093 1484 quasi
2119 1416 2348 1485 glaciem,
2383 1420 2720 1487 egredientem
2746 1438 2776 1472 a
2807 1422 2927 1475 sede
2956 1422 3048 1475 Dei
3079 1434 3124 1476 et
3154 1425 3284 1494 Agrti
3304 1468 3318 1490 ,
3360 1428 3525 1493 [luen-

1948 1516 2046 1558 tcm
2102 1521 2191 1575 per
2234 1508 2455 1561 medium
2509 1509 2691 1579 platea?
2735 1512 2918 1579 (Apoc.
2987 1528 3127 1575 xm,
3172 1516 3247 1585 1).
3309 1517 3527 1571 υειιιιίη

1945 1597 2103 1666 327
2132 1611 2257 1650 vero
2285 1598 2351 1652 de
2380 1615 2606 1668 superna
2635 1600 2957 1672 Jerusalem,
3011 1605 3077 1657 de
3118 1622 3217 1673 qua
3264 1611 3521 1674 scriptum

1943 1695 2100 1745 estin
2130 1693 2352 1748 Psalmis
2392 1711 2405 1749 :
2455 1693 2712 1749 Fluminis
2743 1698 2959 1766 impetus
3002 1699 3224 1767 la’tiﬁcat
3267 1702 3522 1754 civitatem

1946 1780 2042 1835 Dei
2067 1782 2238 1852 (Psal.
2269 1800 2392 1852 va,
2422 1785 2500 1854 5).
2532 1786 2680 1853 Quod
2711 1789 2753 1841 si
2778 1789 3032 1855 dixerint,
3064 1792 3188 1859 quid
3232 1806 3358 1862 ergo
3400 1797 3519 1863 quia

1952 1874 2204 1942 scriptum
2228 1885 2310 1930 est
2338 1878 2506 1947 aqua?
2534 1879 2769 1932 audiant.
2800 1880 2851 1932 ln
2878 1882 3005 1935 sede
3031 1882 3118 1935 Dei
3146 1892 3197 1936 et
3224 1884 3354 1952 Λειιὶ
3387 1901 3521 1953 aqua

1949 1975 2027 2019 est
2058 1966 2199 2030 vitm,
2230 1978 2282 2021 et
2314 1984 2432 2020 cum
2459 1984 2609 2037 aqua:
2628 1968 2746 2036 ejus
2766 1985 2990 2037 capaces
3018 1974 3177 2042 aliqui
3196 1975 3523 2040 efﬁciuntur,

1948 2063 2003 2108 et
2032 2054 2247 2109 [lumina
2276 2056 2544 2124 dicuntur,
2593 2069 2647 2112 et
2670 2059 2721 2111 in
2767 2061 2991 2128 singulis
3027 2064 3325 2132 quibusque
3354 2064 3524 2118 adim-

1950 2145 2078 2215 pleri
2106 2142 2301 2215 dicitur
2327 2147 2555 2217 Spiritus
2584 2164 2680 2203 san
2719 2158 2803 2203 tus
2836 2167 2848 2202 :
2886 2151 3026 2204 sicut
3053 2161 3107 2206 et
3145 2153 3313 2207 Filius
3345 2155 3393 2209 ei
3430 2156 3525 2207 atl-

1950 2235 2198 2303 intpletur
2228 2236 2278 2289 in
2310 2237 2553 2305 singulis,
2578 2238 2869 2292 secundum
2902 2239 3122 2295 Paulum
3154 2244 3476 2299 scribentem
3506 2265 3522 2301 :

1957 2326 2233 2382 Plenitudo
2272 2332 2383 2401 ejus
2430 2331 2550 2399 quia
2605 2332 2775 2385 omnia
2828 2333 2882 2385 in
2930 2333 3162 2387 omnibus
3217 2337 3526 2405 adimpletur

1949 2418 2172 2489 (Ephes.
2199 2435 2237 2487 ι,
2267 2421 2382 2490 25).
2417 2421 2483 2475 Et
2509 2429 2593 2476 est
2623 2422 2858 2491 quidem,
2892 2425 3102 2493 quando
3127 2426 3160 2478 ii
3191 2425 3277 2494 qui
3304 2428 3526 2496 imp'en-

1951 2521 2035 2567 tur
2061 2517 2159 2567 ista
2184 2528 2318 2582 aqua
2342 2516 2458 2567 viva
2483 2514 2697 2568 [lumina
2725 2516 3081 2584 appellantur,
3115 2517 3252 2571 sicut
3279 2519 3438 2572 David
3471 2522 3524 2573 in

1951 2605 2157 2674 psalmo
2188 2607 2536 2675 nonagesimo
2565 2608 2801 2662 secundo
2835 2608 2963 2662 dicit
2998 2627 3009 2659 :
3045 2608 3380 2663 E‘lettaverunt
3417 2613 3524 2679 [Iu-

1949 2695 2088 2747 mina
2116 2710 2280 2749 vocem
2316 2713 2484 2761 suam,
2529 2714 2559 2750 a
2587 2714 2703 2751 voce
2748 2714 2999 2768 aquarum
3034 2702 3309 2753 multarum
3352 2701 3524 2771 (Psal.

1950 2798 2077 2848 xcu,
2124 2786 2176 2850 5,
2218 2784 2297 2854 4).
2349 2785 2444 2839 Est
2486 2801 2613 2841 vero
2658 2788 2866 2855 quando
2891 2789 3109 2843 verbum
3139 2789 3419 2860 doctrinas,
3472 2801 3526 2847 et

1950 2891 2283 2943 unaqumque
2312 2877 2553 2944 Operatio
2585 2878 2802 2945 spiritus
2853 2878 3068 2932 ﬂumina
3111 2890 3390 2947 vocantur,
3441 2899 3525 2937 se-

1950 2964 2181 3017 cundum
2217 2966 2498 3019 Dominum
2540 2966 2839 3022 dicentem:
2874 2969 2971 3033 Qui
2999 2970 3156 3024 credit
3186 2972 3237 3024 in
3269 2989 3365 3039 me,
3399 2975 3526 3027 sicut

1963 3053 2091 3108 dixit
2129 3055 2418 3126 Scriptura,
2438 3058 2652 3125 fiumina
2668 3057 2729 3109 de
2754 3069 2919 3112 ventre
2932 3063 3042 3130 ejus
3056 3061 3217 3128 ﬂuent
3238 3078 3381 3130 aqum
3405 3067 3527 3119 victe

1955 3143 2133 3215 (Joan.
2166 3162 2260 3211 vtt,
2290 3146 2407 3217 ⁵58).
2461 3147 2599 3217 Ergo
2650 3164 2756 3202 non
2797 3148 2952 3216 dixit,
3006 3152 3397 3221 aquisimpleta
3421 3167 3523 3219 eSt,

1954 3252 2091 3306 aqua
2118 3238 2259 3290 enim
2292 3240 2510 3307 spiritus
2542 3239 2647 3293 vita
2671 3250 2771 3309 est,
2793 3240 2884 3294 scd
2910 3240 3102 3295 ﬂumen
3131 3242 3221 3296 Dei
3252 3244 3524 3313 impletum

1957 3336 2039 3381 est
2064 3330 2232 3396 aquis.
2264 3330 2325 3382 Et
2356 3329 2649 3383 Dominus:
2676 3330 2779 3395 Me,
2800 3330 2987 3400 inquit,
3017 3331 3384 3402 dereliquerunt
3414 3336 3529 3405 fon-

1965 3425 2064 3472 tem
2091 3435 2235 3488 aqua:
2265 3420 2385 3473 viva:
2407 3419 2616 3489 (Jerem.
2652 3436 2708 3489 tt,
2746 3421 2856 3492 15).
2896 3421 3076 3491 Itaque
3107 3424 3345 3491 ejusdem
3383 3428 3530 3481 sedis

1960 3517 2045 3563 est
2068 3526 2186 3563 cum
2220 3511 2328 3565 Deo
2354 3520 2409 3565 et
2438 3514 2587 3581 Agno
2617 3528 2752 3581 aqua
2783 3514 2926 3580 vitai,
2962 3513 3013 3567 id
3046 3522 3129 3568 est
3154 3515 3381 3584 Spiritus
3407 3534 3529 3572 san-

1959 3609 2099 3664 ctus,
2131 3602 2266 3655 sicut
2295 3600 2530 3657 Joannes
2558 3617 2659 3656 una
2687 3618 2807 3657 cum
2843 3605 2972 3658 Isaia
3000 3604 3170 3670 dixit;
3201 3616 3255 3661 et
3288 3623 3389 3662 non
3422 3623 3530 3662 ser-

1961 3705 2057 3743 vus
2083 3707 2182 3746 nec
2213 3692 2474 3760 ιιιίηἱδιιτ,
2519 3695 2658 3761 sicut
2703 3708 2795 3748 vos
2825 3694 3020 3750 dicitis.
3062 3697 3212 3763 Quod
3240 3698 3284 3752 si
3317 3714 3529 3768 perma-

1960 3797 2088 3840 nent
2119 3785 2355 3840 dicentes
2380 3797 2618 3841 creatum
2663 3787 2932 3855 Spiritum,
2984 3798 3036 3843 et
3079 3789 3358 3858 proferunt
3400 3794 3529 3848 illud

1965 3878 2106 3947 quod
2145 3879 2196 3931 in
2245 3882 2406 3932 Amos
2445 3878 2702 3948 propheta
2734 3880 2988 3948 scriptum
3020 3891 3138 3936 est:
3184 3882 3431 3953 Prwpara
3483 3897 3531 3941 te

1958 3969 2193 4021 invocare
2221 3968 2381 4021 Deum
2410 3979 2581 4034 tuum,
2626 3966 2822 4032 Israel;
2859 3973 2977 4035 quia
3016 3988 3105 4041 ego
3150 3975 3357 4041 ﬁrmans
3395 3980 3530 4030 tonio

1960 4069 2148 4123 :ruum,
2181 4068 2225 4112 et
2255 4075 2431 4112 creans
2460 4060 2716 4129 spiritum,
2760 4073 2805 4114 et
2833 4065 3139 4117 annuntians
3168 4066 3218 4117 in
3248 4065 3530 4124 hominibus

1961 4152 2217 4206 Christum
2240 4168 2388 4203 suum
2411 4151 2608 4223 (Amos,
2634 4168 2704 4218 tv,
2731 4153 2835 4224 12).
2866 4156 3096 4210 Audiam
3118 4172 3219 4210 non
3251 4158 3529 4227 deSpiritn

1960 4254 2144 4317 sancto
2177 4245 2275 4297 hoc
2305 4243 2504 4298 dixisse
2537 4243 2727 4298 Filium
2756 4246 2865 4308 Dei,
2910 4245 3001 4303 sed
3050 4248 3116 4301 de
3145 4250 3331 4316 spiritu
3387 4253 3530 4305 venti

1960 4336 2051 4404 qui
2080 4336 2366 4388 tonitruum
2397 4336 2658 4403 sequitur.
2690 4334 2871 4405 Neque
2900 4336 3049 4390 enim
3073 4340 3325 4407 praecedit
3357 4339 3527 4408 Spiri-

1964 4434 2072 4478 tum
2100 4433 2340 4478 sanctum
2367 4426 2683 4490 tonitruum,
2714 4425 2805 4479 sed
2834 4426 3078 4494 prmcedit
3101 4428 3341 4495 spiritum
3364 4446 3459 4482 ven
3492 4432 3530 4496 i,

1960 4529 2116 4583 quem
2152 4528 2336 4567 creare
2361 4527 2419 4567 se
2448 4513 2581 4567 dixit
2615 4523 2731 4582 post
2755 4515 3043 4569 tctiitruum
3073 4517 3343 4571 Dominus.
3381 4520 3530 4573 Alio-

1963 4606 2089 4673 quin
2115 4604 2290 4657 diant
2319 4620 2385 4658 an
2429 4612 2553 4659 ante
2596 4605 2853 4674 Spiritum
2895 4616 3133 4661 sanctum
3166 4610 3359 4662 crearit
3391 4613 3529 4663 tonio

1965 4704 2164 4749 truum.
2208 4694 2264 4749 Si
2299 4710 2422 4750 vero
2468 4696 2567 4750 hoc
2601 4698 2816 4764 impium
2847 4707 2928 4751 cst
2956 4699 3153 4765 dicere,
3196 4702 3531 4768 expelluntur

1961 4801 2199 4856 prorsus,
2238 4787 2326 4855 qui
2358 4786 2538 4840 dicunt
2567 4798 2806 4841 creatmn
2834 4802 2956 4842 esse
2976 4789 3229 4859 Spiritum
3259 4805 3524 4856 sanctum,

1957 4878 2207 4946 quoniam
2240 4891 2337 4931 nec
2361 4876 2428 4931 de
2453 4879 2619 4946 prima
2646 4878 2941 4944 creatione,
2972 4894 3090 4946 qua:
3118 4894 3147 4932 a
3182 4880 3314 4934 Filio
3340 4882 3430 4935 Dei
3460 4883 3531 4935 sit

1959 4976 2158 5033 creata,
2189 4968 2411 5021 tacuerit
2434 4966 2706 5036 Scriptura
2735 4984 2746 5018 :
2780 4968 2915 5021 sicut
2942 4969 3083 5022 enim
3117 4969 3282 5033 dicit,
3329 4972 3418 5041 qui
3452 4972 3530 5025 Io-

1956 5057 2136 5127 quilur
2164 5058 2227 5111 ad
2246 5057 2378 5113 Job:
2408 5056 2515 5111 Sed
2535 5073 2646 5110 ecce
2667 5058 2839 5111 bestiae
2863 5060 2998 5128 apttd
3022 5071 3069 5113 te
3088 5060 3257 5129 fenum
3285 5071 3529 5130 tant/nam

1959 5148 2102 5202 boves
2130 5149 2202 5202 ed.
2221 5156 2293 5212 nt,
2326 5159 2372 5202 et
2403 5150 2542 5217 vigor
2569 5152 2680 5221 ejus
2710 5151 2763 5202 in
2794 5150 2995 5215 lumbis,
3026 5155 3182 5203 virtus
3209 5168 3322 5206 vero
3344 5153 3393 5203 in
3418 5168 3527 5203 um-

1956 5239 2105 5292 bilico
2153 5240 2336 5293 ventris
2374 5241 2506 5306 ejus.
2559 5240 2749 5295 Statuit
2787 5242 3003 5295 caudam
3041 5244 3171 5296 sicut
3208 5259 3519 5311 cypressum,

1957 5329 2092 5379 nervi
2116 5329 2223 5397 ejus
2250 5330 2499 5399 complexi
2528 5340 2646 5382 sunt
2683 5332 2811 5383 sicut
2842 5332 3029 5401 funes:
3067 5336 3224 5385 latera
3256 5336 3364 5400 ejus
3394 5334 3529 5386 sicut

1957 5422 2117 5475 latera
2139 5424 2275 5492 teris,
2311 5434 2356 5477 et
2388 5425 2594 5478 dorsunt
2622 5428 2730 5492 ejus
2754 5426 2947 5494 ferrum
2980 5427 3148 5494 fusile.
3184 5424 3297 5477 [loc
3329 5438 3397 5478 est
3422 5429 3520 5479 ini-

1956 5515 2085 5566 tium
2115 5516 2328 5582 facturte
2348 5513 2573 5581 Domini,
2603 5517 2791 5585 factum
2812 5517 2881 5568 ad
2896 5515 3210 5567 illudendunt
3238 5518 3303 5567 ab
3328 5518 3524 5586 angelis

1957 5601 2102 5672 (Job.
2134 5622 2221 5670 XL,
2256 5609 2371 5677 10).
2422 5608 2601 5676 Itaque
2638 5607 2878 5661 diabolus
2918 5608 3077 5674 323
3117 5605 3279 5672 prima
3324 5618 3524 5662 creatto

1956 5708 2073 5749 BSSP
2111 5698 2339 5765 scriptus
2383 5710 2463 5752 est
2505 5698 2683 5752 deludi
2728 5699 2795 5750 ab
2830 5699 3034 5763 angelis
3065 5714 3076 5749 :
3111 5698 3186 5750 sic
3218 5697 3359 5751 enim
3392 5706 3520 5751 scri-

1956 5792 2102 5853 ptum
2135 5797 2216 5842 est
2242 5804 2253 5839 :
2290 5787 2401 5841 Hoc
2420 5800 2489 5841 est
2517 5790 2716 5841 initium
2742 5791 2824 5856 [ac
2849 5803 2954 5840 ura:
2982 5788 3206 5856 Domini,
3242 5794 3430 5860 factum
3456 5805 3524 5843 att

2984 5884 3048 5946 11
