4026 6176
329 359 438 414 531

1659 323 1880 382 VlGllJl
1919 316 2280 376 TADSENSlS

3487 299 3592 354 332

332 464 657 522 “ludendum
686 459 746 512 ab
775 453 966 527 angeli,
1007 449 1146 524 (101,,
1175 461 1261 512 η,
1302 445 1408 514 ιι).
1444 441 1547 495 Nos
1579 448 1756 493 autem
1787 452 1910 490 sen-
1939 445 1984 503 Α
2015 442 2094 486 est
2135 433 2186 484 in
2229 427 2462 480 animam
2505 420 2794 484 viventem,
2839 422 2894 474 et
2941 414 3146 470 habers
3171 411 3429 482 Spiritum
3460 429 3588 465 suu-

2281 517 2290 527 .
2328 515 2358 527 ..
2438 513 2494 527 μί
2587 518 2652 527 ν-.
2719 525 2736 527 _
2767 509 2844 527 ι--
2875 513 2930 527 --ι
2958 505 3300 527 ----ι--.-..,.ι
3329 500 3462 527 -..ΛΔ
3501 513 3565 527 ..η

345 575 461 613 sum
490 553 709 613 Christi,
755 547 1010 616 Spiritum
1056 546 1298 596 sanctum
1346 536 1466 588 esse
1511 531 1577 585 de
1621 527 1907 596 Scripturis
1954 562 1986 606 ι

339 648 541 704 sanctis
562 642 840 699 didicimus
859 680 874 703 ,
916 637 1053 690 sicut
1087 629 1281 686 Paulus
1305 624 1554 693 scripsit:
1587 621 1690 677 Sed
1720 619 1852 672 docti
1882 632 1912 667 a

347 739 567 809 Spiritu,
605 731 915 804 spiritalibus
952 722 1204 796 spiritalia
1250 726 1620 788 comparantes.
1663 707 1918 764 Animalis

273 811 290 823 χ
339 800 511 882 autem
539 800 684 877 homo
709 836 810 874 non
831 817 1042 888 percipit
1081 830 1142 867 ea
1182 828 1294 882 qua:
1343 819 1461 864 sunt
1508 807 1729 877 Spiritus
1781 800 1913 854 Dei:

350 920 562 976 stultitia
582 927 654 972 est
681 917 813 970 enim
841 913 907 977 ei,
932 918 977 965 et
1007 923 1108 962 non
1139 913 1299 976 potest
1333 903 1484 968 scire,
1537 899 1654 968 quia
1676 892 1919 964 spiritali-

345 1023 425 1066 ter
453 1007 769 1082 dijudicatur
795 1019 814 1057 :
843 1000 1090 1071 spiritalis
1125 1011 1238 1050 vero
1284 991 1532 1063 dijudicat
1572 985 1773 1044 omnia,
1813 982 1921 1051 ipse

347 1115 519 1157 autem
541 1118 568 1151 u
598 1100 792 1151 nemine
812 1095 1115 1167 judicatur:
1145 1088 1255 1156 quis
1283 1087 1415 1140 enim
1439 1081 1574 1136 novit
1603 1093 1801 1134 sensum
1829 1075 1928 1128 Do-

353 1198 501 1261 mini,
531 1196 616 1265 qui
645 1193 849 1246 instruit
878 1189 1023 1243 eum?
1056 1187 1162 1240 Nos
1188 1199 1305 1238 vero
1329 1197 1528 1236 sensum
1555 1177 1745 1232 Christi
1776 1174 1925 1226 habe-

356 1305 468 1342 mus
497 1286 544 1357 (ι
580 1286 701 1339 Cor.
733 1300 790 1349 ll,
826 1283 892 1337 15
912 1312 935 1321 -
963 1279 1068 1347 16).
1114 1278 1214 1332 lsle
1244 1276 1402 1345 igitur
1429 1271 1660 1340 Spiritus
1710 1277 1926 1322 sanctus

352 1393 477 1433 cum
507 1356 573 1430 ait
602 1389 790 1429 sensus
819 1371 1046 1436 Domini,
1101 1369 1151 1422 in
1209 1364 1420 1434 prapria
1465 1362 1581 1415 vitae
1631 1356 1926 1413 substantia

356 1469 612 1531 existens,
638 1464 775 1518 sicut
803 1461 1111 1529 frequenter
1137 1456 1390 1516 diximus,
1424 1450 1572 1504 novit
1599 1448 1778 1502 omnia
1810 1458 1928 1515 qua

359 1567 484 1611 sunt
513 1558 626 1621 l‘ei,
651 1555 786 1608 sicut
810 1553 1024 1622 spiritus
1052 1555 1233 1602 noster
1253 1561 1372 1616 qua:
1394 1553 1573 1598 nostra
1599 1550 1742 1596 sunt.
1777 1537 1933 1592 Deni-

352 1663 462 1719 que
497 1657 550 1703 et
577 1646 770 1701 Paulus
799 1644 909 1697 ait:
964 1641 1126 1695 Nobis
1168 1649 1338 1692 autem
1375 1635 1610 1690 revelavit
1663 1631 1796 1686 Deus
1847 1646 1935 1697 per

362 1739 617 1806 Spiritum
641 1751 786 1789 suum
809 1749 828 1787 :
861 1731 1086 1800 Spiritus
1116 1729 1250 1782 enim
1279 1726 1451 1780 omnia
1483 1730 1758 1786 scrutatur,
1785 1722 1934 1773 etiam

361 1828 619 1899 profunda
636 1826 746 1878 Dei.
774 1824 898 1888 Quis
918 1821 1054 1875 enim
1075 1819 1224 1871 homo
1257 1816 1390 1868 novit
1419 1828 1531 1882 qute
1553 1821 1668 1865 sunt
1693 1808 1929 1872 hominis,
1964 1810 2012 1870 B

359 1922 464 1974 nisi
491 1920 698 1989 spiritus
725 1917 961 1976 hominis,
992 1912 1078 1982 qui
1108 1914 1156 1963 in
1188 1911 1296 1977 ipso
1328 1908 1442 1961 est?
1481 1904 1570 1960 Sic
1596 1911 1642 1958 et
1681 1915 1791 1970 qua:
1820 1904 1938 1952 sunt

367 2011 462 2062 Dei
485 2025 628 2062 nemo
659 2007 814 2067 novit,
848 2003 944 2056 nisi
971 2001 1196 2067 Spiritus
1223 1997 1332 2049 D.i.
1369 1995 1478 2048 Nos
1507 2007 1620 2046 vero
1653 2007 1754 2044 non
1787 1986 1940 2058 spiri-

367 2111 472 2153 tum
497 2100 650 2169 hujus
680 2095 850 2150 mundi
874 2093 1177 2159 accepimus,
1208 2088 1295 2140 sed
1326 2086 1574 2155 Spiritum
1604 2083 1688 2150 qui
1732 2095 1794 2134 ea:
1836 2077 1941 2130 Deo

367 2199 462 2254 est,
487 2198 538 2241 ut
561 2188 777 2240 sciamus
806 2199 916 2250 qua:
950 2198 981 2233 a
1017 2181 1121 2232 L’eo
1148 2181 1334 2231 dona‘a
1378 2182 1495 2228 sunt
1535 2173 1710 2236 nobis;
1746 2183 1859 2238 qua:
1895 2175 1942 2220 et

370 2278 642 2349 loquimur,
669 2292 767 2330 non
791 2274 925 2327 docti
953 2271 1185 2323 humana.
1217 2265 1480 2332 sapientia:
1493 2261 1676 2326 verbis,
1702 2261 1789 2312 sed
1809 2259 1945 2311 docti

370 2389 400 2423 a
417 2370 471 2429 S,
496 2370 614 2422 iritu
637 2367 686 2438 (l
711 2365 826 2420 (ἔρι’.
854 2380 908 2427 ιι,
933 2360 1038 2431 lli).
1067 2360 1222 2414 lstum
1242 2357 1500 2425 Spiritum
1521 2362 1760 2409 sanctum
1785 2349 1945 2403 etiam

372 2459 594 2527 digitum
649 2456 740 2511 Dei
779 2467 898 2510 esse
937 2451 1191 2505 Dominus
1238 2446 1439 2508 docuit,
1481 2442 1772 2498 secundum
1812 2438 1945 2493 Mat-

376 2551 572 2605 lhzettm
605 2547 814 2618 quidem
844 2546 1070 2600 dicens:
1104 2542 1164 2596 Si
1186 2551 1354 2594 autem
1372 2541 1421 2592 :'n
1447 2538 1649 2607 Spiritu
1683 2535 1775 2588 Dei
1803 2534 1948 2605 ejicio

375 2641 647 2704 dwmonia,
682 2638 902 2709 pervenit
933 2637 982 2689 in
1010 2650 1094 2688 vos
1129 2635 1297 2700 utique
1341 2645 1550 2700 regnum
1598 2625 1691 2680 Dei
1735 2623 1947 2697 (Matth.

380 2745 480 2795 uti,
511 2729 626 2799 28).
661 2725 964 2782 Secundum
993 2737 1120 2778 vero
1149 2723 1376 2775 Lucam:
1407 2719 1466 2774 Si
1491 2727 1656 2771 autem
1677 2732 1768 2788 ego
1791 2716 1843 2768 in
1873 2713 1954 2766 di-

378 2822 484 2892 gito
517 2818 606 2872 Dci
629 2817 776 2888 ejicio
805 2813 1076 2879 daemonia,
1113 2810 1332 2880 pervenit
1363 2809 1413 2861 in
1440 2824 1523 2860 vos
1551 2807 1719 2875 utique
1743 2819 1954 2874 regnum

381 2909 477 2964 Dei
501 2908 650 2980 (Luc.
678 2921 735 2972 tt,
766 2903 881 2974 20).
921 2902 1200 2970 PrOpterea
1227 2899 1339 2952 dico
1369 2898 1523 2962 vobis,
1549 2895 1788 2966 quuniant
1809 2908 1957 2947 omne

383 3008 666 3069 peccatum,
697 3006 741 3050 et
767 2993 1080 3059 blasphemia
1106 2990 1384 3044 remittetur
1410 2984 1718 3050 hominibus,
1746 2982 1957 3053 spiritus

383 3099 552 3144 autem
604 3087 918 3157 blasphemia
959 3099 1058 3135 mn
1111 3081 1392 3134 remittetur
1439 3077 1531 3129 eis.
1577 3073 1641 3127 Et
1678 3074 1960 3143 quicunque

385 3180 569 3234 dixerit
606 3177 809 3231 verlum
848 3174 901 3228 in
932 3171 1129 3225 Filium
1168 3168 1407 3231 heminis,
1441 3164 1717 3218 renittctur
1750 3161 1836 3214 ei:
1875 3159 1961 3224 qui

386 3279 554 3324 autem
575 3266 756 3320 dixerit
779 3266 831 3318 in
855 3262 1106 3332 Spiritum
1145 3267 1395 3322 sanctum,
1437 3271 1536 3308 non
1575 3253 1858 3306 remittetur
1891 3249 1958 3316 ei,

391 3376 548 3431 neque
566 3360 615 3412 in
629 3359 724 3411 isto
739 3354 947 3418 steculo,
962 3367 1120 3413 neque
1142 3353 1191 3402 in
1212 3349 1383 3418 futuro
1397 3344 1608 3417 (Matth.
1623 3359 1716 3407 xu,
1737 3343 1798 3396 El
1814 3383 1827 3407 ,
1844 3337 1960 3409 52).

393 3429 493 3507 Per
516 3452 654 3504 hunc
678 3447 935 3515 Spiritum
965 3449 1229 3504 sanctum,
1247 3452 1365 3493 cum
1392 3436 1460 3492 sit
1484 3435 1676 3504 digitus
1701 3429 1965 3500 Dei,scri-

395 3552 498 3609 ita:
527 3549 652 3595 sunt
679 3536 869 3592 tabulas
891 3533 1131 3604 lapidem,
1160 3546 1277 3600 quin
1308 3530 1445 3583 data:
1471 3535 1594 3581 sunt
1617 3522 1806 3595 Moysi,
1837 3519 1968 3575 scri-

397 3646 499 3704 pta:
526 3631 691 3702 digito
729 3629 844 3697 Dei,
870 3627 1005 3681 sicut
1036 3624 1150 3692 ipse
1181 3622 1389 3690 Moyses
1418 3616 1682 3687 exposuit.
1715 3609 1966 3679 Alioquin

396 3724 440 3778 si
493 3737 596 3776 non
627 3719 879 3789 Spiritum
918 3721 1160 3770 sanctum
1199 3711 1419 3780 digitum
1462 3707 1553 3762 Dei
1591 3720 1710 3760 esse
1747 3704 1965 3765 dicunt;

400 3812 603 3866 tabulas
616 3807 832 3863 omnino
855 3804 1091 3874 lapideas
1104 3801 1445 3872 gloriosiores
1459 3811 1598 3863 esse,
1624 3809 1779 3864 quam
1807 3790 1970 3846 cozda

397 3909 702 3955 sanctirum
733 3895 1138 3970 prolitebuntur,
1182 3904 1341 3959 super
1370 3903 1487 3959 quae
1514 3886 1740 3956 epistola
1770 3881 1971 3937 Christi

399 3993 595 4058 scripta
624 3998 706 4044 est
739 4001 832 4055 per
861 3984 1119 4052 Spiritum
1151 3990 1416 4046 sanctum,
1456 3979 1596 4033 sicut
1641 3976 1831 4030 Pau‘us
1858 3975 1968 4027 ait:

401 4081 530 4149 Quce
557 4079 769 4148 epistola
793 4074 978 4130 Christi
1006 4073 1147 4136 estis,
1175 4072 1365 4138 scripta
1404 4085 1504 4122 non
1541 4074 1845 4128 atramento,
1886 4062 1973 4116 sed

403 4171 603 4241 Spiritu
629 4166 788 4238 329
813 4164 905 4217 Dei
934 4163 1062 4227 viri;
1100 4177 1201 4213 non
1231 4161 1281 4211 in
1310 4157 1496 4210 tabulis
1517 4156 1754 4224 lapideis,
1795 4153 1882 4208 sed
1922 4154 1975 4204 in

403 4264 588 4317 tubulis
616 4262 782 4314 contis
806 4258 1095 4311 carnalibus
1121 4252 1202 4325 (Il
1221 4252 1339 4307 Cor.
1356 4267 1434 4318 ut,
1457 4251 1533 4320 5).
1561 4249 1710 4303 lluuc
1723 4247 1976 4318 Spiritum

407 4368 669 4421 sanctum,
699 4364 749 4409 et
778 4355 954 4407 lumen
989 4351 1165 4404 vultus
1187 4348 1279 4403 Dei
1307 4361 1429 4401 esse
1458 4343 1745 4408 credimus,
1777 4355 1978 4397 secun-

399 4454 533 4508 dum
563 4450 724 4504 David
757 4449 809 4502 in
841 4455 1028 4517 quarto
1053 4445 1257 4511 psalmo
1283 4441 1547 4496 dicentem
1574 4456 1587 4492 :
1615 4437 1888 4508 Signa'um
1909 4440 1981 4488 est

2019 533 2181 582 ctum,
2216 513 2505 586 Spiritualis
2540 518 2679 573 erat,
2716 509 2850 562 adeo
2875 513 2934 560 ut
2958 505 3305 576 prophetaret
3326 500 3464 570 quod
3497 513 3592 554 nu-

2010 614 2102 682 jus
2124 609 2195 662 rei
2223 607 2388 679 gratia
2419 601 2726 671 derelinqnet
2757 599 2905 651 homo
2927 608 3122 667 patrem
3149 611 3293 648 suum
3316 604 3363 647 ct
3385 603 3594 645 matrem

2021 718 2189 765 suam,
2221 711 2266 754 et
2295 695 2568 752 adhaerebit
2602 693 2750 746 uxori
2779 707 2906 754 sum,
2944 699 2989 743 et
3016 696 3162 742 erunt
3203 687 3304 740 duo
3347 687 3400 739 in
3440 700 3595 738 carne

2023 812 2124 849 una
2155 791 2344 863 (Ibid.,
2372 787 2486 858 24).
2536 785 2750 840 Necnon
2785 791 2832 838 et
2866 782 3010 836 illam
3042 795 3159 850 qua:
3190 786 3397 847 sumpta
3423 784 3506 830 est
3533 778 3599 830 de

2024 898 2170 942 costa
2199 898 2292 939 sua
2324 881 2604 936 mulierem
2629 884 2848 930 vocaret
2874 873 3099 933 Hevam,
3150 868 3460 940 prophetica
3511 867 3595 920 (Ῐί-

2025 992 2154 1032 crus
2184 995 2194 1027 :
2226 973 2352 1027 Iltec
2381 978 2454 1025 est
2487 978 2646 1021 mater
2673 965 2892 1018 omnium
2915 961 3181 1015 viventium
3217 957 3461 1030 (Gen.ut,
3485 955 3598 1024 “.0).

2027 1065 2198 1122 Simili
2230 1061 2387 1116 modo
2418 1067 2473 1114 et
2498 1070 2685 1112 omnes
2713 1053 2883 1108 sancti
2923 1060 3040 1121 post
3063 1050 3399 1118 baptizantur
3428 1048 3479 1100 in
3513 1062 3602 1099 no—

2028 1158 2170 1213 mine
2195 1154 2389 1217 Patris,
2429 1159 2483 1204 et
2511 1149 2654 1210 Filii,
2703 1155 2754 1199 ct
2777 1143 3008 1213 Spiritus
3037 1140 3234 1206 sancti,
3262 1154 3357 1209 per
3385 1137 3603 1208 imposi-

2031 1253 2230 1307 tioucm
2255 1260 2505 1301 manuum
2535 1240 2874 1295 sacerdotum
2927 1238 3017 1291 Dei
3058 1235 3310 1306 Spiritum
3361 1245 3599 1287 sanctum

2031 1341 2326 1404 consecuti,
2356 1339 2419 1393 ad
2442 1336 2716 1404 antiquum
2736 1331 3109 1396 restituuntur,
3142 1328 3191 1382 in
3219 1327 3268 1381 id
3298 1325 3436 1397 quod
3453 1334 3604 1380 erant

2033 1441 2156 1487 ante
2180 1429 2667 1500 prmvaricationem
2687 1427 2835 1486 Adio,
2860 1432 2912 1476 et
2934 1420 3036 1475 hoc
3050 1421 3246 1489 Spiritu
3267 1418 3607 1486 legemtlantu

2034 1527 2088 1580 iu
2120 1522 2371 1578 Ecilesiis
2393 1519 2652 1590 gentium.
2679 1515 2788 1569 Nos
2820 1528 2992 1583 neque
3021 1527 3236 1567 carnem
3268 1510 3606 1566 circumcidi-

2035 1631 2177 1680 mus,
2211 1627 2382 1681 neque
2399 1610 2681 1664 carnaliter
2711 1607 2882 1675 legem
2901 1605 3064 1674 Moysi
3084 1603 3444 1657 custodimus.
3477 1600 3609 1655 Nam

2035 1723 2156 1765 cum
2178 1706 2386 1768 Paulus,
2416 1712 2469 1758 et
2497 1701 2724 1770 quicum
2749 1714 2814 1754 eo
2847 1695 3204 1768 praedicabant
3226 1694 3470 1765 gentibus
3492 1708 3610 1748 νοτε

2038 1801 2162 1854 bum
2197 1797 2310 1861 Dei,
2334 1805 2385 1850 et
2411 1794 2500 1864 qui
2532 1791 2714 1845 ﬁdeles
2746 1789 2954 1844 fuerant
2977 1788 3044 1841 de
3067 1785 3501 1848 circumcisione,
3525 1782 3608 1838 di-

2041 1899 2225 1945 centes
2249 1906 2261 1940 :
2289 1886 2421 1951 Quia
2451 1890 2644 1953 Oportet
2667 1864 3022 1934 circumcidere
3039 1893 3145 1942 eos,
3179 1885 3223 1930 et
3248 1876 3521 1944 precipere
3543 1874 3614 1928 tis

2043 1963 2295 2036 custodire
2307 1981 2463 2049 legem
2481 1976 2646 2045 Moysi
2659 1976 2794 2044 (Art.
2813 1968 2985 2042 xv,5),
2999 1970 3151 2039 jussit
3165 1967 3394 2037 Spiritus
3404 1973 3616 2020 sanctus

2043 2088 2148 2128 non
2165 2067 2474 2126 circumcidi
2491 2081 2554 2121 ex
2571 2082 2614 2135 gi
2635 2065 2816 2118 ntibus
2829 2063 3130 2126 credentes,
3148 2073 3319 2129 neque
3333 2057 3620 2112 carnaliter

2047 2167 2207 2221 ritum
2236 2163 2422 2230 sequi,
2451 2174 2609 2228 quem
2642 2159 2860 2228 Moyses
2883 2154 3084 2210 Judzeis
3108 2153 3345 2208 tradidit.
3373 2151 3620 2220 Scripse-

2051 2267 2172 2311 runt
2214 2269 2343 2324 ergo
2372 2251 2596 2323 apostoli
2629 2251 2710 2304 his
2734 2249 2824 2319 qui
2853 2263 2917 2303 ex
2952 2245 3202 2317 gentibus
3240 2251 3414 2311 erant,
3459 2243 3574 2297 lucc
3603 2258 3618 2296 :

2051 2346 2282 2412 Apostoli
2311 2354 2356 2398 et
2385 2341 2656 2413 presbyteri
2684 2340 2886 2409 fratres,
2911 2337 2972 2390 iis
2996 2337 3083 2407 qui
3103 2335 3380 2390 Antiochia:
3396 2345 3442 2388 et
3458 2333 3626 2404 Syria:

2048 2447 2097 2491 et
2123 2437 2315 2492 Cilicia:
2337 2433 2582 2505 fratribus
2600 2433 2689 2502 qui
2717 2439 2835 2484 sunt
2864 2445 2924 2483 ex
2945 2429 3199 2499 gentibus,
3221 2427 3454 2481 salutem.
3487 2426 3627 2491 Quo-

2051 2529 2190 2582 niam
2217 2525 2524 2589 audivimus,
2558 2523 2692 2592 quod
2719 2537 2779 2575 ex
2799 2520 2940 2574 nobis
2959 2520 3164 2589 quidam
3192 2519 3517 2572 turbaverunt
3540 2533 3628 2570 vos

2053 2618 2212 2673 verbis
2251 2632 2363 2686 qua:
2400 2632 2498 2668 non
2530 2613 2886 2667 constituimus
2921 2625 2939 2664 :
2979 2612 3140 2664 visum
3174 2617 3246 2663 est
3295 2608 3455 2678 330
3483 2608 3628 2662 nobis

2053 2709 2367 2780 congregatis
2397 2709 2450 2761 in
2487 2707 2735 2774 idipsum,
2770 2706 2966 2758 mittere
3007 2703 3072 2756 ad
3097 2719 3182 2756 vos
3205 2717 3321 2756 cum
3351 2701 3628 2754 carissimis

2055 2801 2240 2855 nostris
2271 2799 2510 2853 Barnaba
2533 2807 2580 2850 et
2615 2796 2800 2863 Paulo,
2841 2793 3129 2848 hominibus
3181 2793 3271 2863 qui
3319 2793 3630 2847 tradiderunt

2058 2892 2256 2944 animas
2283 2906 2402 2943 suas
2434 2903 2526 2956 pro
2552 2887 2755 2940 nomine
2797 2884 3007 2938 Domini
3053 2884 3212 2936 nostri
3255 2881 3384 2936 Jesu
3423 2880 3634 2947 Christi,

2059 2982 2251 3036 .Indam
2282 2992 2328 3034 et
2361 2980 2549 3045 Silam,
2587 2988 2633 3031 et
2659 2979 2794 3046 ipsos
2816 2993 2904 3046 per
2927 2975 3132 3031 verbum
3159 2975 3520 3028 annuntiantes
3548 2990 3635 3027 eu-

2063 3075 2198 3129 dem.
2230 3072 2409 3127 Visum
2437 3081 2509 3125 est
2530 3071 2665 3123 enim
2689 3068 2906 3139 Spiritui
2935 3077 3110 3121 sancto
3133 3075 3179 3120 et
3203 3065 3344 3120 nobis
3373 3064 3502 3119 nihil
3526 3082 3636 3118 am-

1988 3194 2034 3257 C
2068 3163 2203 3230 plius
2229 3162 2424 3229 imponi
2451 3159 2589 3213 vobis
2615 3159 2802 3222 oneris,
2853 3165 3036 3226 prteter
3073 3173 3133 3210 ea
3163 3171 3277 3225 qute
3313 3171 3514 3209 necesse
3538 3165 3638 3220 est,

2067 3263 2122 3310 ut
2148 3254 2441 3308 abstineatis
2462 3267 2548 3305 vos
2579 3251 2641 3303 ab
2671 3249 2994 3319 idolothytis,
3024 3259 3072 3303 et
3109 3249 3374 3318 sanguine,
3399 3255 3445 3301 et
3481 3246 3638 3312 suffo-

2067 3357 2202 3413 cato,
2233 3357 2279 3399 et
2309 3344 2645 3416 fornicatione
2673 3358 2690 3395 :
2727 3358 2757 3394 a
2786 3341 2963 3411 quibus
3003 3341 3345 3394 custodientes
3375 3356 3482 3405 vos,
3522 3340 3648 3394 bene

2067 3437 2245 3507 agetis.
2277 3435 2452 3489 Valete
2479 3433 2721 3504 (Act.xv,
2743 3431 2981 3500 23-29).
3019 3432 3226 3485 Etcum
3257 3431 3489 3500 Spiritus
3511 3444 3641 3483 san-

2069 3540 2187 3583 ctus
2216 3527 2332 3581 hirc
2361 3525 2782 3596 promulgassct,
2813 3537 2999 3578 omnes
3039 3522 3292 3578 Ecclesia:
3322 3521 3517 3576 Christi
3543 3532 3641 3574 cut

2071 3619 2373 3674 stodierunt
2418 3617 2555 3671 hinc.
2609 3616 2672 3670 Et
2711 3614 3057 3670 considerent
3093 3614 3216 3683 quia
3250 3612 3448 3668 nemini
3475 3628 3542 3667 ex
3579 3614 3643 3664 iis

2072 3726 2190 3782 qua:
2211 3719 2390 3765 creata
2420 3718 2564 3778 sunt,
2590 3711 2760 3780 legem
2787 3707 2904 3762 orbi
2945 3717 3208 3763 terrarum
3253 3705 3382 3761 dare
3425 3718 3646 3760 conces-

2072 3819 2190 3859 sum
2218 3811 2321 3859 est.
2373 3803 2557 3873 itaque
2598 3801 2839 3856 videntes
2878 3800 3139 3871 Spiritum
3189 3807 3433 3854 sanctum
3473 3799 3646 3868 legam

2074 3894 2318 3959 dantem,
2347 3909 2452 3948 non
2486 3894 2880 3962 ldasphement,
2911 3893 3172 3959 dicentes,
3199 3907 3320 3948 eum
3355 3906 3475 3947 esse
3499 3905 3651 3946 crea-

2077 3995 2209 4050 tum,
2257 4001 2327 4056 qu
2366 3987 2507 4040 niam
2559 3987 2827 4056 prteeipue
2875 3984 3130 4038 Dominus
3178 3991 3365 4038 contra
3417 3997 3512 4037 eos
3560 3983 3651 4052 qui

2078 4075 2450 4145 blaSphemant
2478 4076 2527 4129 in
2557 4090 2700 4142 eum,
2740 4075 2870 4129 dicit
2903 4091 2917 4127 :
2949 4075 3113 4128 Omne
3137 4084 3398 4144 peccatum
3437 4082 3486 4127 et
3516 4074 3652 4126 blus-

2079 4165 2279 4236 phemia
2308 4165 2590 4218 remittetur
2622 4163 2946 4228 hominibus;
2972 4165 3059 4234 qui
3084 4175 3253 4217 autem
3278 4163 3654 4234 blasphemas»,-

2083 4257 2151 4309 rit
2185 4256 2238 4308 in
2268 4254 2468 4326 Spiritu
2504 4261 2702 4317 sancto,
2740 4269 2841 4305 non
2869 4253 3149 4305 remittetur
3175 4252 3222 4304 ei
3251 4267 3270 4305 .'
3297 4260 3342 4304 et
3370 4253 3656 4320 quicunque

2084 4347 2272 4400 d’a'erit
2295 4345 2496 4398 verbum
2533 4345 2587 4396 in
2626 4343 2819 4396 Filium
2860 4343 3096 4410 hominis,
3132 4342 3412 4395 remittetur
3445 4343 3492 4394 ei
3523 4356 3540 4393 :
3569 4343 3661 4408 qui

2089 4447 2260 4492 autem
2288 4439 2338 4490 in
2367 4436 2618 4506 Spiritum
2644 4445 2895 4502 sanctum,
2943 4450 3044 4486 non
3073 4434 3348 4487 remittetur
3367 4433 3464 4497 illi,
3497 4448 3659 4501 neque

411 4558 558 4614 super
585 4559 672 4595 nos
702 4541 870 4594 lumen
903 4543 1066 4594 vultus
1098 4539 1192 4601 tui,
1227 4535 1440 4588 Domine
1479 4531 1656 4602 (Psul.
1690 4547 1762 4597 tv,
1792 4529 1871 4600 'i).
1923 4527 1978 4580 ln
2010 4567 2060 4627 Ι)
2086 4531 2139 4584 in
2165 4530 2261 4582 hoc
2288 4529 2501 4594 sucula,
2526 4543 2684 4597 neque
2711 4528 2761 4580 in
2795 4526 2967 4595 futuro
3015 4525 3231 4592 (Matth.
3264 4539 3359 4588 xu,
3387 4523 3503 4593 3i).
3543 4523 3659 4577 Non

412 4637 688 4704 trigesimo
715 4647 840 4686 vero
869 4640 924 4685 et
948 4631 1132 4699 quinto
1162 4627 1366 4695 psalmo
1399 4642 1410 4677 :
1447 4624 1511 4678 1η
1557 4624 1746 4676 lumine
1783 4629 1872 4672 tuo
1901 4619 1979 4672 vi-

408 4727 641 4780 debimus
673 4725 840 4777 lumen
868 4721 1036 4792 (Psal.
1069 4735 1233 4782 xxxv,
1265 4715 1377 4785 10).
1430 4715 1489 4768 Et
1515 4711 1805 4767 secundum
1829 4710 1982 4764 Salo-

412 4833 625 4873 monem
657 4817 709 4869 iu
742 4814 1044 4868 Proverbiis
1065 4810 1387 4875 scribentem
1413 4825 1426 4859 :
1460 4805 1572 4858 Lux
1601 4803 1801 4856 Domini
1823 4801 1984 4867 inpi-

411 4909 546 4961 ratio
577 4916 648 4958 est
664 4904 948 4967 hominum,
969 4916 1080 4971 qua!
1103 4906 1352 4953 scrutatur
1374 4898 1570 4950 interna
1589 4893 1773 4947 ventris
1797 4890 1980 4960 (Prov.

417 4997 640 5066 “,27).
674 4995 732 5048 Et
757 4993 943 5048 Isaiam
973 4992 1234 5046 dicentem
1263 5007 1274 5042 :
1299 4987 1366 5040 Et
1383 4988 1476 5042 erit
1491 4985 1597 5039 lum
1629 5002 1661 5039 η
1682 4984 1797 5037 huic
1817 4981 1982 5036 Israel

415 5092 468 5145 in
492 5091 647 5161 igne:
673 5095 720 5141 et
748 5085 948 5152 sancti/i
967 5083 1080 5136 'a.',it
1107 5097 1219 5135 eum
1249 5081 1363 5152 igne
1382 5079 1578 5132 ardenti
1609 5075 1758 5150 (Isai.
1784 5093 1836 5140 ι,
1865 5075 1979 5144 Π).

419 5183 565 5237 Ηιιιιο
589 5190 640 5234 et
663 5176 1061 5248 inspiratiouem
1092 5174 1206 5228 Filii
1241 5173 1330 5227 Dei
1361 5187 1477 5226 esse
1497 5171 1688 5226 divinae
1713 5183 1808 5224 nos
1832 5167 1978 5222 Scri-

419 5280 586 5340 ptura:
615 5268 940 5330 docuerunt;
968 5264 1256 5320 secundum
1286 5264 1622 5318 Salomoiiem
1648 5261 1857 5330 quidem
1897 5258 1981 5313 di-

419 5372 657 5415 ccntcm:
683 5358 794 5412 Lua:
815 5356 1024 5433 Domini
1041 5354 1312 5423 inspiratio
1326 5361 1400 5406 est
1420 5352 1674 5403 hominum
1693 5349 1875 5420 (Prov.
1891 5364 1985 5414 xx,

421 5453 534 5518 Ξῖ).
567 5450 867 5506 Secundum
896 5448 1129 5517 Moyscm
1159 5457 1285 5497 vero
1315 5459 1329 5496 :
1376 5441 1437 5494 Et
1460 5441 1720 5510 inspiravit
1755 5440 1891 5493 Deus
1933 5441 1988 5493 in

419 5543 605 5608 faciem
630 5541 751 5594 Adae
772 5539 1078 5608 inspiranten
1107 5535 1241 5600 vitae,
1265 5541 1310 5585 et
1330 5532 1497 5601 factus
1521 5541 1590 5584 est
1616 5531 1764 5583 homo
1789 5530 1841 5582 in
1881 5531 1994 5583 ani-

423 5647 556 5682 mum
585 5632 820 5684 virentem
843 5629 993 5700 (Gen.
1020 5643 1077 5690 ιι,
1111 5625 1164 5696 7)
1197 5642 1210 5681 :
1243 5634 1298 5679 et
1326 5620 1767 5693 quemadmodum
1795 5627 1985 5690 postea

423 5728 631 5778 cie-atus
657 5731 735 5775 est
761 5721 950 5789 Adam,
983 5721 1248 5792 accipiens
1271 5717 1512 5791 Spiritum
1549 5715 1687 5784 vitre,
1720 5725 1771 5771 ct
1805 5714 1976 5771 factus

2092 4631 2268 4676 autem
2297 4621 2422 4674 talia
2448 4621 2515 4674 de
2543 4635 2608 4674 eo
2635 4620 2840 4673 diceret
2865 4619 3120 4672 Dominus
3149 4617 3192 4671 si
3220 4625 3466 4672 creatura
3492 4629 3660 4670 esset.

2093 4712 2298 4766 Deinde
2327 4721 2378 4766 et
2409 4712 2462 4765 in
2499 4712 2636 4765 libro
2673 4711 2974 4780 Regnorum
3009 4709 3196 4764 scribit
3233 4727 3245 4762 :
3293 4709 3353 4764 Si
3381 4711 3665 4778 peccaverit

2093 4804 2170 4856 vir
2198 4804 2249 4856 in
2277 4803 2459 4867 virum,
2490 4803 2654 4855 orabit
2687 4819 2780 4872 pro
2805 4818 2863 4856 eo
2885 4801 3118 4856 sacerdos
3141 4815 3160 4854 :
3192 4802 3237 4854 si
3262 4816 3378 4854 vero
3405 4800 3457 4853 in
3486 4799 3664 4852 Domi—

2097 4911 2216 4948 num
2240 4895 2534 4966 peccaverit,
2553 4895 2666 4964 quis
2681 4894 2842 4948 orabit
2861 4910 2955 4962 pro
2979 4892 3104 4965 eo.(I
3128 4894 3250 4964 Reg.
3275 4909 3308 4946 tt
3326 4891 3479 4962 ,ιδῃ
3502 4892 3567 4947 Et
3582 4893 3666 4945 his

2098 4987 2288 5040 similia
2302 4985 2368 5039 de
2385 4984 2496 5054 Spit
2510 4985 2582 5038 itu
2601 4995 2784 5038 sancto
2805 4984 2963 5039 etiam
2980 4983 3237 5037 Dom-inus
3249 4982 3410 5047 dixit,
3423 4984 3562 5036 sicut
3575 4999 3668 5033 su-

2099 5077 2274 5146 perius
2298 5090 2370 5144 pr«
2382 5075 2661 5128 :bavimus:
2682 5075 2978 5143 Quicunque
2990 5075 3122 5128 dixe:
3136 5075 3172 5128 it
3186 5075 3384 5128 verbum
3401 5075 3453 5127 in
3469 5072 3666 5126 Filium

2099 5167 2337 5232 hominis,
2378 5167 2655 5220 remittrtur
2691 5167 2770 5232 ei;
2811 5167 3094 5236 quicunque
3127 5173 3296 5218 autem
3324 5166 3379 5218 in
3408 5163 3665 5235 Spiritum

2097 5271 2346 5324 sanctum,
2375 5275 2475 5313 non
2495 5260 2772 5314 remittetur
2793 5259 2860 5324 ei,
2890 5273 3049 5327 neque
3069 5258 3121 5310 in
3149 5257 3246 5309 hoc
3273 5257 3482 5322 saeculo,
3511 5270 3673 5324 neque

2099 5353 2152 5407 in
2189 5357 2381 5423 futuro.
2418 5353 2562 5407 llanc
2603 5352 2759 5421 igitur
2785 5350 3229 5419 pertimescentes
3251 5347 3588 5407 sententiam,
3617 5356 3677 5400 et

2103 5446 2380 5500 audientes
2395 5455 2585 5511 quanta
2601 5443 2668 5498 de
2683 5442 2884 5511 Spiritu
2901 5449 3084 5494 Sancto
3100 5438 3390 5505 Scriptum
3407 5435 3675 5501 dixerint,

2102 5538 2276 5607 qualia
2309 5537 2376 5591 de
2398 5536 2574 5599 Patre,
2603 5544 2657 5590 et
2675 5535 2826 5598 Filio,
2851 5533 2976 5586 talia
3003 5532 3162 5586 etiam
3186 5530 3253 5585 de
3276 5528 3678 5599 Spiri'usancto

2103 5633 2390 5699 sapiamus.
2417 5629 2677 5695 Quoniam
2706 5627 2843 5681 sicut
2869 5625 3140 5681 credimus
3169 5625 3222 5678 in
3250 5623 3412 5677 Peum
3430 5620 3670 5683 Patrem,

2099 5729 2150 5776 et
2179 5719 2229 5774 in
2257 5718 2444 5774 Filium
2470 5717 2582 5789 eius
2610 5716 2964 5787 unigenitum,
2995 5715 3065 5769 ita
3092 5712 3360 5771 credimus
3387 5717 3439 5764 et
3466 5709 3515 5762 in
3546 5707 3673 5777 Spl-
