4026 6176
380 331 479 389 535

1463 335 1554 391 DE
1591 334 1887 392 UNITATE
1929 333 2313 393 TRINITATIS
2350 334 2573 391 LIBER.

3534 336 3633 394 33!

382 450 537 501 ritum
556 451 801 497 sanctum
829 462 841 499 :
873 453 926 499 et
957 444 1094 500 sicut
1116 442 1369 513 baptizati
1390 443 1439 498 in
1468 446 1684 500 nomine
1708 445 1882 499 Patris
1904 455 1957 499 et
1984 451 2030 505 Α
2062 445 2130 499 ita
2159 447 2447 499 sentientes
2476 450 2542 498 de
2568 442 2850 505 Trinitate.
2884 454 2935 497 et
2963 444 3239 498 imitantes
3270 443 3637 500 ndorationem

382 536 522 599 Filii,
550 538 620 589 ita
649 537 901 604 baptizati
945 552 1128 591 sumus
1178 536 1232 589 in
1268 536 1469 605 Spiritu
1512 546 1719 591 sancto.
1771 538 1828 590 In
1864 552 1957 591 no-

384 628 520 681 mine
549 626 671 690 IIOC,
702 628 753 679 in
782 642 889 695 quo
930 627 1067 681 sicut
1092 626 1361 681 credimus
1388 636 1442 680 et
1462 627 1714 694 baptizati
1748 640 1954 691 sumus,

2067 535 2360 604 scrapliim,
2400 536 2640 590 hmrcdes
2668 536 2815 606 regni
2846 536 3105 591 cmlorum
3137 533 3279 588 efﬁci
3325 535 3641 603 poterimus.

2064 627 2255 680 Amen.

399 728 3636 755 _——_———_———_———_.——__—__*

407 758 3627 787 ________________________________________

1148 841 1816 955 VIGILII
1899 838 2895 952 TAPSENSIS

1304 1009 1624 1072 CONTRA
1667 1005 2161 1069 FELICIANUM
2202 1006 2306 1066 ET
2342 1005 2710 1070 ARIANUM

930 1145 1172 1271 DE
1264 1142 2055 1274 UNITATE
2144 1144 3115 1269 TRINITATIS

1516 1337 1645 1411 AD
1677 1333 2165 1410 OPTATUM
2202 1335 2520 1414 LIBER.

904 1490 1125 1547 CAPUT
1156 1491 1443 1547 PRIMUM.

453 1616 607 1686 331
659 1614 944 1669 Extorsisti
973 1613 1127 1680 mihi,
1159 1612 1508 1668 dilectissime
1533 1611 1624 1676 ﬁli,
1666 1621 1721 1665 nt
1748 1610 1817 1666 de
1846 1611 1962 1665 uni-

382 1716 489 1761 tate
517 1707 814 1773 Trinitatis,
856 1721 973 1776 qua:
1013 1706 1279 1774 perfectus
1310 1705 1446 1759 Deus
1477 1718 1692 1772 semper
1720 1719 1781 1757 ac
1813 1718 1964 1757 sum-
1999 1709 2045 1769 Β

383 1812 501 1851 mus
529 1807 641 1861 est,
682 1796 845 1851 ofﬁcii
887 1811 992 1849 non
1033 1798 1312 1849 immemor
1338 1794 1682 1849 sacerdotalis
1710 1833 1726 1857 ,
1761 1792 1958 1862 aliquid

382 1889 665 1942 scriberem
697 1906 710 1939 :
740 1886 898 1955 idque
918 1901 949 1939 a
971 1900 1072 1951 me,
1102 1900 1222 1939 cum
1246 1884 1458 1953 proprie
1480 1883 1802 1937 inﬁrmitatis
1824 1897 1956 1937 con-

383 1979 523 2034 scius
549 1978 745 2046 saepius
773 1990 1107 2038 excusarem,
1132 1974 1315 2028 multis
1338 1973 1509 2029 modis
1533 1971 1755 2040 exegisti
1778 1987 1794 2037 ;
1816 1985 1961 2026 asse-

383 2086 505 2124 rens
535 2069 835 2123 communis
865 2068 985 2122 ﬁdei
1005 2067 1290 2133 rationem,
1315 2073 1369 2120 et
1392 2064 1669 2134 religiosos
1696 2063 1961 2131 accipere,

384 2174 435 2217 et
462 2163 765 2217 sacerdotes
795 2161 989 2214 debere
1017 2158 1257 2212 ﬁdelibus
1280 2173 1383 2211 non
1409 2171 1604 2225 negare
1629 2173 1641 2207 :
1670 2171 1736 2210 ne
1763 2162 1851 2207 aut
1885 2154 1961 2208 illi

388 2254 508 2305 dum
540 2267 645 2306 non
675 2250 962 2319 accipiunt,
996 2249 1251 2317 incipiant
1274 2248 1341 2300 ab
1365 2247 1667 2301 inﬁdelibus
1693 2244 1849 2299 facile
1871 2243 1964 2299 de-

383 2344 508 2411 cipi,
534 2353 625 2395 aut
654 2343 720 2394 ab
750 2341 833 2395 bis
875 2354 996 2395 cum
1028 2338 1325 2393 desiderata
1358 2352 1460 2391 non
1494 2336 1766 2401 tribuunt,
1801 2333 1964 2389 culle-

383 2438 480 2490 stis
522 2438 803 2489 thesaurus
841 2433 1036 2488 Christi
1065 2430 1319 2485 membris
1358 2444 1463 2484 non
1492 2427 1743 2493 expendi,
1776 2426 1871 2481 sed
1905 2427 1956 2479 in

391 2540 533 2583 terra
550 2525 939 2596 quodammodo
955 2524 1152 2579 sterilis
1174 2522 1374 2590 peritiae
1395 2520 1673 2574 videantur
1685 2515 1960 2571 abscondi.

396 2620 579 2684 Itaque
626 2616 823 2670 victum
880 2628 964 2667 me
1012 2613 1180 2666 fateor
1229 2611 1589 2679 probabilibus
1633 2609 1841 2673 causis,
1893 2620 1965 2661 ne

393 2720 631 2762 inermes
662 2706 868 2760 tradere
897 2704 1077 2758 videar
1106 2700 1485 2757 obsistentibus
1506 2700 1683 2766 malis,
1714 2699 1841 2753 dum
1871 2697 1966 2753 ad-

390 2811 583 2852 versus
613 2796 854 2851 inﬁdeles
880 2811 983 2849 non
1008 2796 1342 2847 instruuntur
1371 2790 1664 2846 munimine
1696 2788 1956 2843 veritatis.

398 2889 593 2942 Verum
622 2887 744 2956 quia
785 2886 837 2940 in
875 2884 1134 2954 ejusmodi
1176 2881 1557 2951 qumstionibus
1594 2879 1835 2949 quaedam
1869 2878 1965 2933 ob-

385 2981 618 3035 scuritas
646 2979 895 3033 continua
922 2976 1162 3030 oratione
1192 2974 1496 3043 frequenter
1524 2969 1836 3036 incurritur,
1873 2968 1953 3024 id-

379 3074 528 3128 circo
556 3070 607 3124 id
634 3071 763 3123 milii
795 3073 960 3123 visum
993 3076 1100 3131 est,
1135 3076 1191 3123 ut
1219 3080 1339 3121 cum
1362 3078 1666 3120 sermonem
1698 3063 1792 3132 qui
1822 3062 1961 3117 inter
1983 3078 2034 3141 ρ

380 3179 471 3218 me
504 3173 557 3218 et
588 3163 913 3217 Felicianum
940 3176 1106 3229 nuper
1131 3168 1215 3213 est
1239 3159 1469 3223 habitus,
1496 3157 1805 3227 praenotatis
1835 3170 1961 3224 pro-

380 3262 502 3323 pter
548 3268 894 3322 personarum
944 3253 1318 3307 discretionem
1366 3249 1749 3318 principalibus
1780 3251 1955 3302 nomi-

378 3354 509 3394 num
563 3340 796 3407 litteris,
855 3341 1135 3410 praesentis
1190 3338 1358 3393 libelli
1415 3338 1677 3393 brevitate
1724 3336 1961 3406 comple-

378 3439 576 3485 cterer.

1006 3496 1228 3553 CAPUT
1269 3498 1333 3553 ll.

451 3618 583 3672 Nam
613 3633 735 3673 cum
781 3628 903 3674 ante
950 3619 1047 3673 bos
1090 3619 1206 3673 dies
1234 3620 1430 3687 pariter
1477 3619 1812 3685 sederemus,
1848 3627 1959 3674 tum

378 3711 476 3766 ille
502 3731 513 3764 :
548 3712 689 3767 Inter
719 3714 845 3778 alia,
874 3712 1065 3781 inquit,
1097 3729 1214 3783 qua:
1241 3730 1325 3768 me
1352 3715 1405 3768 in
1435 3714 1625 3769 vestris
1647 3715 1963 3784 disputatiu-

379 3806 537 3857 nibus
564 3803 872 3872 frequenter
899 3803 1198 3869 offendunt,
1227 3804 1359 3857 nihil
1388 3804 1624 3859 deterius
1648 3818 1773 3874 puto
1803 3822 1961 3875 quam

377 3898 519 3964 quod
556 3898 635 3951 sic
674 3906 939 3966 proicepta
970 3896 1091 3952 ﬁdei
1133 3898 1352 3952 rudibus
1401 3899 1630 3965 traditis,
1672 3909 1729 3954 ut
1759 3918 1863 3956 non
1893 3902 1962 3957 de

379 3990 845 4058 inteiligendarum
878 4005 1053 4043 rerum
1097 3989 1327 4056 ratione,
1369 3989 1529 4059 332
1567 3990 1658 4044 sed
1692 3992 1865 4059 potius
1896 3992 1962 4047 de

378 4079 603 4147 quadam
648 4078 1072 4133 testimoniorum
1118 4081 1474 4134 ostentatione
1518 4081 1953 4150 colloquentibns

378 4170 759 4235 prmscribatis.
806 4168 957 4235 Quod
1000 4178 1055 4223 ut
1104 4184 1209 4222 non
1254 4168 1425 4223 dicam
1474 4169 1703 4234 vafrum,
1746 4172 1958 4226 interim

378 4274 533 4326 quam
566 4263 824 4313 rusticum
853 4260 955 4325 sit,
988 4260 1162 4313 nullus
1208 4259 1701 4328 ignorat.Primum
1744 4263 1883 4331 quod
1915 4264 1959 4317 si

378 4349 423 4403 is
451 4352 533 4418 qui
563 4350 821 4404 educetur
850 4351 996 4405 libris
1032 4350 1140 4419 jam
1183 4350 1431 4416 credidit,
1464 4352 1801 4421 obzemperat
1832 4354 1955 4418 iste,

378 4454 482 4493 non
512 4451 779 4510 repugnat
815 4459 827 4493 :
856 4442 1088 4509 alioquin
1124 4456 1229 4495 non
1261 4441 1428 4509 magis

380 4531 700 4584 testimoniis
745 4546 862 4598 qua:
908 4545 1001 4597 pro
1044 4529 1308 4585 affirmate
1347 4532 1679 4600 ingeruntur,
1734 4549 1954 4589 necesse

381 4631 463 4673 est
489 4622 836 4675 contradicat.
886 4621 951 4675 Et
996 4622 1116 4677 ideo
1148 4623 1335 4677 melior
1378 4623 1506 4677 milii
1549 4624 1613 4677 ad
1652 4624 1952 4693 detendunt

380 4714 586 4768 videtur
630 4714 746 4769 haec
775 4715 880 4781 via,
921 4729 1025 4784 qua
1056 4716 1283 4785 primum
1318 4717 1435 4771 ﬁdei
1479 4718 1615 4770 ratio
1655 4717 1772 4771 sine
1810 4722 1957 4771 testi-

381 4805 572 4858 moniis
621 4806 860 4860 redditur
896 4824 910 4859 :
953 4819 1069 4875 post
1117 4810 1325 4862 ratione
1369 4810 1636 4873 convicto,
1684 4809 1784 4862 lIJ'
1828 4810 1955 4863 illud

282 4893 295 4905 ’
379 4894 668 4963 Scripturis
712 4897 1156 4963 respondentibus
1199 4898 1487 4967 expolitur.
1536 4900 1601 4952 Et
1634 4915 1737 4953 non
1771 4900 1957 4953 innue-

377 4988 501 5040 rito.
529 4984 585 5041 Si
621 4988 764 5041 enim
793 4990 1089 5043 testimonia
1117 4990 1230 5044 [nec
1256 5005 1322 5045 eo
1352 4991 1667 5060 probantur,
1698 4993 1837 5060 quod
1872 5009 1957 5045 ra-

376 5076 521 5131 tione
567 5091 676 5130 non
705 5090 952 5145 careant,
982 5090 1155 5148 potest
1184 5094 1278 5149 per
1306 5095 1365 5136 se
1408 5080 1496 5135 illa
1527 5082 1772 5138 sufﬁcere
1791 5124 1805 5149 ,
1838 5099 1958 5151 qua:

375 5165 540 5219 etiam
571 5166 689 5220 haec
731 5182 836 5221 non
867 5169 967 5221 nisi
1008 5184 1103 5237 per
1140 5183 1199 5224 se
1238 5169 1409 5238 ipsam
1440 5170 1649 5226 videtur
1690 5182 1953 5230 astruere.

374 5256 472 5309 Sin
518 5268 705 5310 contra
738 5274 751 5309 :
783 5258 901 5327 quis
946 5268 1119 5325 potest
1161 5260 1556 5315 irrationalibus
1606 5264 1952 5330 testimoniis,

372 5345 500 5399 licet
529 5345 617 5399 illa
638 5345 815 5400 divina
846 5351 1127 5418 ﬁngantur,
1158 5352 1488 5407 rationabilis
1511 5352 1632 5407 ﬁdei
1663 5356 1801 5409 colla
1827 5357 1955 5412 sub-

372 5436 625 5491 mittere?
650 5436 715 5491 Et
746 5437 889 5493 illam
914 5441 1128 5509 quidem
1158 5443 1462 5511 disputandi
1491 5449 1653 5513 viam,
1681 5446 1871 5514 fateor,
1897 5449 1950 5504 in

371 5524 492 5580 aliis
533 5527 839 5593 tolerarem,
870 5546 1003 5597 quos
1034 5533 1315 5601 imperitia:
1346 5537 1661 5604 necessitas,
1696 5539 1818 5606 quia
1851 5554 1951 5608 per

370 5631 432 5671 se
462 5626 605 5671 stare
649 5632 753 5673 non
783 5632 1002 5689 queunt,
1032 5625 1173 5691 cogit
1204 5622 1269 5677 ad
1313 5624 1485 5679 aliena
1512 5623 1799 5696 confugere
1832 5646 1843 5681 :
1891 5628 1945 5683 In

372 5715 426 5761 te
468 5721 595 5763 vero
626 5707 827 5767 idcirco
857 5710 1002 5767 nullo
1049 5728 1265 5783 prorsus
1310 5714 1467 5770 modo
1499 5718 1592 5772 ista
1641 5720 1930 5788 perpetior,

2066 1493 2185 1560 quia
2218 1490 2572 1558 eloquentiam
2605 1494 2806 1561 pariter
2832 1508 2951 1549 cum
2983 1495 3206 1551 scicntia
3235 1495 3355 1551 ﬁdei
3382 1497 3477 1552 tibi
3496 1498 3650 1555 video

2069 1594 2177 1634 non
2200 1581 2405 1634 deesse.
3436 1604 3447 1612 -

2141 1670 2275 1724 Tum
2307 1685 2429 1740 ego,
2461 1670 2593 1737 Num
2627 1688 2791 1742 usque
2816 1674 2975 1741 adeo,
3006 1676 3244 1745 inquam,
3276 1675 3397 1731 duci
3430 1686 3517 1732 me
3545 1694 3646 1747 pu-

2074 1771 2156 1816 tas
2185 1762 2431 1817 laudibus
2453 1765 2612 1830 meis,
2645 1772 2701 1817 ut
2721 1765 2965 1834 injuriam
2995 1767 3183 1821 faciam
3215 1768 3648 1836 prmeedentibus

2060 1851 2284 1915 sanctis,
2318 1866 2417 1906 nec
2444 1867 2760 1920 praeSumam
2793 1871 3022 1924 unquam
3050 1857 3102 1910 in
3127 1858 3383 1928 sapientia
3402 1860 3559 1924 verbi,
3590 1877 3654 1914 ne

2062 1955 2332 1997 evacuetur
2352 1960 2478 1998 crux
2507 1945 2693 1999 Christi
2733 1945 2787 2016 (Ι
2817 1946 2937 2001 Cor.
2992 1962 3031 2014 ι,
3065 1932 3189 2018 17);
3222 1951 3318 2005 sed
3350 1950 3649 2019 Scriptura-

2064 2047 2183 2087 rum
2232 2033 2555 2089 auctoritate
2584 2044 2890 2101 contentus,
2922 2038 3251 2107 simplicitati
3292 2040 3518 2097 obedire
3551 2057 3651 2111 po-

2067 2124 2171 2179 tius
2199 2126 2392 2180 studeo
2443 2142 2601 2194 quam
2644 2128 2862 2184 tumori.
2910 2128 3016 2185 Sed
3063 2131 3273 2196 melius,
3305 2133 3513 2202 inquis,
3567 2148 3651 2187 ra-

2069 2214 2212 2270 tione
2257 2217 2375 2284 qnis
2419 2232 2576 2286 quam
2625 2218 2942 2273 testimoniis
2969 2219 3245 2276 edocetur.
3293 2221 3431 2289 Quid
3478 2224 3651 2293 ergo!

2065 2320 2225 2373 quam
2251 2306 2512 2361 rationem
2535 2307 2725 2364 afferre
2754 2318 2924 2378 potes,
2947 2312 2993 2366 si
3017 2322 3223 2380 partum
3252 2314 3513 2383 pradicas
3539 2318 3649 2371 vir-

2065 2397 2220 2467 ginis,
2252 2400 2298 2453 si
2322 2398 2560 2454 redditos
2583 2400 2766 2456 oculos
2810 2417 2915 2456 non
2946 2417 3109 2474 negas
3137 2406 3315 2475 caecis,
3342 2406 3389 2462 si
3415 2409 3654 2477 sepultos

2066 2487 2271 2543 redisse
2302 2490 2543 2545 ostendis
2570 2504 2600 2544 a
2628 2493 2891 2547 mortuis?
2922 2493 2980 2549 Si
3008 2509 3135 2564 ergo
3160 2495 3349 2552 horum
3365 2507 3419 2553 et
3446 2499 3652 2553 incom-

2064 2580 2439 2649 prehensibilis
2465 2582 2603 2637 ratio
2632 2593 2685 2638 et
2711 2587 2906 2639 veritas
2932 2598 3177 2657 prompta
3208 2596 3311 2655 est,
3343 2591 3551 2645 facilius
3586 2594 3642 2646 in

2066 2670 2295 2739 negotiis
2326 2671 2447 2727 fidei
2488 2675 2805 2729 testimoniis
2834 2677 3092 2744 creditur,
3134 2694 3292 2748 quam
3329 2682 3465 2736 ratio
3496 2682 3651 2737 inve-

2064 2760 2308 2829 stigatur.
2346 2762 2539 2817 Verum
2565 2764 2687 2833 quia
2719 2780 2824 2818 non
2859 2765 3017 2819 nimis
3060 2766 3511 2839 inconsequenter
3543 2771 3653 2826 duo

2066 2848 2165 2903 ista
2193 2850 2476 2916 discernis,
2507 2867 2626 2907 cum
2658 2854 2862 2909 ratione
2892 2857 3185 2924 prmmissa,
3213 2862 3372 2914 etiam
3406 2863 3643 2916 testimo-

2065 2939 2151 2993 nia
2181 2955 2285 2994 non
2323 2942 2563 2999 omittis:
2597 2943 2793 2998 idcirco
2834 2946 2887 2999 in
2932 2947 3030 3001 hac
3065 2946 3427 3017 disputatione
3474 2952 3525 3007 id
3557 2969 3647 3009 me

2064 3027 2234 3084 fateor
2263 3039 2589 3099 secuturum,
2621 3033 2759 3102 quod
2792 3034 2905 3105 ipse
2934 3036 3263 3106 probaveris.

2673 3172 2899 3229 CAPUT
2933 3174 3021 3229 III.

2134 3305 2251 3361 Fel.
2286 3308 2433 3361 dixit.
2466 3308 2627 3379 Ergo,
2661 3309 2850 3379 inquit,
2880 3311 3132 3379 quoniam
3165 3312 3324 3366 otiosi
3352 3328 3560 3383 sumus,
3580 3315 3649 3369 ad

2063 3398 2325 3454 ltomousii
2365 3401 2527 3454 vestri
2568 3403 2947 3468 quaestionem,
2981 3401 3047 3456 de
3079 3417 3185 3472 quo
3227 3419 3331 3458 non
3374 3404 3515 3459 inter
3546 3422 3646 3459 nos

2066 3501 2292 3557 tantum,
2335 3493 2431 3547 sed
2454 3495 2613 3548 etiam
2656 3494 2795 3550 inter
2825 3494 3057 3563 majores
3092 3503 3303 3551 nostros
3333 3497 3650 3568 plerumque

2064 3586 2345 3637 tractatum
2377 3595 2480 3648 est,
2509 3586 2809 3641 veniamus.
2841 3585 3001 3656 333
3032 3585 3099 3640 Et
3129 3600 3197 3641 ne
3232 3587 3438 3656 longius
3459 3602 3652 3659 ωειςε-

2065 3682 2149 3726 tur
2172 3674 2367 3739 oratio,
2400 3674 2513 3742 ipse
2529 3674 2663 3743 jam,
2695 3675 2937 3740 utsoles,
2971 3690 3252 3744 personam
3298 3680 3653 3747 proponent‘is

2064 3781 2295 3831 assume,
2324 3775 2381 3821 et
2417 3782 2445 3819 a
2477 3768 2631 3822 nobis
2673 3768 2938 3822 rationem
2985 3779 3183 3823 nostra:
3214 3768 3334 3824 ﬁdei
3365 3772 3651 3839 quairenti-

2063 3857 2180 3922 bus,
2212 3856 2443 3911 vicissim
2474 3857 2781 3912 redditurus
2809 3858 3040 3927 inquire.

2134 3948 2267 3999 Tum
2296 3961 2416 4015 ego,
2443 3947 2534 4000 Dic
2561 3946 2710 4010 mihi,
2741 3947 2978 4016 inquam,
3014 3963 3271 4003 verumne
3290 3949 3379 4014 sit,
3413 3950 3557 4019 quod
3592 3961 3645 4006 te

2063 4037 2221 4090 audio
2251 4036 2451 4103 dicere,
2481 4037 2622 4091 Patri
2666 4037 2980 4092 liomousion
3013 4054 3118 4093 non
3145 4054 3264 4094 esse
3308 4041 3520 4109 penitus
3553 4041 3645 4095 Fi—

2064 4128 2235 4181 lium?

2136 4227 2251 4281 Fel.
2302 4227 2451 4280 dixit.
2488 4228 2681 4282 Verum
2710 4236 2814 4292 est,
2846 4242 2945 4283 nec
2972 4228 3280 4299 persuaderi
3312 4230 3440 4285 mihi
3470 4241 3650 4301 potest

2064 4319 2115 4373 iJ
2149 4320 2442 4389 ingenitum
2473 4336 2588 4375 esse
2615 4322 2757 4391 quod
2788 4321 3051 4391 genitum,
3074 4337 3139 4378 ne
3160 4323 3407 4379 eumdem
3432 4325 3643 4382 Patrem

1457 4441 1550 4494 tibi
1576 4410 1732 4510 qui",
1766 4410 1952 4499 “sua”;
1986 4438 2035 4497 ι)
2066 4410 2247 4465 videar
2277 4412 2568 4481 praedicare
2596 4428 2752 4481 quem
2778 4413 2992 4468 Filium.

2130 4511 2264 4581 Aug.
2298 4511 2449 4565 dixit.
2478 4511 2591 4566 Non
2616 4521 2696 4566 est
2724 4514 2792 4567 ita
2820 4531 2832 4567 :
2860 4529 2980 4568 nam
3010 4531 3076 4570 ne
3105 4514 3232 4569 mihi
3259 4515 3471 4585 quidem
3505 4518 3645 4573 istud

2061 4604 2114 4657 in
2148 4606 2326 4675 animo
2350 4613 2451 4673 est,
2470 4606 2717 4661 eumdem
2749 4606 3039 4677 ingenitum
3063 4624 3181 4664 esse
3202 4624 3359 4677 quem
3381 4611 3646 4681 genitum,

2058 4697 2153 4751 sed
2186 4696 2236 4750 id
2266 4697 2440 4765 potius
2471 4698 2765 4766 ingenitum
2794 4714 2914 4754 esse
2946 4686 3084 4768 quod
3116 4702 3376 4769 genitum.

2135 4796 2249 4852 Fel.
2296 4799 2445 4854 dixit.
2486 4800 2549 4852 Et
2585 4801 2857 4868 quomodo
2906 4816 3011 4855 non
3051 4801 3297 4857 eumdem
3349 4803 3642 4874 ingenitum

2059 4885 2192 4941 dicis
2232 4902 2352 4942 esse
2382 4904 2537 4957 quem
2584 4892 2820 4958 genitum
2844 4933 2861 4958 ,
2891 4891 2935 4945 si
2968 4900 3257 4962 utrumque
3296 4910 3458 4949 unum
3488 4906 3647 4967 putas

2060 4992 2201 5044 esse,
2237 4993 2340 5032 non
2368 4979 2631 5034 alterum?

2133 5078 2265 5146 Aug.
2291 5079 2443 5131 dixit.
2471 5079 2854 5134 Animadverte
2877 5081 2983 5136 vim
3015 5091 3067 5137 te
3098 5085 3311 5152 penitus
3336 5098 3440 5141 non
3470 5094 3647 5140 attenc

2060 5168 2203 5223 disse
2248 5170 2575 5223 verborum:
2610 5186 2732 5225 nam
2779 5171 2905 5227 dum
2957 5183 3241 5244 utrumque
3291 5191 3455 5230 unum
3499 5175 3643 5242 dico,

2060 5262 2407 5315 substantiam
2448 5262 2559 5318 veri
2592 5263 2765 5320 Patris
2805 5280 2867 5321 ac
2888 5267 2996 5320 veri
3030 5266 3149 5320 Filii
3172 5281 3237 5321 ex
3280 5275 3391 5321 toto
3419 5282 3524 5321 non
3553 5281 3642 5321 se-

2062 5368 2209 5424 paro.
2264 5355 2327 5408 Et
2372 5358 2497 5410 dum
2543 5372 2645 5412 non
2697 5360 2945 5414 eumdem
2996 5360 3205 5415 Patrem
3235 5371 3394 5426 quem
3445 5358 3641 5413 Filium

2060 5445 2317 5514 praedico,
2350 5448 2629 5517 utriusque
2659 5463 2940 5517 personam
2983 5455 3193 5503 servata
3222 5445 3643 5518 uniuscujusque

2062 5538 2384 5606 proprietate
2415 5538 2682 5595 discerno.
2715 5539 2897 5608 Itaque
2942 5540 2985 5594 si
3034 5537 3387 5593 substantiam
3417 5539 3637 5609 quieris,

2060 5630 2171 5698 ipta
2202 5629 2434 5687 Trinitas
2461 5644 2597 5687 unus
2626 5640 2708 5688 est
2737 5631 2877 5687 Deus
2915 5647 2928 5685 :
2970 5632 3015 5689 si
3043 5643 3326 5701 personam
3349 5671 3365 5700 ,
3397 5633 3533 5689 alter
3558 5642 3642 5691 est

2063 5721 2247 5776 Filius.
