3958 6176
340 274 445 330 537

1430 275 1514 330 DE
1563 276 1858 332 UNITATE
1896 278 2279 336 TlilNlTATlS
2320 278 2535 334 LIBER.

3499 288 3615 346 55$

344 397 577 454 tempus,
623 384 867 455 sequitur
894 394 947 439 ut
987 386 1197 455 dicatur
1228 388 1367 442 Patri
1401 388 1566 443 Filius
1598 400 1914 456 coaeternus,
1947 394 1996 451 A
2025 403 2246 447 terrere.
2281 391 2415 459 Quid
2448 393 2608 463 igitur
2632 392 2803 450 dicis?
2832 409 2895 450 ex
2920 396 3213 453 substantia
3239 400 3400 457 credo
3426 401 3601 459 Patris

345 480 484 534 inter
511 494 670 547 quem
701 487 757 533 et
782 479 988 534 Patrem
1018 480 1218 533 nullum
1251 480 1411 535 fuisse
1441 482 1637 537 dicitur
1665 492 1873 551 tempus
1904 504 1915 537 :

346 570 579 623 maxime
605 585 737 625 cum
758 571 897 623 inter
924 578 1116 625 uetera
1145 572 1487 640 evangelistis
1515 576 1914 641 attestantibus,

342 662 503 716 etiam
541 669 752 730 tempus
781 661 974 716 fecisse
993 661 1196 716 dicatur
1220 662 1403 717 Filius.
1434 663 1539 718 Sed
1564 664 1698 719 forte
1724 664 1791 721 de
1819 665 1921 719 Pa-

347 761 427 805 tre
452 750 657 805 dictum
688 752 881 821 aliquis
908 762 1055 821 putet
1088 770 1099 806 :
1132 754 1275 820 Erat,
1307 754 1522 824 quando
1548 770 1653 809 non
1679 768 1790 810 erat
1826 756 1917 810 Fi-

347 843 469 897 lius.
498 842 594 898 Cui
622 844 901 897 sententia:
938 846 1211 915 sequentia
1254 861 1356 901 non
1388 848 1695 910 coneinunt,
1727 848 1918 917 quibus

347 936 536 990 dicitur
568 953 581 987 :
618 935 687 989 Et
714 944 995 1004 antequam
1035 946 1344 993 nasceretur
1382 954 1488 993 non
1520 940 1633 993 fuit.
1664 939 1792 992 Nam
1824 955 1919 1008 per

345 1042 401 1079 se
432 1026 593 1080 Pater
618 1042 833 1094 semper
862 1028 1116 1095 existens,
1142 1030 1301 1084 etiam
1321 1045 1351 1083 a
1380 1030 1532 1085 vobis
1557 1031 1661 1086 dici
1689 1047 1791 1085 non
1820 1046 1919 1100 po-

348 1124 446 1168 test
472 1127 667 1180 natus;
698 1117 786 1184 qui
825 1130 930 1170 non
960 1117 1027 1172 ab
1069 1118 1219 1173 initio
1246 1119 1468 1174 docetur
1505 1129 1749 1187 exortus,
1782 1130 1837 1175 et
1864 1122 1916 1175 in

350 1208 555 1260 l‘atrem
599 1208 795 1263 cadere
839 1223 944 1262 non
982 1218 1156 1279 potest
1188 1228 1199 1263 :
1235 1210 1384 1280 Erat,
1428 1212 1639 1281 quando
1668 1227 1772 1267 non
1804 1222 1920 1267 erat

346 1301 573 1367 genitus.

960 1391 1189 1448 CAPUT
1232 1392 1317 1446 Vl.

414 1500 533 1555 Fel.
568 1503 831 1569 Quoniam
866 1519 949 1557 me
982 1503 1177 1570 verbis,
1213 1513 1268 1557 ut
1296 1518 1413 1558 mea
1444 1503 1544 1559 fert
1570 1504 1769 1573 opinio,
1802 1504 1916 1563 ino-

346 1592 519 1662 pinata
561 1596 855 1650 subtilitate
897 1596 1225 1651 certantibus
1252 1614 1359 1651 non
1409 1598 1744 1652 mediocriter
1771 1598 1919 1653 defa-

345 1684 498 1752 tigas,
533 1684 587 1739 id
622 1686 735 1740 irco
766 1700 945 1754 quaeso
986 1694 1060 1749 ut,
1095 1686 1139 1740 si
1173 1686 1283 1741 ﬁeri
1314 1694 1520 1755 potest,
1550 1688 1797 1756 exemplo
1825 1703 1916 1742 cu-

2023 484 2166 538 nasci
2193 483 2380 539 Filium
2413 486 2747 555 nequivisse;
2777 502 2843 542 ne
2874 486 3165 557 ingenitum
3200 489 3435 559 Patrem,
3475 494 3596 548 Filii

2022 575 2294 628 videamur
2314 577 2660 643 generatione
2690 578 2946 632 dividere.
2978 579 3127 647 Quod
3157 580 3199 635 si
3230 581 3301 635 ita
3329 591 3430 642 est.
3461 585 3600 638 male

2021 664 2253 719 creditur
2280 665 2445 721 Filius
2473 668 2560 737 qui
2610 683 2715 723 non
2746 683 2806 724 ex
2838 669 3017 737 Patre,
3053 672 3102 725 id
3147 680 3229 727 est
3247 669 3374 728 ’non
3412 689 3478 728 ex
3509 689 3605 728 eo-

2021 753 2140 807 dem
2164 755 2277 823 ipso
2324 759 2555 826 genitus,
2616 759 2709 813 sed
2756 761 3085 816 extrinsecus
3123 762 3290 818 factus
3331 765 3467 818 inter
3494 766 3596 819 alia

2021 845 2355 914 prmdicatur.
2385 846 2532 914 Quod
2563 857 2618 902 ut
2646 850 2716 902 sit
2758 850 3029 905 intellectu
3070 851 3299 925 facilius,
3339 853 3389 907 id
3423 854 3594 921 ipsum

2020 950 2117 1003 pro
2147 950 2302 1004 posse
2322 937 2619 1007 explicabo.
2654 939 2908 994 Filiorum
2943 957 3171 1011 namque
3202 944 3440 1009 adoptivi
3482 945 3595 1010 alii,

2021 1025 2288 1079 naturales
2318 1026 2406 1080 alii
2435 1035 2577 1080 sunt.
2600 1025 2641 1080 li
2670 1027 2759 1097 qui
2784 1029 2965 1103 geniti,
2996 1030 3062 1084 ab
3095 1030 3242 1085 initio
3266 1032 3356 1086 ﬁlii
3385 1048 3595 1101 semper

2019 1130 2081 1170 ac
2110 1116 2308 1186 proprii
2338 1134 2350 1172 :
2383 1116 2454 1171 illi
2478 1117 2650 1186 primo
2678 1119 2857 1185 alieni,
2896 1129 3015 1188 post
3045 1121 3160 1187 lilii,
3191 1138 3310 1174 cum
3344 1139 3438 1192 per
3461 1124 3592 1177 ado-

2022 1208 2252 1276 ptionem
2308 1209 2358 1263 in
2407 1209 2660 1266 familiam
2692 1212 2938 1267 videntur
2982 1214 3189 1267 aSCiaCi.
3219 1216 3419 1282 Quibus
3465 1233 3593 1287 ergo

2018 1299 2407 1366 comparandus
2430 1310 2511 1355 est
2542 1300 2710 1357 Filius
2741 1302 2874 1356 Dei?
2916 1301 2973 1357 Si
3004 1303 3293 1372 adoptivis,
3325 1304 3427 1359 erit
3454 1307 3593 1373 apud

2020 1389 2235 1443 Patrem
2265 1389 2456 1443 similis
2481 1391 2655 1445 nobis.
2686 1391 2741 1445 Si
2768 1392 3018 1461 propriis,
3044 1408 3107 1447 ex
3138 1393 3433 1449 substantia
3470 1396 3594 1449 sub‘

2016 1478 2217 1532 Stitisse
2241 1478 2497 1533 dicendus
2525 1488 2607 1534 est
2652 1482 2929 1549 genitoris.
2979 1482 3083 1535 Sed
3118 1483 3169 1536 in
3223 1484 3350 1550 duo,
3395 1485 3590 1555 inquis,

2018 1570 2312 1626 substantia
2338 1581 2551 1639 paterna
2579 1572 2850 1636 dividitur,
2874 1572 2918 1626 si
2947 1587 3009 1628 ex
3032 1574 3149 1628 solo
3174 1574 3327 1629 Patre
3348 1575 3595 1630 substan-

2018 1660 2214 1714 tialiter
2264 1660 2431 1717 Filius
2481 1673 2781 1729 generatur.
2838 1663 2949 1718 lloc
3004 1679 3162 1733 quam
3224 1666 3440 1719 stultum
3498 1666 3589 1730 sit,

343 1751 551 1841 juslibet
596 1776 694 1837 rei.
729 1751 984 1847 possibile
1014 1777 1065 1832 id
1112 1792 1232 1832 esse
1262 1751 1400 1848 quod
1446 1751 1638 1833 docere
1682 1751 1914 1845 conaris,
1948 1753 1992 1813 Β
2019 1751 2179 1848 θίίξηῃ
2218 1752 2446 1848 "isiPma
2491 1752 2607 1821 ipsa
2646 1768 2742 1848 "os_
2784 1752 3168 1848 d°°°,“"__Q_“is
3194 1756 3334 1848 8"“?
3362 1772 3591 1848 υητιιξεηη

344 1866 616 1921 ostendas.
659 1867 840 1936 Neque
868 1869 1007 1922 enim
1053 1869 1207 1923 aliter
1246 1869 1465 1924 credere
1506 1884 1752 1939 possum,
1795 1871 1919 1925 licet

345 1958 391 2011 \i
417 1960 679 2015 orationis
709 1974 1018 2030 oppressus,
1047 1973 1371 2015 cnmternum
1399 1975 1519 2015 esse
1544 1961 1777 2031 genitum
1822 1962 1919 2016 Pa-

345 2053 430 2115 tri,
464 2054 566 2107 nisi
588 2064 681 2109 aut
701 2063 980 2125 utrumque
1001 2054 1259 2124 genitum,
1282 2062 1373 2108 aut
1395 2062 1676 2123 utrumque
1702 2053 1914 2109 Patrem

344 2142 540 2197 dixeris
569 2144 695 2198 sibi.

412 2234 543 2304 Aug.
610 2234 872 2301 Quoniam
929 2250 1014 2290 me
1068 2233 1133 2289 ad
1190 2232 1679 2303 incomparabilium
1733 2249 1912 2289 rerum

345 2328 585 2395 exempla
616 2327 919 2394 compcllis,
951 2326 1149 2380 ideirco
1172 2340 1289 2395 qua:
1320 2324 1389 2379 sit
1414 2324 1548 2395 ignis
1577 2325 1809 2394 potentia
1836 2326 1916 2379 vi-

343 2418 582 2483 deamus,
619 2434 686 2471 ex
712 2432 817 2487 quo
838 2431 1048 2485 semper
1076 2424 1156 2470 est
1188 2415 1459 2485 splendor,
1491 2430 1702 2485 semper
1723 2424 1805 2471 est
1825 2431 1918 2471 va-

344 2526 453 2580 pnr.
491 2510 786 2579 Utrumque
814 2508 880 2563 de
906 2523 970 2564 eo
997 2508 1259 2578 nascitur,
1286 2523 1384 2563 nec
1424 2508 1543 2570 ideo
1573 2516 1748 2562 tamen
1779 2508 1914 2578 ignis

341 2602 453 2654 sine
480 2601 670 2653 lioruui
701 2598 941 2668 quolibet
961 2599 1294 2668 aliquatenus
1325 2597 1614 2653 invenitur.
1654 2598 1776 2652 Haec
1816 2600 1911 2653 tria

338 2704 441 2742 non
466 2704 525 2743 se
555 2690 781 2743 invicem
821 2689 1064 2757 gignunt,
1096 2688 1214 2756 quia
1241 2702 1346 2742 non
1373 2688 1438 2742 de
1467 2687 1751 2756 splendore
1779 2687 1914 2756 ignis

340 2787 394 2832 ct
425 2793 609 2846 vapor,
641 2789 730 2831 aut
773 2779 838 2834 de
883 2792 1075 2848 \apore
1121 2778 1255 2847 ignis
1297 2786 1349 2831 et
1391 2778 1666 2847 splendor,
1711 2779 1805 2833 sed
1846 2778 1913 2835 de

340 2870 457 2937 igne
482 2869 740 2936 splendor
768 2877 822 2924 et
847 2883 1011 2935 vapor
1041 2883 1252 2936 semper
1274 2876 1357 2922 est
1384 2869 1610 2937 genitus.
1640 2868 1768 2933 Quae
1791 2883 1910 2923 cum

340 2960 411 3013 ita
439 2964 569 3025 sint,
601 2960 823 3014 videsne
852 2961 1009 3014 etiam
1042 2960 1092 3012 in
1116 2960 1374 3013 creaturis
1405 2973 1560 3028 posse
1589 2959 1782 3029 aliquid
1815 2974 1911 3012 ua-

337 3057 434 3118 sci,
459 3070 559 3111 nec
580 3056 789 3112 ostendi
819 3066 992 3115 tamen
1030 3065 1240 3124 tempus
1268 3055 1406 3123 quod
1437 3055 1486 3109 id
1517 3055 1584 3109 de
1604 3071 1708 3125 quo
1730 3066 1910 3110 natum

2023 1839 2107 1893 vel
2136 1840 2427 1894 carnalium
2459 1852 2666 1910 patrum
2693 1842 2959 1912 gignendo
2982 1844 3187 1905 divisus
3210 1847 3326 1900 est?
3356 1847 3506 1912 Quod
3544 1849 3589 1901 si

2020 1933 2200 1988 necin
2230 1933 2589 1988 conditionem
2621 1937 2861 2003 corporis
2913 1936 3058 1991 cadit
3111 1936 3223 2006 ipsa
3273 1936 3484 2001 divisio,
3539 1948 3593 1992 et

2020 2038 2177 2077 nemo
2205 2024 2283 2079 sic
2307 2025 2489 2095 genuit
2517 2024 2679 2079 ﬁlium
2711 2034 2769 2079 ut
2793 2039 2852 2080 se
2881 2027 3127 2095 perderet
3154 2028 3418 2091 medium;
3443 2029 3591 2083 salva

2020 2111 2322 2183 integritate
2350 2115 2521 2169 Patris
2544 2130 2649 2170 non
2694 2115 2932 2185 potuisse
2959 2118 3104 2171 nasci
3151 2118 3326 2172 dicitis
3356 2119 3547 2173 Filium
3569 2120 3599 2172 ?

2017 2202 2121 2258 Sed
2144 2204 2268 2272 quid
2312 2205 2498 2273 plura?
2526 2206 2867 2262 Nativitatem
2915 2207 3032 2262 Filii
3069 2209 3183 2273 Dei,
3211 2219 3492 2279 ortumque
3516 2212 3589 2265 ri-

2018 2296 2303 2361 mantibus,
2330 2295 2463 2361 haec,
2490 2298 2542 2351 ni
2570 2297 2743 2363 fallor,
2776 2308 3090 2364 occurrunt;
3120 2299 3168 2354 id
3198 2310 3303 2365 est,
3336 2310 3390 2355 ut
3414 2311 3504 2356 aut
3524 2318 3590 2357 ex

2019 2385 2173 2442 Patre
2202 2387 2290 2455 sit,
2321 2397 2412 2443 aut
2441 2404 2505 2443 ex
2534 2389 2716 2458 nihilo,
2748 2400 2837 2443 aut
2874 2406 2939 2445 ex
2965 2391 3150 2457 altero,
3189 2404 3279 2446 aut
3298 2408 3363 2447 ex
3389 2399 3587 2463 seipso.

2018 2476 2215 2532 florum
2245 2492 2426 2547 qumso
2448 2481 2882 2548 consequentiam
2928 2480 3218 2537 videamus.
3251 2484 3411 2554 333
3438 2485 3493 2541 Si
3522 2501 3593 2540 ex

2015 2570 2222 2635 seipse;
2256 2584 2360 2623 non
2387 2577 2530 2623 recte
2563 2569 2727 2625 Filius
2766 2570 2978 2634 dicitur,
3006 2572 3095 2638 qul
3128 2586 3234 2626 non
3267 2583 3442 2638 natus,
3491 2576 3587 2629 sed

2016 2659 2284 2729 ingenitus
2331 2660 2669 2730 praedicatur.
2723 2661 2777 2716 St
2837 2676 2900 2715 ex
2933 2662 3130 2727 nihilo;
3173 2672 3413 2718 creatura
3466 2679 3587 2719 cum

2014 2754 2240 2819 caeteris,
2266 2769 2372 2809 non
2398 2764 2656 2810 creaturae
2676 2762 2861 2810 auctor
2881 2757 3197 2814 ostenditur.
3227 2758 3281 2812 Si
3299 2774 3363 2812 ex
3384 2758 3586 2825 altero;

2016 2860 2119 2898 non
2150 2845 2265 2915 ejus
2293 2846 2378 2900 cui
2426 2846 2727 2911 credimus,
2774 2846 2868 2901 sed
2910 2847 3091 2902 nescio
3131 2847 3283 2917 cujus
3335 2851 3588 2920 incogniti

2016 2936 2181 3003 patris
2212 2935 2354 2990 ﬁlius
2378 2935 2714 3004 praedicatur.
2741 2936 2891 3004 Quod
2915 2937 2959 2992 si
2990 2950 3184 3008 praeter
3204 2947 3433 3007 quatuor
3450 2942 3584 3006 haec,

2016 3027 2241 3081 inveniri
2272 3044 2376 3082 non
2406 3035 2579 3096 potest
2598 3028 2872 3099 quintum;
2907 3044 3005 3085 nec
3034 3031 3101 3085 de
3129 3032 3209 3085 liis
3235 3044 3451 3101 propter
3476 3035 3587 3088 evi-

338 3159 415 3202 est
446 3150 564 3201 sine
591 3148 774 3218 genitu
808 3147 1038 3217 potuerit
1076 3118 1332 3200 inveniri?
1358 3144 1413 3201 Si
1455 3160 1582 3215 ergo
1613 3118 1910 3200 visibilibus
1940 3118 1985 3181 (ἶ
2017 3118 2231 3173 deum“
2258 3118 2638 3218 blasphemi???
2663 3121 2761 3175 "ia
2781 3121 3057 3218 Ρτδξάίθθτί
3087 3123 3295 3218 Pen“?
3322 3133 3581 3218 possm“:

336 3238 602 3307 exemplis
624 3239 725 3293 ista
761 3239 1129 3308 perspicimus,
1158 3253 1253 3292 cur
1284 3252 1387 3293 non
1414 3237 1479 3291 dc
1502 3236 1655 3291 Patre
1680 3246 1731 3289 et
1751 3236 1904 3303 Filia,

337 3329 416 3382 vel
441 3339 629 3382 saneto
657 3328 879 3396 Spiritu,
909 3340 1164 3399 quantum
1189 3328 1254 3382 ad
1287 3342 1620 3383 communem
1651 3326 1909 3381 duntaxat

336 3430 492 3490 atque
542 3420 936 3475 indiﬂ‘erentem
985 3421 1359 3484 aeternitatem,
1408 3420 1601 3473 similia
1654 3417 1907 3486 praedice-

338 3514 492 3567 mus?
522 3513 704 3583 Neque
727 3514 870 3568 enim
901 3513 1021 3568 ideo
1044 3527 1262 3568 necesse
1292 3522 1373 3567 est
1398 3510 1607 3565 Patrem
1637 3519 1690 3565 et
1716 3509 1906 3564 Filium

338 3613 389 3659 et
417 3604 676 3672 Spiritum
711 3615 950 3658 sanctum
980 3619 1132 3675 aeque
1159 3603 1399 3659 dicamus
1440 3603 1755 3671 ingenitum,
1785 3602 1905 3671 quia

336 3694 540 3748 nullum
582 3695 650 3749 ab
680 3694 852 3750 altero
880 3709 993 3749 aevo
1022 3694 1413 3749 interveniente
1439 3693 1662 3748 dicimus
1689 3706 1905 3761 separa-

336 3792 444 3839 tum
478 3802 495 3840 :
542 3800 665 3841 cum
706 3788 865 3841 etiam
897 3786 1053 3857 337
1083 3802 1147 3841 ex
1186 3786 1304 3841 aliis
1342 3785 1500 3841 rebus
1529 3784 1771 3856 quadam
1816 3800 1907 3855 ge-

335 3876 465 3941 nita,
497 3891 597 3932 nec
624 3876 748 3931 ideo
777 3885 951 3932 tamen
979 3885 1069 3930 aut
1093 3892 1243 3946 mque
1263 3876 1551 3946 gignentia,
1574 3884 1664 3929 aut
1684 3877 1798 3931 sine
1830 3880 1907 3930 iu-

336 3968 503 4021 vicem
535 3968 796 4023 docentur
823 3970 1105 4023 exstantia.
1149 3969 1255 4024 Sed
1300 3967 1426 4038 quid
1467 3969 1685 4037 prodest
1717 3969 1906 4022 horum

336 4062 497 4115 multa
526 4061 799 4131 colligere,
829 4075 947 4116 cum
974 4075 1261 4131 paucorum
1283 4060 1602 4115 testimoniis
1620 4060 1780 4115 etiam
1804 4076 1907 4115 ca:-

337 4158 448 4205 tera
469 4152 623 4206 liceat
657 4153 947 4207 aestimare.
1084 4142 1091 4143 ί

405 4240 523 4310 Fel.
575 4241 836 4310 Quoniam
888 4244 1206 4299 sententiam
1249 4258 1441 4309 meam,
1493 4242 1904 4313 prtecedentium

336 4331 552 4387 Palmm
580 4335 898 4390 auctoritate
947 4335 1242 4401 fundatam,
1286 4351 1427 4391 nova
1457 4336 1761 4404 disputandi
1790 4344 1906 4392 arte

338 4425 623 4481 conturbas
652 4444 664 4479 :
699 4426 897 4481 idcirco
925 4428 1084 4482 velim
1130 4428 1256 4481 milii
1287 4428 1433 4481 dicas
1458 4428 1527 4483 de
1564 4439 1750 4481 natura
1779 4427 1903 4481 Filii

339 4513 454 4583 Dei,
480 4515 531 4570 id
561 4526 643 4571 est
668 4516 961 4572 substantia
1003 4519 1115 4587 ipsa
1143 4518 1268 4588 quid
1292 4519 1507 4574 sentias.
1541 4518 1597 4575 Si
1629 4519 1792 4586 enim,
1844 4532 1902 4573 ut

338 4606 513 4664 dicere
543 4623 637 4664 vos
676 4610 885 4677 soletis,
921 4610 1232 4665 ltomousion
1280 4620 1363 4665 est
1401 4610 1569 4676 Patri,
1611 4611 1727 4679 ipse
1774 4626 1904 4678 quo-

343 4700 623 4755 dammodo
664 4701 824 4755 Pater
852 4708 933 4755 est
977 4699 1111 4765 sibi;
1159 4700 1393 4769 alioquin
1437 4700 1905 4755 consubstantialis

340 4805 441 4843 non
474 4797 651 4858 potest
676 4804 799 4846 esse
824 4790 1072 4859 genitori.
1120 4789 1249 4845 Nam
1283 4793 1495 4859 quidam
1528 4801 1765 4845 nostrum
1793 4791 1901 4845 ilo-

339 4880 521 4934 mnusii
552 4882 855 4951 opinionem
888 4881 1065 4935 ridere
1086 4880 1161 4935 sic
1190 4881 1419 4946 solebat,
1452 4881 1635 4936 dicens
1666 4898 1679 4935 :
1707 4882 1761 4936 Si
1798 4896 1905 4936 non

337 4972 687 5035 extrinsecus,
721 4972 816 5027 sed
862 4988 925 5028 ex
956 4972 1143 5027 eodem
1176 4972 1292 5041 ipso
1330 4973 1568 5042 prolatus
1598 4982 1680 5027 est
1718 4972 1902 5039 Filius,

338 5058 391 5113 in
437 5062 568 5116 duos
607 5062 1002 5132 quodammodi
1030 5063 1232 5117 divisus
1259 5072 1342 5117 est
1370 5079 1530 5127 unus,
1570 5064 1905 5133 quandoqui-

318 5150 455 5223 dem
484 5168 586 5209 nou
613 5153 757 5209 aliud
782 5155 1006 5224 gignens
1035 5154 1227 5232 dicitur
1247 5170 1367 5211 esse
1392 5169 1552 5224 quam
1575 5158 1808 5225 genitus.

927 5295 1152 5353 CAPUT
1195 5297 1301 5352 VII.

404 5420 533 5488 Aug.
577 5418 707 5473 Dum
759 5433 858 5473 nos
890 5418 1024 5474 dicis
1055 5420 1393 5476 Aristotelica
1422 5430 1537 5476 arte
1566 5422 1911 5485 contendere,

334 5509 452 5574 ipse
481 5509 543 5562 ad
574 5509 976 5563 dialecticorum
1006 5510 1226 5578 laqueos
1246 5513 1442 5568 videris
1462 5512 1786 5583 confugisse.
1808 5513 1912 5569 Sed

338 5614 441 5653 nos
479 5599 597 5655 ﬁdei
629 5598 852 5656 veritate
881 5600 1116 5657 confisos
1166 5619 1497 5674 nequaquam
1540 5616 1761 5669 possunt
1812 5606 1914 5663 ista

2014 3218 2177 3264 restat
2206 3219 2263 3264 ut
2308 3210 2728 3267 substantialiter
2767 3211 2833 3267 de
2869 3212 3026 3266 Patre
3062 3214 3131 3267 sit
3156 3214 3361 3281 genitus
3395 3233 3408 3268 :
3438 3214 3587 3283 quia,

2011 3312 2068 3355 ut
2099 3301 2353 3367 diximus,
2379 3315 2477 3356 nec
2499 3300 2727 3356 inveniri
2752 3304 2989 3372 quintus,
3014 3317 3113 3359 nec
3135 3312 3329 3373 praeter
3350 3304 3581 3373 primum

2010 3389 2077 3446 de
2109 3391 2190 3445 liis
2216 3391 2392 3446 doceri
2425 3400 2599 3459 potest
2626 3392 2821 3462 aliquis
2850 3393 3039 3447 modus
3064 3411 3077 3447 :
3107 3402 3166 3449 ut
3191 3402 3313 3463 pote
3342 3408 3462 3450 cum
3487 3411 3584 3451 nec

2010 3491 2275 3550 creatura,
2324 3495 2423 3536 nec
2464 3482 2683 3537 alterius
2708 3485 2874 3553 patris
2903 3484 3061 3551 ﬁlius,
3113 3500 3211 3541 nec
3237 3496 3293 3541 ut
3321 3484 3477 3542 Pater
3501 3487 3584 3541 di-

2009 3584 2158 3629 t'atur
2184 3567 2468 3644 ingenitus.

2592 3696 2819 3755 CAPUT
2858 3698 2995 3753 Vill.

2080 3839 2198 3898 Fel.
2238 3841 2399 3911 Quasi
2422 3857 2548 3897 vero
2581 3857 2681 3913 ego
2706 3852 2794 3897 aut
2835 3853 3029 3913 praeter
3058 3844 3173 3899 lizec
3196 3845 3461 3916 quintum,
3492 3860 3583 3903 aut

2008 3932 2076 3989 de
2104 3932 2188 3987 bis
2228 3934 2396 3987 tribus
2445 3934 2642 4003 aliquid
2696 3934 3029 4002 praedicarim
3062 3952 3075 3986 :
3125 3936 3214 4003 Qui
3257 3938 3336 3991 sic
3370 3952 3475 3992 non
3513 3955 3595 3997 et

2007 4024 2304 4078 substantia
2335 4024 2505 4079 Patris
2531 4024 2798 4079 exstitisse
2825 4024 2946 4079 dico
2976 4024 3164 4092 ﬁlium,
3197 4034 3254 4080 ut
3297 4036 3472 4082 tamen
3513 4045 3580 4085 ex

2007 4116 2123 4186 ejus
2146 4116 2420 4171 voluntate
2450 4131 2556 4171 non
2582 4130 2772 4187 negem
2801 4116 3059 4187 genitum.

2078 4217 2209 4287 Aug.
2249 4217 2304 4271 In
2327 4231 2487 4271 unum
2510 4215 2577 4271 de
2602 4215 2919 4285 supradictis
2946 4217 3324 4284 consequentia
3353 4218 3465 4287 ipsa
3488 4218 3581 4273 de-

2010 4307 2261 4363 truderis.
2289 4307 2420 4361 Cum
2448 4307 2588 4362 enim
2636 4306 2703 4361 de
2745 4305 2864 4361 Filii
2896 4305 3191 4360 substantia
3239 4308 3587 4376 requirimus,

2009 4414 2167 4469 quem
2202 4408 2256 4454 tu
2284 4414 2351 4454 ex
2374 4398 2531 4453 Patre
2556 4396 2972 4452 substantialiter
2990 4397 3225 4466 genitum
3249 4414 3353 4453 non
3380 4398 3584 4463 lateris,

1938 4490 1987 4548 D
2013 4491 2130 4545 sine
2159 4489 2321 4544 dubio
2360 4489 2496 4543 inter
2523 4487 2624 4542 alia
2655 4503 2718 4543 ex
2760 4487 2929 4541 nihilo
2963 4487 3155 4541 factum
3203 4503 3322 4543 esse
3365 4498 3583 4544 conten~

2009 4580 2089 4636 dis
2116 4596 2131 4634 :
2165 4579 2594 4650 quandoquidem
2622 4594 2718 4634 nec
2744 4580 3116 4648 corruptibiles
3141 4581 3355 4650 quidem
3378 4593 3587 4637 creatu~

2008 4686 2097 4726 ras
2127 4672 2355 4726 dicimus
2384 4670 2541 4725 aliter
2584 4670 2907 4731 substitisse,
2954 4670 3055 4723 uisi
3088 4680 3146 4725 ut
3198 4670 3293 4726 lias
3329 4672 3491 4727 Deum
3536 4685 3588 4727 et

2010 4764 2246 4817 voluisse
2276 4776 2367 4831 per
2396 4760 2719 4816 ineﬂ'abilem
2752 4760 3200 4828 dispensationem
3220 4802 3233 4824 ,
3268 4770 3316 4816 et
3352 4765 3591 4832 potuisse

2008 4869 2106 4923 per
2135 4853 2458 4923 singularem
2502 4852 2793 4920 potentiam
2827 4852 3067 4904 dicamus
3103 4851 3339 4917 efﬁcere,
3382 4854 3506 4907 dum
3539 4864 3590 4908 ct

2013 4945 2341 5001 voluntatem
2378 4944 2545 4998 fuisse
2585 4942 2850 5007 novimus,
2882 4960 2983 5011 qua
3016 4946 3212 5012 placuit
3243 4945 3372 5013 Deo,
3404 4956 3458 5000 ct
3499 4962 3590 5014 po-

2016 5047 2281 5102 tcSIatem,
2316 5052 2415 5105 qua
2444 5050 2600 5103 pos~e
2628 5034 2864 5103 subiacet
2889 5036 3134 5091 Domino.

2089 5137 2205 5191 Fel.
2250 5137 2388 5205 Ergo
2410 5134 2477 5189 ad
2504 5134 2824 5190 exstantiam
2847 5133 2965 5189 Filii
2990 5145 3225 5205 potestas
3247 5144 3460 5204 paterna
3487 5148 3590 5188 non

2016 5228 2247 5283 sufﬁcit?

2087 5330 2220 5397 Aug.
2259 5327 2423 5395 Quasi
2443 5341 2543 5397 ego
2573 5328 2639 5383 de
2667 5335 2931 5397 potestate
2960 5326 3153 5391 Patris,
3176 5334 3228 5381 et
3257 5341 3361 5379 non
3385 5324 3452 5377 de
3480 5324 3594 5388 ipsa

2017 5420 2351 5487 paternitatis
2385 5420 2611 5474 veritate
2639 5418 2976 5473 contendam.
3008 5419 3087 5471 An
3116 5417 3163 5469 ei
3190 5430 3247 5469 se
3272 5414 3375 5469 dici
3406 5416 3589 5474 maluit

2020 5514 2251 5575 Patrem,
2291 5526 2447 5581 quem
2501 5527 2606 5567 nou
2654 5511 2779 5578 sibi,
2836 5508 2930 5563 sed
2973 5507 3237 5562 creaturis
3264 5506 3431 5560 voluit
3469 5522 3591 5561 esse

2019 5602 2385 5660 conintilem?
2417 5603 2479 5658 Et
2502 5602 2622 5659 ideo
2648 5600 2919 5657 fatendum
2951 5597 3043 5654 tibi
3074 5606 3179 5662 est,
3207 5612 3270 5653 ex
3299 5598 3595 5655 substantia
