4026 6176
361 287 468 345 859

1678 259 1901 318 VlGlLll
1938 248 2308 312 TAPSENSIS

3508 225 3613 281 διο

363 399 538 457 Patris
564 394 831 453 exstitisse
857 392 1069 459 Filium,
1099 388 1143 445 si
1172 394 1228 443 et
1256 391 1409 441 natus
1436 390 1488 436 et
1516 380 1657 435 Deus
1688 385 1771 431 est
1798 395 1810 429 :
1840 382 1930 427 aut
1959 390 1975 435 Α

2079 363 2202 434 ιω)
2232 353 2481 429 loquendi
2515 349 2694 419 modo,
2739 357 2795 404 et
2819 356 3023 402 natum
3051 344 3187 415 lege,
3221 341 3366 412 prior
3391 340 3615 410 gignens

365 490 561 547 Filium
599 487 794 557 pariter
836 494 893 540 et
942 484 1109 538 Deum
1157 490 1375 548 negare,
1419 474 1464 528 si
1492 486 1596 526 non
1625 484 1688 524 ex
1719 477 1939 537 paterna

365 580 687 645 substantia,
704 578 797 634 sed
820 592 886 632 ex
913 575 1076 639 nulla,
1095 576 1350 642 operante
1370 575 1595 628 tantum,
1623 562 1759 617 sicut
1775 560 1940 613 etiam

367 672 422 727 in
449 672 568 727 aliis
595 669 873 737 creaturis,
904 665 1076 720 Patris
1104 661 1375 717 voluntate
1405 663 1459 712 et
1493 662 1754 725 potestate
1792 662 1943 705 crea-

368 773 456 820 tus
484 773 587 819 est.

441 872 554 926 Fel.
596 870 856 937 Quoniam
903 880 991 921 me
1034 864 1100 918 ad
1129 860 1393 933 ejusmodi
1433 855 1822 913 confessionem
1856 865 1947 905 ne-

368 964 619 1018 cessitate
642 958 940 1029 compellis,
972 956 1024 1011 id
1052 954 1191 1025 qudd
1218 968 1248 1007 a
1292 948 1587 1020 majoribus
1616 945 1812 999 nostris
1842 940 1947 996 dici

370 1053 592 1119 assolet,
619 1067 723 1107 non
755 1050 965 1103 tacebo.
992 1046 1157 1102 Aiunt
1184 1044 1349 1105 enim,
1383 1049 1682 1096 creaturam
1706 1050 1825 1089 esse
1859 1033 1948 1087 Fi-

374 1145 521 1205 lium.
544 1143 639 1198 sed
672 1139 987 1212 perfectam,
1015 1145 1067 1193 et
1092 1149 1208 1206 qua:
1234 1129 1495 1188 dominari
1519 1127 1684 1197 possit
1702 1123 1950 1180 omnibus

366 1236 656 1291 ‘creaturis.

448 1351 580 1418 Aug.
624 1346 838 1402 Gaudeo
868 1343 1081 1415 quidem
1110 1339 1251 1410 quod
1274 1336 1583 1405 irreligiosa:
1611 1329 1950 1401 prmdicatio-

379 1441 464 1493 nis
489 1440 732 1492 intimum
764 1437 908 1489 virus
935 1431 1213 1485 manifesta
1252 1425 1589 1479 confessione
1615 1418 1913 1488 prodideris
1937 1434 1949 1469 :

378 1529 508 1583 nihil
533 1538 708 1581 tamen
737 1523 877 1593 quod
908 1519 1218 1576 credulitate
1247 1516 1408 1585 339
1434 1513 1652 1581 dignum
1684 1508 1950 1573 videatur,

380 1623 624 1691 opponis.
649 1620 902 1675 Creatura
930 1627 1157 1681 namque
1182 1619 1288 1672 est,
1318 1624 1384 1662 ex
1412 1620 1475 1661 eo
1503 1603 1642 1675 quod
1670 1609 1761 1656 aut
1783 1600 1955 1655 adhuc

381 1728 487 1766 non
518 1718 618 1773 est,
662 1717 754 1762 aut
798 1702 1080 1775 aliquando
1110 1716 1216 1755 non
1266 1698 1380 1764 luit,
1411 1696 1488 1751 rei
1519 1692 1803 1763 cujuslibet
1831 1704 1949 1743 eor-

382 1801 664 1870 ruptibilis,
693 1805 946 1867 quantum
999 1795 1053 1847 in
1089 1807 1146 1847 se
1174 1799 1277 1857 est,
1324 1804 1417 1859 per
1454 1782 1834 1851 omnipotentis
1861 1779 1956 1833 Dei

383 1892 710 1945 Voluntatem
742 1888 875 1942 facta
923 1883 1236 1940 substantia.
1271 1879 1392 1933 llzec
1431 1876 1670 1932 definitio
1700 1881 1874 1928 utrum
1904 1869 1956 1922 in

387 1984 478 2038 Dei
517 1984 670 2036 cadat
700 1980 890 2034 Filium
932 1977 1223 2030 videamus.
1257 1970 1387 2025 Nam
1424 1970 1590 2025 F.1ius
1636 1968 1687 2021 in
1715 1980 1779 2020 eo
1820 1959 1959 2033 quod

386 2082 489 2137 cst,
522 2072 871 2127 indiﬂ'erentis
902 2078 1107 2123 natura:
1133 2065 1359 2119 veritate
1402 2060 1637 2131 prolatus
1679 2065 1760 2111 est
1792 2071 1806 2107 :
1840 2051 1959 2122 quia

387 2178 453 2218 ex
480 2178 545 2218 eo
570 2163 660 2232 qui
687 2171 789 2227 est,
818 2160 870 2214 id
914 2169 994 2214 est
1023 2173 1088 2213 ex
1116 2155 1389 2228 gignente,
1440 2167 1545 2206 non
1574 2146 1849 2204 dissimilis
1871 2160 1964 2198 na-

391 2264 477 2308 tus
494 2262 618 2309 est:
658 2260 711 2306 et
748 2251 868 2306 ideo
910 2251 1047 2304 inter
1089 2250 1279 2303 Filium
1303 2253 1357 2300 et
1380 2250 1678 2299 creaturam
1713 2239 1960 2304 primum,

391 2343 491 2396 nisi
520 2341 694 2401 fallor.
724 2340 822 2393 ista
854 2339 1108 2393 discretio
1136 2347 1241 2399 est,
1272 2335 1394 2404 quia
1431 2332 1517 2386 ille
1548 2345 1611 2385 ex
1646 2329 1802 2382 Patre
1838 2328 1966 2381 sub-

392 2433 713 2487 stantialiter
740 2432 1005 2501 gignitur;
1049 2438 1290 2484 creatura
1335 2440 1438 2479 non
1469 2439 1530 2477 ex
1562 2421 1857 2476 substant'a
1891 2418 1967 2472 la-

394 2524 609 2591 cientis,
636 2522 729 2578 sed
758 2539 823 2577 ex
860 2521 973 2576 sola
999 2522 1269 2575 voluntate
1290 2532 1353 2572 ac
1384 2522 1643 2585 potestate
1673 2512 1964 2582 perﬁcitur.

396 2614 502 2669 Ista
526 2611 895 2681 corruptibilis
923 2625 1016 2679 per
1043 2618 1308 2676 naturam,
1332 2605 1433 2658 nisi
1457 2601 1614 2657 fuerit
1642 2609 1847 2654 servata
1876 2612 1970 2665 per

396 2706 640 2776 gratiam.
676 2704 769 2759 llle
805 2700 1223 2771 incorruptibilis
1249 2739 1265 2763 ,
1310 2696 1397 2766 qui
1442 2693 1709 2749 nascendo
1739 2691 1972 2745 incoi'ru-

400 2797 634 2866 ptlbilem
658 2810 722 2850 ex
753 2791 1139 2861 iucorruptihili
1188 2790 1343 2844 Patre
1371 2787 1580 2840 videtur
1623 2782 1818 2836 habere
1848 2782 1972 2835 sub-

399 2888 671 2942 stantiam.
704 2884 868 2938 Filius
899 2898 992 2952 per
1016 2881 1197 2935 omnia
1248 2878 1437 2932 similis
1486 2874 1646 2939 Patri,
1698 2872 1973 2927 diSsiuzilis

399 2988 643 3033 creatura
688 2975 894 3030 factori.
941 2974 1034 3027 Ille
1067 2987 1169 3026 non
1193 2986 1256 3026 ex
1288 2985 1352 3024 eo
1383 2967 1521 3038 quod
1553 2984 1656 3020 non
1687 2975 1788 3033 est,
1843 2967 1892 3017 iu
1921 2965 1971 3018 id

2046 458 2289 512 videatur
2318 465 2437 507 esse
2464 461 2621 517 quam
2651 444 2879 513 genitus.

2667 534 2893 590 CAPUT
2934 533 3000 586 Χ.

2117 639 2249 706 Aug.
2309 632 2366 687 Si
2422 636 2623 683 natura:
2678 631 2952 679 auctorem
3010 628 3373 675 creaturarum
3414 614 3619 684 legibus

2046 704 2396 787 aestimamus,
2430 719 2555 773 dum
2587 714 2906 769 anteriorem
2934 724 3052 763 esse
3088 709 3297 762 Patrem
3323 704 3458 758 Filio
3488 719 3621 770 ιιι-ιε-

2047 816 2287 869 dicamus
2317 829 2331 877 ;
2358 825 2455 865 cur
2482 822 2586 861 non
2611 803 2797 860 eadem
2830 811 3032 855 naturm
3060 799 3194 863 lege,
3229 796 3494 851 fortiorem
3528 794 3623 845 Pa-

2050 914 2132 957 tre
2164 902 2351 955 Filium
2383 912 2477 966 per
2500 906 2772 948 accessum
2796 888 3047 958 temporis
3072 886 3327 940 dicimus:
3365 886 3489 936 dum
3525 895 3624 935 nec

2050 992 2173 1047 huic
2216 991 2407 1044 desunt
2461 987 2789 1038 incrementa
2835 976 3098 1039 nascenti,
3148 983 3203 1028 et
3250 971 3626 1027 imbecillitatis

2051 1081 2296 1148 injuriam
2325 1084 2571 1131 senectus
2601 1069 2793 1140 ingerit
2822 1066 3000 1122 Patri?
3052 1064 3201 1132 Quod
3251 1063 3295 1116 si
3345 1061 3444 1113 hoc
3491 1059 3627 1110 ratio

2050 1170 2164 1237 ipsa
2193 1182 2295 1219 non
2328 1164 2537 1232 reeipit,
2563 1161 2869 1215 omittamus
2896 1156 2947 1210 in
2974 1156 3084 1209 Deo
3109 1152 3401 1221 corporalis
3431 1150 3628 1203 intelli-

2051 1256 2243 1325 gentia:
2271 1255 2464 1323 legem,
2495 1266 2561 1305 ne
2587 1249 2836 1318 operibus
2866 1245 2973 1300 suis
2996 1244 3222 1297 similem
3244 1243 3484 1296 dicamus
3508 1254 3629 1293 esse

2055 1350 2348 1411 factorem;
2379 1345 2607 1398 maxime
2635 1356 2753 1396 cum
2777 1355 2840 1392 ex
2870 1352 2935 1393 eo
2956 1336 3093 1406 quod
3126 1334 3262 1405 apud
3292 1348 3387 1386 nos
3413 1331 3629 1386 evidens

2054 1446 2158 1501 est,
2178 1433 2410 1490 etiamid
2435 1431 2572 1501 quod
2600 1431 2653 1484 in
2683 1429 2893 1484 occulto
2916 1433 2998 1481 est
3025 1425 3291 1495 possimus
3320 1420 3626 1476 ostendere.

2055 1524 2204 1579 Sicut
2252 1526 2396 1579 enim
2446 1522 2561 1575 sine
2612 1518 2858 1585 exemplo
2911 1526 3082 1570 mater
3128 1514 3309 1583 genuit
3360 1520 3631 1565 auctorem

2056 1627 2208 1666 suum
2244 1627 2257 1663 :
2283 1611 2360 1664 sic
2400 1608 2738 1663 inelTabiliter
2770 1604 2927 1658 Pater
2953 1603 3203 1672 genuisse
3229 1598 3526 1655 credendus
3553 1607 3634 1652 est

2061 1700 2252 1754 Filium
2280 1707 2626 1753 eoa-ternum.
2672 1696 2745 1748 De
2776 1702 2943 1747 matre
2970 1702 3126 1746 natus
3155 1700 3238 1745 est
3266 1691 3351 1758 qui
3383 1698 3505 1742 ante
3525 1688 3636 1756 jam

2060 1789 2162 1844 fuit
2196 1807 2209 1841 :
2256 1788 2321 1841 de
2365 1788 2515 1841 Patre
2543 1786 2630 1854 qui
2662 1782 2947 1853 aliquando
2978 1796 3083 1836 non
3132 1780 3318 1835 deluit.
3363 1778 3476 1833 Hoc
3505 1777 3637 1832 ﬁdes

2057 1879 2260 1943 credat,
2284 1876 2626 1945 intelligentia
2652 1888 2754 1926 non
2786 1872 3024 1941 requirat
3053 1887 3066 1923 :
3101 1884 3167 1924 ne
3196 1876 3286 1921 aut
3317 1882 3421 1921 non
3448 1866 3639 1919 inven-

2060 1979 2170 2026 tum
2205 1978 2355 2041 putet
2390 1965 2723 2029 incredibile,
2752 1973 2845 2018 aut
2873 1970 3142 2032 repertum
3178 1975 3285 2014 non
3312 1958 3495 2013 credat
3525 1957 3640 2010 sin-

2060 2067 2261 2137 gnlare.
2297 2064 2432 2118 Ecce
2461 2061 2599 2115 enim
2633 2059 2700 2113 de
2728 2068 2897 2115 matre
2927 2065 3081 2110 natus
3124 2063 3205 2108 est
3236 2052 3497 2115 Christus,
3542 2063 3642 2104 nec

2064 2156 2185 2211 ideo
2216 2164 2388 2208 tamen
2419 2168 2510 2220 per
2537 2158 2837 2205 contactum
2867 2147 2972 2202 viri
3000 2145 3184 2199 matris
3229 2143 3402 2213 pudor
3430 2152 3511 2196 est
3543 2144 3644 2193 im-

2064 2244 2316 2300 minutus.
2342 2242 2502 2310 Virgo
2528 2239 2752 2310 peperit,
2783 2236 2909 2307 quia
2935 2236 3084 2303 virgo
3112 2233 3359 2301 concepit
3387 2248 3402 2284 :
3441 2239 3496 2285 et
3535 2245 3643 2284 non

2065 2340 2283 2388 servato
2325 2345 2503 2385 rerum
2530 2328 2740 2393 ordine,
2772 2341 2837 2381 ex
2862 2326 3071 2394 integro
3109 2324 3293 2377 matris
3314 2336 3537 2391 corpore
3566 2320 3647 2373 in-

2067 2432 2270 2492 tegrum
2298 2433 2488 2488 corpus
2517 2418 2761 2471 Christus
2788 2415 3094 2483 assumpsit.
3130 2413 3185 2468 Si
3214 2427 3339 2479 ergo
3363 2423 3499 2466 novo
3527 2426 3648 2462 mo-

2068 2528 2128 2569 re
2148 2553 2163 2577 ,
2201 2511 2347 2565 nullo
2374 2509 2639 2574 exemplo,
2682 2504 2972 2560 secundum
3005 2516 3217 2557 carnem
3247 2510 3400 2554 natus
3426 2500 3649 2552 docetur

2069 2616 2136 2656 ex
2167 2614 2393 2669 corpore
2426 2616 2438 2651 :
2467 2596 2589 2665 quid
2615 2595 2805 2649 mirum
2838 2594 2881 2648 si
2912 2608 3018 2647 non
3045 2591 3333 2647 secundum
3364 2600 3651 2643 consuetu-

2070 2691 2248 2746 dinem
2281 2688 2497 2743 humani
2541 2692 2721 2753 partus
2746 2684 3003 2753 processit
3024 2697 3088 2736 ex
3112 2681 3304 2736 Patre?
3325 2679 3437 2733 Non
3462 2676 3652 2730 minuit

2073 2777 2429 2834 subsmutiam
2459 2776 2663 2841 matris,
2710 2790 2775 2828 ex
2829 2773 2940 2828 sola
2989 2773 3197 2841 genitus
3249 2768 3405 2831 ﬁlius,
3455 2776 3504 2821 et
3537 2766 3653 2819 sine

2074 2867 2269 2921 damno
2297 2866 2539 2933 corporis
2574 2864 2849 2933 parientis,
2900 2871 3080 2915 natum
3124 2860 3213 2913 liTii
3257 2857 3501 2912 norimus
3534 2869 3655 2907 cor-

2076 2971 2205 3027 pus:
2247 2965 2303 3009 et
2346 2957 2602 3009 minuisse
2656 2954 3044 3023 incorporalem
3093 2952 3266 3006 Patris
3305 2947 3654 3002 substantiam

402 3070 543 3139 quod
588 3076 692 3135 est,
750 3075 805 3121 et
854 3075 1132 3133 prepterea
1174 3075 1442 3131 nunquam
1495 3060 1546 3113 in
1597 3059 1646 3111 id
1698 3056 1971 3125 quodnon
2001 3087 2046 3145 C
2077 3046 2334 3105 creditur.
2368 3061 2487 3099 cum
2520 3060 2583 3099 ex
2629 3043 2816 3098 eodem
2864 3042 2978 3112 ipso
3025 3039 3445 3094 substantialiter
3496 3046 3656 3105 atque

403 3170 511 3225 est,
539 3174 605 3213 ex
635 3173 699 3212 eo
728 3155 870 3226 quod
901 3163 1002 3209 est.
1049 3152 1138 3206 illa
1163 3167 1230 3206 ex
1265 3166 1330 3206 eo
1361 3149 1500 3218 quod
1555 3163 1658 3200 non
1701 3156 1804 3212 est,
1836 3146 1887 3199 in
1921 3147 1972 3199 id

407 3250 547 3320 quod
568 3259 648 3304 est
679 3265 691 3299 :
731 3256 785 3302 et
817 3258 1093 3316 pr0pterea
1121 3253 1375 3311 quantum
1406 3239 1470 3293 ad
1498 3253 1556 3292 se
1593 3238 1780 3290 attinet
1818 3251 1882 3290 ex
1914 3252 1979 3290 eo

408 3342 547 3412 quod
577 3348 683 3407 est,
703 3340 755 3396 in
781 3338 832 3394 id
859 3336 999 3408 quod
1027 3351 1132 3391 non
1159 3343 1261 3401 est,
1292 3332 1376 3387 sui
1402 3339 1550 3385 ortus
1570 3327 1875 3383 conditione
1898 3341 1981 3382 re-

410 3433 651 3489 Vertitur.

1009 3516 1236 3574 CAPUT
1286 3515 1378 3570 1X.

490 3658 606 3714 Fel.
666 3659 779 3713 Non
808 3656 963 3711 video
987 3653 1111 3724 quid
1142 3653 1194 3707 in
1235 3664 1431 3705 arcano
1459 3646 1618 3716 hujus
1643 3644 1984 3700 obscuritatis

416 3750 737 3805 involvcris:
768 3759 822 3803 et
861 3748 981 3801 ideo
1020 3754 1168 3798 recte
1213 3741 1397 3804 facies,
1428 3740 1470 3794 si
1503 3739 1553 3792 id
1582 3738 1723 3808 quod
1768 3753 1796 3790 a
1830 3747 1900 3803 te,
1932 3746 1988 3789 ut

418 3856 535 3895 mea
593 3840 696 3893 fert
746 3838 948 3906 Opinio,
988 3829 1605 3900 incomprehensibiliter
1650 3828 1859 3883 dictum
1890 3833 1978 3879 est

421 3932 804 4001 intelligibilius
846 3927 1217 3999 erplicaveris.

490 4050 625 4117 Aug.
667 4046 785 4101 Dixi
815 4046 1029 4114 inquam
1055 4042 1121 4098 de
1147 4041 1306 4106 Filio,
1352 4053 1475 4095 cum
1512 4052 1636 4094 eum
1672 4051 1702 4091 a
1733 4044 1993 4092 creatura:

420 4138 731 4193 definitione
762 4138 1116 4193 discernerent
1151 4154 1163 4188 :
1190 4133 1440 4205 quoniam
1473 4134 1516 4185 is
1546 4146 1651 4185 non
1674 4145 1739 4185 ex
1763 4144 1828 4184 eo
1852 4128 1991 4197 quod

424 4244 529 4281 non
555 4237 656 4291 est,
686 4229 812 4282 inid
845 4228 985 4296 quod
1013 4236 1093 4282 est
1128 4245 1137 4279 :
1169 4225 1311 4295 quod
1343 4225 1446 4278 tale
1473 4230 1557 4277 est
1585 4235 1647 4276 ac
1671 4220 1714 4275 si
1736 4219 1991 4281 dicerem,

425 4332 530 4370 non
556 4332 621 4370 ex
649 4316 813 4370 nihlo
842 4316 1011 4371 factus
1035 4324 1137 4370 est.
1167 4316 1231 4369 Et
1258 4322 1539 4383 prepterea
1569 4324 1839 4379 nunquam
1871 4308 1920 4362 in
1947 4309 1997 4363 id

425 4406 565 4474 quod
623 4422 726 4459 non
767 4415 869 4471 cst,
901 4421 967 4461 ex
998 4420 1061 4460 eo
1109 4404 1251 4474 quod
1280 4413 1361 4459 est
1392 4421 1410 4458 :
1460 4402 1512 4457 id
1544 4410 1913 4467 estnunquam
1946 4401 1994 4451 io

428 4497 654 4552 nihilum
679 4513 745 4551 ex
777 4513 842 4551 eo
872 4498 986 4565 ipso
1012 4500 1154 4566 quod
1179 4506 1282 4566 est,
1307 4500 1509 4552 natura:
1536 4509 1648 4550 suae
1676 4493 1997 4562 proprietate

429 4587 721 4643 solvendus
749 4597 847 4644 εει.
882 4588 1133 4644 Creatura
1168 4604 1316 4655 vero,
1346 4604 1413 4643 ex
1459 4603 1525 4643 eo
1552 4585 1691 4656 quod
1743 4598 1847 4636 non
1895 4594 1997 4646 est.

431 4677 562 4732 inid
608 4678 748 4746 quod
778 4686 878 4733 est.
916 4680 1033 4744 Quo
1062 4678 1377 4745 ostenditur,
1413 4680 1533 4747 quia
1564 4693 1635 4731 ex
1676 4675 1844 4728 nihilo
1882 4690 2001 4740 pro-

434 4773 539 4823 lata
565 4780 664 4825 est.
695 4771 1067 4841 Et‘propterea
1095 4781 1345 4842 quantum
1376 4772 1441 4823 ad
1491 4785 1549 4823 se
1581 4770 1787 4831 attinet,
1831 4782 1895 4822 ex
1938 4783 2004 4822 eo

434 4860 573 4929 quod
603 4870 704 4929 est,
739 4861 862 4915 inid
892 4862 1030 4930 quod
1068 4878 1171 4916 non
1203 4870 1302 4927 est,
1333 4860 1383 4913 id
1415 4869 1495 4913 est
1518 4862 1569 4912 in
1610 4859 1851 4928 nihilum,
1905 4863 2004 4915 nisi

438 4963 691 5022 perpetua
745 4955 914 5023 gratia
959 4953 1162 5017 fecerit,
1204 4963 1404 5007 natura:
1443 4965 1553 5005 suae
1594 4951 1849 5018 qualitate
1890 4967 2011 5008 ver-

438 5046 595 5099 tcnda
620 5055 722 5099 est.
758 5046 895 5115 Ergo
922 5061 1188 5114 nunquam
1238 5062 1342 5099 non
1370 5046 1474 5099 erit
1518 5045 1702 5109 Filius,
1747 5045 1833 5113 qui
1885 5045 2013 5097 sub-

438 5135 757 5190 etantialiter
784 5136 1006 5189 docetur
1035 5150 1153 5190 esse
1184 5145 1502 5204 perpetun=;
1555 5146 1608 5189 et
1659 5136 1757 5187 hoc
1804 5143 1861 5185 ut
1892 5146 2012 5201 pote

442 5226 678 5294 proprio,
707 5241 735 5278 a
762 5226 1065 5280 Conditione
1094 5226 1330 5279 omnium
1363 5233 1726 5277 creaturarum
1770 5238 1889 5290 qu'e
1918 5237 2010 5289 per

441 5314 555 5383 ipso
581 5335 609 5366 ιι
644 5315 795 5370 facta:
822 5324 963 5372 sunt.
993 5328 1097 5367 non
1126 5313 1313 5381 injuria
1343 5312 1581 5364 noscitur
1610 5310 1960 5378 separandos.

516 5403 629 5458 Fel.
668 5404 811 5458 Licet
838 5401 1234 5472 intelligentiam
1268 5414 1437 5453 meam
1470 5415 1603 5452 nova
1634 5416 1810 5453 rerum
1848 5400 2015 5451 subti—

445 5495 591 5551 litate
637 5497 984 5567 perstringas,
1018 5496 1197 5548 nescio
1252 5502 1429 5545 tamen
1478 5506 1584 5559 quo
1640 5501 1793 5559 pacto
1827 5491 1971 5543 dicas
2000 5531 2014 5553 ,

446 5588 586 5657 quod
621 5600 914 5644 comternus
948 5587 1088 5643 Patri
1144 5586 1210 5642 sit
1241 5583 1407 5639 Filius
1439 5600 1449 5635 :
1495 5596 1614 5637 cum
1661 5593 1713 5637 ct
1745 5584 2014 5638 Communi

2080 3136 2489 3206 incorporaliter
2518 3134 2777 3204 prolatus,
2806 3133 3000 3188 dicitur
3023 3132 3270 3202 genitus?
3316 3130 3453 3199 Ergo
3479 3128 3521 3181 si
3565 3143 3655 3179 ua-

2083 3229 2253 3281 turam
2282 3241 2458 3279 rerum
2492 3224 2839 3292 intelligentia
2871 3222 3004 3276 duce
3024 3220 3435 3290 perpendimus;
3465 3217 3657 3270 demus

2082 3316 2314 3381 initium,
2341 3318 2383 3368 si
2420 3330 2522 3367 non
2558 3328 2807 3382 negamus
2829 3326 3103 3366 occasum.
3138 3308 3385 3376 Alioquin
3428 3307 3550 3360 ideo
3574 3305 3661 3359 Fi-

2085 3404 2211 3458 lium
2247 3418 2349 3456 nou
2383 3403 2578 3457 habere
2606 3403 2843 3456 dicamus
2871 3400 3100 3464 iulium,
3129 3400 3247 3468 quia
3283 3413 3385 3451 nnu
3420 3411 3513 3465 per
3542 3410 3661 3463 gra-

2086 3492 2235 3557 tiam,
2270 3490 2362 3545 sed
2395 3506 2486 3560 per
2513 3498 2750 3543 naturam
2796 3489 3024 3543 fatemur
3048 3502 3167 3542 esse
3214 3496 3547 3555 perpetuum.
3582 3485 3663 3539 Ad

2087 3592 2372 3643 summam,
2397 3579 2567 3645 major
2594 3586 2649 3631 et
2675 3578 2867 3640 minor,
2895 3577 3060 3630 tribus
3101 3574 3274 3629 mo’dis
3304 3574 3408 3627 (ἥρ-ἱ
3441 3581 3619 3641 potest
3645 3590 3661 3627 :

2090 3669 2143 3723 id
2176 3678 2279 3732 est,
2318 3676 2498 3733 rotate,
2534 3666 2722 3727 forma,
2755 3667 3011 3734 petentia.
3043 3664 3224 3719 Aﬂtate
3252 3665 3430 3718 senior
3460 3677 3664 3730 puero;

2092 3754 2261 3810 forma
2309 3756 2512 3824 longior
2565 3768 2772 3822 parvo;
2828 3755 3062 3821 potentia
3138 3753 3324 3808 fortior
3372 3750 3665 3805 imbecillo.

2092 3842 2378 3897 Videamus
2420 3851 2593 3896 utrum
2638 3842 2834 3911 aliquid
2884 3841 3070 3895 horum
3102 3841 3306 3895 accidat
3348 3840 3501 3893 Filio.
3534 3838 3671 3892 Nam

2094 3947 2193 3989 nec
2228 3942 2382 3987 mtate
2412 3933 2587 3985 minor
2614 3940 2715 3992 est,
2757 3946 2912 3999 quem
2942 3929 3016 3984 de
3063 3929 3324 3997 principio
3355 3928 3508 3981 Patre
3536 3942 3673 3979 con-

2093 4034 2200 4081 stat
2224 4026 2493 4079 exstitisse
2523 4024 2879 4091 principium:
2928 4037 3025 4075 nec
3073 4020 3230 4090 3&1
3276 4019 3464 4084 t'orma,
3508 4034 3673 4085 quem

2100 4133 2203 4171 nou
2228 4117 2369 4170 aliud
2400 4117 2475 4167 las
2502 4126 2582 4169 est
2612 4116 2901 4182 praedicare
2941 4130 3097 4181 quam
3134 4114 3321 4176 Deum,
3355 4127 3453 4165 nec
3484 4121 3677 4180 puten-

2098 4207 2193 4274 tia,
2224 4220 2253 4259 a
2280 4220 2386 4275 quo
2418 4214 2587 4259 totum
2620 4206 2861 4258 novimus
2896 4218 3017 4257 esse
3049 4201 3363 4270 perfectum.

2707 4300 2932 4359 CAPUT
2971 4300 3062 4353 XI.

2180 4406 2292 4461 Fel.
2332 4407 2480 4463 Srire
2518 4405 2673 4473 cupio
2710 4418 2815 4471 quo
2854 4410 3007 4469 pacto
3036 4401 3100 4453 ad
3130 4400 3320 4455 Filium
3370 4400 3559 4455 transit
3597 4401 3682 4453 di-

2108 4499 2281 4568 gnitas
2323 4498 2518 4561 Patris,
2559 4505 2614 4551 et
2654 4495 2719 4548 ad
2759 4494 2971 4547 Patrem
3004 4507 3108 4546 non
3152 4494 3374 4547 recurrit
3409 4493 3683 4546 humilitas

2107 4592 2291 4661 prolis.

2182 4684 2314 4750 Aug.
2354 4678 2465 4732 Non
2496 4674 2785 4732 secundum
2818 4685 3060 4727 naturam
3091 4674 3189 4729 ista
3220 4688 3360 4728 nunc
3385 4672 3513 4741 diei,
3544 4688 3685 4740 quo-

2110 4773 2309 4827 tidiana
2336 4785 2517 4825 rerum
2548 4768 2789 4835 exempla
2822 4781 2917 4820 nos
2947 4766 3157 4821 docent.
3195 4767 3331 4821 Ecce
3356 4766 3499 4821 enim
3532 4775 3687 4833 pute-

2115 4877 2234 4917 mus
2276 4861 2505 4929 aliquem
2548 4872 2727 4926 regem
2770 4870 2830 4909 ac
2860 4858 3001 4926 regis
3038 4857 3199 4911 lilium
3237 4858 3494 4926 depositis
3523 4856 3689 4926 regia:

2114 4952 2414 5020 maiestatis
2445 4949 2995 5020 insignibus,subjecti
3022 4949 3205 5004 militis
3230 4949 3534 5002 indumenta
3565 4962 3689 5001 sns-

2115 5047 2320 5114 cipere,
2365 5052 2417 5096 et
2470 5050 2687 5109 prOpter
2716 5051 2913 5095 certam
2947 5043 3110 5109 patris
3148 5041 3594 5109 dispensationem
3626 5055 3691 5094 ac

2114 5137 2384 5191 sociorum
2412 5133 2663 5194 Salutem,
2695 5133 2974 5187 rebellium
3003 5132 3353 5186 contumelias
3378 5131 3687 5189 sustinere:

2116 5225 2353 5292 nunquid
2395 5223 2517 5291 quia
2561 5221 2624 5275 ad
2669 5222 2807 5276 hunc
2847 5222 3179 5292 participium
3212 5222 3369 5290 regia:
3414 5223 3693 5291 potestatis

2115 5327 2323 5372 certum
2353 5324 2437 5368 est
2471 5314 2745 5368 nativitate
2786 5313 3087 5377 decurrere,
3116 5313 3314 5368 idcirco
3339 5314 3403 5367 ad
3446 5328 3568 5367 eum
3602 5313 3693 5379 qui

2118 5407 2324 5475 genuit,
2372 5405 2618 5472 injuriam
2668 5404 2757 5457 lilii
2801 5418 2903 5457 non
2944 5404 3303 5470 compatiendi
3349 5402 3559 5465 all‘ectu,
3598 5404 3693 5458 sed

2120 5496 2232 5562 ipsa
2260 5508 2325 5561 pa
2340 5494 2537 5546 Ssionis
2560 5494 2883 5561 proprietate
2905 5503 3107 5547 certum
3133 5502 3215 5549 est
3239 5494 3557 5563 pervenire?
3575 5492 3695 5549 Non

2124 5587 2192 5647 ita
2224 5595 2327 5655 est,
2361 5586 2491 5662 qu_ia_
2514 5600 2617 5661 non
2649 5600 2716 5640 ex
2749 5584 2853 5639 lilio
2882 5594 3109 5655 patrem,
3139 5585 3231 5642 sed
3252 5602 3312 5643 er
3346 5594 3496 5654 patre
3524 5584 3695 5640 filium
