3958 6176
327 249 423 305 541

1430 244 1516 299 DE
1560 239 1854 299 UMTATE
1896 239 2283 296 TRINITATIS
2321 238 2539 294 LIBER.

3512 237 3627 291 3εέ

326 374 532 419 certum
561 370 650 420 est
681 369 865 418 natum
887 367 1028 439 esse.
1060 359 1121 415 Et
1152 364 1436 429 propterea
1463 364 1631 411 totum
1658 355 1796 409 inter
1825 352 1925 408 hos
1958 360 2007 419 Α
2036 356 2315 410 mortalem
2356 354 2640 423 prtediecm
2685 350 2961 408 deitatem.
3009 350 3123 406 Non
3162 366 3373 422 separo,
3409 368 3473 408 ne
3520 353 3615 406 Dei

326 457 499 511 simile
540 456 779 509 dicimus
819 454 960 523 quod
1001 450 1231 522 pertinet
1261 450 1323 503 ad
1354 448 1787 503 communionem
1831 462 1925 499 na-

328 558 493 610 turae;
525 548 662 601 illud
693 546 968 615 proprium
997 544 1138 614 quod
1170 558 1264 612 per
1294 541 1542 596 accidens
1572 539 1661 594 uni
1690 538 1931 591 noscitur

328 638 577 693 evenisse
612 653 887 707 personae.
913 636 1083 690 liabet
1111 649 1237 704 ergo
1267 632 1537 686 nascendo
1565 640 1730 683 totum
1764 628 1931 681 Filius

328 745 448 783 cuin
483 729 649 784 Patre
681 729 828 799 Quod
864 730 1017 783 Pater
1058 738 1173 790 est,
1219 725 1312 779 sed
1344 739 1448 777 non
1478 724 1542 776 de
1573 722 1707 775 Filio
1752 721 1927 775 Pater.

328 819 600 889 Quidquid
625 820 939 886 specialiter
958 822 1069 885 ipse
1088 832 1373 887 perpessus
1395 826 1498 883 est,
1526 815 1764 883 utrisque
1785 828 1933 867 cont-

330 927 491 966 mnne
515 927 627 965 non
656 922 765 965 est.
796 911 945 977 Quod
975 926 1037 965 ex
1065 910 1277 962 homine
1305 919 1457 961 natus
1482 917 1561 961 est
1583 908 1766 967 homo,
1795 904 1934 958 acci-

330 1005 462 1056 dens
495 1001 746 1069 speciale
780 1011 881 1055 est.
927 1000 1077 1067 Quod
1124 1001 1438 1068 p'crnmqne
1480 999 1595 1051 sine
1624 996 1934 1065 [lrﬂ‘jUdlClO

331 1092 640 1144 communis
680 1102 893 1145 natura:
938 1102 1127 1143 neuter
1168 1091 1365 1143 habere
1402 1092 1625 1142 docetur
1656 1088 1706 1140 in
1740 1088 1929 1141 altero.

336 1182 443 1238 [Tua
466 1192 552 1237 est
584 1184 773 1237 Patris
801 1184 1119 1245 substantia,
1148 1198 1247 1235 una
1279 1198 1525 1250 persona.
1553 1180 1675 1235 Haec
1702 1196 1821 1233 cum
1845 1194 1935 1249 ge-

334 1274 464 1337 nuit,
502 1289 570 1328 ex
606 1275 716 1327 hac
760 1274 879 1328 sine
917 1275 1078 1328 dubio
1117 1290 1219 1327 non
1253 1273 1458 1326 diversa
1493 1272 1729 1325 noscizur
1767 1271 1933 1324 exsti-

334 1365 482 1428 tisse,
526 1365 629 1419 sed
664 1365 879 1432 altera;
912 1382 1028 1436 qua:
1060 1382 1163 1419 non
1194 1365 1336 1418 aliud
1368 1365 1587 1419 docetur
1615 1378 1733 1417 esse
1777 1378 1935 1431 quam

335 1457 533 1524 prima,
568 1457 707 1511 dum
744 1466 801 1512 et
838 1458 1139 1513 coinmunis
1169 1457 1391 1511 docetur
1421 1467 1468 1510 et
1507 1457 1740 1523 propria.
1777 1456 1935 1506 Com-

334 1552 529 1614 munis,
563 1552 825 1621 inquam,
870 1551 1072 1605 unitate
1102 1550 1440 1613 sltbst'tnlim,
1484 1549 1695 1617 propria
1728 1547 1935 1599 discre-

335 1644 474 1695 tione
505 1656 794 1710 persontc.
830 1642 961 1697 Cum
1001 1657 1129 1711 ergo
1160 1643 1211 1695 iu
1244 1656 1303 1696 se
1342 1649 1514 1693 exstet
1544 1640 1629 1693 illa
1666 1654 1784 1709 qum
1817 1646 1938 1691 nata

2034 447 2209 502 Patris
2234 461 2393 501 unam
2420 443 2712 500 secundum
2737 458 2976 509 carnem,
3005 453 3058 499 ct
3079 444 3298 499 alteram
3321 445 3615 498 secundum

2035 539 2370 607 majestatem
2418 536 2758 591 introducere
2798 534 2982 591 videar
3026 534 3230 604 prolem
3267 549 3281 587 :
3326 536 3445 603 quia
3478 534 3617 586 ident

2036 630 2128 684 Dei
2155 630 2324 684 Filius
2353 637 2407 682 et
2436 630 2549 682 sine
2580 628 2731 681 initio
2761 626 3025 697 processit
3054 643 3120 680 ex
3148 626 3323 689 Patre,
3348 633 3401 679 et
3430 638 3621 678 secun-

2035 724 2160 777 dum
2193 731 2404 789 tempus
2429 723 2571 776 nasci
2603 730 2684 776 est
2715 720 2962 790 dignatus
2994 736 3058 774 ex
3094 720 3328 789 Virgine.
3367 716 3622 787 lmpassi-

2038 815 2156 869 bilis
2186 815 2236 869 in
2265 830 2384 879 suo,
2412 829 2597 882 passus
2622 815 2671 867 in
2701 822 2884 867 nostro
2910 855 2925 877 ,
2953 813 3077 867 dum
3112 808 3624 878 incmuprehcnsihi-

2038 909 2142 963 lem
2173 910 2506 975 ntajcstntem
2538 906 2697 976 3153
2730 906 2879 961 ve'ut
2906 904 3134 973 quodam
3168 903 3479 956 indumento
3506 916 3624 953 car-

2038 1004 2119 1056 nis
2150 1000 2348 1053 veseirc
2379 998 2626 1067 dignatus
2664 1007 2766 1051 est.
2816 996 2891 1050 Ex
2925 1005 3150 1064 utroqtte
3181 1008 3283 1047 nua
3315 991 3625 1046 mediatoris

2038 1106 2288 1161 persona,
2334 1104 2438 1142 non
2484 1103 2586 1142 una
2629 1087 2949 1141 substantia.
2979 1085 3096 1141 Una
3122 1086 3336 1153 inquam
3371 1096 3621 1147 persmm,

2041 1202 2106 1239 ne
2148 1186 2218 1240 sit
2250 1199 2353 1237 non
2394 1196 2531 1234 unus
2574 1178 2850 1243 Christus;
2905 1195 3008 1231 non
3052 1194 3154 1231 una
3200 1175 3519 1240 substantia,
3559 1190 3626 1228 ne

2041 1276 2351 1332 mediatoris
2374 1273 2774 1335 dispensatione
2796 1272 3063 1336 submota,
3089 1280 3178 1324 aut
3204 1271 3294 1324 Dei
3320 1278 3522 1322 tantum
3546 1267 3627 1321 di-

2040 1378 2211 1436 catur,
2243 1377 2330 1417 aut
2364 1366 2594 1419 lintninis
2621 1365 2807 1419 Filius.
2838 1365 2955 1418 Non
2978 1378 3106 1432 ergo
3138 1363 3188 1416 in
3214 1363 3427 1417 Christo
3455 1374 3629 1416 susce-

2040 1469 2182 1529 ptam
2221 1473 2436 1511 carnem
2488 1457 2842 1525 perpetuitate
2886 1456 3081 1510 divittre
3127 1456 3487 1523 generationis
3532 1471 3629 1509 cx~

2042 1550 2203 1606 tendo
2230 1570 2239 1601 :
2270 1564 2368 1604 nec
2392 1549 2705 1602 immensam
2733 1548 2987 1602 deitatem
3019 1550 3264 1618 corporei
3290 1560 3439 1601 ortus
3472 1556 3631 1602 (etate

2043 1644 2338 1708 concludo;
2370 1644 2491 1713 quia
2526 1643 2664 1697 idem
2694 1644 2746 1696 in
2780 1642 3057 1697 divinitate
3084 1652 3269 1696 auctor
3299 1652 3380 1697 est
3426 1658 3626 1705 rerum,

332 1744 431 1800 est,
459 1750 567 1788 non
593 1735 869 1805 quidquid
895 1734 1014 1789 huic
1038 1734 1313 1801 acciderit,
1334 1734 1398 1785 ad
1423 1733 1725 1802 gignentem
1751 1744 1938 1797 ncces-

2057 1739 2129 1807 iui
2164 1739 2215 1791 in
2244 1752 2407 1792 carne
2438 1735 2763 1803 Redemptor
2792 1745 2874 1789 est
2913 1734 3187 1789 hominum
3215 1751 3228 1788 :
3262 1734 3399 1789 idem
3434 1734 3630 1803 impas-

334 1828 469 1881 sario
499 1830 750 1891 transit;
786 1829 923 1881 sicut
949 1827 1013 1881 ad
1047 1835 1351 1881 nascentem
1384 1825 1637 1895 quidquid
1665 1824 1935 1892 proprium

335 1934 393 1972 ac
416 1919 794 1973 substantialc
820 1918 1085 1989 gignentis
1113 1928 1323 1972 conStat
1350 1932 1489 1980 ese,
1526 1916 1788 1985 pervenit.
1821 1915 1938 1969 Non

336 2010 471 2064 enim
499 2011 650 2064 sicut
676 2010 822 2064 Filio
843 2010 956 2079 ipsa
988 2009 1331 2080 generatione
1361 2008 1554 2063 collata
1585 2015 1667 2061 est
1694 2006 1941 2060 divinitas

336 2096 528 2166 Patris,
559 2102 647 2155 sic
680 2100 752 2154 ad
786 2098 1001 2155 Patrem
1043 2102 1278 2155 refertur
1307 2082 1599 2169 a‘gritude,
1636 2108 1939 2168 paupertas,

336 2208 496 2258 mors,
522 2193 826 2249 humilitas
852 2194 1039 2263 prolis.
1058 2195 1209 2261 Quod
1235 2194 1355 2249 ideo
1378 2176 1489 2247 non
1516 2193 1592 2258 ﬁt,
1613 2193 1732 2263 quia
1758 2207 1944 2257 quam-

336 2287 412 2340 vis
439 2285 508 2340 de
539 2301 679 2351 una,
710 2286 767 2340 id
802 2295 885 2341 est
914 2288 1080 2356 patris
1110 2286 1406 2355 substantia
1441 2285 1604 2341 fuerit
1631 2284 1823 2338 similis
1847 2299 1942 2353 ge-

337 2378 441 2431 nita
484 2394 496 2428 :
545 2386 741 2432 tamen
779 2376 899 2448 quia
928 2377 1036 2447 jam
1069 2378 1123 2432 in
1164 2376 1340 2446 seipsa
1370 2386 1579 2441 exstat,
1614 2390 1946 2445 quacunque

340 2469 458 2523 huic
484 2468 833 2525 intrinsecus
863 2471 1194 2539 ingeruntur,
1226 2485 1332 2524 non
1361 2470 1665 2524 communia
1693 2468 1945 2522 dicuntur

337 2577 474 2629 esse,
506 2564 614 2619 sed
649 2562 895 2634 prepria.
937 2563 991 2617 Si
1023 2577 1152 2632 ergo
1193 2562 1412 2617 humani
1442 2562 1657 2633 generis
1688 2562 1785 2617 ista
1817 2576 1946 2615 con-

338 2653 462 2709 ditio
503 2665 621 2721 est,
656 2669 784 2710 cum
816 2653 975 2725 3&2
1014 2669 1119 2709 non
1159 2670 1327 2725 usque
1364 2655 1499 2709 adeo
1540 2655 1631 2709 filii
1670 2656 1737 2707 ab
1765 2668 1830 2708 eo
1856 2654 1945 2723 qui

336 2748 519 2813 genuit
546 2747 609 2801 in
634 2746 787 2801 aliud
816 2762 1048 2816 unquam
1074 2756 1274 2802 mutata
1303 2747 1595 2802 substantia
1626 2756 1728 2810 est,
1756 2757 1809 2799 ut
1836 2760 1946 2799 non

338 2839 528 2893 eadem
574 2838 753 2908 possit
782 2852 923 2905 esse,
955 2838 1048 2892 sed
1080 2840 1245 2892 a'tera
1274 2854 1288 2902 ;
1320 2837 1446 2890 dum
1477 2837 1809 2892 extrinsecus
1840 2834 1949 2889 filio

336 2929 728 2985 accidentibus
757 2929 964 2997 multis,
995 2940 1175 2984 manet
1198 2929 1551 2984 nihilominus
1575 2938 1765 2982 natura
1796 2942 1946 2980 com-

336 3028 513 3081 munis
534 3043 559 3092 ;
584 3026 721 3095 quid
754 3040 852 3080 nos
880 3025 946 3081 de
969 3026 1077 3081 Deo
1102 3035 1263 3095 atque
1305 3025 1419 3095 ejus
1451 3025 1589 3079 Filio
1617 3023 1833 3093 dignum
1866 3030 1947 3077 est

336 3118 596 3183 credere,
630 3117 760 3188 quid
791 3116 946 3172 decet
970 3117 1296 3185 prtedicare?
1324 3118 1562 3183 Quorum
1594 3114 1834 3184 quamvis
1862 3128 1947 3168 se-
1973 3088 2017 3148 Ο

338 3209 591 3263 cundum
623 3208 869 3263 indivisze
913 3207 1205 3279 majestatis
1236 3208 1532 3275 simplicem
1574 3207 1801 3276 gloriam
1840 3220 1946 3259 non

337 3304 396 3358 sit
425 3314 638 3358 natura
664 3302 963 3368 dissimilis,
988 3301 1295 3371 specialiter
1316 3316 1345 3353 a
1372 3301 1507 3355 Filio
1530 3315 1722 3370 corpus
1744 3314 1951 3353 assum-

340 3403 487 3463 ptum
506 3404 631 3460 est,
651 3406 707 3450 ut
727 3395 1099 3451 humiliaretur
1123 3395 1177 3450 in
1204 3394 1515 3450 inﬁrmitate
1532 3394 1710 3447 earnis
1730 3402 1949 3456 nostrae,

340 3489 425 3557 qni
471 3488 603 3557 pati
646 3488 778 3542 nihil
825 3496 1035 3557 poterat
1077 3488 1130 3542 in
1170 3489 1473 3543 communis
1510 3486 1791 3541 divinitate
1825 3486 1952 3541 suh-

342 3582 595 3636 stantius.
637 3580 751 3635 Non
781 3583 1072 3650 assumpsit
1104 3580 1264 3636 homo
1292 3581 1524 3635 hominis
1556 3580 1697 3635 lilius
1727 3580 1951 3633 alteram

342 3681 633 3726 naturam.
656 3671 722 3726 Et
748 3687 871 3727 cum
901 3672 953 3727 in
975 3672 1159 3729 eadem
1184 3688 1303 3743 qua:
1325 3688 1445 3727 eum
1474 3672 1631 3727 Patre
1654 3671 1955 3726 communis

345 3772 427 3817 est
456 3763 745 3831 patiatur,
790 3763 856 3816 ad
886 3762 1095 3818 Patrem
1131 3773 1305 3818 tamen
1337 3778 1440 3817 non
1472 3764 1781 3817 transmittit
1811 3763 1953 3828 inju-

347 3852 481 3908 riam
513 3872 530 3907 :
566 3868 670 3910 nec
700 3853 1010 3909 humiliatus
1041 3854 1094 3909 in
1126 3855 1260 3909 Filio
1285 3854 1425 3910 Deus
1448 3853 1604 3908 Pater
1632 3853 1957 3923 passiliilitcr

348 3946 630 4011 creditur,
659 3959 779 3999 cum
811 3961 917 4000 non
949 3946 1000 4000 in
1032 3946 1220 4002 eadem
1251 3948 1365 4016 ipsa
1395 3961 1511 4016 qua:
1544 3950 1783 4015 utrisque
1809 3961 1956 4000 com-

350 4037 537 4090 munis
574 4043 681 4101 est,
705 4036 798 4091 sed
830 4038 880 4090 in
914 4047 1095 4091 nostra
1128 4038 1303 4107 potius
1327 4052 1485 4106 quam
1515 4040 1659 4092 solus
1691 4038 1807 4107 ipse
1836 4050 1958 4091 sus-

352 4127 521 4195 cepit,
571 4125 880 4181 Judzcorum
930 4128 1169 4184 creditur
1210 4130 1493 4198 pertulisse
1541 4129 1839 4198 perlidiam.
1879 4129 1959 4183 Ad

355 4231 674 4285 summam,
712 4219 838 4289 quid
875 4234 1065 4289 precor
1105 4228 1187 4275 est
1215 4220 1354 4291 quod
1390 4222 1652 4288 pendebat
1680 4222 1729 4273 in
1762 4219 1961 4275 cruce?

358 4308 508 4374 Quid
540 4317 627 4363 est
657 4310 797 4378 quod
835 4310 1017 4365 lancea
1061 4311 1256 4366 dicitur
1286 4311 1635 4366 vulnerassei
1679 4310 1817 4366 Caro
1844 4324 1964 4379 pas-

360 4400 565 4466 sibilis,
586 4413 656 4453 an
679 4400 979 4456 substantia
1001 4403 1249 4458 deitatis?
1273 4402 1326 4460 Si
1354 4406 1684 4472 majestatem
1711 4403 1963 4470 protinus

364 4491 679 4559 incorporei
730 4492 1053 4561 prtedfcitor
1102 4496 1499 4564 assumpseris,
1558 4495 1960 4563 corruptihi’em

368 4582 541 4637 Deum
566 4583 769 4638 videris
796 4585 1037 4641 credere.
1065 4587 1120 4641 Si
1150 4588 1454 4655 passibilem
1483 4603 1719 4650 carnem,
1754 4603 1856 4640 non
1880 4598 1964 4642 est

369 4678 678 4732 communis
707 4678 805 4732 ista
838 4693 959 4733 cum
1008 4679 1165 4735 Patre
1191 4719 1208 4746 ,
1252 4689 1309 4735 ut
1339 4695 1434 4749 per
1464 4680 1601 4735 hanc
1643 4695 1762 4735 eum
1796 4681 1966 4750 poSsit

372 4783 509 4826 crux
535 4771 619 4826 illa
649 4773 985 4842 contingere.

987 4863 1211 4921 CAPUT
1249 4864 1289 4919 X
1302 4864 1364 4920 Il.

455 4954 570 5011 Fel.
613 4957 750 5011 Dum
779 4957 1027 5012 torrentis
1050 4956 1210 5012 modo
1235 4956 1410 5013 omnia
1444 4970 1561 5027 quae
1586 4971 1615 5011 a
1638 4956 1791 5012 nobis
1816 4964 1960 5021 sunt,

373 5044 521 5099 dicta
543 5045 869 5115 prmcipitas,
900 5046 1034 5101 duos
1061 5036 1349 5102 admodum
1376 5046 1642 5113 Christos,
1666 5062 1771 5102 non
1796 5062 1959 5101 unum

375 5138 659 5206 pradicas.
694 5136 762 5192 Et
792 5154 895 5193 non
926 5124 1223 5203 immerito;
1258 5153 1380 5193 nam
1406 5140 1450 5194 si
1481 5139 1533 5193 in
1562 5153 1627 5193 eo
1653 5139 1782 5193 nihil
1814 5138 1961 5208 peni-

372 5238 471 5281 tus
498 5228 746 5284 divinitas
785 5229 1033 5297 pertulit,
1080 5228 1376 5284 secundum
1422 5228 1692 5283 hominem
1720 5228 1963 5283 Christus

373 5316 519 5372 alius
542 5319 668 5382 fuit;
716 5318 950 5386 alioquin
981 5334 1075 5387 per
1100 5318 1349 5374 ail'ectum
1392 5318 1692 5373 communis
1728 5319 1967 5385 deitatis,

374 5406 544 5461 etiam
570 5408 638 5463 ad
666 5408 875 5463 Patrem
902 5409 1081 5476 passio
1104 5410 1217 5477 ipsa
1249 5408 1511 5477 pervenit.

456 5501 586 5569 Aug.
628 5499 743 5555 Non
778 5502 849 5555 ita
880 5510 981 5557 est.
1028 5502 1143 5571 Ego
1177 5503 1317 5557 enim
1351 5503 1683 5560 Salvatorem
1726 5511 1969 5558 nostrum

377 5603 494 5643 non
519 5591 810 5656 contendo,
838 5606 941 5647 non
969 5592 1164 5647 divido.
1198 5593 1311 5649 Non
1344 5596 1636 5660 coniuncto,
1672 5610 1738 5650 ne
1768 5604 1860 5648 aut
1890 5596 1969 5649 itt-

374 5694 721 5750 .corpoream,
744 5690 796 5737 ct
825 5683 1189 5755 imaginariam
1220 5699 1435 5742 carnem
1463 5702 1476 5752 ;
1503 5693 1592 5741 aut
1612 5686 1883 5742 carnalem
1915 5696 1969 5743 et

2045 1830 2217 1884 sibilis
2246 1830 2296 1883 in
2320 1844 2398 1890 se,
2425 1827 2515 1897 qui
2540 1841 2727 1896 passus
2749 1827 2799 1880 in
2825 1840 3087 1895 corpore;
3113 1826 3234 1880 dum
3260 1827 3336 1879 sic
3358 1827 3633 1900 utriusque

2047 1930 2253 1977 naturae
2281 1920 2663 1990 pr0prietatem
2689 1932 2813 1971 vere
2835 1932 2899 1971 ex
2924 1928 3149 1985 utraque
3181 1918 3415 1986 gignenti
3438 1918 3633 1971 similis

2048 2024 2205 2070 natus
2231 2011 2531 2079 expressit,
2567 2018 2623 2064 ut
2653 2018 2704 2063 et
2732 2023 2911 2063 veram
2944 2023 3156 2062 carnem
3182 2009 3480 2075 suscepisse
3511 2022 3634 2059 eum

2048 2114 2260 2162 constet
2288 2120 2352 2159 ex
2383 2113 2577 2167 matre,
2618 2111 2673 2157 et
2709 2100 3098 2155 indillcrcntem
3142 2099 3395 2153 deitatem
3438 2100 3636 2154 habere

2049 2207 2259 2255 constet
2292 2215 2356 2252 ex
2388 2198 2565 2252 Patre.
2612 2195 2817 2263 Quibus
2848 2195 2899 2249 in
2933 2210 3091 2249 uuam
3123 2209 3403 2264 personam
3437 2194 3638 2246 incom-

2053 2307 2100 2363 pl
2116 2290 2401 2347 eltensibili
2427 2289 2736 2345 mediatoris
2759 2288 3161 2357 dispensatione
3184 2286 3506 2356 cunjunetis,
3525 2302 3637 2339 ser-

2050 2383 2193 2438 vavit
2223 2382 2447 2452 singulis
2478 2379 2718 2451 propria,
2752 2379 2843 2434 sed
2874 2378 3151 2448 conjunxit
3181 2380 3412 2448 propriis
3442 2378 3635 2432 a'iena.

2050 2475 2296 2531 Servavit
2319 2473 2555 2542 propria,
2581 2472 2706 2527 dum
2738 2487 2841 2526 non
2867 2471 3045 2526 amisit
3072 2470 3484 2524 immensitatcm
3508 2470 3653 2522 ᾱὶκίοη

2052 2568 2257 2630 nitatis,
2287 2577 2336 2622 et
2367 2566 2733 2621 inﬁrmitatem
2767 2580 2871 2618 non
2902 2564 3106 2632 respuit
3126 2564 3324 2617 carnis.
3348 2560 3639 2631 Cunjunxit

2054 2661 2286 2731 propriis
2316 2660 2489 2713 aliena
2518 2698 2533 2723 ,
2566 2659 2691 2711 dum
2720 2656 2861 2711 idem
2897 2664 3053 2724 atque
3086 2653 3456 2723 inseparabilis
3485 2653 3639 2706 Chii-

2051 2764 2187 2815 sms,
2222 2760 2277 2805 et
2304 2750 2518 2819 pr0prio
2552 2748 2729 2804 carnis
2771 2747 3051 2812 occiditur,
3092 2754 3144 2800 rt
3184 2743 3401 2814 proprio
3427 2744 3638 2798 deitatis

2051 2842 2191 2912 apud
2216 2842 2416 2895 inferos
2441 2854 2544 2895 non
2577 2847 2806 2892 tenetur.
2834 2837 3056 2906 Proprio
3076 2835 3255 2889 carnis
3278 2834 3508 2901 gustavit
3532 2833 3581 2887 vi
3608 2848 3638 2887 a

2053 2944 2312 2990 mortem:
2341 2941 2394 2987 et
2416 2932 2634 3002 proprio
2662 2931 2902 2995 deitatis,
2925 2938 3237 2999 perpetuam
3271 2927 3501 2981 reddidit
3522 2943 3639 2982 ear-

2053 3042 2196 3082 netn.
2231 3025 2344 3079 Non
2369 3038 2498 3092 ergo
2539 3032 2686 3078 recte
2723 3022 2920 3076 dicitur
2950 3021 3001 3074 in
3033 3021 3166 3074 Filio
3192 3019 3347 3072 Pater
3375 3030 3496 3072 esse
3520 3032 3638 3084 pas-

2051 3133 2161 3185 sus,
2189 3117 2439 3187 quoniam
2486 3117 2539 3170 in
2582 3130 2743 3170 carne
2788 3129 2910 3182 quae
2949 3113 3000 3166 ei
3050 3127 3155 3165 non
3202 3120 3280 3167 est
3322 3126 3443 3163 cum
3484 3110 3639 3164 Patre

2052 3211 2373 3275 communis,
2418 3222 2608 3280 passus
2652 3218 2733 3264 est
2773 3207 2962 3281 Filius.
3000 3206 3181 3273 itaque
3219 3203 3515 3273 gluriﬁcala
3556 3210 3639 3255 est

2052 3318 2178 3359 caro
2220 3304 2530 3373 majestate,
2573 3302 2699 3355 dum
2732 3298 2986 3367 majestas
3015 3297 3291 3351 humiliata
3330 3295 3551 3349 docetur
3583 3294 3635 3347 in

2053 3412 2233 3453 carne.
2267 3395 2373 3452 Sed
2402 3404 2691 3463 utrumque
2724 3408 2829 3448 non
2856 3392 2921 3446 de
2953 3390 3159 3444 duobus
3186 3387 3413 3443 Christis
3440 3427 3454 3451 ,
3502 3386 3641 3440 sicut

2057 3500 2233 3559 putas,
2266 3486 2360 3543 sed
2390 3486 2457 3541 de
2486 3501 2593 3540 uno
2621 3494 2779 3555 atque
2805 3482 2993 3539 eodem
3024 3482 3162 3549 ipso,
3191 3494 3347 3549 quem
3381 3486 3496 3547 post
3520 3492 3642 3536 oar-

2055 3590 2166 3636 tutn
2195 3577 2423 3648 Vit‘g‘rnis
2448 3577 2615 3633 Deunt
2642 3584 2694 3631 ct
2720 3574 2990 3631 hominem
3020 3571 3284 3637 novimus,
3317 3584 3413 3625 nos
3434 3577 3647 3624 certum

2056 3681 2136 3730 est
2159 3671 2466 3742 praedicare.

2644 3757 2869 3813 CAPUT
2909 3755 3049 3812 Xlll.

2134 3853 2251 3909 Fel.
2293 3852 2350 3908 Si
2380 3866 2508 3921 ergo
2536 3865 2599 3905 ex
2629 3849 2845 3918 Virgine
2886 3858 3042 3900 natus
3085 3852 3167 3900 est
3211 3843 3477 3909 Christus,
3514 3858 3645 3912 quo-

2059 3948 2218 4003 modo
2247 3947 2356 4000 Deo
2384 3944 2523 3998 Patri
2554 3942 2746 3997 dicitur
2776 3938 3109 3995 comet-nus?

2134 4039 2266 4108 Aug.
2312 4037 2387 4091 De
2430 4035 2531 4089 hoc
2565 4033 2779 4103 quidem
2819 4030 2976 4084 nobis
3019 4029 3181 4082 etiam
3227 4025 3483 4078 adversus
3510 4025 3647 4078 alios

2061 4133 2276 4189 diversa
2299 4130 2570 4186 contentio
2601 4136 2720 4183 est:
2749 4138 2800 4181 et
2832 4126 2952 4179 ideo
2980 4138 3046 4177 ne
3077 4121 3344 4175 difﬁcilior
3373 4123 3443 4173 sit
3463 4122 3645 4187 evpla-

2062 4225 2207 4278 natio
2236 4220 2503 4285 veritatis,
2535 4231 2747 4277 causam
2782 4213 3010 4283 primum
3039 4222 3391 4277 proponamus
3424 4209 3642 4260 erroris.

2064 4313 2195 4367 Nam
2229 4311 2298 4365 ab
2323 4325 2432 4364 uno
2462 4308 2612 4364 malae
2636 4303 2970 4361 credulitatis
3001 4301 3109 4355 orsi
3145 4297 3428 4367 principio,
3459 4297 3510 4350 in
3542 4298 3650 4350 duo

2067 4400 2463 4472 quodammodo
2532 4394 2897 4465 intelligentia:
2956 4388 3236 4446 dissimilis
3292 4387 3646 4442 deliramenta

2071 4493 2382 4549 tunduntur.
2436 4490 2531 4543 Est
2582 4501 2813 4556 namque
2856 4484 3093 4551 utrisque
3140 4494 3442 4542 commune,
3488 4494 3650 4531 unam

2070 4582 2270 4639 Christi
2324 4581 2677 4643 nativitatem,
2723 4593 2828 4633 non
2875 4574 3008 4630 duas
3050 4573 3363 4642 prmdieare.
3413 4569 3517 4624 Sed
3563 4569 3654 4625 alii

2072 4678 2215 4733 illam
2251 4675 2597 4743 principalem
2640 4685 2744 4741 qua
2784 4681 2907 4723 ante
2934 4665 3109 4721 omnia
3144 4680 3207 4719 ex
3239 4664 3348 4717 Deo
3388 4673 3544 4717 natus
3572 4672 3656 4716 est

2077 4767 2237 4831 Deus,
2279 4766 2365 4819 alii
2399 4765 2536 4818 hanc
2566 4769 2766 4816 tantum
2795 4774 2898 4829 qua
2937 4774 3002 4814 ex
3030 4757 3251 4825 Virgine
3281 4757 3541 4825 processit
3570 4755 3655 4809 hic

2072 4857 2235 4929 344,
2249 4857 2522 4920 Dominus,
2541 4854 2737 4925 proprii
2756 4853 3017 4924 dogmatis
3036 4850 3350 4905 definitione
3366 4849 3650 4917 recipiunt;

2074 4950 2163 5018 qui
2196 4965 2291 5019 per
2318 4946 2754 5018 consequentiam
2785 4945 2922 4999 male
2950 4943 3075 5012 jacti
3108 4943 3349 5005 seminis,
3383 4942 3434 4995 in
3466 4941 3655 4995 similis

2072 5041 2419 5110 blasphemia:
2447 5041 2756 5096 barathrum
2784 5039 3115 5094 ceciderunt.
3142 5038 3277 5092 Ecce
3303 5034 3445 5091 enim
3476 5035 3563 5101 qui
3586 5049 3653 5086 ex

2072 5130 2290 5201 Virgine
2330 5145 2437 5185 non
2475 5131 2701 5186 credunt
2744 5139 2947 5193 natum,
2981 5144 3193 5183 omnem
3242 5126 3648 5195 Evangeliorum

2075 5223 2255 5288 fidem,
2302 5238 2516 5278 omnem
2547 5223 2883 5293 baptismatis
2921 5224 3224 5286 utilitatem,
3268 5232 3483 5274 omnem
3522 5232 3650 5286 apo-

2073 5317 2338 5371 stolorum
2392 5317 2851 5386 praedicationem,
2884 5326 2938 5371 et
2987 5316 3049 5369 ad
3097 5327 3384 5373 summam,
3430 5324 3649 5365 omnem

2075 5409 2210 5465 Novi
2234 5411 2562 5465 Tcstamcnti
2585 5411 2979 5477 auctoritatem,
2998 5416 3141 5462 velut
3162 5404 3387 5473 quadam
3417 5403 3653 5459 Judaiete

2074 5500 2464 5557 incredulitatis
2494 5504 2734 5571 caecitate
2762 5503 3095 5557 subvertant.
3140 5498 3205 5552 Et
3230 5495 3351 5549 ideo
3392 5511 3457 5550 ne
3482 5496 3652 5565 ipsam

2074 5594 2409 5665 maiestatem
2450 5596 2665 5666 quidem
2698 5596 2750 5650 in
2780 5596 2870 5649 Dei
2912 5592 3045 5647 Filio
3075 5591 3392 5661 cognovisse
3433 5591 3653 5659 putandi

2075 5699 2219 5756 sunt,
2250 5689 2372 5760 quia
2403 5695 2795 5745 sacramentum
2827 5684 3135 5760 mediatoris
3158 5727 3172 5753 ,
3200 5698 3307 5755 quo
3337 5700 3457 5741 cum
3501 5684 3669 5742 inno-i
