3958 6176
375 186 481 243 353

1683 187 1907 243 \‘leLll
1946 188 2311 248 TM‘SENS'S

3522 204 3625 262 5H

375 311 583 354 tescere
611 298 764 355 Pater
785 299 1033 369 gentibus
1056 298 1244 365 voluit,
1276 299 1603 368 abjecerunt.
1640 300 1707 353 At
1736 315 1860 353 vero
1890 300 1943 353 hi
1975 304 2021 363 Α
2054 305 2419 371 plenissimam
2467 310 2740 367 deitatem.
2780 313 2896 367 Non
2938 315 3210 371 dissimilis
3240 318 3464 387 genitori
3502 335 3625 374 cum

372 391 461 458 qui
482 406 590 444 non
617 407 683 445 ex
718 391 874 446 Patre
901 400 1025 449 ante
1053 405 1211 444 omne
1236 390 1467 456 initium,
1501 388 1592 443 sed
1621 405 1685 443 ex
1712 398 1949 459 tempore

372 476 607 550 Virginis
629 488 782 550 partu
804 490 984 535 natum
1008 495 1125 536 esse
1146 478 1504 544 contendunt;
1531 495 1633 533 non
1656 495 1777 534 eum
1801 495 1949 534 erea-

373 581 543 625 torem
572 573 831 636 omnium,
862 586 969 625 non
997 570 1275 625 Dominum
1302 569 1687 638 omnipotentia
1716 569 1855 624 Patri
1886 584 1949 624 ac

374 665 656 732 majestate
680 664 1016 719 consimilem
1043 663 1363 717 didicerunt.
1395 662 1677 729 Quomodo
1703 662 1843 716 enim
1874 662 1950 715 fe-

372 757 449 809 cis
480 770 510 809 e
540 755 812 825 putabitur
838 762 1051 817 cuncta,
1083 763 1207 808 ante
1234 754 1390 822 cujus
1417 761 1591 807 ortum
1637 754 1799 808 fuisse
1826 768 1947 808 cer—

376 854 484 898 tum
535 857 616 899 est
661 846 951 899 universa?
996 847 1097 898 Aut
1130 845 1397 912 quomodo
1433 844 1548 913 ejus
1587 844 1839 897 divinitas
1869 854 1952 900 est

375 936 692 998 troﬁtcnda,
748 950 853 1003 quo
899 934 1122 989 necdum
1174 944 1301 987 nato
1350 935 1483 988 facta
1529 942 1654 988 sunt
1702 932 1950 1002 singula?

375 1026 472 1082 Vel
519 1026 787 1096 quomodo
837 1026 952 1095 ejus
1002 1024 1254 1107 divinitas
1302 1023 1539 1079 creditur
1586 1037 1705 1078 esse
1754 1038 1946 1093 perpe-

372 1125 484 1183 tua,
513 1132 631 1171 cum
660 1132 764 1170 non
794 1132 1005 1184 semper
1033 1127 1089 1170 ut
1120 1115 1310 1180 Patris,
1334 1112 1429 1171 sed
1451 1130 1512 1169 ex
1539 1125 1777 1185 tempore
1808 1130 1948 1184 prae-

370 1208 578 1264 dicatur
636 1209 862 1264 effecta?
918 1210 1123 1280 Negant
1177 1208 1335 1279 igitur
1384 1209 1542 1263 etiam
1592 1209 1643 1261 bi
1692 1206 1950 1276 quodam-

374 1302 536 1356 modo
575 1302 881 1357 mediatoris
924 1302 1363 1371 consequentium
1408 1315 1583 1354 rerum
1630 1299 1946 1353 necessitate

373 1395 728 1465 myswrium;
778 1394 898 1463 quia
946 1408 1049 1446 non
1098 1393 1263 1446 Demn
1309 1401 1362 1445 et
1404 1391 1705 1455 hominem;
1750 1404 1852 1443 non
1882 1404 1949 1443 ex

372 1486 693 1550 mternitate,
734 1485 825 1537 sed
868 1499 933 1536 ex
976 1493 1213 1550 tempore
1240 1497 1254 1544 ;
1284 1496 1389 1534 non
1416 1496 1477 1533 ex
1509 1482 1729 1546 virtute,
1760 1480 1853 1535 sed
1881 1495 1945 1535 ex

372 1572 717 1637 infirmitate;
748 1589 852 1627 non
883 1588 945 1626 ex
995 1573 1149 1626 Patre
1177 1580 1301 1625 ante
1330 1570 1510 1624 omnia
1553 1570 1691 1625 Patri
1717 1570 1946 1625 similem

2054 411 2370 454 nasceretur
2401 419 2463 456 ex
2496 420 2524 455 τι
2546 414 2697 458 terno
2729 415 3050 474 perpetuus:
3085 425 3187 462 nnn
3218 411 3492 465 dissimilis
3523 416 3625 467 ho-

2054 488 2202 555 mini,
2234 504 2353 544 cum
2384 506 2451 545 ex
2488 505 2656 549 matre
2688 499 2922 551 nascitur
2945 499 3252 555 moniturus.
3280 500 3421 555 Idem
3447 512 3625 560 tamen

2053 588 2105 630 et
2131 589 2362 634 a'tcrmrs
2388 581 2439 634 in
2456 594 2644 648 suo,et
2673 587 3027 644 moriturusin
3054 600 3254 653 nostro.
3272 590 3394 643 dum
3420 604 3627 647 utrum-

2052 684 2156 735 que
2183 670 2419 724 rontinet
2451 688 2515 725 ex
2540 673 2739 741 scipso,
2771 685 2825 729 et
2854 688 3098 730 neutrum
3134 679 3306 746 perdit
3335 696 3398 734 ex
3431 682 3623 736 altero.

2052 758 2246 828 Sicque
2286 775 2347 814 ex
2382 761 2492 815 Deo
2533 772 2585 816 et
2615 762 2835 819 homine
2878 782 2982 820 non
3033 767 3392 836 imperfez-tus,
3448 772 3540 824 sed
3573 774 3625 825 in

2052 849 2260 904 diversa
2301 851 2630 918 prpprietate
2669 854 3006 921 plenissimus
3050 868 3202 912 natus
3233 870 3312 913 est
3342 860 3622 927 Christus;

2008 1002 2015 1005 ν
2051 941 2184 992 sient
2213 956 2277 994 ex
2303 941 2477 994 anima
2508 951 2559 994 et
2589 958 2813 1010 corpore
2841 948 3201 1018 unusquisque
3234 951 3505 1007 hom7num
3530 956 3626 1008 do-

2051 1042 2204 1083 cetur
2235 1044 2354 1084 esse
2386 1028 2673 1098 perfectus.
2716 1033 2829 1087 Non
2872 1035 3006 1089 alius
3037 1042 3198 1093 homo
3228 1056 3454 1109 eorpns,
3487 1044 3625 1101 alius

2051 1121 2283 1184 animus,
2324 1121 2562 1186 quamvis
2593 1122 2733 1176 aliud
2776 1125 3002 1189 animus,
3041 1127 3180 1203 aliud
3218 1144 3439 1199 corpus;
3488 1148 3625 1189 unus

2052 1220 2228 1265 tamen
2251 1221 2409 1282 atque
2431 1212 2569 1265 idem
2595 1213 2773 1273 homo,
2793 1223 2843 1267 et
2867 1231 3060 1285 corpus
3082 1217 3302 1273 docetur
3324 1231 3371 1275 et
3392 1224 3623 1279 animus.

2055 1304 2281 1356 Rursum
2320 1319 2422 1355 non
2456 1319 2615 1355 ttntnu
2649 1317 2803 1373 atque
2834 1305 3060 1375 idipsum
3089 1324 3282 1377 corpus
3311 1322 3360 1365 ct
3390 1314 3623 1380 animus,

2050 1394 2171 1461 quia
2203 1409 2267 1447 ex
2294 1403 2518 1458 utroque
2551 1393 2708 1447 homo
2734 1395 2904 1451 factus
2929 1408 3007 1450 est
3032 1400 3243 1453 unus.N
3282 1418 3314 1454 n
3341 1405 3479 1457 enim
3510 1404 3625 1461 hmc

2050 1494 2139 1537 aut
2167 1483 2515 1538 subSIantiam
2548 1484 2878 1538 confundunt
2902 1488 2952 1540 in
2985 1490 3209 1543 veritate
3239 1505 3501 1557 personm,
3535 1504 3625 1549 aut

2052 1587 2338 1642 persmnam
2388 1572 2659 1641 geminant
2700 1573 3017 1630 diversitate
3067 1576 3227 1647 346
3273 1582 3625 1649 substantiae;

372 1660 590 1729 Filium,
624 1661 717 1716 sed
759 1677 821 1716 ex
853 1671 1023 1716 matre
1051 1662 1186 1715 inter
1229 1659 1429 1727 omnia,
1476 1675 1582 1715 non
1616 1676 1822 1727 verum,
1854 1663 1945 1717 sed
1986 1658 2024 1716 Β
2054 1664 2478 1732 quandoqu'dem
2508 1679 2642 1718 unus
2672 1679 2735 1719 ex
2772 1666 2851 1717 his
2880 1665 3040 1719 homo
3072 1670 3306 1722 noscitur
3334 1674 3626 1727 exstitisse.

372 1750 740 1821 imaginarium
783 1753 1016 1807 hominis
1046 1753 1236 1817 filium,
1267 1752 1319 1806 in
1349 1751 1659 1817 manifesto,
1704 1769 1810 1807 non
1850 1768 1947 1823 per

371 1843 481 1896 veri
512 1842 911 1897 similitudinem
955 1853 1135 1899 natum
1177 1842 1471 1913 pracdicant
1497 1842 1787 1898 Christum.
1830 1846 1946 1911 Quo

374 1938 454 1999 fit,
500 1944 557 1991 ut
580 1952 645 1990 ne
673 1941 723 1990 in
755 1950 914 1991 carne
944 1936 1153 2005 quidem
1187 1952 1345 1990 norse
1373 1936 1591 2005 putandi
1618 1938 1725 1991 sint
1755 1937 1940 2001 Deum,

374 2042 527 2096 quem
556 2038 680 2083 ante
707 2028 1123 2099 assumptionem
1152 2028 1331 2083 carnis
1358 2027 1426 2083 de
1449 2028 1606 2084 Patre
1627 2044 1733 2083 non
1762 2038 1948 2099 putant

372 2122 627 2189 genitum.

957 2188 1181 2244 CAPUT
1223 2188 1359 2244 XIV.

459 2300 611 2357 Vides
643 2304 801 2373 ig'tur
826 2318 932 2373 quo
963 2313 1118 2372 pacto
1149 2305 1288 2359 inter
1319 2304 1448 2374 bos,
1480 2304 1603 2358 licet
1639 2302 1946 2372 discrepan-

376 2394 515 2448 tibus
552 2396 757 2457 tnediis,
807 2395 946 2449 idem
979 2406 1156 2449 tamen
1201 2396 1444 2459 initium,
1479 2394 1618 2449 idem
1647 2394 1824 2449 exitus
1851 2394 1946 2448 do-

373 2499 526 2541 cetur
563 2488 799 2541 erroris?
843 2487 948 2541 Nos
978 2497 1162 2541 contra
1192 2488 1269 2541 sic
1311 2488 1639 2541 nativitatem
1670 2496 1945 2554 utramque

374 2578 712 2633 defendimus
734 2618 748 2643 ,
780 2587 839 2631 ut
876 2587 1117 2633 neutram
1150 2578 1373 2633 alterius
1404 2577 1759 2631 afﬁrmatione
1791 2578 1947 2631 tolla-

374 2682 515 2723 mus.
542 2667 679 2721 Nam
707 2682 805 2723 nec
832 2668 1179 2738 temporalem
1210 2669 1392 2736 prima:
1425 2669 1564 2724 illius
1596 2666 1946 2738 perpetuitate

375 2760 714 2823 damnamus,
742 2774 840 2813 nec
871 2769 1127 2813 :etcrnam
1167 2759 1324 2828 hujus
1347 2759 1652 2829 temporalis
1684 2758 1947 2813 brevitate

375 2851 741 2906 concludimus
771 2867 784 2904 :
812 2851 1045 2905 scientes
1089 2851 1201 2906 veri
1241 2850 1333 2906 Dei
1383 2850 1791 2921 inseparabilem
1823 2864 1948 2920 pro-

375 2944 502 3011 lem,
535 2952 589 2998 et
616 2943 773 3012 hujus
792 2960 933 2999 vera:
958 2944 1122 3014 prolis
1146 2953 1326 3014 postea
1349 2944 1685 2998 verissimam
1707 2957 1943 2997 carnem.

2049 1756 2165 1811 Non
2197 1759 2422 1825 perdunt
2454 1758 2661 1826 propria
2691 1798 2704 1823 ,
2733 1757 2824 1812 sed
2853 1759 2973 1828 quia
3018 1759 3068 1812 in
3100 1775 3261 1827 unum
3292 1771 3450 1831 atque
3482 1765 3625 1819 inse—

2050 1850 2279 1919 parabile
2300 1860 2684 1912 convenerunt,
2710 1866 2773 1904 ex
2801 1851 3029 1919 propriis
3056 1852 3303 1908 videntur
3327 1855 3459 1909 facta
3483 1871 3625 1911 com-

2050 1940 2252 1996 munia.
2284 1941 2523 1996 Afficitur
2550 1943 2605 1996 in
2628 1956 2851 2010 corpore
2878 1957 3026 1996 mens
3054 1944 3328 1999 doloribus
3355 1950 3623 2016 corporis,

2051 2033 2296 2101 fatigatur
2320 2046 2515 2101 corpus
2556 2032 2967 2102 cogitationibus
2996 2034 3219 2099 mentis;
3261 2045 3315 2089 et
3352 2053 3517 2091 unum
3551 2048 3626 2092 ta-

2050 2140 2171 2180 men
2204 2125 2394 2178 h‘ornm
2433 2124 2702 2194 proprium
2737 2132 2817 2177 est
2848 2124 3114 2192 corporis,
3146 2124 3371 2180 alterum
3406 2130 3623 2183 mentis.

2048 2215 2197 2281 Quod
2228 2215 2348 2269 dum
2374 2217 2462 2269 uni
2487 2215 2686 2268 homini
2710 2215 3049 2279 aceiderit,et
3077 2221 3313 2285 corporis
3336 2233 3626 2277 commune

2046 2305 2351 2372 videtur,ct
2377 2305 2695 2359 mentis.Sic
2724 2315 2841 2373 post
2872 2316 3078 2373 partum
3106 2306 3335 2376 Virginis
3356 2325 3465 2363 non
3488 2311 3627 2365 alius

2050 2394 2163 2459 Dei,
2190 2407 2242 2451 ct
2273 2397 2408 2451 alius
2437 2396 2687 2460 hominis,
2722 2396 2814 2450 sed
2858 2398 2995 2451 idem
3025 2398 3271 2453 Christus
3300 2401 3389 2455 Dei
3424 2411 3477 2455 et
3521 2402 3626 2455 im—

2049 2492 2207 2545 minis
2237 2490 2399 2545 Filius
2430 2491 2550 2545 fuit.
2593 2491 2657 2545 Et
2695 2491 2829 2545 sicut
2860 2492 2911 2544 in
2958 2507 3062 2546 uno
3093 2492 3306 2548 homine
3334 2494 3475 2548 aliud
3503 2494 3626 2548 ani-

2050 2581 2340 2644 mus,aliud
2361 2596 2554 2650 corpus
2583 2600 2594 2633 :
2619 2583 2695 2636 sic
2724 2584 2774 2634 in
2802 2581 3095 2637 mediatnre
3121 2584 3213 2637 Dei
3243 2594 3298 2638 et
3321 2585 3624 2651 hominum,

2048 2673 2189 2726 aliud
2224 2673 2315 2726 Dei
2348 2673 2531 2736 Filius,
2566 2673 2706 2727 aliud
2750 2673 2982 2726 hotnims
3021 2674 3139 2739 fuit,
3185 2690 3321 2729 unus
3349 2680 3527 2730 tamen
3559 2692 3627 2730 ex

2050 2774 2278 2831 utroque
2308 2764 2554 2819 Christus
2586 2765 2840 2818 Dominus
2876 2764 2991 2819 fuit.
3025 2766 3178 2818 Aliud
3200 2807 3214 2831 ,
3247 2760 3491 2834 inquam,
3530 2784 3628 2836 pro

2049 2858 2372 2914 discretione
2393 2858 2725 2919 substantize,
2744 2874 2846 2913 non
2871 2858 3003 2911 alius
3024 2873 3118 2926 pro
3134 2861 3333 2913 unitate
3357 2874 3627 2930 personae.

2634 2947 2861 3005 CAPUT
2914 2950 3026 3003 XV.

379 3036 493 3089 Non
528 3047 651 3091 tunc
697 3037 926 3092 fatentes
953 3037 1153 3092 Christi
1182 3036 1512 3091 divinitatem
1557 3034 1789 3104 cmpisse
1824 3049 1944 3089 cum
1972 3020 2018 3082 C
2122 3041 2238 3097 Fel,
2285 3040 2340 3096 [n
2390 3040 2755 3110 superioribus
2803 3041 3013 3109 quidem
3062 3056 3147 3095 me
3186 3040 3250 3095 3d
3301 3042 3626 3098 credendam

376 3126 536 3196 Virgo
566 3141 769 3194 concep
796 3139 849 3192 t;
877 3141 975 3182 nec
1005 3138 1130 3181 tunc
1159 3128 1389 3194 coepisse
1418 3140 1633 3180 carnem
1662 3140 1780 3177 eum
1811 3122 1946 3178 inef-

376 3216 522 3270 fabili
553 3216 781 3285 quodam
824 3227 974 3285 partu
1003 3230 1190 3270 monas
1216 3216 1374 3286 345
1406 3214 1491 3268 illa
1513 3255 1528 3280 ,
1574 3216 1690 3269 sine
1720 3215 1948 3269 interca-

376 3307 568 3375 pedine
614 3308 772 3361 medii
805 3307 1081 3376 temporis,
1122 3307 1173 3361 in
1212 3308 1355 3362 nullo
1384 3306 1719 3363 differentem
1764 3321 1950 3361 mona-

375 3399 521 3462 ilem,
554 3398 657 3450 nisi
688 3397 827 3466 quod
862 3412 1046 3451 monas
1071 3402 1315 3463 docetur,
1349 3399 1548 3466 genuit.
1580 3395 1693 3451 Non
1725 3397 1950 3451 infitmi-

376 3497 535 3541 titem
568 3488 919 3543 voluntariam
948 3488 1143 3543 Christi
1183 3491 1520 3556 omnipotens
1555 3488 1668 3558 ejus
1698 3487 1949 3559 majestas

376 3582 676 3647 exhorruit,
716 3599 820 3636 nm
856 3583 1295 3653 omnipotentiam
1336 3582 1619 3638 infirmitas
1655 3585 1948 3653 corporalis

376 3675 659 3729 exstinxit.
704 3674 828 3729 Scio
871 3674 935 3729 ad
976 3675 1172 3728 inferos
1211 3673 1546 3730 divinitatem
1581 3674 1697 3728 Fi.ii
1731 3675 1822 3729 Dei
1857 3675 1949 3729 de-

376 3767 647 3823 scendisse
691 3770 1016 3838 proprietate
1053 3770 1249 3836 carnis,
1282 3770 1396 3823 scio
1425 3769 1490 3823 ad
1521 3769 1714 3825 caelum
1754 3786 1946 3825 ascen-

376 3859 519 3913 disse
544 3874 758 3914 carnem
787 3859 979 3914 merito
1004 3859 1237 3914 deitatis.
1277 3859 1392 3913 Non
1433 3869 1515 3913 est
1546 3860 1634 3914 Dei
1677 3860 1947 3929 proprium

376 3948 514 4016 quod
539 3949 729 4002 famem
753 3950 919 4005 sensit
943 3966 954 4001 :
980 3952 1074 4004 sed
1098 3950 1187 4005 Dei
1212 3950 1482 4019 proprium
1508 3959 1589 4004 est
1615 3950 1751 4019 quod
1773 3951 1952 4019 paucis

379 4040 605 4103 panibus
643 4051 720 4094 tot
760 4042 925 4095 millia
968 4042 1237 4096 hominum
1279 4043 1513 4097 satiavit.
1548 4043 1661 4097 Non
1708 4054 1788 4098 est
1832 4060 1954 4113 pro—

377 4130 548 4193 prium
579 4132 756 4183 carnis
785 4130 926 4201 quod
970 4145 1131 4199 super
1162 4130 1447 4186 frementes
1484 4132 1652 4185 undas
1679 4131 1834 4187 siccis
1864 4148 1955 4202 pe-

377 4219 531 4273 dibus
554 4220 863 4286 ambulavit,
889 4223 982 4277 sed
1010 4234 1089 4276 est
1119 4222 1296 4276 carnis
1319 4222 1591 4292 proprium
1614 4222 1753 4292 quod
1775 4233 1950 4291 sputa,

378 4312 599 4381 palmas,
644 4313 845 4381 flagella
885 4314 1158 4369 sustinuit.
1202 4315 1349 4371 Unus
1392 4324 1568 4369 tamen
1609 4324 1768 4383 atque
1810 4312 1949 4368 idem

2047 3134 2246 3187 Christi
2279 3149 2343 3188 ex
2362 3144 2531 3187 matre
2562 3134 2888 3186 nativitatem
2919 3133 3065 3186 salva
3100 3133 3449 3201 perpetuitate
3478 3150 3629 3188 com-

2052 3225 2261 3290 tuleras
2286 3240 2297 3276 :
2322 3222 2416 3278 sed
2442 3224 2561 3292 quia
2588 3233 2771 3277 contra
2801 3223 3058 3276 rationem
3085 3221 3134 3275 vi
3163 3203 3416 3276 ora-tionis
3440 3234 3629 3279 exorta

2050 3331 2156 3369 non
2188 3316 2238 3370 in
2270 3316 2422 3369 nobis
2453 3324 2672 3381 possunt
2699 3330 2817 3369 esse
2846 3315 3092 3369 cnntinua
3123 3330 3138 3368 :
3172 3314 3373 3370 ideirco
3394 3332 3527 3369 -cum
3560 3317 3630 3371 ad

2052 3406 2467 3476 propositionem
2487 3421 2656 3461 meam
2679 3408 2904 3462 sollicita
2930 3408 3223 3461 intentione
3241 3407 3487 3476 'espici-t,
3503 3423 3630 3462 nec-

2050 3497 2173 3550 dum
2204 3498 2332 3552 mihi
2364 3497 2546 3552 videor
2576 3496 2627 3551 in
2658 3498 2736 3551 his
2760 3513 2879 3567 qua:
2909 3513 2937 3550 a
2966 3508 3015 3551 te
3042 3496 3180 3552 dicta
3207 3507 3331 3551 sunt
3356 3498 3629 3552 invenisse

2051 3587 2191 3656 quod
2221 3601 2422 3656 quatro.
2459 3586 2649 3641 Nescio
2674 3586 2816 3641 enim
2858 3586 3128 3655 qu‘modo
3164 3596 3345 3641 natum
3390 3588 3630 3643 doceatis

2050 3693 2114 3732 ex
2142 3687 2572 3746 tempore,quem
2597 3686 2921 3731 comternum
2948 3676 3088 3730 Patri
3117 3675 3293 3730 dicitis
3311 3676 3417 3744 jam
3441 3677 3628 3731 fuisse.

2053 3768 2208 3823 Nasci
2229 3769 2366 3823 enim
2399 3778 2482 3824 est
2507 3769 2650 3823 velut
2678 3768 2890 3837 quidam
2924 3776 3099 3823 motus
3126 3769 3202 3822 rei
3232 3783 3335 3822 non
3368 3770 3631 3823 exs'antis

2052 3868 2334 3929 antequam
2362 3868 2630 3930 nascatur,
2661 3860 2710 3913 id
2743 3873 2905 3930 agens
2937 3858 3196 3914 beneflcio
3227 3859 3538 3921 nativitatis,
3572 3868 3632 3913 ut

2053 3951 2142 4005 sit.
2183 3950 2299 4016 Quo
2338 3950 2607 4019 colligitur
2634 3950 2905 4006 Christum
2937 3951 3023 4020 qui
3066 3960 3182 4006 erat
3208 3950 3357 4004 nasci
3393 3956 3498 4005 ndn
3530 3960 3633 4022 p'o-

2055 4044 2246 4107 tuisse;
2278 4042 2321 4097 si
2350 4040 2493 4096 nasci
2523 4043 2714 4110 potuit,
2738 4057 2845 4095 non
2878 4042 3060 4096 fuisse.
3382 4090 3387 4091 ,

2124 4138 2257 4205 Aug.
2298 4133 2378 4189 Ad
2422 4134 2819 4203 inquisitionem
2862 4150 2960 4189 nos
3006 4132 3632 4203 incomprehensibilium

2057 4240 2262 4291 rerum,
2303 4239 2438 4281 nova
2476 4224 2837 4292 interrogandi
2873 4225 3184 4279 curiositate
3224 4223 3547 4293 compelliS:
3582 4234 3635 4279 et

2030 4300 2183 4370 iideo
2225 4330 2328 4370 non
2375 4314 2479 4369 nisi
2525 4314 2843 4384 quibusdam
2881 4315 3245 4382 exemplorum
3292 4312 3635 4368 lineamentis

379 4404 622 4457 Christus
643 4415 747 4471 est,
777 4408 937 4474 quiet
969 4408 1190 4476 injurias
1220 4409 1381 4463 toties
1404 4409 1639 4477 pertulit,
1662 4418 1716 4462 et
1734 4417 1881 4462 artus
1901 4408 1954 4462 in
1986 4392 2034 4451 D
2062 4404 2253 4474 poterit
2285 4404 2535 4473 explicari
2572 4405 2709 4473 quod
2744 4406 2958 4473 quaeris.
3008 4404 3197 4459 Patere
3229 4404 3388 4474 igitur
3421 4417 3510 4458 me
3536 4417 3635 4471 pro

381 4495 644 4561 profundo
676 4512 777 4550 non
811 4500 1015 4553 mersit.
1051 4500 1113 4552 Et
1151 4501 1250 4553 hoc
1279 4509 1431 4569 pacto
1458 4500 1510 4554 in
1538 4499 1831 4554 mediatore
1860 4499 1951 4555 Dei

381 4593 435 4636 et
466 4586 739 4641 hominum
778 4589 965 4657 injuria
995 4592 1076 4645 sui
1107 4593 1347 4659 corporis
1375 4590 1616 4645 affectam
1646 4591 1814 4646 fateor
1843 4591 1953 4645 dei-

382 4682 581 4740 tatem,
614 4679 749 4731 sicnt
780 4683 1055 4750 majestate
1084 4685 1295 4737 deitatis
1334 4684 1678 4752 glorificatatn
1713 4686 1956 4739 novimus

382 4778 620 4817 carnem.
665 4767 805 4835 Ergo
844 4770 1088 4826 Christus
1128 4782 1369 4826 mortuus
1404 4782 1505 4826 est.
1544 4775 1632 4841 qui
1679 4784 1733 4827 et
1780 4790 1956 4827 resur—

382 4853 523 4906 rexit
550 4870 561 4905 :
595 4869 691 4909 nec
719 4856 839 4911 ideo
868 4869 1038 4914 tamen
1070 4872 1355 4932 utrumque
1378 4878 1439 4915 ex
1469 4878 1596 4926 uno,
1630 4862 1721 4915 scd
1755 4879 1817 4915 ex
1846 4878 1872 4916 s
1896 4881 1954 4917 n-

383 4944 520 5013 gulis
550 4946 774 5015 singula.
824 4948 877 5001 In
907 4962 1130 5020 utroque
1164 4963 1336 5007 tamen
1368 4954 1635 5022 perfectus
1667 4953 1779 5019 ipse
1810 4968 1955 5006 com-

384 5036 567 5105 plevit,
612 5036 735 5091 dum
787 5055 921 5093 unus
972 5051 1130 5108 atque
1179 5042 1543 5112 inseparabilis
1594 5052 1697 5094 tam
1746 5041 1955 5095 diversa

383 5126 667 5194 enmplevit
716 5146 727 5179 :
776 5145 880 5183 uno
932 5142 1155 5185 mortem
1207 5135 1453 5201 gustavit,
1496 5133 1669 5187 altero
1716 5145 1955 5189 mortuos

384 5215 676 5270 suscitavit.
723 5218 915 5286 Sicque
954 5235 1011 5274 se
1052 5220 1213 5273 Deum
1262 5231 1315 5275 et
1364 5223 1629 5276 hominem
1682 5223 1955 5292 utriusque

385 5318 542 5358 verus
566 5305 848 5374 mediator,
880 5323 976 5361 nec
1005 5310 1268 5375 geminata
1302 5326 1549 5379 persona,
1583 5327 1678 5365 nec
1707 5312 1872 5365 subst:
1896 5330 1954 5365 n-

384 5400 450 5449 tia
484 5400 702 5452 cmifusa
734 5400 1356 5470 monstravitJngressus
1383 5412 1462 5455 est
1484 5402 1711 5469 Virginis
1741 5412 1955 5457 uterum

386 5484 478 5538 Dei
507 5487 689 5553 Filius,
720 5500 775 5544 ttt
805 5492 992 5545 iterum
1020 5500 1326 5545 nasceretur
1354 5502 1475 5545 ante
1497 5492 1601 5557 jam
1634 5492 1840 5560 genitus
1865 5508 1878 5545 :
1902 5502 1955 5545 ct

384 5577 614 5645 suscepit
662 5587 826 5635 totum
869 5581 1161 5651 hominem,
1207 5581 1292 5651 qui
1324 5580 1438 5651 jam
1471 5579 1695 5636 habebat
1737 5598 1765 5634 a
1795 5580 1951 5635 Patre

572 5708 604 5737 9

2057 4500 2319 4552 aflirmato
2340 4496 2529 4551 afferre
2555 4512 2667 4551 rem
2700 4496 2916 4551 alterius
2944 4495 3255 4565 quaestionis
3302 4511 3317 4548 :
3357 4495 3480 4564 quia
3510 4510 3637 4549 cum

2057 4604 2174 4643 eam
2207 4604 2312 4642 non
2360 4602 2454 4653 pro
2498 4587 2602 4641 fide
2639 4589 2743 4653 sui,
2789 4588 2881 4644 sed
2928 4603 3024 4656 pro
3067 4587 3287 4642 alterius
3324 4588 3637 4642 ostensione

2059 4693 2200 4733 nunc
2228 4676 2468 4747 profero,
2513 4692 2616 4730 non
2646 4677 2697 4730 in
2730 4692 2789 4731 ea
2813 4691 2899 4731 me
2924 4676 3178 4745 conjicias
3203 4677 3470 4745 explicare
3493 4677 3638 4743 quod

2056 4770 2250 4833 credo;
2279 4769 2370 4823 sed
2404 4769 2474 4822 ita
2510 4782 2596 4823 me
2621 4771 2840 4823 credere
2861 4768 2926 4822 ad
2959 4783 3193 4837 praesens
3220 4777 3369 4837 puta,
3390 4781 3443 4822 ut
3473 4771 3639 4825 intel-

2062 4862 2225 4929 ligere
2257 4859 2461 4913 facilius
2487 4860 2657 4928 possis
2680 4859 2774 4913 ista
2804 4875 2921 4928 qua:
2949 4860 3152 4914 dixero.
3178 4859 3463 4927 Fingamus
3484 4874 3639 4928 ergo,

2062 4952 2196 5003 sicut
2233 4936 2473 5019 plerique
2504 4949 2707 5012 volunt,
2759 4965 2877 5004 esse
2908 4950 2959 5003 in
2994 4950 3191 5005 mundo
3218 4950 3449 5005 animam
3482 4967 3641 5019 gene-

2062 5057 2089 5095 r
2124 5043 2251 5110 lem,
2285 5056 2402 5109 qua:
2440 5042 2518 5095 sic
2548 5040 2797 5096 ineffabili
2827 5051 2971 5095 motu
3002 5044 3201 5095 semina
3246 5049 3437 5095 cuncta
3468 5042 3641 5096 vivifi-

2062 5139 2168 5195 ret,
2204 5140 2259 5183 ut
2289 5144 2392 5183 non
2430 5132 2498 5185 sit
2527 5140 2773 5185 concreta
2802 5146 2921 5186 cum
2950 5132 3161 5201 genitis,
3189 5133 3283 5186 sed
3314 5131 3473 5185 vitam
3503 5147 3642 5199 prm-

2061 5228 2163 5272 stvt
2195 5220 2307 5287 ipsa
2338 5220 2636 5288 gignendis.
2660 5219 2862 5289 Nempe
2887 5235 3006 5274 cum
3041 5220 3153 5274 btec
3181 5219 3232 5273 in
3256 5228 3491 5285 uterum,
3519 5236 3642 5288 pas-

2062 5310 2266 5364 sibiletn
2293 5310 2568 5364 materiam
2598 5309 2664 5363 ad
2696 5325 2822 5364 usus
2848 5323 2974 5364 suos
2997 5308 3284 5363 formatura
3308 5310 3638 5375 pervenerit,

2060 5398 2217 5468 347
2243 5414 2399 5452 unam
2434 5399 2558 5454 facit
2578 5413 2759 5453 secum
2786 5413 2904 5453 esse
2927 5412 3205 5467 personam
3228 5396 3344 5464 ejus
3368 5396 3641 5464 rei,quam

2059 5504 2162 5541 non
2195 5490 2449 5544 eatndem
2469 5484 2676 5544 constat
2705 5491 2899 5543 habere
2931 5487 3278 5543 substantiam
3305 5504 3319 5541 :
3349 5496 3407 5541 et
3436 5489 3491 5548 fit
3512 5504 3643 5557 ope-

2059 5590 2207 5636 rante
2230 5583 2401 5635 an‘tna
2425 5592 2473 5636 et
2494 5582 2729 5647 patiente
2755 5581 2996 5645 materia,
3012 5595 3076 5634 ex
3101 5578 3305 5633 duabus
3327 5577 3644 5636 substantiis
