4026 6176
332 258 430 316 545

1430 264 1515 322 DE
1559 267 1858 327 UNITATE
1899 272 2285 340 TRlNITATfS
2318 280 2541 339 LIBER.

3471 296 3572 357 546

330 390 456 432 unus
486 374 645 429 homo
676 392 689 427 :
720 389 840 429 cum
870 374 1011 430 aliud
1044 376 1217 433 anima
1247 378 1527 448 ducentur,
1556 386 1699 440 aliud
1729 402 1854 443 caro
1881 404 1895 439 :
1927 392 1972 451 Α
2003 396 2263 463 originem
2294 400 2388 456 Dei
2418 402 2597 459 Verbi.
2629 403 2745 458 Noli
2778 405 2844 461 de
2875 406 3089 478 Virgine
3114 411 3348 479 genitum
3376 428 3573 483 corpus

328 472 501 538 sicque
529 467 759 520 animam
784 467 925 520 nasci
952 466 1178 521 fatemur
1205 485 1267 523 ex
1301 480 1472 539 utero,
1500 489 1656 541 quam
1680 476 1745 530 ad
1778 488 1893 533 ute-

327 576 437 613 rum
479 558 776 613 venientcm
823 560 982 612 vitam
1022 559 1248 615 dicimus
1282 564 1572 621 contulisse
1610 580 1889 639 concepto.

324 652 494 715 Nasci,
535 651 771 716 inquam,
811 664 875 703 ex
922 645 1093 706 mitra
1137 652 1351 723 dicitur,
1380 657 1503 725 quia
1543 673 1606 713 ex
1653 659 1750 713 hac
1787 661 1891 719 sibi

322 756 512 809 corpus
540 737 757 803 aptavit,
791 737 842 792 in
871 754 975 807 quo
1005 739 1149 794 nasci
1182 753 1358 808 posset
1392 761 1404 795 :
1448 760 1555 799 non
1583 748 1704 816 quia
1732 759 1888 804 ante-

320 845 469 899 quam
504 837 813 883 nasceretur
834 868 847 892 ,
879 838 1134 896 quantum
1160 833 1225 883 ad
1256 845 1314 885 se
1337 834 1525 889 attinet
1549 875 1566 900 ,
1595 835 1707 904 ipsa
1738 840 1887 906 peni-

320 930 400 974 tus
428 935 533 974 non
571 918 779 974 fuisset.
813 919 877 973 Et
906 919 990 974 hic
1019 920 1063 974 si
1095 922 1376 977 verborum
1406 927 1510 979 vim
1533 969 1549 992 ,
1594 929 1887 995 quotidiani
1920 944 1925 949 ‘

317 1011 577 1066 sermonis
616 1011 1003 1080 contemplator
1039 1012 1301 1075 attendas.
1334 1018 1596 1071 contraria
1628 1020 1885 1089 proponi-

319 1120 452 1171 mus,
470 1106 824 1174 oppugnantia
848 1105 1222 1172 prcedicamus;
1247 1115 1301 1160 et
1322 1109 1372 1161 in
1396 1108 1478 1162 bis
1502 1120 1676 1165 tamen
1699 1128 1884 1167 verum

314 1202 524 1251 constat
543 1208 663 1247 esse
690 1194 830 1262 quod
861 1193 1104 1247 dicimus.
1133 1193 1211 1248 Ex
1232 1197 1417 1250 matris
1441 1207 1592 1253 utero
1620 1214 1740 1254 cum
1765 1216 1886 1256 cor-

316 1301 439 1355 pore
464 1286 665 1339 scimus
694 1286 923 1337 animam
958 1285 1124 1351 nasci,
1150 1286 1242 1341 sed
1270 1287 1429 1339 etiam
1454 1296 1623 1342 matre
1650 1290 1883 1358 priorem

314 1375 551 1430 videmus
589 1374 821 1431 animam
864 1372 1160 1442 praedicari.
1210 1375 1264 1428 In
1297 1375 1405 1428 filio
1448 1384 1618 1431 mater
1646 1379 1884 1432 animum

309 1472 507 1537 ggnit,
553 1466 645 1521 sed
678 1476 853 1520 tamen
885 1464 1042 1518 etiam
1076 1465 1129 1519 in
1162 1465 1270 1533 ipsa
1303 1474 1470 1521 matre
1498 1482 1605 1519 non
1636 1467 1734 1521 nisi
1763 1468 1882 1521 ani-

310 1574 425 1612 mus
449 1558 601 1621 vivit,
628 1556 743 1610 siue
769 1570 867 1624 qua
902 1570 997 1609 nec
1028 1555 1141 1623 ipsa
1171 1556 1381 1625 quidem
1416 1567 1587 1624 pmest
1615 1573 1732 1612 esse
1763 1575 1881 1627 qua:

306 1651 508 1719 genuit.
543 1650 720 1715 itaque
745 1647 789 1700 si
821 1646 1076 1715 originem
1111 1648 1393 1701 animantis
1418 1654 1667 1717 potentia:
1698 1651 1876 1719 requi-

1994 498 2316 544 comternum
2361 494 2542 549 dicere
2563 496 2779 562 deitati;
2813 499 2935 567 quia
2975 503 3221 555 mediator
3263 505 3354 558 Dei
3391 516 3438 561 et
3471 508 3569 560 ho-

1994 582 2186 636 minum
2212 585 2368 640 homo
2398 578 2628 644 Christus
2654 591 2804 647 Jcsus
2834 592 2886 663 (1
2915 594 3045 652 Tim.
3076 612 3134 662 tt,
3162 596 3216 666 5)
3240 598 3407 666 prima
3431 602 3571 654 nati-

1993 670 2157 727 vitate
2177 686 2476 731 cozeternus
2499 691 2580 735 est
2601 681 2765 749 Patri,
2797 688 3028 741 secunda
3056 688 3323 760 particeps
3356 700 3563 760 tempo-

1992 762 2066 815 ris
2096 764 2263 819 nostri
2288 783 2301 820 :
2329 768 2379 823 in
2408 769 2499 824 illa
2545 785 2733 828 auctor
2756 780 3031 847 temporis,
3062 780 3115 834 in
3156 781 3255 836 ista
3306 785 3568 854 particeps

1989 866 2072 910 est
2093 858 2284 914 astatis.

2539 932 2767 991 CAPUT
2806 938 2962 993 XVII.

2059 1036 2174 1095 Fet.
2207 1042 2465 1106 Quoniam
2503 1045 2570 1099 de
2619 1051 2876 1117 mysterio
2919 1055 3228 1110 mediatoris
3279 1060 3559 1127 perspicua

1987 1131 2211 1197 ratione,
2226 1141 2280 1188 et
2300 1135 2364 1189 ad
2386 1136 2709 1191 credendum
2733 1141 2899 1196 cuivis
2925 1143 3253 1200 sufﬁcienter
3279 1150 3514 1203 tractasti
3542 1168 3555 1203 :

1987 1222 2185 1279 idcirco
2213 1242 2394 1295 quaeso
2418 1238 2473 1283 ut
2501 1230 2631 1287 mihi
2662 1231 2787 1301 quid
2817 1234 2979 1291 etiam
3022 1237 3088 1290 de
3129 1239 3303 1293 anima
3356 1240 3557 1296 Christi

1985 1315 2319 1371 sentiendum
2342 1319 2411 1372 sit
2432 1319 2622 1387 jubeas
2643 1322 2920 1390 explicari.
2950 1324 3023 1379 Ita
3052 1329 3193 1382 enim
3218 1344 3243 1380 a
3273 1330 3560 1398 majoribus

1984 1406 2185 1461 nostris
2208 1423 2421 1478 semper
2439 1420 2521 1466 est
2548 1412 2819 1477 traditum,
2851 1416 2990 1484 quod
3020 1416 3219 1473 Christi
3259 1435 3453 1489 corpus
3493 1422 3559 1477 ad

1985 1496 2153 1551 vicem
2179 1499 2372 1554 anima:
2399 1504 2719 1565 communis,
2740 1505 2904 1569 ipsius
2937 1506 3058 1561 Filii
3083 1509 3176 1563 Dei
3206 1510 3415 1564 habitus
3440 1512 3557 1564 ani-

1983 1589 2168 1641 marit:
2198 1605 2299 1645 nec
2332 1594 2642 1647 accessione
2660 1594 2839 1649 vitalis
2868 1597 3087 1665 spiritus
3107 1599 3350 1669 indigens
3374 1601 3554 1668 fuerit,

1979 1681 2062 1734 cui
2094 1680 2395 1737 inhabitans
2429 1682 2546 1737 fons
2569 1685 2691 1738 vitm
2723 1689 2893 1752 potuit
2921 1689 3172 1745 conferre
3198 1692 3338 1758 quod
3365 1693 3516 1747 vixit.

307 1756 509 1805 ramus,
543 1741 688 1810 prior
709 1749 791 1811 est
820 1748 1007 1847 mitre,
1033 1748 1084 1794 ct
1107 1755 1169 1794 ex
1196 1740 1293 1794 hac
1318 1757 1499 1842 rursus
1527 1751 1643 1795 nata
1668 1744 1876 1797 videtur
1907 1750 1952 1809 Β
2049 1772 2183 1841 Aug.
2213 1772 2494 1827 possemus
2522 1740 2739 1843 quidm;
2771 1776 2820 1829 id
2851 1777 2992 1846 quod
3029 1740 3552 1847 ἰξεξξιξπειεοηθ

304 1847 419 1886 esse
462 1847 583 1884 cum
625 1829 829 1883 sobole.
872 1828 1043 1893 Prior,
1077 1831 1310 1899 inquam,
1342 1833 1540 1897 anima,
1586 1849 1677 1902 per
1717 1851 1875 1903 quam

305 1933 471 1981 muter
496 1933 577 1978 est
598 1924 829 1976 animata
856 1938 867 1972 :
897 1921 1040 1988 prior
1063 1930 1228 1977 mater
1251 1938 1513 1991 perquam
1542 1925 1593 1978 in
1620 1925 1727 1979 ﬁlio
1753 1935 1873 1981 nata

304 2015 510 2067 videtur
539 2025 592 2066 rt
620 2014 818 2067 anima.
847 2012 951 2067 Sed
982 2027 1085 2067 non
1112 2023 1282 2067 mater
1313 2015 1364 2067 in
1396 2030 1608 2070 carnem
1640 2018 1872 2073 animam

303 2107 473 2167 vertit,
508 2120 609 2160 nec
638 2120 851 2159 carnem
886 2104 936 2158 in
968 2105 1195 2159 animam
1229 2109 1600 2175 cominu'avit,
1632 2110 1725 2163 sed
1756 2110 1870 2164 ani-

303 2205 493 2248 matant
553 2210 767 2248 carnem
826 2193 892 2248 de
940 2204 1091 2248 utero
1137 2196 1359 2260 matris,
1406 2197 1545 2251 idem
1595 2201 1773 2253 carnis
1818 2208 1873 2255 et

300 2286 507 2349 animm,
527 2293 578 2337 et
604 2284 764 2338 totius
789 2284 1020 2336 hominis
1034 2294 1244 2338 creator
1261 2285 1520 2352 exhibuit,
1534 2289 1621 2357 qui
1647 2303 1741 2355 per
1761 2290 1866 2344 d's.

300 2377 663 2445 pensationem
685 2375 940 2444 analogim
961 2376 1165 2429 diversa
1190 2377 1481 2445 jungcntis,
1516 2378 1566 2431 in
1587 2393 1694 2431 uno
1712 2387 1870 2447 atque

298 2466 479 2519 eodem
524 2465 771 2532 homine,
807 2472 861 2517 et
890 2472 1170 2532 utrumque
1198 2465 1463 2519 insolubili
1497 2467 1699 2521 unitate
1737 2482 1866 2520 cun-

296 2556 479 2625 iunxit,
506 2563 561 2610 ct
589 2565 833 2609 neutrum
854 2570 919 2609 ex
939 2554 1157 2611 alterius
1179 2558 1579 2627 participatione
1606 2558 1863 2614 confudit.

881 2647 1106 2703 CAPUT
1146 2648 1285 2704 XVI.

360 2738 449 2794 Sic
488 2754 659 2809 ergo,
703 2738 809 2792 imo
850 2738 1019 2793 multo
1064 2740 1654 2811 incomprehensibilius
1704 2750 1864 2813 atque

294 2832 575 2885 sublimius
608 2843 762 2884 natus
789 2841 869 2885 est
892 2833 1232 2899 suswptioue
1270 2834 1486 2899 perfecti
1528 2833 1761 2887 hominis
1796 2833 1862 2888 de

294 2937 456 2979 matre
482 2924 652 2979 Pilius
683 2925 797 2989 Dei,
830 2927 915 2991 qui
950 2934 1032 2978 est
1058 2941 1099 2995 pi
1126 2942 1152 2979 r
1200 2926 1641 2991 omnipotentiam
1676 2928 1861 2995 singu-

290 3018 447 3071 larem
480 3015 678 3084 genitis
706 3016 953 3070 omnibus
992 3030 1095 3069 non
1154 3015 1376 3069 facultas
1408 3025 1609 3070 tantum
1632 3056 1646 3079 ,
1678 3017 1771 3070 sed
1809 3026 1861 3070 et

290 3122 438 3165 causa
476 3106 754 3161 nascendi.
812 3107 1116 3162 Secundum
1158 3106 1467 3173 hominem,
1517 3108 1751 3179 inquam,
1792 3108 1859 3163 de
1887 3116 1931 3177 ρ

293 3199 503 3269 Virgine
527 3208 683 3253 natus
713 3208 796 3253 est
824 3200 987 3263 Deus,
1019 3210 1271 3271 eopacto
1317 3218 1422 3271 quo
1464 3218 1584 3257 cum
1635 3218 1859 3271 corpore

288 3290 423 3347 nasci
456 3292 684 3345 docetur
726 3302 780 3345 et
816 3292 1064 3347 animus:
1110 3308 1214 3348 non
1260 3295 1381 3364 quia
1430 3295 1708 3363 utriusque
1756 3310 1858 3350 una

288 3386 581 3438 substantia
613 3392 716 3445 est.
744 3383 835 3438 sed
868 3384 986 3453 quia
1016 3400 1080 3439 ex
1111 3394 1334 3454 utraque
1376 3386 1434 3438 ﬁt
1473 3400 1572 3438 una
1603 3400 1857 3455 persona.

288 3474 393 3529 Non
417 3476 561 3529 alius
600 3474 760 3528 homo
811 3488 1026 3544 corpus,
1056 3483 1111 3529 et
1154 3474 1290 3529 alius
1330 3476 1558 3541 animus,
1608 3475 1699 3528 sed
1723 3488 1860 3528 unus

289 3564 442 3621 homo
474 3580 672 3634 corpus
701 3573 755 3619 et
779 3564 1010 3619 animus.
1065 3564 1154 3620 Sic
1184 3574 1306 3633 post
1353 3575 1563 3635 partum
1603 3566 1855 3634 Virginis,

286 3673 382 3714 non
414 3658 557 3712 alius
584 3658 677 3713 Dei
701 3658 867 3712 Filius
896 3666 944 3712 et
978 3656 1114 3711 alius
1136 3656 1388 3721 hominis,
1414 3659 1506 3712 sed
1528 3658 1676 3712 idem
1705 3658 1859 3715 Chri-

286 3760 392 3806 stus
420 3752 519 3806 Dei
550 3759 604 3804 et
657 3750 886 3805 hominis
918 3750 1109 3807 Filius.
1145 3750 1210 3805 Et
1249 3750 1384 3805 sicut
1439 3750 1602 3823 348
1647 3751 1699 3805 in
1752 3765 1858 3804 uno

270 3840 497 3896 ‘bomine
552 3840 695 3895 aliud
749 3855 941 3909 corpus
985 3849 1040 3896 et
1077 3841 1219 3895 aliud
1253 3842 1487 3905 animus;
1523 3843 1601 3896 sic
1648 3842 1701 3895 in
1748 3856 1857 3895 uno

285 3935 577 3987 mediatore
604 3932 749 3988 aliud
783 3933 896 3998 Dei,
930 3932 1069 3987 aliud
1096 3933 1325 3987 hominis
1355 3934 1521 3988 Filius
1548 3952 1558 3985 :
1592 3933 1685 3988 sed
1717 3934 1855 3989 idem

286 4032 455 4078 tamen
490 4032 547 4078 et
572 4038 681 4078 non
706 4024 843 4078 alius
866 4024 959 4081 D.-i
986 4039 1142 4093 quam
1181 4023 1413 4079 hominis
1437 4024 1601 4079 Filius
1634 4043 1645 4075 :
1671 4040 1855 4093 quam-

283 4115 356 4166 vis
378 4122 600 4183 propter
628 4113 768 4168 aliud
790 4113 905 4180 Dei,
929 4124 983 4169 et
1010 4124 1224 4183 propter
1244 4115 1387 4169 aliud
1413 4115 1641 4169 hominis
1665 4116 1852 4170 Elius.

286 4201 398 4259 Non
426 4205 497 4259 ab
522 4205 674 4259 initio
695 4207 870 4259 carnis
903 4208 1132 4273 coepisse
1161 4206 1385 4261 dicimus
1418 4207 1605 4261 Filium
1639 4209 1756 4273 Dei,
1788 4223 1856 4263 ne

256 4296 628 4365 temporalem
659 4295 840 4350 credat
873 4298 1065 4366 aliquis
1105 4297 1381 4353 deitatem.
1412 4297 1525 4352 Non
1555 4298 1622 4351 ab
1651 4307 1854 4352 aeterno

284 4384 396 4439 Filii
429 4386 527 4441 Dei
558 4385 803 4440 novimus
825 4401 1061 4453 carnem,
1094 4402 1160 4442 ne
1188 4403 1291 4441 non
1323 4389 1600 4444 veritatem
1634 4388 1851 4443 humani

1978 1862 2257 1918 catholicae
2282 1865 2615 1920 auctoritatis
2653 1865 2966 1923 deﬁnitione
2998 1872 3383 1939 praescribitur,
3416 1873 3552 1929 divi-

1978 1968 2166 2007 norum
2222 1954 2552 2010 voluminum
2606 1957 2927 2013 testimoniis
2974 1962 3203 2017 edocere
3243 1981 3254 2015 :
3288 1965 3383 2018 sed
3430 1966 3551 2033 quia

1978 2060 2115 2099 nunc
2142 2061 2244 2099 non
2273 2046 2527 2100 librorum
2571 2048 2789 2115 indicio,
2822 2051 2915 2104 sed
2945 2052 3055 2105 sola
3096 2054 3304 2108 ratione
3356 2054 3551 2121 placuit

1975 2146 2168 2191 cuncta
2194 2137 2462 2193 discutere
2488 2157 2502 2193 :
2537 2139 2737 2194 idcirco
2764 2141 2815 2195 iu
2847 2141 2990 2196 aliud
3020 2154 3225 2212 tempus
3253 2144 3550 2209 Scriptura-

1974 2242 2089 2280 rum
2122 2239 2461 2283 monumenta
2497 2239 2858 2299 reservantes,
2892 2232 3030 2288 sicut
3077 2235 3321 2303 superius
3352 2235 3549 2291 factum

1972 2326 2074 2383 est,
2107 2317 2267 2388 359
2296 2318 2371 2372 sic
2397 2320 2553 2373 etiam
2584 2319 2652 2375 de
2682 2321 2875 2376 animte
2924 2321 3265 2393 inquisitione
3297 2328 3548 2381 tractabi-

1974 2423 2109 2463 mus.
2138 2406 2288 2473 Quod
2322 2418 2376 2462 ut
2403 2408 2515 2464 ﬁeri
2548 2410 2755 2465 facilius
2780 2413 2968 2481 possit,
3002 2430 3119 2481 quze
3150 2416 3414 2470 Salvatori
3447 2433 3547 2469 no-

1972 2506 2082 2551 stro
2110 2498 2434 2566 suscipiendi
2478 2500 2709 2556 hominis
2740 2516 2897 2557 causa
2955 2503 3133 2569 fuerit,
3185 2521 3288 2558 una
3343 2517 3543 2562 tantum

1970 2592 2209 2660 Apostoli
2239 2592 2467 2649 lectione
2494 2596 2731 2663 Subiecta
2760 2597 2985 2653 breviter
3040 2602 3368 2672 inquiramus
3396 2621 3408 2654 :
3441 2618 3543 2671 qua

1968 2680 2201 2747 inventa,
2231 2684 2347 2739 sine
2372 2685 2544 2753 aliqua
2593 2686 2904 2742 difﬁcultate
2934 2690 3095 2745 etiam
3146 2688 3221 2746 ad'
3265 2693 3376 2747 hzcc
3405 2710 3528 2762 qua:

1968 2772 2123 2840 huius
2169 2776 2519 2841 praecedentis
2565 2789 2689 2832 sunt
2734 2792 3019 2836 consecuta
3054 2784 3416 2840 transibimus.
3461 2788 3541 2841 Ab

1966 2860 2115 2916 initio
2139 2864 2297 2931 igitur
2316 2883 2379 2921 ex
2408 2883 2631 2937 corpore
2652 2879 2705 2924 et
2727 2872 2900 2925 anima
2929 2874 3067 2928 Deus
3087 2877 3352 2932 hominem
3379 2879 3494 2932 fecit
3521 2894 3537 2944 ;

1965 2954 2051 3019 qui
2083 2953 2211 3020 legis
2243 2966 2504 3024 prwcepta
2557 2968 2941 3029 transgressus,
2977 2975 3095 3031 post
3140 2968 3537 3031 usurpationem

1968 3044 2262 3101 interdictae
2310 3046 2537 3112 arboris,
2585 3054 2903 3108 sententiam
2947 3057 3338 3124 quodammodo
3369 3076 3539 3127 poena:

1965 3135 2208 3202 capitalis
2238 3139 2468 3207 excepit.
2519 3140 2615 3195 llic
2661 3142 2727 3196 ad
2769 3157 2890 3197 eum
2923 3153 3120 3199 statum
3172 3163 3200 3199 a
3229 3164 3332 3218 quo
3363 3151 3539 3218 lapsus

1963 3235 2063 3285 est.
2098 3242 2200 3280 non
2234 3227 2333 3280 nisi
2364 3230 2600 3283 auctoris
2645 3231 2726 3287 sui
2754 3234 2922 3301 gratia
2975 3236 3323 3303 reformatus,
3354 3243 3540 3308 postli-

1964 3316 2109 3369 minii
2140 3317 2532 3380 quodammodo
2556 3320 2679 3388 jure
2705 3326 2873 3391 potuit
2900 3341 3173 3381 remeare:
3202 3331 3338 3384 sicut
3368 3333 3453 3397 qui
3481 3350 3538 3387 se

1962 3405 2028 3460 de
2057 3406 2270 3461 excelso
2316 3409 2366 3463 in
2426 3425 2664 3479 princeps
2695 3414 2969 3469 voluntate
3006 3417 3298 3485 demiserit,
3354 3421 3404 3475 in
3444 3438 3538 3477 sua

1961 3497 2177 3565 quidem
2209 3498 2389 3553 habuit
2418 3510 2681 3569 potestate
2709 3505 2847 3571 quod
2883 3506 3027 3571 fecit,
3058 3510 3151 3565 sed
3180 3510 3287 3578 jam
3321 3527 3421 3567 suo
3452 3529 3538 3566 ar-

1963 3589 2120 3642 bitrio
2141 3600 2346 3643 certqu
2379 3600 2462 3645 est
2501 3608 2607 3648 non
2635 3594 2913 3665 subiacere
2966 3600 3107 3667 quod
3156 3602 3316 3657 cadit.
3358 3603 3537 3672 Surgit

1962 3680 2138 3748 itaque
2163 3681 2416 3739 beneﬁcio
2438 3686 2634 3751 alieno,
2664 3689 2751 3756 qui
2779 3689 2970 3745 cecidit
3011 3693 3244 3761 proprio.
3274 3695 3380 3750 Nec
3411 3698 3533 3751 ideo

1962 3782 2064 3823 non
2095 3782 2191 3822 suo
2214 3770 2469 3825 dicendus
2496 3784 2577 3830 est
2618 3776 2878 3833 cecidisse
2907 3797 2919 3832 :
2949 3781 3069 3849 quia
3091 3782 3269 3838 alieno
3298 3788 3536 3841 noscitur

1958 3873 2209 3928 surgere;
2253 3877 2352 3917 nec
2399 3876 2682 3933 propterea
2742 3884 2840 3925 suo
2895 3874 3213 3942 surrexisse,
3261 3879 3381 3940 quia
3426 3896 3533 3934 non

1959 3950 2133 4004 alieno
2165 3962 2367 4009 certum
2395 3963 2478 4009 est
2500 3957 2778 4014 cecidisse.
2838 3960 2945 4017 Sed
2984 3963 3052 4018 de
3080 3964 3183 4021 hoc
3211 3967 3362 4034 alias,
3392 3984 3533 4025 nunc
3574 3998 3585 4013 ο

1956 4042 2021 4096 ad
2048 4058 2179 4113 prop
2194 4044 2376 4098 isitum
2402 4047 2708 4104 redeamus.

2492 4138 2716 4195 CAPUT
2755 4142 2940 4199 XVIII.

2032 4222 2171 4277 Dicit
2196 4238 2322 4293 ergo
2348 4228 2668 4285 venerabilis
2702 4233 2914 4299 Paulus,
2946 4237 3190 4303 quoniam
3219 4238 3415 4295 idcirco
3438 4256 3526 4296 se-

1956 4313 2188 4368 Cuudum
2229 4329 2443 4369 caruetn
2494 4330 2648 4374 natus
2699 4331 2785 4377 est
2828 4322 3115 4380 Christus:
3154 4328 3221 4382 Ut
3263 4332 3394 4383 sicut
3438 4348 3527 4400 per

1957 4419 2115 4456 unum
2141 4403 2395 4459 hominem
2425 4408 2684 4477 peccatum
2721 4414 2773 4465 in
2802 4415 2934 4468 hunc
2961 4418 3205 4470 mundum
3228 4420 3450 4488 intravit,
3480 4430 3527 4475 et

282 4474 519 4542 corporis
543 4516 559 4539 ς
602 4475 696 4529 sed
746 4475 1025 4544 quatttdam
1070 4492 1191 4531 cum
1245 4480 1543 4547 suscepisse
1593 4488 1844 4548 Ριιῐθῐηιιε
1874 4480 1923 4545 1)
1950 4510 2036 4559 per
2063 4504 2323 4561 peccatum
2347 4512 2481 4549 mors
2505 4512 2523 4551 :
2543 4508 2591 4551 et
2622 4501 2693 4554 ita
2724 4502 2776 4555 in
2804 4520 2972 4558 omnes
3005 4506 3232 4560 homines
3257 4519 3519 4575 pertrans-

283 4562 588 4633 imagincm.
609 4564 794 4633 Neque
823 4566 963 4619 enim
985 4570 1251 4622 consumit
1276 4570 1604 4638 majestatem
1620 4571 1737 4626 Filii
1756 4572 1844 4626 Dei

282 4655 471 4707 veritas
494 4655 673 4707 carnis
689 4669 702 4717 ;
720 4664 809 4707 aut
825 4656 1100 4710 veritatem
1119 4660 1314 4718 carnis.
1332 4660 1663 4739 immensitas
1680 4662 1848 4716 deita-

281 4742 345 4795 tis
368 4744 521 4807 ;dum
536 4761 698 4797 unum
719 4745 887 4799 radiat
913 4747 1194 4802 virtutibus
1217 4750 1503 4814 suis,aliud
1528 4753 1750 4807 docetur
1768 4756 1849 4807 in-

280 4832 618 4890 ﬁrmitatibus
643 4840 861 4891 nostris.
896 4838 1042 4894 Unus
1066 4850 1239 4895 autem
1272 4851 1428 4912 atque
1477 4846 1845 4915 inseparabilis

278 4923 525 4979 Christus
570 4934 626 4980 et
656 4926 969 4982 bumiliatur
1003 4932 1309 5000 assumptis,
1346 4944 1400 4987 et
1427 4935 1752 5003 gloriﬁcatur
1796 4937 1848 4990 in

278 5014 503 5083 propriis
520 5031 533 5079 ;
550 5030 669 5069 cum
694 5016 832 5071 afﬁci
852 5033 956 5071 non
985 5020 1304 5091 dedignatur
1327 5024 1551 5092 injuriis,
1571 5037 1622 5081 et
1640 5027 1851 5097 :cquali-

276 5111 433 5159 tatem
458 5106 690 5160 cnstodit
712 5111 988 5176 genitoris.
1028 5111 1221 5166 Genuit
1241 5130 1368 5184 ergo
1386 5116 1543 5171 Maria
1559 5128 1608 5172 et
1627 5136 1728 5173 non
1760 5135 1848 5187 ge-

275 5196 387 5249 nuit
423 5195 617 5251 Filium
667 5198 783 5252 Dei.
819 5196 1033 5266 Genuit,
1063 5204 1276 5271 quando
1323 5221 1383 5258 cx
1416 5207 1526 5275 ipsa
1552 5209 1842 5262 secundum

276 5298 486 5338 carnem
507 5296 661 5340 natus
673 5299 751 5340 est
769 5287 1013 5344 Christus
1031 5310 1042 5343 :
1062 5308 1163 5345 non
1180 5296 1378 5362 genuit,
1392 5296 1602 5364 quando
1617 5298 1680 5351 de
1694 5297 1848 5354 Patre

274 5374 383 5428 sine
400 5376 552 5429 initio
565 5378 769 5431 exstitit
786 5378 968 5435 Filius.
986 5380 1201 5448 Genuit,
1217 5385 1426 5453 quando
1438 5402 1497 5441 ex
1520 5386 1614 5441 hac
1628 5386 1845 5444 Verbum

274 5479 387 5517 raro
412 5466 672 5539 processit
687 5476 741 5520 ut
766 5468 1013 5525 habitaret
1032 5473 1083 5524 in
1108 5473 1251 5527 nobis
1273 5491 1289 5527 :
1308 5492 1409 5529 non
1432 5479 1612 5544 genuit
1634 5481 1846 5548 quando

274 5552 319 5604 in
344 5555 594 5624 principio
625 5566 733 5609 erat
763 5557 900 5617 Deus
942 5559 1179 5630 Verbum,
1232 5566 1369 5633 quod
1399 5568 1656 5636 originem
1706 5585 1843 5638 pra:-

274 5646 397 5700 stitit
429 5648 711 5704 universis.
745 5648 859 5705 Noli
889 5666 1015 5722 ergo
1046 5664 1198 5721 partu
1226 5654 1452 5727 Virginis
1480 5658 1840 5717 determinarc

1955 4584 2035 4646 iit,
2070 4585 2124 4636 in
2149 4600 2246 4651 quo
2271 4602 2441 4639 omnes
2472 4601 2797 4655 peccaverunt
2831 4593 3002 4661 (Rom.
3036 4611 3086 4661 v,
3118 4594 3225 4664 12).
3275 4599 3337 4651 Et
3368 4603 3527 4665 paulo

1957 4682 2106 4742 post:
2137 4673 2243 4729 Sed
2286 4692 2385 4728 non
2420 4678 2552 4731 sicut
2592 4680 2853 4747 delictum,
2881 4685 2952 4737 ita
2982 4696 3029 4737 et
3068 4687 3253 4755 gratia.
3299 4687 3360 4742 Si
3392 4692 3524 4743 enim

1953 4766 2103 4818 unius
2134 4766 2319 4820 delicto
2340 4768 2487 4821 multi
2511 4771 2699 4823 mortui
2719 4782 2856 4835 sunt,
2879 4775 3036 4826 multo
3057 4777 3217 4843 magis
3243 4778 3407 4847 gratia
3433 4779 3524 4832 Dei

1952 4864 1995 4906 et
2023 4856 2237 4922 donum,
2270 4859 2321 4908 in
2345 4860 2511 4929 gratia
2538 4859 2690 4912 unius
2719 4860 2934 4914 hominis
2962 4861 3086 4916 Jesu
3117 4862 3301 4917 Christi
3322 4867 3371 4919 in
3404 4870 3519 4933 plu-

1952 4958 2031 4994 res
2083 4944 2380 4998 abundavit.
2415 4945 2482 4998 Et
2508 4963 2607 4999 non
2638 4949 2766 5001 sicut
2794 4965 2882 5019 per
2898 4966 3051 5003 unum
3074 4965 3350 5021 peccatum,
3375 4959 3444 5009 ita
3475 4968 3523 5011 ct

1957 5031 2164 5087 donatio
2198 5049 2215 5085 :
2254 5050 2371 5086 nam
2415 5037 2671 5105 judicium
2717 5054 2778 5091 ea:
2819 5056 2919 5093 uno
2948 5044 2999 5094 in
3032 5047 3517 5115 condemtmtimzem,

1951 5125 2120 5193 gratia
2149 5135 2313 5178 autem
2342 5142 2405 5179 ea:
2452 5130 2621 5182 multis
2650 5130 2864 5198 delictis,
2897 5134 2949 5185 in
2980 5135 3416 5205 justiﬁcationem.
3458 5138 3519 5189 Si

1951 5215 2083 5267 enim
2106 5217 2254 5269 unius
2276 5217 2456 5270 delicto
2478 5234 2613 5273 mors
2636 5224 2858 5289 regnavit
2872 5243 2959 5293 per
2982 5243 3156 5285 unum.
3182 5230 3339 5281 multo
3361 5232 3537 5296 magis,

1958 5302 2322 5357 abundantiam
2344 5307 2540 5376 gratim,
2563 5319 2610 5361 et
2649 5311 2839 5366 donum
2861 5315 3078 5382 justitire
3121 5318 3340 5385 accipiet:
3368 5335 3437 5380 cs,
3465 5319 3529 5369 in

1955 5393 2110 5445 vitam
2151 5396 2472 5465 regnabimus
2522 5413 2611 5465 per
2655 5416 2810 5451 unum
2838 5400 3013 5455 Jesum
3046 5402 3315 5455 C/trislt.m.
3347 5402 3519 5469 Igitur

1950 5486 2077 5535 sicut
2104 5500 2191 5551 per
2215 5486 2363 5538 unius
2394 5487 2659 5552 delictum,
2680 5490 2732 5541 in
2759 5507 2928 5544 omnes
2954 5492 3174 5543 homines
3194 5491 3247 5542 in
3275 5495 3515 5545 condetth

1950 5577 2237 5635 nationem;
2281 5576 2353 5628 sic
2381 5587 2426 5629 et
2456 5593 2546 5646 per
2579 5580 2728 5632 unius
2747 5581 3023 5647 justitiam,
3055 5579 3107 5630 in
3141 5594 3310 5631 omnes
3342 5584 3516 5636 hami...

1950 5679 2033 5718 ncs
2075 5665 2124 5719 in
2143 5667 2566 5736 justiﬁcafionem
2596 5671 2722 5725 t'itte.
2753 5671 2900 5726 Sicut
2942 5672 3069 5724 enim
3107 5687 3193 5740 per
3216 5674 3515 5732 inobediuu
