3958 6176
451 193 555 251 517

1838 177 2058 234 VIGlLll
2098 173 2470 231 TAPSENSIS
3607 173 3703 226 518

455 306 578 358 tiam
594 294 754 358 unius
797 300 1020 355 hominis
1059 306 1343 368 peccatores
1372 294 1634 349 constituti
1687 301 1806 346 sunt
1852 292 2036 353 multi;
2066 299 2117 357 Α
2147 288 2409 357 thesivit.
2442 284 2539 340 llic
2581 285 2626 340 si
2670 282 2931 355 originem
2982 282 3256 353 utriusque
3299 296 3497 354 gnarus
3539 296 3708 337 rerum

450 394 523 448 ita
543 402 591 447 et
612 409 703 463 per
721 391 871 445 unius
900 390 1276 444 obauditionem
1295 388 1427 457 justi
1456 386 1835 455 constituuntur
1861 381 2026 435 multi.

525 483 680 537 Venit
712 497 841 552 ergo
895 481 1139 535 Christus
1177 479 1381 532 salvum
1417 477 1590 530 facere
1618 474 1762 545 quod
1801 475 2034 541 perierat

448 574 602 645 (Luc.
632 589 741 640 xIx,
773 571 882 641 10).
937 571 1091 625 Prius
1121 584 1251 639 ergo
1295 568 1572 622 videamus
1610 567 1735 636 quid
1777 566 1905 620 illutl
1952 573 2037 620 est

448 667 589 737 quod
618 664 930 736 prot0plasti
959 662 1384 732 transgressione
1405 660 1566 732 350
1596 660 1836 729 perierit,
1854 658 2032 713 ethoc

450 759 606 813 facile
655 758 796 812 scire
836 756 1152 826 poterimus,
1195 754 1323 825 quid
1357 754 1614 809 Dominus
1636 754 1897 809 veniendo
1928 752 2034 806 sal-

453 865 581 904 vare
625 849 874 917 potuerit.
926 846 1323 916 Requirendum
1374 844 1533 914 igitur
1575 846 1728 899 nobis
1758 854 1840 899 est
1881 843 2030 913 quis-

449 955 574 995 nam
604 938 774 1008 legem
797 937 1070 992 Creatoris
1095 934 1380 1004 acceperit.
1410 934 1502 989 Ille
1531 934 1673 990 enim
1716 934 1832 987 sine
1868 932 2030 987 dubio

448 1029 712 1098 peccavit,
756 1028 882 1097 quia
935 1034 1202 1096 praecepta
1232 1026 1559 1093 contempsit
1599 1043 1611 1079 :
1648 1024 1737 1078 ille
1768 1018 2031 1092 prsecepta

448 1120 793 1188 contempsit,
847 1118 938 1187 qui
979 1116 1119 1186 quod
1169 1116 1551 1186 prohibebatur
1602 1114 1839 1169 admisit.
1897 1113 2034 1167 Dicit

450 1221 628 1265 autem
665 1210 933 1280 Scriptura
963 1229 975 1264 :
1010 1209 1529 1278 PrwcepitDominus
1558 1210 1683 1263 Δάαι
1712 1208 1922 1260 dicens:
1948 1205 2032 1259 Ea:

448 1302 587 1355 omni
609 1300 747 1372 ligno
773 1302 910 1370 quod
940 1311 1013 1355 est
1040 1303 1092 1355 in
1116 1302 1357 1372 paradiso
1386 1301 1776 1364 manducabitis,
1801 1299 1863 1351 de
1892 1297 2032 1367 ligno

449 1403 623 1446 autem
663 1396 885 1448 scientia:
935 1395 1053 1447 boni
1082 1406 1129 1448 et
1160 1396 1286 1448 mali
1309 1410 1409 1448 non
1444 1394 1819 1447 manducabitis
1858 1392 1920 1444 de
1948 1408 2023 1444 eo.

452 1483 568 1548 Qua
594 1492 764 1536 autem
785 1484 865 1536 die
890 1484 1340 1549 manducaveritis,
1373 1493 1532 1538 morte
1557 1484 1845 1537 moriemini
1874 1480 2026 1551 (Gen.

449 1588 506 1637 Il,
538 1573 647 1643 16).
675 1574 987 1640 Quaeramus
1009 1590 1136 1645 ergo
1159 1590 1299 1630 nunc
1327 1583 1503 1629 utrum
1535 1575 1673 1629 hanc
1695 1576 1864 1644 legem
1886 1582 2031 1629 totus

2139 378 2532 446 contemplator
2556 377 2822 443 attendas,
2843 376 3131 446 pretiosior
3155 384 3239 430 est
3260 375 3452 430 animae
3474 374 3710 429 substan.

2139 471 2251 525 tia:
2294 472 2340 525 si
2388 471 2832 540 transgressionis
2867 470 3100 539 culpam,
3154 477 3374 537 propter
3417 468 3709 535 intelligen-

2138 563 2287 627 tiam,
2318 562 2468 632 pejor
2499 569 2582 616 est
2611 576 2792 616 causa.
2824 561 2936 630 Ego
2966 571 3144 615 autem
3172 560 3443 615 Christum
3466 569 3521 613 et
3547 559 3711 628 perfe-

2136 666 2282 710 Ctum
2310 654 2570 723 sapientia
2598 654 2731 717 scio,
2756 661 2809 707 et
2838 653 3133 733 piissimum
3165 666 3287 707 esse
3337 667 3441 705 non
3493 650 3710 704 dubito:

2136 761 2362 815 quorum
2388 746 2560 814 primo
2609 744 2887 799 meliorem
2919 754 2971 798 et
3004 743 3304 813 prudentia:
3331 757 3585 811 capacem
3615 756 3712 794 non

2137 836 2412 905 despexit;
2446 835 2682 890 secundo
2710 849 2827 889 eam
2873 850 2990 903 qua:
3035 835 3205 901 magis
3232 833 3407 887 fuerat
3442 833 3711 885 vulnerata

2136 927 2392 998 suscepit.
2444 926 2631 996 Neque
2683 927 2827 981 enim
2873 935 2967 980 aut
3014 924 3293 994 sapientiae
3322 925 3601 989 convenit,
3656 925 3714 977 de

2135 1020 2343 1075 duobus
2374 1034 2525 1088 teque
2549 1019 2683 1083 suis,
2717 1017 3211 1087 insipientissimam
3240 1016 3360 1083 plus
3385 1030 3600 1090 amare;
3631 1028 3717 1069 aut

2137 1111 2388 1183 perfecta:
2411 1112 2614 1182 pietati,
2648 1112 2817 1180 magis
2853 1111 3183 1177 indigentem
3210 1110 3559 1179 nonjuvisse.

2728 1199 2952 1256 CAPUT
2995 1198 3111 1254 XX.

2208 1292 2327 1349 Fel.
2364 1293 2557 1348 Omnia
2586 1292 2801 1363 quidem
2848 1307 2968 1361 qua:
3019 1305 3048 1344 a
3102 1302 3154 1345 te
3182 1306 3287 1345 non
3336 1291 3719 1346 rationabiliter

2138 1392 2362 1449 tantum,
2409 1385 2503 1439 sed
2536 1384 2694 1438 etiam
2729 1383 2997 1437 veraciter
3026 1381 3166 1436 dicta
3211 1390 3357 1447 sunt,
3411 1391 3467 1436 et
3512 1382 3719 1437 intelle-

2136 1476 2287 1531 xisse
2316 1491 2398 1530 me
2429 1477 2480 1529 in
2516 1474 2948 1545 praecedentibus
2979 1473 3171 1541 fateor,
3202 1481 3257 1526 et
3308 1473 3567 1540 probasse
3619 1486 3721 1525 non

2136 1568 2540 1635 negozChristi
2581 1578 2758 1621 autem
2809 1566 3075 1620 divinitati
3130 1578 3240 1634 quo
3281 1573 3438 1633 pacto
3488 1574 3718 1616 mortem

450 1665 613 1719 homo
640 1666 944 1735 acceperit?
970 1666 1023 1722 Si
1056 1668 1198 1722 enim
1228 1677 1285 1722 ut
1315 1669 1364 1721 in
1396 1667 1530 1723 libro
1552 1666 1826 1723 Geneseos
1857 1666 2028 1720 conti—
2062 1675 2109 1734 Β
2135 1661 2366 1717 sensisse
2391 1661 2618 1724 dicatur,
2647 1660 2858 1728 ignoro.
2918 1657 2995 1713 De
3041 1673 3145 1727 quo
3175 1666 3351 1710 utrum
3396 1664 3457 1709 tu
3484 1655 3718 1709 obscure

450 1764 627 1819 netur,
657 1772 723 1810 ex
758 1771 985 1826 corpore
1032 1766 1085 1812 et
1133 1758 1311 1812 anima
1331 1758 1439 1827 jam
1493 1759 1757 1829 perfeCtus
1804 1756 2030 1825 accepit,

451 1855 599 1901 totus
652 1847 812 1902 homo
861 1848 1301 1916 transgrediendo
1355 1850 1648 1918 peccavit:
1687 1856 1740 1903 et
1794 1846 1840 1901 si
1894 1854 2037 1900 totus

452 1939 894 2006 transgrediendo
926 1940 1185 2007 peccavit,
1221 1947 1364 1993 totus
1396 1939 1603 2009 peccati
1636 1938 1715 1993 sui
1757 1937 1885 1991 vitio
1913 1946 2037 1990 tunc

452 2031 629 2101 periit.
657 2032 709 2086 Si
750 2044 923 2087 autem
956 2040 1097 2087 tctus
1124 2034 1302 2102 periit,
1330 2044 1469 2089 totus
1501 2032 1761 2089 beneﬁcio
1788 2016 2037 2086 Salvato-

451 2123 525 2177 ris
556 2122 798 2193 indiguit.
834 2123 967 2180 Etsi
999 2133 1142 2181 totus
1168 2128 1428 2181 beneﬁcio
1457 2126 1752 2183 Salvatnris
1785 2124 2035 2193 indiguit,

454 2220 625 2267 totum
659 2214 904 2270 Christus
935 2216 1196 2271 veniendo
1227 2218 1453 2272 salvavit
1494 2235 1506 2271 :
1554 2228 1608 2272 et
1642 2218 1685 2270 si
1736 2226 1907 2270 totum
1949 2230 2035 2268 ve-

454 2302 651 2361 niendo
690 2304 932 2373 salvavit,
965 2321 1070 2360 non
1102 2322 1297 2376 corpus
1321 2309 1522 2376 absque
1552 2309 1753 2372 anima,
1793 2307 1887 2362 sed
1918 2321 2038 2360 cor-

452 2411 551 2467 pus
581 2406 635 2453 et
655 2399 886 2454 animam
916 2414 1018 2469 qua
1048 2409 1298 2457 constare
1325 2411 1466 2457 totus
1494 2403 1676 2467 homo,
1703 2410 1757 2455 et
1786 2412 2038 2469 peccasse

452 2501 610 2547 antea
656 2493 866 2548 videtur
894 2496 1205 2563 assumpsit.
1248 2496 1378 2550 Nam
1425 2497 1468 2551 si
1503 2504 1614 2551 toto
1662 2494 1880 2549 homine
1912 2507 2037 2562 pec-

451 2593 627 2649 cante,
656 2584 825 2639 solam
852 2585 968 2654 ejus
999 2600 1215 2640 carnem
1247 2587 1491 2644 Christus
1519 2587 1829 2657 assumpsit,
1858 2588 2036 2641 anima

455 2688 630 2743 poena:
686 2676 870 2744 primae
899 2676 1041 2731 illius
1072 2680 1513 2748 transgressionis
1545 2679 1663 2735 sine
1714 2680 1890 2749 aliqua
1942 2693 2037 2746 spe

453 2764 613 2821 etiam
638 2782 779 2821 nunc
804 2767 1013 2821 addicta
1044 2769 1355 2844 permansit.
1381 2771 1532 2839 Quod
1560 2771 1600 2824 si
1632 2772 1703 2824 ita
1722 2780 1826 2837 est,
1855 2769 2038 2824 nescio

453 2854 583 2924 quid
613 2857 767 2912 nobis
799 2857 1108 2913 mediatoris
1154 2874 1378 2929 persona
1429 2860 1740 2926 contulerit,
1771 2874 1889 2929 quas
1920 2873 2035 2913 me-

455 2946 558 3001 lius
589 2956 830 3003 nostrum
860 2963 923 3003 ex
955 2958 1065 3002 loto
1113 2965 1219 3003 non
1266 2937 1560 3013 redimens,
1602 2950 1811 3003 brutam
1845 2963 1940 3017 per
1978 2963 2037 3002 se

2139 1756 2337 1825 aliquid
2364 1755 2586 1817 dixeris,
2620 1770 2685 1808 an
2717 1768 2817 1824 ego
2845 1753 3177 1808 sufﬁcienter
3201 1752 3340 1806 dicta
3386 1750 3589 1819 ingenii
3622 1761 3721 1805 tar-

2138 1847 2304 1900 ditate
2333 1847 2543 1915 assequi
2598 1861 2704 1899 non
2751 1845 3053 1911 potuerim,
3112 1844 3316 1898 nescio.
3366 1843 3551 1909 Neque
3580 1845 3722 1897 enim

2139 1938 2362 1991 credere
2384 1937 2576 2001 ausim,
2601 1936 2742 2005 quod
2771 1935 2889 1989 fons
2912 1935 3000 1989 ille
3033 1935 3179 2001 vitas,
3198 1950 3227 1988 a
3252 1949 3356 2003 quo
3380 1933 3581 1988 habent
3614 1936 3723 1987 uni-

2141 2041 2295 2080 versa
2326 2026 2465 2095 quod
2516 2026 2722 2089 vivunt,
2778 2040 2874 2095 per
2923 2024 3157 2079 triduum
3210 2024 3435 2092 quodin
3473 2025 3724 2091 sepulcro

2139 2130 2337 2185 corpus
2361 2117 2548 2185 jacuit,
2584 2131 2753 2187 usque
2797 2131 2863 2171 eo
2910 2130 2942 2170 a
2997 2124 3203 2171 naturae
3247 2129 3359 2171 sua:
3398 2116 3725 2184 preprielate

2139 2209 2423 2273 deciderit,
2457 2220 2511 2262 ut
2537 2210 2580 2263 si
2608 2209 2709 2263 dici
2739 2209 2817 2264 fas
2848 2217 2951 2275 est,
2984 2209 3207 2278 sepultis
3234 2208 3484 2264 sensibus
3510 2224 3724 2265 omnem

2139 2300 2449 2354 substantia)
2475 2301 2649 2355 vitalis
2695 2309 2897 2353 motum
2949 2300 3258 2364 amitteret;
3289 2308 3343 2355 ct
3391 2310 3620 2371 propter
3648 2316 3727 2355 rc-

2140 2390 2506 2459 demptionem
2547 2390 2764 2444 humani
2810 2390 3045 2461 generis,
3098 2405 3205 2444 non
3246 2390 3458 2445 Patrem
3493 2399 3723 2457 tantum,

2140 2482 2236 2538 sed
2260 2490 2315 2536 et
2335 2483 2515 2537 omnia
2541 2482 2803 2551 Spiritalis
2829 2482 3011 2552 gloriae
3041 2491 3357 2537 ornamenta
3396 2483 3695 2538 desereret.

2211 2574 2348 2645 Aug.
2380 2574 2555 2639 Absit,
2589 2574 2729 2628 absit
2770 2590 2800 2628 a
2840 2574 3086 2629 ﬁdelibus
3124 2574 3223 2628 ista
3268 2575 3526 2644 suspicio,
3563 2587 3627 2629 ut
3657 2576 3729 2629 sic

2140 2663 2381 2720 Christus
2411 2664 2639 2719 senserit
2660 2674 2886 2719 mortem
2917 2674 3179 2732 nostram,
3208 2673 3265 2719 ut
3293 2674 3552 2735 quantum
3596 2665 3649 2719 in
3673 2680 3730 2720 sc

2139 2767 2224 2811 est
2252 2758 2379 2822 vita,
2411 2756 2659 2827 perderet
2688 2756 2872 2810 vitam.
2904 2756 3035 2811 Nam
3065 2757 3110 2811 si
3157 2757 3259 2811 hoc
3292 2759 3362 2813 ita
3393 2766 3554 2817 esset.
3591 2774 3730 2826 quo-

2142 2847 2301 2903 modo
2330 2849 2422 2903 illo
2453 2848 2631 2903 triduo
2661 2848 2897 2917 petuisse
2946 2847 3173 2901 dicimus
3204 2847 3404 2913 aliquid
3436 2847 3649 2910 vivere,
3690 2850 3731 2902 si

2140 2940 2265 2995 vitae.
2299 2939 2497 2994 fontem
2529 2939 2799 2994 credimus
2845 2938 3100 2993 aruisse?
3150 2938 3331 2994 Sensit
3359 2938 3520 3009 352
3568 2939 3731 3009 igitur

455 3049 671 3090 carnem
691 3076 707 3102 ,
755 3046 810 3091 et
840 3052 959 3107 qua:
990 3038 1107 3093 sine
1147 3039 1323 3094 anima
1356 3056 1423 3096 ne
1455 3040 1775 3096 beneﬁcium
1820 3039 2035 3109 quidem
2065 3046 2111 3109 ρ
2145 3040 2368 3087 mortem
2392 3031 2642 3087 divinitas
2671 3030 2890 3097 Christi,
2914 3032 3323 3100 participatione
3356 3031 3577 3087 humani
3604 3033 3734 3088 affe-

456 3126 576 3197 ejus
604 3138 787 3198 posset
814 3130 1032 3196 sentire,
1066 3133 1321 3201 suscepit.

1044 3219 1272 3275 CAPUT
1314 3221 1456 3277 XIX.

526 3306 733 3387 Vellem
767 3316 941 3363 tamen
974 3310 1040 3363 ab
1069 3310 1375 3381 hujusmodi
1408 3311 1848 3381 prmdicatoribns
1890 3325 2037 3378 qua:-

457 3410 578 3451 rere
607 3411 705 3451 cur
726 3407 941 3468 accepta
971 3414 1133 3455 carne
1164 3401 1394 3455 animam
1421 3402 1751 3470 dispensatio
1774 3401 2039 3455 mediato-

457 3487 532 3543 ris
559 3488 819 3543 omiserit.
866 3489 975 3544 Nisi
1029 3490 1163 3547 forte
1188 3501 1279 3547 aut
1316 3493 1591 3547 innoxiam
1646 3492 1845 3556 sciens,
1868 3490 2037 3545 medi-

456 3579 594 3634 cinae
621 3578 942 3648 indigentem
964 3595 1087 3638 esse
1112 3597 1217 3636 non
1232 3584 1540 3649 crediderit,
1559 3592 1647 3637 aut
1670 3597 1698 3636 a
1725 3597 1785 3637 se
1809 3582 2035 3635 alienam

457 3680 669 3740 putans,
695 3672 1083 3740 redemptionis
1115 3673 1379 3728 beneﬁcio
1407 3689 1512 3727 non
1558 3672 1769 3728 donarit
1795 3688 1809 3737 ;
1839 3679 1931 3725 aut
1970 3686 2035 3726 ex

458 3768 568 3815 toto
626 3761 972 3818 inSanabilem
1017 3763 1285 3833 judicans,
1319 3779 1511 3819 curare
1561 3764 1903 3833 nequiverit;
1942 3771 2037 3817 aut

456 3852 617 3908 vilem
645 3864 699 3909 et
724 3869 841 3924 quze
872 3856 1029 3910 nullis
1061 3857 1245 3912 usibus
1274 3866 1395 3925 apta
1426 3856 1719 3921 videretur,
1752 3856 2031 3925 ahjecerit.

454 3942 653 3998 llorum
684 3944 788 4000 duo
811 3946 865 3999 in
896 3948 1067 4016 ipsum
1103 3948 1266 4003 t0tius
1311 3948 1543 4003 hominis
1578 3958 1874 4004 creatorem
1904 3948 2037 4003 blas-

453 4034 636 4103 phemi
688 4037 909 4106 spiritus
952 4038 1329 4094 incredulitate
1381 4041 1667 4110 desipiunt.
1702 4041 1832 4095 Nam
1862 4040 2036 4110 primo

452 4129 864 4198 impossibilem,
897 4134 1135 4189 secundo
1158 4150 1261 4189 non
1289 4135 1526 4189 omnium
1573 4135 1735 4188 Deum
1787 4132 2036 4188 credide-

451 4228 597 4274 runt.
628 4220 906 4287 Quomodo
933 4224 1074 4279 enim
1112 4223 1337 4280 docetur
1363 4226 1723 4294 omnipotens,
1769 4227 1811 4280 si
1843 4239 2034 4279 curare

452 4324 560 4364 non
585 4314 755 4380 potuit
785 4313 1165 4382 desperatam?
1194 4317 1299 4370 Aut
1323 4316 1591 4385 quomodo
1610 4316 1849 4370 omnium
1868 4315 2031 4378 Deus,

2145 3135 2262 3178 ctus
2287 3139 2447 3193 quem
2477 3134 2670 3192 sponte
2703 3138 2799 3178 Sila
2839 3131 3174 3193 susceperat,
3219 3136 3327 3177 non
3374 3130 3589 3177 natura:
3621 3138 3732 3178 sure

2146 3218 2434 3286 potentiam
2464 3216 2694 3287 perdidit
2718 3231 2813 3285 per
2854 3232 3010 3286 quam
3040 3225 3231 3270 cuncta
3272 3217 3524 3271 viviﬁcat.
3555 3217 3653 3272 Sic
3682 3216 3736 3272 in

2143 3308 2388 3377 sepulcro
2417 3323 2634 3363 carnem
2672 3322 2820 3362 suam
2870 3308 3272 3363 commnriendo
3311 3323 3414 3363 non
3459 3309 3731 3376 deseruit,

2142 3400 2281 3454 sicut
2314 3401 2365 3453 in
2389 3408 2543 3455 utero
2586 3399 2817 3469 Virginis
2845 3400 3224 3453 connascendo
3249 3400 3522 3454 formavit.
3564 3402 3636 3455 Et
3660 3400 3739 3455 sic

2142 3489 2197 3543 in
2229 3498 2454 3559 utroque
2482 3500 2535 3543 et
2566 3490 2711 3544 nasci
2743 3498 2797 3544 et
2831 3489 2992 3554 mori,
3029 3503 3135 3543 non
3183 3499 3400 3544 coactus
3429 3489 3497 3543 ab
3525 3490 3737 3557 altero,

2142 3581 2235 3635 sed
2261 3593 2454 3650 sponte
2482 3581 2746 3636 Dominus
2774 3582 2964 3645 voluit,
2994 3586 3053 3635 tlt
3084 3581 3185 3635 hoc
3206 3596 3327 3636 eum
3360 3591 3585 3637 constet
3617 3598 3741 3651 per-

2143 3673 2327 3728 tulisse
2354 3672 2495 3742 quod
2523 3672 2682 3728 fecit:
2714 3688 2814 3729 nec
2841 3672 2962 3728 ideo
2984 3687 3089 3727 non
3113 3674 3426 3744 patientem,
3455 3675 3588 3743 quia
3624 3676 3741 3743 ipse

2142 3764 2396 3829 faciebat;
2442 3781 2540 3820 nec
2582 3764 2706 3821 ideo
2760 3781 2866 3821 non
2922 3766 3229 3833 facientem,
3262 3767 3385 3836 quia
3434 3782 3546 3821 non
3597 3768 3743 3822 alius

2142 3856 2424 3910 tolerabat.
2458 3856 2587 3910 Nam
2617 3857 2662 3912 si
2691 3856 2974 3912 dominica:
2997 3856 3381 3911 incarnationis
3410 3860 3742 3927 mysterium

2140 3948 2285 4001 salva
2314 3948 2600 4003 individua:
2640 3948 2920 4003 Trinitatis
2960 3950 3338 4019 cooperatione
3388 3950 3741 4014 consideres,

2141 4040 2283 4094 idem
2308 4040 2410 4095 sibi
2441 4042 2490 4094 in
2521 4041 2618 4096 hac
2639 4040 2937 4096 humilitate
2967 4050 3155 4096 auctor
3184 4050 3238 4095 et
3269 4055 3403 4110 opus
3427 4050 3509 4096 est
3536 4058 3551 4094 :
3588 4042 3741 4096 idem

2139 4140 2348 4197 auctor,
2386 4133 2508 4201 quia
2557 4142 2751 4201 sponte
2794 4134 3051 4198 nascitur,
3082 4142 3275 4201 sponte
3303 4135 3544 4202 patitur:
3591 4134 3739 4190 i'dem

2140 4238 2297 4293 opus,
2326 4227 2447 4294 quia
2476 4235 2764 4294 utrumque
2810 4226 2936 4281 licet
2978 4241 3085 4280 non
3130 4225 3237 4280 alio
3276 4233 3524 4295 cogente,
3588 4229 3745 4281 solus

2141 4323 2319 4369 tamen
2351 4314 2465 4385 ipse
2496 4317 2809 4386 perpetitur.
2844 4316 2992 4371 Fecit
3012 4331 3231 4371 carnem
3264 4317 3314 4370 in
3338 4326 3491 4371 utero
3514 4318 3744 4381 matris,

452 4402 495 4455 si
535 4418 643 4457 non
696 4404 811 4470 ipse
859 4405 985 4459 fecit
1038 4407 1283 4472 animam
1323 4409 1600 4461 nostram?
1636 4408 1850 4461 Duobus
1903 4421 2034 4461 vero
2066 4410 2115 4471 ι)
2144 4406 2594 4463 habesauctorcm
2614 4409 2821 4478 operis:
2849 4410 3029 4478 ipsein
3050 4409 3150 4464 hac
3178 4409 3325 4464 nasci
3350 4409 3610 4478 dignatus
3632 4420 3743 4474 est,

453 4493 592 4557 aliis,
622 4509 725 4546 uno
753 4495 943 4549 anima:
968 4512 1123 4551 causa
1155 4496 1410 4562 nescitur,
1444 4497 1616 4551 altero
1642 4499 1886 4551 meritum
1922 4511 2027 4549 non

453 4582 611 4652 351
638 4584 862 4639 videtur.
918 4587 998 4640 An
1051 4586 1351 4657 intelligere
1382 4603 1595 4641 causam
1639 4588 1905 4656 putandus
1948 4596 2032 4641 est

451 4676 664 4742 animae,
695 4676 783 4745 qui
808 4693 923 4732 cam
954 4680 1019 4734 ad
1041 4680 1405 4749 accipiendam
1438 4680 1630 4750 legem,
1657 4681 1837 4734 habitu
1860 4679 2033 4733 insita:

452 4767 674 4823 rationis
706 4770 1039 4836 instructam,
1070 4787 1099 4827 a
1128 4784 1350 4843 peccato
1380 4773 1697 4826 voluntariae
1726 4782 2032 4842 transgres-

452 4858 622 4913 sionis
651 4861 837 4914 nititur
864 4864 1149 4930 separare?
1179 4866 1283 4918 Aut
1312 4864 1578 4935 quomodo
1609 4865 1725 4935 ejus
1756 4866 2032 4933 generosi-

453 4959 614 5005 tatem
646 4950 813 5015 novit,
841 4952 929 5021 qui
956 4952 1305 5021 ignobilitatis
1334 4958 1465 5010 vitio
1511 4956 1640 5011 dicit
1685 4972 1805 5012 esse
1835 4960 2034 5028 despc-

451 5050 621 5097 ctam:
653 5043 867 5110 prtelata
919 5057 1079 5097 carne
1108 5061 1265 5113 quam
1316 5063 1419 5102 non
1468 5047 1595 5103 ﬂatu
1626 5049 1717 5104 Dei
1750 5049 1887 5104 sicut
1916 5051 2030 5102 ani-

452 5149 614 5199 mam,
648 5134 738 5188 sed
762 5133 828 5187 de
851 5133 976 5187 limo
1008 5143 1165 5188 terra:
1193 5145 1402 5190 constat
1432 5152 1552 5192 esse
1584 5139 1941 5209 plasmatam?
1974 5139 2031 5194 Si

450 5235 627 5280 autem
661 5224 788 5279 nihil
824 5224 1011 5279 horum
1039 5224 1107 5279 de
1132 5225 1308 5279 anima
1337 5237 1481 5282 recte
1535 5232 1785 5294 sentitur,
1835 5229 2027 5285 creda-

452 5333 571 5373 mus
599 5320 717 5389 quia
754 5320 991 5389 suscepit
1024 5318 1350 5387 Redemptor
1408 5331 1595 5375 noster
1622 5322 1895 5377 hominem
1948 5333 2027 5377 to-

452 5417 599 5474 tum;
632 5426 698 5465 ne
724 5411 1044 5467 intercidere
1073 5410 1466 5482 quodammodo
1503 5396 1695 5467 animm
1729 5424 1929 5468 nostrae
1956 5414 2031 5467 vi-

455 5498 678 5555 deamur
708 5504 1021 5559 beneﬁcium
1048 5503 1449 5572 sempiternum.
1502 5502 1642 5558 Proh
1674 5505 1866 5560 dolor!
1901 5506 2031 5559 Car-

457 5602 599 5656 nem,
628 5592 814 5663 inquit,
848 5596 1013 5653 solum
1039 5597 1281 5654 Christus
1311 5598 1630 5666 assumpsit,
1664 5598 1894 5653 animam
1921 5615 2026 5655 non

2139 4496 2302 4553 habes
2333 4513 2465 4568 opus
2487 4501 2722 4554 auctoris
2760 4517 2772 4553 :
2806 4515 2912 4554 una
2965 4510 3144 4555 tamen
3180 4516 3406 4568 persona
3436 4510 3545 4567 est,
3584 4503 3742 4554 salva

2139 4588 2413 4657 utriusque
2437 4592 2762 4659 proprietate
2784 4591 3121 4655 subs:auti:e,
3154 4602 3207 4646 et
3234 4593 3471 4644 auctoris
3501 4602 3561 4643 et
3598 4606 3743 4658 ope-

2142 4678 2237 4733 ris.
2270 4679 2360 4734 Sic
2384 4674 2513 4750 ergo
2540 4691 2782 4735 mortuus
2811 4689 2895 4735 est
2926 4696 3034 4735 non
3065 4680 3378 4737 discedente
3406 4681 3546 4746 vita,
3597 4683 3748 4736 sicut

2142 4786 2329 4841 passus
2362 4782 2443 4827 est
2465 4788 2568 4827 non
2600 4782 2857 4840 pereunte
2878 4774 3140 4842 potentia.
3186 4773 3356 4828 Nemo
3385 4772 3567 4827 aufert
3623 4774 3749 4828 ani-

2142 4877 2281 4917 mam
2305 4862 2420 4932 ejus
2449 4863 2515 4918 ab
2542 4877 2627 4927 eo,
2670 4864 2792 4933 quia
2830 4873 3151 4933 potestatem
3198 4864 3361 4919 habet
3406 4864 3657 4933 ponendi
3692 4874 3749 4916 et

2141 4965 2454 5025 potestatem
2479 4957 2784 5012 assumendi
2813 4972 2933 5013 eam
2960 4956 3140 5029 (Jonn.
3182 4973 3235 5024 x,
3268 4957 3382 5027 l8).
3427 4958 3619 5012 liabes
3651 4959 3747 5011 hic

2140 5055 2411 5103 auctorem
2463 5048 2665 5118 operis.
2716 5047 2873 5103 Ponit
2918 5050 3151 5103 animam
3210 5063 3307 5118 pro
3358 5049 3554 5104 amicis
3588 5054 3744 5103 suis:

2140 5137 2303 5193 habes
2334 5153 2467 5207 opus
2519 5138 2775 5193 auctoris.
2821 5138 2971 5207 Quod
3022 5148 3078 5213 ut
3124 5140 3361 5209 generali
3403 5140 3749 5195 deﬁnitione

2138 5230 2698 5301 concludam,qnoties
2729 5233 2780 5285 in
2807 5246 2969 5287 carne
2997 5232 3243 5287 Christus
3274 5232 3472 5303 aliquid
3500 5234 3748 5301 patitur,

2140 5335 2273 5388 opus
2302 5324 2535 5377 auctoris
2566 5332 2667 5375 est.
2712 5322 2817 5378 Sed
2858 5324 2978 5393 quia
3010 5322 3241 5392 idipsum
3286 5337 3382 5376 sua
3430 5331 3751 5392 potestate,

2141 5426 2248 5466 non
2275 5410 2380 5467 alio
2402 5420 2625 5482 cogente
2648 5413 2966 5481 perpetitur,
2995 5414 3109 5481 ipse
3132 5422 3318 5468 auctor
3343 5423 3422 5468 est
3447 5415 3672 5482 operis.

2732 5501 2957 5560 CAPUT
2997 5502 3142 5559 XXI.

2213 5600 2330 5659 Non
2362 5616 2491 5670 ergo
2516 5599 2580 5656 ad
2611 5601 2831 5659 Mariam
2870 5601 3024 5659 locati
3064 5609 3211 5659 motu
3257 5599 3504 5659 divinitas
3554 5604 3757 5670 venit,
