3958 6176
234 310 324 369 349

1307 306 1387 362 DE
1432 306 1733 362 UNITATE
1766 305 2154 368 TRINITATIS
2186 311 2409 371 LIBER.

3368 321 3478 374 5530

235 426 317 481 sed
353 420 605 477 incflabili
637 423 890 490 potentiae
918 436 1025 475 sua:
1052 421 1495 486 manifestatione,
1515 432 1568 476 et
1592 434 1796 475 utcr'tm
1830 426 1872 481 Α
1904 425 2136 492 privatus
2162 428 2477 497 excusserit,
2506 443 2691 483 omnes
2714 444 2897 484 eorum
2923 429 3197 485 machinas
3221 430 3357 483 facili
3388 447 3476 483 ra-

234 516 537 587 gignendus,
576 515 839 583 implevit,
883 522 936 567 et
977 521 1143 567 totum
1180 514 1319 580 quod
1367 524 1448 567 est
1482 514 1799 566 subsmnlim

234 625 335 666 sua:
363 606 693 677 plenitudine
742 620 849 658 non
906 604 1147 673 privavit.
1200 603 1312 656 Non
1345 604 1545 657 dimisit
1585 604 1800 657 Patrem

234 716 343 755 cum
372 700 518 753 venit
547 698 612 749 ad
646 695 933 764 Virginem.
964 694 1166 764 Ubique
1197 701 1355 757 totus,
1392 694 1588 763 ubique
1620 692 1799 761 perfe-

234 800 380 853 ctus;
428 788 553 856 quia
602 801 702 841 nec
744 785 1060 840 divisionem
1107 786 1419 854 incorporea
1480 786 1801 853 simplicitas

235 882 434 949 recipit,
460 889 513 933 et
539 888 718 947 partes
740 875 1013 946 plenitudo
1045 890 1149 929 non
1182 876 1347 929 novit.
1380 876 1504 929 Erat
1534 890 1661 945 ergo
1688 890 1801 929 uno

234 985 383 1042 atque
410 971 601 1027 eodem
628 980 866 1038 tempore
895 978 1034 1022 tctus
1064 968 1224 1022 etiam
1259 969 1309 1021 in
1334 968 1563 1031 inferno,
1592 969 1799 1022 tutnsin

234 1068 381 1121 cutio.
404 1063 517 1117 lllic
540 1062 748 1127 patiens
770 1060 1017 1129 injuriam
1041 1060 1240 1123 carnis,
1262 1058 1347 1113 hic
1371 1074 1475 1112 non
1492 1060 1799 1127 relinquens

233 1156 446 1225 gloriam
479 1152 713 1226 deitatis.
751 1153 875 1204 Erat
903 1150 1038 1217 apud
1072 1149 1271 1202 inferos
1300 1149 1629 1202 resurrectio
1658 1165 1803 1201 mor-

235 1256 457 1308 tuorum,
488 1251 604 1297 erat
623 1255 786 1310 super
814 1239 977 1295 (celos
1005 1240 1109 1292 vita
1143 1240 1452 1292 viventium.
1493 1239 1628 1293 Vere
1656 1254 1800 1292 mor-

235 1345 362 1399 tuus,
394 1350 521 1387 vere
553 1333 732 1395 vivus;
764 1332 814 1385 in
845 1344 948 1400 quo
978 1340 1030 1384 ct
1058 1340 1283 1384 mortem
1314 1331 1583 1398 susceptio
1610 1338 1801 1384 morta-

232 1429 385 1485 litatis
425 1443 483 1478 ea
498 1426 661 1494 cepit,
693 1436 749 1479 ct
776 1424 937 1478 vitam
964 1424 1215 1477 divinitas
1246 1434 1458 1478 servata
1492 1426 1652 1495 353
1695 1442 1799 1479 non

232 1520 474 1589 perdidit.
504 1517 937 1584 Quotiescunque
963 1530 1090 1584 ergo
1121 1516 1232 1567 lucc
1254 1530 1373 1583 qua:
1402 1530 1430 1566 a
1463 1514 1675 1569 Christo
1700 1517 1799 1568 lut-

230 1612 415 1663 tnilitcr
457 1618 584 1660 sunt
635 1607 877 1668 tolerata,
909 1604 1254 1671 consideras,
1306 1604 1477 1672 ipsum
1526 1616 1799 1659 auctorem

230 1699 538 1752 voluntaria:
566 1695 829 1765 passionis
853 1709 1131 1761 agnoscas.
1176 1694 1249 1747 Ita
1296 1693 1388 1748 ﬁet
1429 1701 1507 1760 ut,
1543 1694 1671 1749 dum
1704 1695 1802 1748 bu-

1908 521 2049 572 tione
2077 520 2374 575 confundit.
2409 522 2563 590 Ergo,
2597 531 2653 575 ut
2690 522 2876 576 'dicerc
2914 537 3271 592 cmpcramus,
3304 524 3479 575 anima

1905 626 2009 663 non
2039 610 2196 665 aliter
2220 628 2375 679 quam
2412 613 2491 666 sol
2515 614 2676 675 vitam
2707 614 2889 669 tribuit
2917 615 3065 668 carni
3098 629 3220 668 cum
3252 615 3473 678 venerit,

1906 709 2128 753 mortem
2158 702 2321 756 efﬁcit
2349 717 2469 755 cum
2498 704 2719 759 recedit.
2744 704 2911 771 Quam
2939 720 3004 760 ne
3029 706 3148 775 quis
3190 716 3339 775 putet
3365 722 3482 760 cor-

1906 792 2049 857 poris
2071 799 2244 843 morte
2273 794 2532 857 consumi,
2563 793 2742 847 audiat
2763 795 2887 863 quid
2918 796 2985 850 de
3016 795 3118 850 hoc
3145 796 3402 850 Dominus
3431 798 3481 849 in

1906 881 2213 949 Evangeliis
2234 883 2468 951 generali
2493 886 2809 939 auctoritate
2851 885 3069 940 deliniat
3101 904 3115 940 :
3150 885 3345 949 Nolite,
3403 887 3484 938 in-

1905 974 2038 1042 quit,
2072 976 2243 1028 timcre
2268 990 2351 1028 eos
2380 976 2467 1044 qui
2503 991 2686 1043 corpus
2736 977 2991 1043 occidunt,
3042 978 3266 1030 animam
3316 986 3484 1029 autem

1904 1078 2004 1115 non
2028 1072 2237 1129 possunt
2265 1064 2489 1117 occidere
2516 1080 2535 1118 :
2560 1065 2649 1117 sed
2683 1067 2850 1118 timete
2871 1082 2983 1119 eum
3024 1067 3191 1133 potius
3236 1067 3323 1133 qui
3371 1068 3484 1119 ani-

1904 1171 2039 1207 mam
2072 1163 2117 1207 et
2134 1172 2314 1225 corpus
2335 1166 2490 1224 potest
2506 1157 2730 1210 occidere
2751 1159 2802 1209 in
2821 1158 3099 1225 gehennam
3119 1160 3250 1227 ignis
3265 1159 3481 1229 (Matth.

1907 1260 1956 1306 κ,
2004 1245 2120 1313 28).
2154 1246 2291 1314 Ergo
2308 1247 2590 1314 superstite
2611 1248 2784 1300 anima
2808 1262 3000 1315 corpus
3044 1258 3245 1302 constat
3276 1250 3481 1315 occidi;

1904 1343 2249 1403 etpmpterea
2272 1351 2605 1405 consequens
2635 1353 2694 1390 ac
2720 1340 3077 1393 necessarium
3098 1354 3198 1393 non
3226 1350 3328 1404 est,
3365 1340 3487 1393 ani-

1906 1441 2040 1493 mas,
2070 1442 2355 1495 corporum
2382 1429 2745 1483 internecione
2766 1432 3033 1487 consumi.
3064 1432 3172 1486 [loc
3198 1433 3241 1485 si
3272 1433 3339 1485 ita
3371 1443 3483 1497 est,

1904 1518 2063 1571 etiam
2111 1530 2226 1586 post
2273 1530 2497 1574 mortem
2527 1520 2770 1589 corporis
2824 1522 3165 1576 nihilominus
3219 1526 3482 1578 mentibus

1903 1610 2115 1663 vivitur.
2146 1609 2295 1674 Quod
2318 1610 2359 1663 si
2388 1610 2437 1664 id
2472 1610 2538 1664 de
2564 1626 2883 1681 unoquoque
2919 1620 3157 1667 nostrum
3189 1625 3333 1667 recte
3363 1630 3484 1668 sen-

1907 1700 2048 1763 titur,
2074 1700 2340 1768 quomodo
2367 1702 2481 1753 fons
2503 1702 2624 1753 vita:
2656 1712 2869 1769 propter
2891 1702 3348 1769 participationem
3380 1702 3481 1757 hu-

228 1788 411 1841 militas
444 1785 691 1854 patienti,
716 1783 932 1838 facienti
953 1785 1122 1837 virtus
1138 1784 1441 1850 ascribitur,
1475 1785 1614 1839 idem
1646 1784 1799 1840 Chri-
1830 1788 1875 1847 Β
1904 1804 2073 1843 manu:
2101 1791 2313 1852 mentis,
2371 1791 2669 1845 vivilicandi
2728 1793 3015 1860 potentiam
3066 1793 3359 1861 perdidisse
3403 1794 3483 1861 jac

229 1887 331 1932 stus
358 1891 472 1932 uno
498 1875 862 1946 atqueeodem
887 1884 1125 1945 tempore
1144 1891 1262 1930 cum
1286 1878 1500 1946 patitur,
1528 1876 1790 1945 infirmus,

230 1984 335 2023 cum
365 1968 525 2035 facit,
566 1967 912 2036 omnipotens
941 1968 1215 2022 doceatur.
1271 1968 1376 2023 Sed
1421 1984 1485 2022 ne
1531 1968 1705 2022 adhuc
1745 1969 1796 2021 iu

229 2069 385 2113 morte
416 2058 545 2112 Filii
573 2058 665 2111 Dei
694 2059 927 2127 aliquam
958 2058 1422 2113 insensibilitatem
1447 2073 1545 2113 nos
1561 2059 1795 2113 credatis

227 2153 483 2221 accipere,
517 2152 890 2222 importunum
917 2165 1020 2205 non
1053 2160 1134 2205 est
1162 2165 1282 2219 quae
1323 2150 1390 2205 de
1432 2159 1602 2204 morte
1640 2164 1798 2204 sensa

228 2245 322 2296 sint
351 2244 624 2312 vestigare
674 2261 688 2297 :
724 2246 778 2296 in
806 2259 909 2311 qua
964 2242 1081 2295 sine
1120 2242 1282 2295 dubio
1332 2242 1573 2295 destituit
1603 2256 1798 2309 corpus

229 2334 321 2386 vita
348 2343 555 2399 nostra,
584 2348 688 2387 non
705 2334 867 2402 perit;
894 2333 1018 2387 dum
1042 2332 1322 2386 discedens
1350 2334 1524 2386 anima
1548 2348 1653 2386 non
1685 2331 1795 2385 vim

227 2439 361 2479 suam
389 2424 594 2493 perdit,
634 2426 728 2479 sed
756 2425 895 2494 quod
944 2426 1303 2478 vivilicaverat
1334 2425 1434 2478 hoc
1465 2424 1713 2478 dimittit:
1743 2433 1797 2478 et

225 2530 476 2584 quantum
501 2518 556 2571 in
587 2532 646 2571 se
676 2525 776 2582 est,
809 2517 1028 2571 alterius
1080 2525 1304 2570 mortem
1354 2518 1476 2570 facit
1522 2517 1658 2584 ipsa,
1689 2530 1794 2570 non

224 2609 421 2678 recipit.
460 2608 631 2672 Facit,
659 2610 894 2677 inquam,
926 2622 1029 2661 non
1053 2606 1371 2661 vivificando
1391 2607 1528 2675 quod
1556 2606 1793 2661 deserit:

225 2716 316 2753 non
347 2702 652 2756 amittendo
678 2702 819 2768 quod
847 2702 996 2755 vivit.
1024 2702 1203 2769 Itaque
1236 2701 1464 2754 hominis
1495 2714 1637 2754 mors
1662 2698 1795 2752 nihil

224 2791 351 2845 aliud
381 2808 550 2860 quam
585 2792 764 2845 carnis
790 2805 1010 2845 occasus
1033 2797 1152 2843 est:
1183 2805 1210 2841 a
1243 2804 1343 2857 qua
1394 2803 1514 2842 cum
1572 2788 1649 2841 vis
1692 2801 1791 2857 po-

224 2881 387 2933 lentirc
438 2880 769 2935 viviﬁcautis
816 2879 1176 2945 ‘absccsserit,
1217 2877 1269 2932 in
1318 2886 1515 2933 terram
1565 2876 1632 2932 de
1688 2891 1792 2946 qua

220 2979 418 3037 sumpta
456 2979 560 3035 est,
618 2971 830 3025 amissis
862 2984 994 3040 quos
1033 2986 1139 3024 non
1188 2985 1283 3040 per
1324 2972 1557 3040 seipsam
1608 2971 1795 3026 habuit

220 3065 480 3129 sensibus,
498 3064 661 3118 redit.

836 3154 1059 3213 CAPUT
1091 3156 1251 3211 XXII.

278 3246 436 3315 Atqui
470 3246 761 3312 contraria,
796 3246 991 3316 inquis,
1016 3249 1133 3301 vit-.e
1152 3262 1295 3302 mors
1320 3256 1422 3302 est.
1454 3247 1671 3313 Fateor;
1690 3247 1787 3303 scd

216 3351 309 3391 non
333 3354 399 3392 ex
434 3353 506 3393 eo
530 3354 731 3407 genere
760 3341 1168 3404 contrariorum,
1202 3355 1318 3409 quae
1340 3341 1618 3394 existentis
1658 3340 1789 3394 sub-

217 3430 414 3487 stantia:
440 3428 788 3496 appositione
813 3442 871 3483 se
897 3429 1193 3496 perimunt;
1238 3428 1333 3483 sed
1372 3444 1435 3482 ex
1480 3442 1664 3482 eorum
1697 3443 1787 3498 po-

215 3519 307 3572 tius
328 3534 453 3587 qua:
484 3519 613 3573 dum
654 3518 869 3573 cuilibet
918 3518 1184 3583 accidunt,
1225 3517 1385 3571 simul
1425 3517 1638 3586 quidem
1670 3532 1789 3572 esse

214 3627 309 3664 non
330 3622 585 3681 possunt,
617 3611 711 3665 scd
735 3612 892 3665 unius
923 3618 1121 3664 tantum
1152 3609 1460 3664 substantiae
1493 3604 1676 3662 habitu
1726 3622 1789 3662 ac

213 3703 506 3771 privatione
535 3704 845 3772 gignuntur.
882 3700 1028 3755 Sicut
1055 3701 1204 3754 verbi
1254 3702 1422 3769 gratia
1462 3707 1670 3752 noctem
1693 3698 1790 3751 do-

211 3807 381 3848 cemus
410 3803 475 3848 et
500 3793 666 3846 diem.
700 3790 830 3845 Nam
862 3798 913 3844 et
942 3790 1057 3844 haec
1079 3789 1315 3858 ejusdem
1346 3788 1556 3858 generis
1585 3788 1785 3841 docen-

211 3892 287 3935 tur
306 3900 425 3938 esse
457 3883 750 3947 contraria,
776 3895 896 3935 cum
919 3896 1024 3934 non
1052 3881 1351 3948 utriusque,
1380 3878 1471 3933 sed
1497 3878 1648 3931 unius
1674 3888 1789 3931 tan-

211 3983 307 4028 tum
338 3975 593 4030 videatur
641 3989 760 4028 esse
808 3974 1127 4028 substantia.
1189 3973 1324 4027 Ecce
1362 3974 1502 4027 enim
1559 3970 1787 4026 dicimus

205 4064 335 4119 diem
354 4082 486 4121 esse
514 4081 637 4121 cum
663 4065 741 4119 sol
794 4075 876 4119 est
913 4080 1074 4130 super
1123 4073 1318 4118 terram
1356 4082 1367 4115 :
1399 4065 1565 4117 solem
1607 4072 1786 4118 autem

207 4166 406 4210 constat
435 4170 566 4212 esse
612 4156 988 4210 substantiam.
1046 4155 1140 4209 llic
1183 4170 1303 4209 cum
1348 4165 1562 4223 peracto
1610 4156 1786 4209 diurni

209 4248 458 4316 temporis
484 4261 652 4302 cursu
681 4247 749 4301 ab
778 4246 992 4299 humani
1023 4247 1166 4300 visus
1196 4246 1644 4314 contemplatione
1677 4247 1786 4300 dis-

206 4343 453 4401 mserit.
512 4349 728 4394 noctem
758 4339 1083 4393 discedendo
1127 4353 1249 4392 mox
1302 4338 1445 4391 facit.
1496 4337 1660 4401 Facit,
1705 4339 1785 4390 in-

206 4444 374 4497 quam,
398 4429 777 4485 subtrahendo
798 4430 1005 4497 copiam
1030 4428 1273 4491 luminis,
1325 4445 1428 4482 non
1478 4429 1531 4481 in
1562 4444 1622 4482 se
1648 4429 1783 4483 reci-

1901 1883 2113 1935 ctatur?
2144 1882 2247 1937 Sed
2294 1891 2486 1950 potest,
2521 1885 2713 1952 inquis,
2747 1890 2921 1938 anima
2968 1894 3022 1939 et
3076 1901 3268 1955 corpus
3312 1889 3480 1944 occidi

1902 1971 1953 2023 in
1977 1972 2272 2040 gehennam
2300 1973 2453 2041 ignis.
2482 1974 2633 2039 Quod
2662 1976 2943 2029 adversum
2998 1991 3095 2029 nos
3139 1978 3365 2044 primum
3397 1980 3479 2033 id-

1899 2061 2166 2129 circonon
2188 2062 2334 2127 facit,
2361 2066 2480 2133 quia
2506 2079 2649 2119 mors
2672 2066 2769 2119 ista
2808 2082 2912 2119 non
2935 2068 3253 2124 conditionis
3274 2070 3482 2125 videtur

1900 2165 2039 2218 esse,
2075 2153 2167 2207 sed
2196 2154 2453 2208 criminis.
2484 2154 2613 2207 Nam
2636 2163 2841 2209 remota
2870 2157 3023 2226 culpa
3043 2158 3293 2225 jubemur
3312 2159 3481 2213 homi-

1901 2257 1997 2296 nes
2022 2258 2126 2297 non
2163 2244 2376 2310 timere,
2410 2246 2497 2311 qui
2528 2260 2646 2300 cum
2671 2249 2877 2314 possint
2903 2263 3118 2317 corpus,
3149 2250 3379 2305 animam
3406 2260 3482 2305 ta.

1899 2348 2019 2388 men
2050 2346 2311 2403 negantur
2358 2339 2625 2394 occidere.
2677 2340 2899 2408 Dehinc,
2925 2345 3173 2411 quoniam
3232 2344 3331 2399 hoc
3369 2345 3489 2399 Deo

1902 2434 2100 2480 tantum
2124 2427 2318 2482 dicitur
2343 2443 2464 2485 esse
2496 2431 2767 2499 possibile,
2829 2433 2894 2487 de
2933 2448 3038 2502 quo
3086 2434 3277 2488 Filium
3323 2450 3478 2489 suum

1899 2515 2231 2583 unigenitum
2257 2528 2310 2572 et
2332 2522 2708 2576 communione
2734 2533 2958 2589 naturae,
2992 2533 3045 2577 et
3064 2526 3366 2593 mqualitate
3386 2540 3479 2593 ρος

1898 2605 2077 2658 lenti-.e
2105 2622 2209 2661 non
2242 2608 2342 2662 hoc
2396 2610 2661 2664 credimus
2712 2612 2994 2667 meruisse.
3054 2613 3299 2680 Suscepit
3347 2628 3478 2681 ergo

1897 2694 2141 2751 Salvator
2157 2697 2512 2753 conditionem
2529 2701 2714 2755 mortis
2728 2711 2946 2765 nostrae,
2964 2702 3055 2754 sed
3089 2716 3193 2754 non
3218 2702 3288 2755 ita
3302 2708 3360 2753 ut
3382 2702 3476 2753 de-

1896 2789 2146 2844 teriorem
2165 2791 2382 2855 faceret,
2402 2806 2521 2846 cum
2543 2804 2735 2859 prteter
2754 2795 3190 2848 consuetudinem
3213 2792 3478 2848 dominari

1895 2892 2014 2934 eam
2039 2879 2600 2948 pcrmittebatanimte,
2621 2882 2713 2936 sed
2739 2884 2911 2950 potius
2928 2894 2981 2935 ut
2996 2883 3121 2936 nihil
3140 2882 3476 2937 hancobessu

1895 2972 2083 3025 animae
2110 2971 2307 3040 pariter
2328 2971 2590 3040 justorum
2633 2973 2869 3027 omnium
2926 2973 3203 3043 probasset
3245 2983 3297 3029 et
3328 2975 3468 3030 vitae.

2464 3060 2687 3116 CAPUT
2721 3062 2906 3116 XXIII.

1816 3148 1862 3212 C
1964 3152 2067 3209 Sed
2100 3152 2376 3221 fingamus,
2409 3153 2528 3207 licet
2552 3153 2847 3222 Evangeliis
2898 3153 3327 3220 reclamantibus,
3350 3155 3467 3210 ani-

1891 3258 2005 3298 mas
2036 3244 2275 3298 interire.
2307 3243 2496 3297 Nonne
2554 3245 2605 3296 in
2654 3243 2933 3299 Salvatore
2979 3253 3180 3311 nostro,
3246 3245 3368 3300 licet
3416 3246 3469 3300 in

1891 3332 1975 3387 his
1998 3343 2225 3387 mortem
2258 3349 2361 3390 non
2392 3333 2683 3401 repellente
2708 3374 2721 3397 ,
2747 3334 3148 3388 tertiumtamen
3171 3343 3330 3404 atque
3357 3348 3473 3403 spe-

1890 3423 2027 3478 ciale
2052 3422 2303 3491 majestas
2326 3432 2428 3488 est,
2485 3438 2642 3491 quam
2684 3437 2789 3476 non
2846 3423 3017 3492 potuit
3054 3438 3200 3478 mors
3245 3424 3472 3478 humana

1889 3514 2236 3582 contingere?
2264 3512 2343 3567 Ad
2374 3528 2633 3566 summam
2656 3512 2952 3577 videamus,
2990 3513 3042 3567 in
3072 3527 3229 3568 cruce
3268 3515 3472 3583 positus

1891 3605 2018 3673 quid
2053 3600 2330 3673 promisit?
2362 3604 2553 3669 Hodie,
2574 3606 2764 3674 inquit,
2791 3621 2983 3659 mecum
3024 3606 3121 3659 eris
3153 3606 3205 3658 in
3236 3606 3472 3674 paradiso

1890 3698 2044 3767 (Luc.
2066 3715 2213 3765 χχιιι,
2232 3699 2342 3767 45).
2361 3699 2520 3770 355
2540 3699 2727 3766 llodie,
2748 3698 2938 3768 inquit,
2956 3714 3057 3753 non
3078 3707 3194 3769 post
3213 3700 3470 3757 triduum.

1889 3803 2009 3842 cum
2027 3804 2240 3843 carnem
2264 3802 2438 3842 meam
2455 3788 2521 3842 dc
2538 3789 2767 3858 sepulcri
2792 3787 2974 3855 requie
2992 3788 3343 3851 suscitavero,
3364 3802 3470 3840 non

1889 3895 2008 3934 cum
2030 3881 2080 3933 in
2110 3897 2196 3934 me
2224 3880 2483 3947 primitias
2516 3881 2704 3935 futurae
2734 3882 3144 3934 resurrectionis
3160 3877 3465 3933 ostendero.

1888 3971 2053 4039 Cujus
2079 3981 2323 4040 putamus
2351 3971 2466 4027 haec
2494 3987 2594 4028 vox
2619 3972 2733 4027 est?
2762 3970 3077 4035 maiestatis,
3132 3971 3346 4035 mentis,
3399 3983 3467 4022 an

1888 4063 2162 4131 corporis?
2186 4062 2395 4130 Corpus
2424 4069 2598 4115 autem
2629 4062 2681 4115 in
2708 4062 2904 4130 speltco
2936 4062 3097 4115 fuisse
3126 4060 3298 4113 nullus
3322 4060 3471 4128 igno—

1889 4162 1989 4206 rat.
2017 4152 2201 4205 Restat
2230 4160 2287 4205 ut
2307 4151 2591 4216 divinitati,
2620 4153 2700 4205 vel
2722 4152 2883 4205 menti
2909 4166 3015 4204 vox
3036 4151 3136 4203 ista
3161 4148 3462 4202 conveniat.

1890 4243 1996 4299 Sed
2028 4243 2156 4297 dicit
2182 4243 2373 4312 aliquis
2407 4261 2419 4296 :
2447 4243 2743 4297 Divinitatis
2776 4242 2930 4310 banc,
2960 4257 3064 4295 non
3092 4241 3282 4294 animat
3312 4240 3467 4294 Chr.-

1887 4343 1952 4395 sti
1976 4342 2245 4396 credimus
2272 4356 2479 4395 vocem.
2510 4340 2576 4394 Et
2604 4340 2730 4411 quid
2763 4340 2814 4394 in
2842 4354 2907 4395 eo
2930 4339 3014 4393 cui
3061 4335 3467 4407 promittebatur

1888 4433 2213 4501 accipimus?
2241 4431 2430 4497 Hodie,
2462 4432 2633 4501 inquit
2661 4430 2879 4497 latroni,
2917 4444 3121 4485 mecum
3152 4427 3260 4482 eris
3292 4428 3341 4480 in
3368 4442 3466 4495 pa-

208 4522 388 4587 piendo
410 4521 773 4576 substantiam
798 4521 988 4574 noctis.
1021 4520 1200 4588 Itaque
1229 4536 1328 4573 una
1360 4520 1490 4573 lucis
1536 4522 1785 4574 substan-
1812 4504 1861 4563 Ῑ)
1890 4523 2067 4577 radiso
2098 4540 2112 4575 :
2138 4524 2291 4591 cujus
2317 4536 2512 4591 corpus
2549 4536 2715 4591 usque
2738 4521 2803 4575 ad
2836 4523 3065 4575 futuram
3116 4519 3465 4574 resurrectio-

205 4612 270 4663 tia
294 4623 507 4671 noctem
538 4612 719 4666 facere
736 4612 946 4666 videtur
968 4620 1021 4665 et
1041 4612 1178 4665 diem
1200 4628 1213 4676 ;
1237 4612 1328 4665 sed
1360 4627 1461 4665 non
1481 4628 1585 4665 uno
1604 4612 1782 4667 modo.

203 4700 325 4755 Nam
355 4704 501 4756 diem
520 4717 644 4755 cum
665 4702 834 4766 venit,
850 4712 1058 4755 noctem
1074 4701 1237 4755 cflicit
1260 4717 1378 4756 cum
1394 4702 1612 4756 recedit.
1634 4701 1785 4757 Unde

202 4802 253 4847 et
302 4794 723 4848 Manichaeorum
771 4808 875 4847 non
926 4792 1273 4862 irreligiosam
1324 4803 1546 4855 tantum,
1597 4808 1782 4847 verum

198 4886 354 4938 etiam
382 4886 605 4939 stultam
637 4884 978 4949 divisionem,
1007 4899 1107 4952 qua
1160 4885 1293 4938 bona
1341 4900 1371 4938 a
1430 4884 1584 4938 malis
1631 4899 1783 4954 atque

198 4976 533 5030 exstantibus
553 4977 799 5029 nituntur
825 4990 1073 5042 separare
1101 4975 1435 5037 substantiis,
1466 4975 1781 5045 plerumque

194 5066 576 5121 confundimus
594 5084 607 5120 :
623 5066 965 5121 ostendentes
977 5064 1052 5121 eis
1070 5066 1325 5120 luminare
1339 5066 1528 5133 majus,
1547 5080 1652 5134 quo
1669 5066 1780 5122 fieri

195 5161 442 5214 novimus
471 5160 642 5222 diem;
674 5169 728 5214 et
758 5168 1007 5230 cogentes
1056 5170 1113 5213 ut
1147 5168 1202 5214 et
1249 5158 1347 5226 ipsi
1404 5159 1650 5212 similiter
1683 5173 1782 5213 nos

192 5251 474 5313 docerent,
500 5251 641 5320 quod
671 5260 834 5315 esset,
864 5250 906 5303 si
934 5250 1076 5303 dictu
1105 5250 1181 5303 fas
1216 5259 1320 5313 cst,
1368 5247 1637 5301 tenebrale
1668 5262 1780 5300 ma-

190 5340 286 5410 ἰοῦ,
310 5341 488 5413 354
512 5358 616 5411 quo
643 5342 1062 5396 substantialiter
1081 5342 1194 5397 lieri
1225 5340 1565 5396 crederemus
1605 5349 1658 5393 ct
1683 5355 1779 5395 no-

192 5444 345 5489 clem.
383 5434 503 5489 Sed
525 5435 591 5489 dc
623 5435 707 5488 bis
733 5436 887 5498 alias,
917 5435 1004 5503 qtti
1037 5449 1128 5503 per
1166 5433 1443 5487 stultitiam
1480 5433 1775 5499 blaSpbcmi

191 5527 483 5597 dogmatis,
510 5538 595 5581 aut
617 5542 716 5597 pro
737 5527 1064 5581 exstantibus
1095 5541 1199 5581 non
1230 5525 1512 5588 exstantia,
1545 5534 1637 5578 aut
1676 5538 1773 5593 pro

192 5619 578 5688 principtlibus
616 5628 923 5698 consecuta,
948 5627 1040 5672 aut
1066 5633 1158 5687 pro
1198 5618 1478 5673 contrariis
1526 5617 1770 5670 videntur

192 5710 465 5768 afﬁrmare
506 5717 829 5769 communia.
875 5713 1004 5779 Qua:
1049 5714 1088 5768 si
1132 5713 1247 5781 quis
1289 5711 1409 5766 fidei
1459 5710 1624 5766 oculis
1660 5725 1765 5764 non

1889 4630 2008 4668 nem
2033 4629 2176 4668 mors
2210 4613 2511 4670 communis
2550 4614 2783 4668 inclusit.
2814 4613 3001 4667 Anima
3046 4612 3205 4679 igitur
3248 4618 3331 4665 est
3377 4609 3465 4664 cui

1890 4707 2144 4761 Dominus
2172 4708 2271 4760 hoc
2292 4707 2537 4775 promisit
2559 4714 2612 4760 et
2641 4705 2906 4774 praestitit.
2963 4704 3019 4760 Si
3078 4704 3233 4773 igitur
3253 4710 3464 4757 mortuo

1886 4813 2132 4866 corpore,
2160 4798 2226 4851 ad
2250 4797 2551 4866 paradisum
2600 4797 2775 4850 anima
2825 4810 2953 4849 mox
3005 4804 3245 4858 vocatur,
3276 4808 3464 4862 quem-

1885 4904 2117 4958 quamne
2144 4888 2317 4941 adhuc
2346 4896 2450 4942 tam
2476 4887 2691 4955 impium
2714 4885 3002 4950 credimus,
3036 4884 3124 4953 qui
3166 4885 3344 4939 dicere
3366 4899 3464 4937 auo

1882 4978 2027 5044 deat,
2084 4978 2333 5046 quoniam
2370 4978 2542 5030 anima
2585 4976 2873 5031 Salvatoris
2908 4975 3076 5029 nostri
3143 4974 3318 5029 triduo
3371 4973 3464 5027 illo

1882 5083 2152 5137 corporea:
2182 5069 2389 5132 mortis,
2420 5067 2559 5135 apud
2583 5064 2782 5120 inferos
2810 5066 3066 5121 custodiae
3088 5065 3414 5133 mancipatur
3434 5064 3459 5115 ?

1884 5160 1948 5213 Et
1976 5159 2113 5224 quis,
2159 5158 2353 5226 inquis,
2383 5165 2466 5211 est
2486 5155 2618 5210 alius
2649 5156 2736 5225 qui
2767 5155 2998 5213 instante
3038 5157 3284 5225 passione
3303 5153 3458 5208 Chri-

1881 5248 1949 5303 sti
1974 5248 2251 5316 ingemuit,
2276 5246 2460 5300 diccns
2486 5261 2500 5299 :
2528 5245 2709 5298 Tristis
2738 5255 2812 5299 est
2838 5246 3011 5298 anima
3062 5261 3172 5297 mea
3205 5258 3357 5311 usque
3385 5242 3452 5292 ad

1882 5352 2089 5396 mortem
2117 5340 2332 5411 (Matth.
2362 5355 2507 5405 χχιιι,
2535 5340 2624 5407 38)
2646 5341 2660 5391 ?
2682 5339 2871 5394 Tristis
2920 5352 3086 5407 usque
3109 5337 3174 5391 ad
3204 5342 3451 5397 mortem,

1881 5442 2096 5501 pr0pter
2123 5431 2367 5486 allectum
2393 5438 2656 5499 susceptae
2693 5431 2889 5495 carnis,
2919 5443 3021 5482 non
3052 5435 3173 5496 post
3198 5432 3449 5489 mortem,

1879 5540 1999 5579 cum
2029 5525 2407 5580 beatitudinem
2441 5522 2670 5591 spondet
2696 5522 2927 5575 societas
2953 5518 3182 5573 deitatis.
3203 5514 3316 5569 Non
3350 5514 3453 5568 ini-

1878 5622 2005 5671 tium
2025 5618 2266 5672 mmroris
2298 5631 2441 5670 mors
2468 5616 2563 5669 ista
2583 5653 2597 5676 ,
2629 5612 2721 5666 scd
2742 5611 2858 5664 linis
2882 5617 2984 5664 est.
3040 5607 3147 5662 Nec
3193 5607 3452 5678 incipiunt

1876 5717 1993 5778 post
2022 5709 2153 5763 hanc
2174 5712 2433 5774 justorum
2469 5703 2693 5772 ﬂagella,
2719 5700 2809 5757 sed
2834 5699 3101 5767 desinunt,
3134 5716 3252 5757 cum
3277 5712 3327 5759 ct
3352 5701 3454 5755 itu-
