4026 6176
454 279 554 336 551

1713 271 1938 328 ιἰϐιιιι
1968 271 2054 324 ΤΛ
2065 267 2336 326 PSENSlS

3618 257 3725 314 35%

455 392 762 461 pedimenta
792 390 1030 447 materiae
1053 389 1352 445 fluctuantis
1374 394 1668 459 exponunt,
1694 393 2032 440 etauctorem
2063 383 2114 441 Α
2139 387 2234 434 cut
2259 379 2349 450 qui
2379 378 2576 448 ubique
2610 393 2714 432 nou
2746 374 2932 432 defuit.
2963 374 3184 431 Jacebat
3211 377 3464 440 quantum
3499 367 3562 421 ad
3609 383 3724 421 car-

454 498 608 537 suutn
662 484 913 551 plenioris
983 482 1346 551 intelligentia:
1411 477 1856 548 contemplatione
1924 475 2033 544 jam

457 575 694 644 capiunt.

1025 663 1250 720 CAPUT
1281 663 1468 718 XXIV.

529 781 686 848 Ergo,
722 782 916 849 inquis,
962 791 1184 835 mortem
1215 779 1306 832 Dei
1345 776 1510 830 Filius
1543 782 1600 828 ct
1637 773 1688 825 in
1722 770 1894 824 anima
1929 783 2035 822 non

459 873 696 938 pertulit,
729 881 782 925 et
814 873 864 925 in
896 875 1172 940 majestate
1195 885 1298 922 non
1323 865 1520 920 sensit?
1551 862 1686 929 Quid
1719 875 1845 931 ergo
1887 861 2036 914 dice-

455 961 551 1014 bas
574 977 691 1016 isse
715 965 852 1031 quod
881 963 1135 1032 pertulit?
1159 961 1338 1017 Sensit
1363 972 1581 1028 prorsus
1603 967 1656 1010 et
1684 951 1915 1021 pertulit,
1944 950 2038 1005 sed

455 1053 864 1120 participatione
891 1054 1058 1107 morbi
1092 1051 1270 1113 alieni,
1298 1065 1401 1102 non
1432 1046 1755 1115 proprietate
1805 1040 2040 1096 vulneris

456 1142 557 1196 sui.
591 1143 766 1198 Sensit
793 1146 929 1198 sicut
959 1158 1146 1198 omnes
1169 1141 1426 1204 sentiunt,
1471 1137 1561 1206 qui
1592 1137 1851 1190 moriente
1879 1148 2040 1187 carne

456 1235 726 1288 mentibus
756 1235 939 1288 vivunt
973 1251 1117 1288 :non
1167 1234 1304 1288 sicut
1353 1231 1520 1299 impii,
1569 1231 1657 1298 qui
1710 1228 1763 1281 in
1817 1237 2041 1292 utraque

460 1335 630 1391 parte,
661 1326 802 1380 sicut
831 1326 968 1380 idem
1000 1325 1096 1390 ait,
1129 1324 1388 1392 gehennae.
1441 1320 1650 1390 ignibus
1700 1317 2039 1371 occiduntur.

458 1416 682 1480 Quidam
715 1431 844 1472 sane
871 1430 1209 1470 communem
1247 1422 1471 1466 mortem
1525 1410 1684 1464 etiam
1731 1407 1832 1461 hoc
1887 1413 2042 1475 pacto

460 1505 1009 1571 definiunt;dicentes
1037 1506 1167 1560 nihil
1195 1504 1340 1558 aliud
1393 1503 1532 1556 banc
1555 1515 1676 1554 esse
1715 1513 1873 1568 quam
1921 1511 2040 1551 cum

462 1598 792 1652 diversatum
817 1613 996 1651 rerum
1027 1612 1290 1651 consensu
1318 1594 1477 1648 vitam
1531 1592 1857 1653 facientium,
1897 1589 2042 1644 velut

464 1675 558 1758 per
579 1690 857 1742 diss‘dium
879 1689 1142 1758 quoddam
1165 1688 1234 1741 ab
1257 1686 1481 1741 invicem
1510 1684 1666 1737 fuerit
1685 1681 1819 1736 facta
1843 1679 2043 1734 disces-

456 1783 558 1836 sio.
591 1782 714 1835 llaec
744 1782 788 1835 si
816 1782 1046 1836 hominis
1078 1796 1224 1835 mors
1253 1789 1338 1834 est
1361 1794 1480 1847 qua:
1507 1793 1609 1830 non
1633 1772 1898 1830 consumit
1917 1772 2038 1841 jun-
2071 1751 2116 1810 Β

458 1881 564 1933 cta,
593 1872 685 1926 sed
715 1871 924 1937 dividit,
954 1875 1078 1926 dum
1109 1872 1299 1941 origini
1321 1885 1430 1924 sua:
1461 1877 1744 1936 utrumque
1775 1864 2037 1930 restituit,

463 1963 590 2032 quid
617 1963 685 2043 de
709 1964 1000 2019 Salvatoris
1021 1979 1161 2018 nunc
1187 1964 1360 2016 anima
1387 1960 1645 2023 dicemus,
1681 1972 1799 2027 qua:
1828 1964 1888 2010 ut
1933 1971 2037 2010 non

461 2055 635 2108 dicam
660 2066 875 2123 pmpter
913 2056 1298 2109 inhabitantem
1353 2052 1710 2114 divinitatem,
1759 2050 1921 2120 35$
1987 2057 2042 2104 et

463 2155 681 2215 propter
700 2147 957 2214 justitiam
987 2147 1335 2216 singularem,
1353 2151 1505 2221 certe
1551 2151 1767 2212 prepter
1797 2156 2034 2195 commu—

464 2255 588 2293 netn
613 2240 872 2300 moriendi
899 2249 1124 2309 sortem,
1155 2254 1349 2308 corpus
1390 2239 1480 2292 illo
1535 2236 1707 2291 triduo
1745 2235 1822 2288 sic
1875 2232 2045 2303 potuit

470 2331 745 2396 deserere,
777 2343 834 2388 ut
865 2333 977 2402 ipsa
1008 2348 1112 2388 non
1142 2340 1325 2401 posset
1353 2329 1565 2399 penitus
1597 2324 1858 2381 interire?

531 2423 648 2478 Non
712 2439 862 2494 ergo,
923 2425 1130 2493 inquis,
1173 2423 1312 2495 apud
1360 2423 1560 2476 inferos
1597 2419 1797 2473 Christi
1836 2418 2044 2482 anima,

466 2528 572 2568 non
611 2515 862 2569 divinitas
887 2515 1020 2570 fu't?
1047 2515 1200 2583 Fuit,
1235 2514 1472 2582 inquam.
1521 2511 1703 2581 Neque
1727 2510 1867 2564 enim
1891 2510 2047 2564 aliter

463 2622 586 2661 eum
615 2605 772 2661 video
799 2608 1036 2675 potuisse
1058 2606 1378 2661 resuscitare
1401 2619 1615 2659 carnem
1645 2617 1820 2666 suam,
1843 2601 1886 2656 si
1913 2603 2049 2670 apud

379 2749 384 2754 .
465 2699 666 2752 inferos
696 2699 979 2765 pra-dicem
1013 2700 1156 2752 velut
1197 2698 1436 2753 absentis
1482 2696 1571 2750 Dei
1614 2709 1717 2748 non
1751 2693 1914 2748 fuisse
1957 2706 2053 2760 po-

464 2787 708 2845 tentiam.
743 2789 850 2844 Nec
875 2801 1051 2843 tamen
1086 2791 1203 2844 ideo
1232 2790 1454 2843 localem
1485 2803 1580 2842 nos
1612 2785 1704 2840 Dei
1732 2784 1917 2840 credat
1951 2783 2048 2838 ali-

459 2881 585 2949 quis
610 2883 900 2948 prtrdicare
925 2884 1294 2950 praesentiam;
1319 2881 1385 2935 de
1419 2895 1523 2949 quo
1569 2879 1664 2932 ista
1699 2887 1915 2946 propter
1936 2891 2048 2930 ma-

2143 491 2263 527 nem
2301 474 2621 528 mortuusin
2684 473 2954 539 sepulcro,
3009 477 3248 525 mortuos
3295 466 3620 520 resuscitaus
3672 464 3725 517 in

2139 562 2374 630 inferno,
2410 565 2568 616 vitam
2593 561 2839 616 tribuens
2861 559 3128 614 universis
3158 559 3209 612 in
3235 555 3372 610 cmlo
3407 571 3419 606 :
3447 568 3549 606 non
3577 567 3728 605 mun-

2141 657 2268 712 dutn
2291 655 2575 708 dimittens
2604 653 2670 706 ad
2701 653 2896 707 cmlnm
2924 649 3189 714 ascendit,
3221 663 3317 703 nec
3346 646 3538 700 crelum
3570 643 3728 698 desc-

2139 763 2168 801 r
2204 763 2266 802 ns
2295 746 2358 800 ad
2386 755 2580 799 terram
2613 744 2791 805 venit;
2824 741 2916 795 sed
2947 755 3052 793 uno
3083 749 3240 808 atque
3266 736 3453 792 eodem
3486 743 3729 798 tempore

2144 845 2310 887 totum
2337 845 2483 889 totus
2516 833 2776 900 implevit,
2804 833 2895 900 qui
2926 829 3120 884 alicubi
3152 827 3578 889 tnauifestatinne
3603 838 3730 891 opo-

2138 941 2258 987 _rum
2295 925 2409 994 plus
2437 938 2652 993 parens,
2680 924 3008 992 agnitionem
3028 919 3327 990 praesentia:
3357 934 3466 972 suae
3498 915 3731 982 indignis

2142 1017 2354 1086 negavit
2387 1055 2404 1086 ,
2437 1031 2543 1070 non
2597 1017 2874 1069 immensae
2935 1013 3150 1068 deitatis
3203 1010 3497 1066 absentiam
3540 1019 3731 1076 procu-

2143 1117 2307 1164 ravit.

2736 1172 2966 1228 CAPUT
2998 1169 3165 1225 XXV.

2213 1247 2308 1302 Vis
2349 1261 2509 1303 nosse
2531 1246 2599 1301 de
2624 1245 2724 1299 bac
2767 1244 3074 1298 mediatoris
3106 1249 3277 1293 morte
3310 1237 3434 1306 quid
3466 1241 3732 1296 sentiam!

2142 1337 2389 1391 Omnium
2420 1352 2539 1404 quas
2565 1350 2595 1388 a
2625 1349 2710 1388 me
2732 1334 2783 1386 in
2801 1330 3167 1399 superioribus
3195 1328 3544 1382 incidentium
3577 1343 3731 1399 qure-

2143 1428 2376 1480 stionum
2408 1425 2730 1480 necessitate
2759 1422 3001 1484 dispersa
3046 1427 3191 1482 sunt,
3225 1433 3444 1486 prorsus
3476 1420 3574 1472 ista
3606 1436 3730 1474 sen-

2145 1515 2311 1570 tentia
2336 1525 2451 1570 est:
2477 1531 2577 1584 qua
2609 1513 2773 1568 credo
2809 1522 3077 1566 mortuum
3109 1526 3230 1566 esse
3259 1510 3448 1563 Filium
3478 1511 3593 1574 Dei,
3624 1529 3731 1568 non

2144 1606 2444 1659 secundum
2475 1601 2986 1674 pmoaminjustitim
3012 1616 3170 1670 quam
3221 1615 3288 1655 ex
3345 1609 3454 1654 toto
3499 1617 3603 1657 non
3648 1603 3743 1656 ha-

2149 1695 2282 1761 buit,
2313 1695 2405 1749 sed
2431 1693 2722 1749 secundum
2755 1693 2925 1760 legem
2957 1700 3161 1744 natura:
3198 1706 3358 1758 quam
3393 1706 3488 1756 pro
3511 1691 3731 1747 humani

2142 1785 2356 1854 generis
2387 1781 2759 1850 redemptione
2786 1781 3022 1849 suscepit
3054 1797 3066 1832 :
3102 1780 3188 1833 illa
3219 1791 3393 1834 morte
3421 1782 3486 1834 de
3516 1797 3620 1850 qua
3654 1782 3734 1836 di-

2141 1877 2280 1930 citur
2312 1893 2326 1930 :
2363 1876 2492 1942 Quis
2522 1886 2594 1930 est
2623 1874 2774 1928 homo
2801 1874 2887 1942 qui
2913 1873 3057 1935 vivet,
3087 1881 3252 1925 etnon
3285 1872 3467 1925 videbit
3514 1884 3730 1927 mortem

2144 1965 2316 2035 (Pal.
2343 1980 2603 2028 Luxvtu,
2636 1963 2727 2030 49)
2755 1964 2779 2016 ἲ
2805 1977 2908 2016 non
2941 1962 3031 2016 illa
3065 1961 3133 2016 de
3182 1977 3282 2030 qua
3337 1961 3501 2014 Isaias
3556 1961 3686 2015 dicit
3715 1978 3734 2016 :

2145 2053 2335 2108 Μονιαὶ
2377 2065 2546 2108 autem
2594 2055 2749 2107 citam
2805 2069 2906 2106 non
2954 2052 3192 2107 videbunt
3230 2050 3383 2121 (Isai.
3426 2067 3566 2117 nrt,
3621 2052 3734 2120 H).

2149 2146 2240 2200 llla
2272 2160 2390 2215 qua:
2415 2144 2707 2199 secundum
2771 2153 3016 2198 naturam
3067 2142 3332 2211 generalis
3371 2151 3454 2194 est
3503 2142 3734 2204 cunctis,

2152 2256 2258 2294 non
2289 2240 2376 2295 illa
2409 2256 2526 2309 quae
2551 2238 2798 2309 specialis
2823 2244 2905 2292 est
2935 2235 3108 2288 malis.
3155 2233 3411 2286 Putemus
3444 2246 3570 2299 ergo
3600 2231 3736 2284 hanc

2152 2346 2270 2385 esse
2302 2330 2695 2396 quodammodo
2726 2331 2828 2382 vim
2855 2342 2917 2380 ac
2946 2323 3240 2395 potentiam
3283 2323 3521 2381 seminis,
3550 2336 3652 2389 qua
3683 2328 3736 2374 ct

2154 2421 2328 2473 anima
2350 2421 2554 2473 animas-
2603 2428 2818 2488 reparet
2869 2425 2973 2472 :et
3020 2412 3437 2468 carneomnium
3494 2420 3736 2463 nostrum

2155 2526 2370 2564 carnem
2396 2511 2600 2580 judicio
2626 2510 2942 2564 imminente
2961 2503 3268 2568 resuscitat,
3295 2503 3419 2556 dum
3444 2516 3534 2569 per
3547 2515 3738 2569 opera-

2157 2603 2352 2657 tionem
2380 2604 2604 2672 proprim
2631 2601 2845 2656 deitatis
2873 2608 3062 2653 cuncta
3080 2595 3454 2659 v'ivificans,“
3485 2607 3593 2646 uno
3617 2606 3742 2646 sus.

2157 2695 2298 2762 ccpti
2335 2693 2568 2748 hominis
2609 2706 2796 2761 grano,
2826 2685 3271 2744 innumerabilem
3311 2683 3450 2738 Patri
3498 2682 3747 2735 redditu-

2154 2802 2245 2840 rus
2274 2796 2355 2841 est
2376 2800 2626 2840 messem.
2655 2783 2804 2837 Tunc
2834 2791 3177 2849 separatnrus
3205 2786 3286 2831 est
3334 2791 3363 2828 a
3413 2774 3634 2829 zizauiis
3657 2789 3748 2829 se-

2154 2889 2328 2946 getem
2355 2874 2565 2946 (Matth.
2590 2889 2703 2938 xm,
2726 2872 2842 2943 30),
2873 2865 2992 2926 cum
3011 2869 3166 2939 justis
3195 2867 3418 2937 creperit
3445 2863 3748 2920 retribuere

465 2971 860 3027 nit-stationem
881 2975 1014 3028 certi
1032 2976 1211 3040 operis
1233 2975 1478 3035 dicimus,
1501 2971 1619 3040 quia
1643 2968 1838 3024 alicubi
1857 2969 1952 3022 fuit
1980 2967 2054 3023 si-
2081 2959 2128 3024 C
2161 2967 2484 3022 mercedem.

479 3083 810 3099 ενα-.-

1414 3085 1676 3094 _——

1244 3183 1918 3298 VIGILII
1997 3170 2982 3294 TAPSENSIS

585 3377 1156 3498 CONTRA
1219 3371 2071 3492 MARIVADUM
2132 3363 2764 3481 ARIANUM
2827 3352 3613 3496 DIAGONUM,

1354 3553 1472 3606 SUB
1497 3551 1742 3604 NOMINE
1765 3548 1954 3600 IDACH
1982 3547 2164 3598 CLARI
2193 3543 2439 3596 CONTRA
2463 3538 2847 3591 VARIMADUM
2864 3575 2879 3598 ,

1803 3663 2069 3741 LIBRI
2117 3659 2402 3737 TBES.

1878 3835 2320 3904 PRZEFATIO.

558 3974 715 4045 357
742 3970 968 4033 Dudum,
998 3965 1328 4022 dilectissimi
1353 3964 1562 4028 fratres,
1589 3964 1644 4017 in
1666 3962 1906 4031 Neapoli,
1935 3959 2066 4014 urbe

489 4062 795 4132 Campania:
825 4060 1148 4114 constitutus
1171 4098 1187 4123 ,
1239 4053 1816 4126 cujttsdatn.Varitnadi
1859 4052 2071 4106 Arianae

491 4165 649 4211 secta:
662 4152 871 4207 diaconi
887 4149 1364 4220 prapositionibns,
1383 4163 1409 4200 a
1425 4147 1654 4217 quodam
1671 4145 1908 4200 studioso
1919 4156 1981 4196 ac
1997 4156 2074 4196 re-

492 4244 840 4315 ligiosi‘simo
858 4241 973 4295 viro
995 4239 1124 4294 mihi
1145 4238 1360 4304 oblatis,
1377 4237 1579 4292 rustico
1594 4236 1808 4305 quidem
1827 4243 2076 4287 sermone

2171 3953 2332 4007 fucrit
2363 3953 2484 4022 igne
2513 3958 2913 4019 consumptum,
2941 3960 3162 4002 necesse
3205 3952 3290 3999 est
3327 3952 3385 3997 ut
3427 3945 3478 3997 in
3519 3959 3614 3999 suo
3655 3958 3756 4012 pa-

2175 4049 2375 4101 tiantur
2405 4063 2570 4116 opere
2611 4046 2992 4100 detrimentum
3022 4061 3034 4095 :
3066 4047 3190 4111 quia
3217 4042 3489 4094 difficilius
3528 4049 3757 4109 possunt

2178 4139 2485 4203 huiusmodi
2514 4154 2542 4192 a
2576 4137 2729 4207 pravi
2759 4136 3021 4206 dogmatis
3045 4149 3203 4188 cursu
3244 4133 3412 4186 averti
3445 4143 3492 4185 et
3527 4131 3764 4187 meliora

2178 4231 2374 4286 sectari
2413 4248 2426 4285 :
2469 4229 2723 4294 quoniam
2765 4237 2967 4282 tantum
3005 4226 3104 4280 sibi
3147 4225 3214 4278 de
3251 4224 3440 4287 spiritu
3490 4231 3763 4274 auxerunt.

494 4312 852 4406 respondens,
901 4334 953 4388 in
993 4347 1100 4387 uno
1128 4345 1357 4399 corpore
1385 4328 1550 4384 simul
1577 4327 1645 4382 de
1671 4326 1869 4380 unitate
1898 4323 2077 4378 Trini-
2105 4358 2158 4418 Β
2183 4321 2612 4392 ρῖιιιιειιηιιιιίοιιίε
2639 4319 2938 4382 audaciam,
2971 4327 3024 4371 ut
3053 4316 3118 4370 ad
3152 4316 3427 4369 veritatem
3460 4312 3580 4366 ﬁdei
3613 4327 3768 4364 nun-.

497 4427 622 4481 tatis
652 4425 862 4480 libellos
891 4421 1113 4493 digessi.
1139 4421 1241 4475 Sed
1264 4421 1386 4488 quia
1410 4433 1553 4474 nunc
1576 4415 1962 4484 comperimus,
1985 4427 2080 4468 eos

498 4531 532 4572 n
559 4516 630 4569 hil
662 4514 801 4569 velle
825 4513 924 4567 sibi
955 4512 1177 4581 privatis
1205 4511 1379 4564 verbis
1401 4507 1618 4578 opponi,
1641 4507 1739 4562 sed
1766 4504 1933 4573 magis
1960 4519 2082 4572 pro-

497 4607 795 4677 positiones
824 4621 948 4660 suas
991 4603 1299 4658 desiderant
1330 4600 1758 4654 testimoniorum
1799 4597 2082 4651 virtutibus

498 4696 817 4766 oppugnari,
844 4694 1207 4749 mediocribus
1255 4699 1312 4747 et
1349 4690 1548 4759 ingenii
1596 4688 1920 4743 tardioribus
1949 4701 2080 4742 con-

500 4793 762 4854 sulentes,
799 4790 870 4844 ita
909 4797 1094 4844 sancto
1125 4802 1225 4842 nos
1267 4785 1470 4854 Spiritu
1503 4783 1809 4851 adjuvante,
1850 4795 2079 4849 respon-

425 4903 428 4908 ·
502 4887 710 4939 sionem
742 4893 980 4936 nostram
1009 4880 1274 4934 universis
1303 4893 1488 4932 eorum
1512 4875 1904 4944 objectiouibus
1933 4873 2083 4928 testi-

506 4977 810 5033 monialitcr
839 4972 1226 5041 coaptavimus,
1251 4956 1306 5024 ut
1334 4970 1378 5024 is
1409 4968 1497 5035 qui
1528 4967 1739 5037 legerit,
1775 4981 1879 5019 non
1905 4964 2082 5027 nudis.

506 5083 566 5126 ιιι
591 5072 762 5126 solent
800 5069 1058 5136 objicere,
1085 5068 1285 5133 verbis,
1317 5049 1412 5119 sed
1446 5063 1702 5132 legalibus
1730 5059 1901 5113 valeat
1927 5056 2091 5112 refel-

506 5167 618 5219 l’ere
659 5159 1027 5224 documentis;
1061 5167 1120 5213 ut
1151 5157 1295 5211 omni
1330 5171 1399 5209 ex
1426 5162 1576 5218 parte
1606 5151 1834 5206 convicti
1863 5147 2003 5202 conft
2029 5161 2092 5198 n-

508 5257 724 5318 dantur,
763 5263 818 5306 et
859 5251 923 5304 ad
968 5249 1190 5304 nihilum
1234 5246 1544 5314 redigantur
1582 5242 1671 5310 qui
1713 5255 1871 5308 super
1901 5237 2090 5291 funda-

511 5357 748 5404 mentum
781 5343 1155 5412 prOphetarum
1180 5351 1228 5392 et
1264 5337 1629 5400 apostolorum
1661 5334 1930 5402 dogmata,
1966 5329 2089 5382 talia

512 5439 766 5507 ﬁgmenta
797 5443 1112 5488 construere
1143 5428 1457 5505 moliuntur.
1477 5425 1626 5490 Quod
1650 5419 2088 5487 aedilicium,quia

514 5541 622 5582 non
670 5540 804 5578 auro
833 5532 887 5578 et
915 5528 1157 5590 argento,
1193 5529 1362 5582 neque
1393 5513 1653 5580 lapidibus
1682 5511 1948 5578 pretiosis,
1995 5507 2090 5561 sed

519 5618 664 5686 ligno
714 5616 944 5683 feuoque
990 5623 1043 5666 et
1092 5607 1303 5674 stipula:
1347 5602 1732 5672 comparatur?
1762 5602 1893 5654 Cum
1939 5603 2090 5664 juxta

524 5706 773 5776 Apostoli
804 5696 1002 5759 dictu'm
1038 5701 1086 5774 (l
1123 5696 1242 5753 Cor.
1272 5712 1349 5762 ιιι,
1387 5697 1472 5766 15)
1507 5695 1556 5749 in
1605 5693 1766 5767 358
1792 5692 1977 5747 ultimo
2008 5689 2094 5746 die

2186 4426 2342 4477 quam
2371 4411 2590 4464 omnino
2626 4408 2962 4479 perveniant.
3014 4407 3242 4460 Possunt
3286 4407 3426 4458 enim
3469 4405 3760 4454 caritatem

2189 4499 2538 4554 fraternitatis
2569 4498 2802 4564 assequi,
2839 4505 2891 4550 et
2926 4496 3084 4550 fidem
3115 4509 3236 4547 cum
3267 4492 3544 4546 catholicis
3570 4500 3766 4544 tenere

2188 4593 2498 4658 perfectam,
2523 4589 2566 4642 si
2590 4589 2655 4641 de
2672 4589 2837 4643 solius
2857 4589 2943 4642 Dei
2966 4586 3232 4655 potentia,
3257 4593 3311 4638 et
3343 4599 3446 4637 non
3476 4583 3542 4636 de
3567 4581 3764 4636 infide-

2190 4682 2316 4735 lium
2342 4696 2524 4750 regum
2546 4679 2650 4733 sibi
2670 4679 3027 4748 gloriarentur
3045 4675 3312 4745 superbia.
3331 4676 3397 4728 lis
3416 4675 3572 4744 igitur
3590 4689 3714 4729 cum
3731 4689 3766 4728 ι

2189 4771 2564 4827 defensoribus
2582 4770 2860 4824 catholica:
2880 4769 2997 4824 fidei
3020 4769 3414 4837 creperintjure
3433 4764 3770 4831 constringi,

2188 4875 2240 4919 et
2274 4864 2474 4916 nultum
2507 4860 2604 4914 sibi
2637 4859 3058 4927 subterfugiendi
3099 4862 3272 4914 locum
3300 4857 3529 4912 viderint
3560 4855 3765 4910 suffra-

2188 4957 2336 5024 gari,
2385 4954 2649 5009 versutias
2691 4953 2948 5019 quasdam
2989 4952 3222 5004 inanium
3273 4949 3557 5002 verborum
3602 4946 3766 5000 solita

2195 5044 2493 5099 temeritate
2524 5060 2629 5098 non
2648 5040 3102 5096 desinuntcallida
3127 5037 3418 5092 subtilitate
3433 5045 3762 5099 contexere;

2191 5139 2440 5192 dir-entes
2469 5136 2610 5204 quod
2655 5149 2717 5190 ea
2748 5149 2866 5201 quae
2911 5131 3167 5185 Dominus
3215 5127 3457 5181 Salvator
3496 5133 3679 5180 uoster
3708 5125 3766 5178 in

2195 5228 2503 5295 Evangeliis
2533 5227 2599 5279 de
2627 5239 2722 5280 sua
2749 5222 3024 5276 divinitate
3069 5221 3275 5274 locutus
3316 5226 3419 5282 est,
3459 5215 3768 5270 divinarum

2197 5318 2384 5372 relicto
2417 5318 2627 5370 tramite
2659 5316 2989 5374 litterarum;
3020 5309 3336 5379 quibusdam
3369 5305 3772 5376 interpretatio-

2197 5410 2354 5464 nibus
2385 5411 2628 5462 universa
2660 5407 2725 5458 ad
2757 5405 2934 5459 carnis
2962 5401 3313 5456 substantiam
3339 5399 3604 5463 referunt;
3635 5397 3770 5451 dum

2197 5502 2296 5570 ipsi
2324 5500 2498 5568 potius
2529 5498 2580 5550 in
2609 5512 2672 5550 eo
2699 5498 2816 5564 ipso
2845 5493 2982 5560 quod
3007 5493 3140 5546 dixit
3163 5509 3175 5543 :
3202 5491 3358 5546 Pater
3383 5490 3552 5558 major
3579 5503 3664 5542 me
3684 5496 3775 5543 est

2197 5593 2374 5663 (.Ioan.
2406 5603 2512 5653 XIV,
2543 5587 2660 5655 ι28).
2713 5587 2797 5650 Et,
2838 5585 2952 5654 Ipse
2979 5599 3064 5638 me
3093 5583 3256 5636 misit.
3289 5582 3373 5644 Et,
3401 5581 3511 5634 Non
3539 5578 3656 5632 veni
3688 5579 3772 5630 fa-

2199 5701 2322 5743 cere
2343 5685 2558 5740 volunta
2584 5697 2670 5738 em
2701 5695 2894 5748 meant,
2927 5678 3020 5734 sed
3062 5676 3385 5733 voluntatem
3414 5673 3528 5740 ejus
3571 5671 3659 5738 qui
3685 5688 3774 5728 me
