3958 6176
244 362 337 420 5’53

1335 370 1609 427 CONTRA
1652 372 2069 429 VARIMADUM
2110 374 2306 431 LIBER
2350 380 2387 434 l.

3387 401 3495 459 εει

238 474 374 529 nisi,
401 472 585 545 (λοαη,
618 492 695 543 τι,
720 476 834 549 33),
891 479 974 545 Et,
1016 481 1274 539 Transeat
1312 499 1340 538 a
1387 501 1472 540 me
1515 487 1652 541 catix
1684 487 1813 553 isze;
1849 491 1895 549 Α
1927 486 2085 555 igitur
2110 490 2217 557 jam
2249 492 2387 545 dicta
2418 493 2659 562 ponenda
2678 506 2819 565 sunt,
2842 514 2958 570 qum
2984 502 3081 571 ips’
3105 505 3362 564 adversus
3387 518 3504 568 nni-

245 582 339 622 non
363 567 499 620 sicut
527 582 630 637 ego
658 570 804 637 volo,
839 572 929 627 sed
960 574 1101 628 sicut
1127 584 1179 629 tu
1213 574 1365 647 (Luc.
1398 594 1525 643 xxii,
1555 579 1645 649 42)
1671 596 1685 645 ;
1713 597 1818 635 non

242 659 291 712 in
318 657 485 710 forma
515 658 662 712 servi
715 660 767 713 itt
808 677 909 731 qna
936 664 1093 719 homo
1114 675 1221 731 est,
1253 677 1502 747 astruunt
1527 683 1648 723 eum
1674 670 1817 727 Patri

242 753 430 820 aequari
458 767 564 806 non
591 769 778 821 posse,
811 756 903 811 sed
936 758 986 811 in
1017 768 1202 813 natura
1232 776 1333 829 qua
1366 761 1509 816 D.-us
1529 772 1648 825 est;
1680 764 1817 819 infe-

241 842 388 896 rioris
416 843 483 897 ab
513 845 703 899 eodem
729 845 974 915 judicant
1004 864 1122 904 esse
1150 852 1489 907 substantia).
1522 854 1673 921 Quod
1713 853 1815 909 uti-

240 948 330 1003 que
360 949 468 987 non
500 935 764 1003 dicerem,
790 939 838 993 si
881 940 1127 995 eumdem
1162 941 1373 1010 Filium,
1405 944 1573 999 Deum
1603 961 1809 1013 verum,

238 1024 295 1079 de
312 1024 421 1080 Deo
453 1041 585 1082 vero
615 1029 856 1098 genitum
895 1031 1156 1087 catliolice
1199 1034 1579 1090 credidissent.
1612 1036 1807 1093 Natura

238 1114 385 1184 igitur
406 1116 500 1172 Dei
524 1132 623 1172 nec
652 1131 895 1189 augetur,
911 1121 1192 1191 singularis
1214 1123 1264 1176 in
1285 1124 1485 1179 ttnitate
1514 1126 1805 1193 manendo;

238 1221 318 1228 --Α
349 1208 611 1228 _:___..___
640 1207 694 1228 ,1-
731 1224 778 1228 --
1285 1214 1297 1228 .
1437 1225 1446 1228 _
1726 1217 1737 1228 .

236 1221 318 1260 nec
348 1208 612 1262 minuitur
633 1207 700 1264 de
727 1224 784 1264 se
816 1209 1009 1265 Filium
1028 1214 1365 1282 generando;
1401 1225 1453 1268 et
1475 1230 1697 1270 manens
1718 1217 1807 1286 ju-

236 1298 355 1369 giier
386 1300 439 1352 in
465 1303 759 1371 semetipsa
812 1304 1041 1371 perfecta
1087 1305 1359 1372 divinitas,
1415 1308 1665 1379 idemque
1702 1311 1805 1366 erit

232 1390 379 1443 etiam
408 1390 462 1443 in
492 1402 833 1460 perpetuum,
866 1395 1006 1463 quod
1036 1396 1105 1449 ab
1146 1396 1299 1451 initio
1338 1408 1471 1465 erat,
1514 1409 1798 1470 antequam

231 1484 411 1536 caelum
442 1495 497 1538 et
526 1494 745 1555 terram,
786 1494 839 1541 et
882 1489 1061 1544 omnia
1093 1491 1357 1547 elementa
1391 1493 1617 1563 legimus
1649 1510 1802 1551 acce-

231 1572 360 1641 pisse
385 1575 733 1644 principium.
784 1577 935 1634 Nunc
976 1581 1153 1650 itaque
1182 1584 1399 1639 omissis
1430 1586 1715 1654 superﬂuis
1746 1599 1800 1644 et

228 1664 507 1719 inconditis
532 1668 730 1734 verbis,
745 1684 862 1737 quze
878 1671 944 1723 ab
961 1672 1039 1726 eis
1057 1675 1107 1726 in
1127 1673 1528 1730 subversionem
1558 1678 1797 1733 lidelium

226 1757 577 1827 proferuntur,
611 1760 680 1814 ad
710 1776 772 1815 ea
807 1778 945 1818 nunc
995 1763 1286 1821 refellenda
1335 1784 1639 1839 pergamus,
1673 1786 1785 1840 qum

1927 588 2088 634 tatem
2126 572 2411 640 Trinitatis
2443 588 2698 645 audacter
2738 607 2801 647 ac
2834 604 3036 650 temere
3080 614 3390 672 posuerunt,
3444 618 3504 663 nt

1922 672 2243 729 testimoniis
2284 679 2581 736 testimonia
2615 698 3006 755 consequenter
3034 694 3290 761 adhibita,
3334 704 3500 767 perﬁ-

1919 761 2107 816 dorum
2160 768 2372 821 tandem
2419 773 2667 841 superbia
2718 786 3122 849 comprimatur.
3172 788 3372 846 Potens
3415 804 3501 850 est

1917 862 2096 908 autem
2130 856 2415 913 itieﬁ‘abilis
2446 863 2609 935 359
2633 867 2890 939 Trinitas,
2941 886 2997 927 ut
3033 876 3119 930 illa
3161 896 3277 948 qua:
3317 884 3382 937 ad
3413 887 3495 941 sui

1920 946 2276 999 venerationis
2307 950 2509 1005 cultum
2545 958 2813 1022 pertinent
2841 964 3163 1032 testimonia,
3193 971 3493 1030 cultoribus

1913 1030 2025 1084 suis
2048 1049 2152 1087 non
2172 1037 2342 1091 solum
2360 1040 2428 1094 de
2456 1041 2603 1097 Vetei
2620 1045 2658 1110 i,
2681 1047 2773 1102 sed
2800 1052 2959 1105 etiam
2983 1054 3049 1108 de
3073 1056 3219 1111 Novo
3245 1077 3493 1129 procuret

1911 1120 2276 1194 Te.-tatnento,
2311 1133 2501 1199 quibus
2535 1138 2732 1193 veritas
2768 1143 3045 1199 catholicae
3078 1149 3199 1205 ﬁdei
3244 1169 3491 1225 compro-

1910 1211 2087 1278 betnr,
2123 1228 2173 1270 et
2206 1219 2524 1277 Arianorum
2574 1229 2775 1284 falsitas
2820 1234 3144 1294 destruatur.
3175 1240 3251 1297 Te
3281 1261 3491 1316 quoque

1908 1302 2076 1357 lector
2104 1307 2368 1364 admoneo
2399 1324 2454 1366 ut
2477 1322 2653 1373 omnia
2687 1321 3025 1396 documenta,
3058 1345 3176 1399 qum
3199 1336 3490 1397 .achrsnm

1909 1392 2043 1449 hanc
2077 1397 2318 1453 imresim
2364 1418 2427 1458 ex
2470 1408 2665 1463 divinis
2704 1426 2954 1484 congesta
2996 1433 3122 1474 sunt
3169 1424 3483 1498 Scriptnris,

1903 1484 2077 1551 sagaci
2113 1498 2623 1565 mente‘perquiras;
2652 1500 2735 1553 illa
2763 1508 3028 1571 praicipue
3059 1527 3178 1578 qua:
3210 1514 3277 1569 de
3304 1518 3483 1587 Patre,

1901 1582 1954 1625 et
1979 1572 2113 1627 Filio
2140 1588 2191 1628 et
2221 1580 2419 1647 Spiritu
2451 1599 2656 1653 sancto,
2676 1592 2875 1646 trifaria
2905 1599 3349 1664 conjunctionein
3376 1609 3482 1665 ﬁne

1903 1662 2063 1732 hujus
2095 1671 2273 1735 operis
2314 1684 2435 1726 sunt
2468 1677 2658 1743 posita,
2701 1681 2881 1737 siibrie
2911 1696 2963 1739 ct
2994 1691 3274 1756 vigilanter
3306 1698 3476 1768 inspi-

1898 1752 2049 1807 cias:
2082 1763 2135 1808 et
2166 1758 2229 1811 iis
2260 1762 2611 1827 proculdubio
2660 1767 2854 1839 Patris,
2895 1786 2949 1828 et
2988 1752 3105 1832 Filii
3152 1792 3206 1836 et
3251 1752 3481 1855 spirans

224 1860 276 1900 ex
303 1846 518 1902 illorum
548 1849 887 1907 inﬁdelitatis
917 1852 1201 1921 industria,
1234 1857 1285 1910 in
1320 1873 1507 1913 necem
1537 1859 1776 1915 innocen-

1900 1846 2091 1904 sancti,
2141 1863 2297 1901 unam
2347 1854 2699 1926 eamdemque
2731 1860 3162 1939 inSt-parabilem,
3196 1882 3249 1928 et
3283 1892 3475 1947 perpe-

223 1936 332 1990 tium
383 1939 692 1995 animarum
742 1946 914 2011 posita
967 1959 1089 2001 esse
1133 1951 1523 2017 cognoscimus.
1577 1948 1790 2007 Iliorum

225 2055 501 2072 ——-—-——

1396 2120 1737 2202 LIBER
1792 2122 2274 2212 PRIMUS.

1902 1940 2042 1989 tuam
2068 1938 2345 1997 doceberis
2371 1958 2493 2000 esse
2514 1948 2888 2010 substantiam.

2370 2082 3474 2129 Ἦ

1302 2246 1440 2296 ουου
1471 2248 1639 2287 FILIle
1664 2247 1745 2286 SIT
1776 2249 1905 2288 ITNUS
1936 2251 2062 2292 CEUS
2089 2255 2193 2295 CUI
2224 2259 2413 2301 PATRE.
2446 2266 2450 2271 ’

719 2360 944 2417 CAPUT
985 2362 1266 2422 PRIMUM.

804 2451 882 2507 De
911 2454 1180 2512 Trinitate.

275 2537 325 2595 Si
354 2538 629 2595 dixerint:
656 2557 778 2610 qua:
804 2546 980 2602 unitas
1010 2548 1286 2607 Trinitatis
1312 2553 1507 2610 divinis
1530 2557 1779 2615 lectioni-

218 2627 299 2683 bus
329 2634 528 2697 poterit
557 2634 798 2702 edoceri,
829 2648 950 2692 eum
994 2655 1166 2709 neque
1214 2652 1323 2699 tres
1373 2661 1558 2716 unum,
1609 2666 1781 2722 neque

215 2734 332 2776 unus
356 2725 407 2775 in
437 2725 613 2779 tribus
643 2729 808 2794 possit
842 2731 1054 2799 proprie
1093 2736 1375 2803 approbari
1406 2739 1428 2793 ?

272 2811 577 2882 Responsio.
627 2818 763 2872 Audi
804 2820 999 2889 itaque,
1026 2831 1081 2877 et
1119 2839 1184 2878 ex
1214 2825 1278 2881 iis
1310 2831 1627 2889 testimoniis
1657 2836 1776 2891 uni-

217 2906 357 2953 tatem
387 2902 677 2960 Trinitatis
705 2922 959 2975 agnosce,
1004 2922 1057 2966 et
1092 2914 1277 2972 desine
1302 2919 1619 2977 Arianorum
1652 2943 1776 2993 (ra-

212 2986 407 3043 ritatem
431 2994 614 3061 sequi,
646 3005 701 3049 ut
722 2997 788 3050 ah
816 3000 1004 3054 eadem
1036 3005 1208 3071 possis
1242 3019 1577 3076 peccatorum
1601 3015 1777 3072 indul-

209 3077 427 3143 gentiam
486 3087 802 3149 promereri,
855 3088 987 3144 Isaia
1045 3095 1299 3163 propheta
1352 3099 1609 3159 dicente:
1656 3109 1772 3164 Vidi

214 3164 483 3223 Dominum
514 3171 751 3228 Sabaoth
798 3178 1071 3234 sedentem
1104 3198 1267 3250 super
1309 3188 1557 3248 thronum
1589 3200 1769 3255 excel-

211 3267 332 3320 sum,
360 3268 413 3312 et
446 3260 737 3331 Serapbim
773 3268 983 3322 stabant
1018 3271 1068 3324 in
1101 3276 1328 3330 circuitu
1360 3283 1474 3347 ejus
1503 3301 1513 3334 :
1546 3302 1637 3341 sex
1671 3291 1772 3345 alte

212 3354 286 3397 uni
313 3359 359 3400 et
388 3364 505 3403 sex
525 3353 623 3404 ala:
654 3357 807 3409 alti-ri
836 3375 848 3409 :
881 3359 1087 3414 duabus
1116 3365 1363 3420 velabaut
1402 3371 1613 3441 faciem,
1645 3377 1777 3434 dna-

212 3432 295 3483 bus
316 3448 503 3492 auem
529 3442 779 3498 vetabant
802 3447 986 3513 pedes,
1011 3458 1066 3503 et
1088 3452 1293 3510 duabus
1315 3432 1656 3531 volabzint,et
1672 3470 1777 3525 cla-

208 3525 402 3579 mabant
425 3528 751 3586 alterutrum
784 3538 1061 3594 dicentes:
1094 3541 1343 3611 Sanctus,
1374 3563 1613 3615 sanctus.
1646 3572 1774 3613 san-

208 3622 306 3665 ctus
337 3616 606 3674 Dominus
641 3624 776 3677 lieus
805 3625 966 3696 360
993 3630 1227 3687 Sabaoth
1266 3634 1415 3705 (lsai.
1447 3641 1544 3712 Vt).
1573 3647 1627 3699 Si
1657 3647 1776 3702 Tri-

205 3706 324 3757 nitas
352 3723 464 3762 nnn
506 3721 612 3777 εει,
644 3728 810 3781 quare
855 3720 1013 3773 tertio
1042 3734 1256 3779 sanctus
1285 3726 1569 3786 dixerunt?
1597 3739 1699 3792 Aut
1727 3740 1771 3794 si

206 3797 358 3851 unitas
402 3817 516 3854 non
560 3812 665 3868 est,
716 3822 885 3875 quare
929 3811 1029 3866 sub
1072 3816 1204 3871 trina
1250 3825 1569 3888 repetitione
1610 3847 1771 3888 unum

205 3883 350 3941 Deum
376 3906 444 3945 ac.
481 3892 764 3950 Dominum
800 3900 1155 3960 intitnarunt?
1180 3908 1235 3964 Si
1264 3912 1499 3971 Trinitas
1530 3936 1633 3976 non
1666 3934 1768 3994 est,

203 3991 285 4030 tur
310 3981 356 4032 iu
385 3984 668 4041 Geneseos
698 3991 895 4047 dicitur
923 4012 935 4047 :
967 3995 1110 4052 Dixit
1149 4001 1192 4054 D
1214 4018 1310 4068 ~us,
1339 4005 1459 4062 fecit
1490 4010 1648 4081 Deus,
1679 4017 1770 4072 be-

202 4067 380 4122 nedixit
404 4072 551 4127 Dens
586 4077 739 4143 (Gen.
768 4082 845 4149 t)?
874 4084 930 4139 Si
963 4087 1136 4143 unitas
1169 4108 1272 4147 non
1299 4109 1396 4161 εει,
1423 4115 1588 4168 quare
1614 4112 1769 4164 tertio

202 4152 326 4208 Deus
352 4160 517 4228 dixit,
550 4174 605 4216 et
637 4182 741 4221 non
771 4170 892 4225 deos
934 4176 1125 4242 plurali
1159 4197 1383 4241 numero
1423 4199 1770 4252 commenda-

201 4249 301 4299 m2
330 4249 383 4304 Si
413 4251 656 4307 Trinitas
687 4274 794 4311 non
824 4271 923 4325 est,
960 4280 1123 4333 quare
1156 4270 1206 4324 in
1240 4272 1425 4331 Exodo
1453 4280 1653 4338 dictum
1685 4300 1769 4344 est

201 4337 359 4400 tertio,
380 4340 629 4407 Domine,
663 4346 887 4405 Domine
915 4352 1052 4409 Deus
1081 4359 1365 4418 miseratur
1382 4376 1435 4421 et
1459 4372 1766 4433 misericors

202 4421 376 4489 (Exod.
414 4442 601 4498 xxxiv,
640 4434 730 4504 ti)?
763 4439 816 4493 Si
864 4444 1034 4498 unitas
1063 4462 1166 4502 non
1200 4461 1300 4517 est,
1335 4471 1500 4523 quare
1527 4461 1650 4518 dum
1682 4476 1765 4524 ter

206 4511 411 4571 Domine
438 4520 667 4588 diceret,
696 4541 879 4593 postea
918 4535 1207 4593 misericors
1252 4545 1599 4614 singulariter
1626 4555 1758 4612 dicit

700 4592 709 4593 ί
1190 4592 1197 4593 ,
1252 4592 1271 4596 τ
1303 4592 1588 4614 --σημηηω
1626 4592 1758 4612 νων.

148 4592 153 4595 ’
192 4611 242 4656 ει
281 4621 382 4661 non
424 4612 770 4680 miseratares,
806 4627 861 4672 ut
884 4621 1063 4689 plures
1089 4630 1417 4699 ostenderet,
1451 4638 1760 4702 intimavit?

198 4691 247 4746 Si
276 4695 513 4754 Trinitas
537 4718 643 4757 non
675 4716 778 4773 est,
812 4726 907 4763 cur
936 4714 1203 4771 Abraham
1230 4722 1293 4775 ad
1326 4725 1498 4781 ilicem
1524 4730 1763 4793 Mambre

190 4797 366 4855 aperte
394 4793 605 4850 sedenti
644 4799 814 4854 tribus
854 4818 1161 4876 occurrens,
1216 4814 1303 4868 uni
1346 4816 1563 4873 Domine
1608 4823 1760 4895 dicit,

188 4887 235 4929 et
259 4895 361 4935 non
391 4891 453 4936 ut
487 4886 691 4942 viderat
720 4891 891 4947 tribus
919 4898 1260 4957 salutationis
1289 4907 1603 4979 obsequium
1638 4886 1762 4974 red;

187 4965 308 5022 didit
355 4971 516 5037 (Gen.
565 4980 762 5039 xvnn?
810 4981 865 5038 Si
912 4987 1085 5044 unitas
1127 5004 1231 5046 non
1275 5006 1375 5061 est,
1421 4965 1585 5068 quare
1632 5021 1757 5066 cum

184 5052 362 5126 Moysi,
399 5062 545 5118 Deus
572 5068 864 5137 Abraham,
895 5083 951 5129 et
980 5075 1121 5133 Deus
1142 5079 1309 5151 Isaac,
1343 5096 1397 5141 et
1426 5052 1566 5148 Detts
1588 5096 1758 5159 Jacob

183 5150 329 5203 tertio
359 5152 659 5225 diceretur,
686 5162 944 5219 unitatem
963 5170 1273 5241 ostendens,
1298 5175 1393 5230 hoc
1422 5182 1549 5236 milii
1572 5202 1755 5246 nomen

177 5248 261 5301 est,
306 5241 442 5296 dixit
494 5244 685 5316 (Exod.
734 5266 812 5315 tu,
862 5254 959 5325 ’15)
998 5273 1013 5311 :
1046 5267 1099 5313 et
1125 5276 1228 5316 non
1256 5263 1363 5317 haec
1390 5280 1510 5323 sunt
1540 5277 1751 5334 nomina

178 5323 516 5398 designavit?
546 5335 601 5391 Si
630 5337 863 5397 Trinitas
906 5323 1011 5400 non
1041 5358 1143 5415 est,
1175 5338 1339 5420 quare
1374 5356 1538 5415 David
1589 5370 1753 5426 tertio

173 5411 331 5471 dixit:
364 5420 659 5481 Benedicat
708 5444 806 5484 nos
853 5432 1010 5499 Deus,
1046 5411 1430 5514 Deus'noster,
1467 5450 1752 5517 benedicat

175 5515 255 5558 nos
282 5507 424 5565 Deus
456 5510 632 5581 (Pard.
664 5534 809 5588 ιινι,
842 5524 933 5591 8)?
978 5525 1032 5581 Si
1086 5532 1261 5588 unitas
1308 5552 1411 5593 non
1442 5552 1543 5609 est,
1576 5563 1743 5617 quare

171 5606 272 5648 cum
296 5600 464 5654 tertio
490 5601 655 5660 Deum
682 5612 1030 5685 nominasset,
1061 5618 1320 5680 benedicti!
1363 5628 1518 5700 dixit,
1555 5600 1606 5690 ei
1630 5654 1736 5697 non

171 5682 458 5746 ianedicant
491 5695 769 5767 adjunxit?
796 5703 853 5760 Si
893 5682 1127 5771 Trin—itas
1163 5730 1266 5773 non
1306 5729 1408 5793 est,
1439 5682 1535 5781 cur
1563 5727 1730 5791 lsaias

1888 2372 2066 2427 denuo
2096 2373 2266 2430 dixit:
2300 2379 2558 2437 Dominus
2606 2384 2742 2441 Deus
2785 2388 3041 2461 Sabaoth,
3094 2399 3233 2456 Deus
3282 2405 3469 2479 Israel,

1887 2462 1975 2530 qui
2005 2464 2164 2519 sedes
2190 2481 2353 2537 super
2380 2471 2662 2530 cherubim
2688 2477 2843 2549 (lsai.
2876 2499 3077 2554 tum,
3116 2494 3243 2562 16)?
3272 2500 3325 2552 Si
3352 2462 3469 2558 uni:

1886 2556 1966 2603 tas
1991 2567 2097 2606 non
2127 2566 2228 2620 est,
2260 2573 2424 2624 quare
2463 2564 2552 2631 qui
2580 2569 2725 2621 sedes
2764 2571 2919 2642 dixit,
2950 2588 2995 2630 et
3024 2595 3130 2633 non
3162 2556 3247 2653 qui
3280 2592 3466 2648 sedetis

1883 2642 2136 2695 astruxit.
2172 2644 2226 2698 Si
2254 2647 2486 2705 Trinitas
2519 2668 2621 2706 non
2650 2666 2751 2722 est,
2803 2676 2971 2730 quare
3010 2668 3059 2720 in
3095 2642 3296 2742 lteéuzn
3326 2667 3467 2736 dici:

1885 2733 1971 2781 tur
1994 2746 2007 2783 :
2034 2729 2257 2787 Domine
2275 2735 2417 2791 Deus
2442 2743 2803 2815 omnipotens,
2823 2752 2959 2808 Deus
2978 2757 3157 2822 Israel,
3183 2780 3466 2828 sermones

1883 2820 1956 2873 tui
1988 2821 2170 2877 ﬁdeles
2196 2828 2353 2881 sunt?
2383 2831 2437 2884 Si
2471 2834 2641 2890 unitas
2670 2856 2772 2894 non
2805 2856 2905 2909 est,
2941 2863 3106 2917 quare
3143 2859 3219 2910 lui
3243 2860 3460 2936 dicitur,

1879 2918 1936 2963 et
1976 2926 2079 2966 non
2107 2918 2260 2970 vestri
2286 2921 2457 2987 potius
2498 2924 2821 2989 intimatur?
2852 2938 2906 2992 Si
2947 2940 3178 3001 Trinitas
3221 2966 3323 3007 non
3358 2918 3460 3024 est:

1883 3013 1979 3055 cur
2008 3004 2059 3056 in
2092 3007 2297 3073 psalmo
2327 3013 2762 3087 quinquagesimo
2783 3038 2972 3086 octavo
3001 3034 3174 3103 (Vm.
3216 3042 3273 3111 6)
3314 3004 3460 3102 cani:

3005 3091 3017 3103 ι
3223 3091 3270 3111 'I
3317 3091 3431 3102 '—"'

1887 3095 1990 3156 tur,
2027 3091 2250 3151 Domine
2286 3099 2423 3156 Deus
2457 3106 2734 3179 virtutum,
2761 3114 2902 3172 Deus
2925 3121 3106 3193 Israel,
3143 3132 3355 3189 intende
3392 3141 3460 3197 ad

1876 3180 2165 3239 viSitandas
2205 3203 2394 3248 omnes
2440 3203 2664 3265 gentes?
2693 3204 2747 3260 Si
2794 3211 2968 3266 unitas
3010 3232 3249 3291 nonest,
3294 3245 3460 3295 quare

1880 3267 2084 3295 .‘..o--..l-
2116 3289 2221 3295 _-.._,
2251 3278 2282 3295 ο.
2394 3291 2403 3295 -
2580 3290 2591 3295 -

3149 3267 3220 3276 ν-.
3295 3267 3458 3289 ...υιυ

1880 3267 2084 3326 intende
2114 3278 2309 3344 posuit,
2356 3291 2410 3336 et
2437 3300 2540 3340 non
2573 3290 2835 3363 intendite,
2871 3313 2925 3353 ut
2952 3318 3198 3371 precatus
3228 3267 3458 3374 estlinti-

1878 3364 2074 3415 mavit?
2102 3366 2156 3420 Si
2186 3368 2417 3428 Trinitas
2447 3393 2551 3432 non
2576 3393 2677 3448 est,
2706 3404 2869 3456 quare
2887 3364 3274 3473 in-Apoca'ypsi
3301 3414 3460 3469 tertio

1877 3463 2094 3519 sanctus
2125 3459 2378 3520 Dominus
2422 3469 2560 3526 Deus
2600 3482 2957 3553 omnipotens,
3003 3494 3091 3560 qui

1881 3554 1995 3595 erat
2021 3544 2217 3604 dicitur
2260 3555 2445 3625 (Apoc.
2490 3578 2561 3627 tv,
2594 3567 2684 3637 8)?
2711 3572 2766 3627 Si
2803 3578 2973 3633 unitas
3016 3598 3118 3638 non
3159 3601 3261 3655 est,
3294 3544 3463 3662 quare

3246 3642 3261 3655 1
3299 3642 3323 3662 ἰ
3350 3642 3411 3648 ’“““
3429 3642 3453 3653 ν

1875 3649 1981 3689 non
2002 3642 2090 3708 qui
2110 3654 2249 3712 sunt,
2278 3660 2331 3703 et
2361 3654 2453 3716 qui
2499 3669 2643 3711 erant
2691 3664 2967 3729 pluraliter
2994 3671 3375 3743 designantur?
3397 3687 3453 3742 Si

1875 3724 1961 3743 me.
2011 3731 2038 3743 ._

1875 3724 2106 3784 Trinitas
2140 3749 2242 3789 non
2272 3748 2375 3805 est,
2406 3760 2571 3812 quare
2602 3748 2654 3801 in
2676 3751 3091 3814 Deuteronoutin
3106 3766 3304 3822 dictum
3337 3785 3448 3827 est:

1875 3811 2130 3874 Dominus
2162 3823 2302 3879 Deus
2349 3839 2469 3885 tuus
2520 3837 2826 3898 misericors
2872 3856 2975 3913 est,
3029 3854 3208 3909 audiet
3258 3876 3445 3917 vocem

1874 3914 2015 3961 tuam
2045 3912 2222 3979 (Deut.
2266 3934 2337 3984 tv,
2369 3924 2577 3990 31)?Si
2608 3932 2785 3987 unitas
2811 3950 2916 3991 non
2946 3912 3027 3994 est
3056 3958 3241 4013 quare,
3277 3954 3453 4007 audiet

1872 4003 2070 4067 posuit,
2094 4014 2147 4059 et
2174 4024 2277 4061 non
2310 4015 2524 4070 audient
2556 4019 2860 4079 intimavit?
2887 4029 2938 4082 Si
2972 4031 3199 4088 Trinitas
3217 4055 3318 4093 non
3345 4054 3449 4108 est,

1870 4103 2039 4156 quare
2071 4097 2120 4148 in
2156 4097 2280 4153 Jesu
2326 4103 2471 4160 Nave
2515 4109 2714 4165 dicitur
2765 4118 2920 4190 361
2978 4122 3153 4178 libro:
3197 4097 3450 4188 Dominus

1872 4179 2011 4235 Deus
2040 4184 2260 4242 deorum
2288 4202 2370 4247 est
2399 4195 2533 4267 (Jos.
2578 4216 2633 4265 tt,
2694 4206 2819 4274 ii)?
2865 4210 2921 4262 Si
2970 4216 3140 4267 unitas
3191 4234 3294 4273 non
3339 4233 3443 4289 est,

1870 4288 2036 4342 quare
2065 4289 2137 4331 est
2163 4282 2321 4348 dixit,
2350 4297 2405 4341 et
2451 4306 2557 4345 non
2586 4306 2705 4348 sunt
2730 4313 2877 4353 more
2906 4302 3187 4361 locutionis
3218 4310 3447 4368 indixit?

1874 4365 1929 4419 Si
1965 4367 2198 4428 Trinitas
2233 4392 2335 4429 non
2379 4390 2483 4447 est,
2514 4398 2680 4452 quare
2719 4388 2861 4444 Elias
2902 4397 3146 4452 orando:
3196 4401 3442 4468 Dimitte,

1868 4456 2089 4516 Domine
2142 4465 2280 4520 Deus
2325 4473 2508 4538 Israel,
2535 4479 2759 4533 ostende
2794 4484 2915 4549 quia
2966 4497 3017 4539 tn
3063 4503 3120 4543 es
3145 4506 3293 4546 meus
3323 4494 3441 4566 (III

1879 4545 1912 4566 ,,
2234 4560 2313 4566 ,Ν
2404 4563 2432 4566 ,Α

2813 4545 2822 4549 _
3279 4545 3284 4546 ,
3325 4545 3435 4566 ν--

1871 4545 1993 4617 Heg.
2051 4568 2199 4621 xvtit,
2234 4560 2346 4629 '56),
2383 4563 2549 4619 dixit?
2599 4568 2653 4622 Si
2702 4573 2876 4627 unitas
2908 4593 3009 4630 non
3044 4591 3143 4645 est,
3171 4600 3336 4652 quare
3364 4606 3447 4643 os~

1869 4644 2036 4707 tende,
2070 4654 2125 4698 et
2172 4664 2274 4700 non
2322 4658 2570 4710 ostendite
2604 4665 2814 4727 posuit?
2845 4666 2899 4721 Si
2933 4669 3170 4727 Trinitas
3203 4691 3307 4730 non
3341 4691 3444 4746 est.

1865 4742 1960 4782 cur
1990 4733 2351 4794 Mardoclnnus
2382 4747 2607 4813 orando,
2643 4750 2883 4818 Domine,
2914 4757 3133 4814 Domine
3167 4764 3306 4820 Deus
3328 4785 3444 4822 om-

1867 4820 2320 4895 nipotens,omnia
2351 4835 2401 4888 in
2437 4849 2697 4905 potestate
2728 4855 2812 4899 tua
2844 4861 2965 4901 sunt
2998 4851 3205 4921 (Est/ter
3236 4862 3441 4932 xut,9),

1870 4917 2040 4975 dixit?
2070 4924 2126 4978 Si
2153 4927 2328 4983 unitas
2361 4948 2464 4987 non
2492 4947 2591 4998 est.
2622 4954 2785 5006 quare
2813 4943 2863 4995 in
2908 4956 2993 4999 tua
3029 4952 3226 5017 posuit,
3255 4964 3307 5009 et
3336 4973 3440 5013 non

1868 5009 1920 5061 in
1946 5023 2107 5068 vestra
2148 5017 2478 5087 designavit?
2508 5027 2563 5080 Si
2595 5028 2831 5087 Trinitas
2862 5050 2965 5088 llOtt
2998 5052 3102 5105 εει,
3158 5057 3255 5096 cur
3281 5048 3438 5102 etiam

1866 5097 2049 5156 Judith
2096 5108 2299 5163 orando
2328 5112 2403 5164 ait
2430 5130 2443 5166 :
2470 5113 2715 5187 Domine,
2748 5121 2972 5179 Domine
3031 5128 3170 5184 Dens
3201 5136 3436 5189 omnium

1866 5192 2140 5263 virtutum,
2162 5203 2368 5268 respice
2401 5205 2450 5259 in
2481 5211 2777 5268 orationem
2794 5232 2965 5272 meam
2991 5218 3195 5290 (Judith
3219 5240 3292 5288 ix,
3314 5226 3436 5297 i7)?

1866 5281 1920 5338 Si
1953 5286 2129 5342 unitas
2152 5306 2253 5344 non
2276 5303 2381 5359 est,
2406 5311 2570 5365 quare
2597 5306 2790 5375 respice
2820 5310 2995 5377 posuit
3025 5323 3079 5366 et
3125 5328 3227 5367 non
3276 5318 3436 5384 respi-

1863 5376 1959 5429 cite
1989 5377 2339 5447 sigttiﬁcavit?
2364 5385 2420 5441 Si
2453 5390 2686 5450 Trinitas
2717 5376 2827 5452 non
2868 5410 2967 5466 est,
3003 5417 3165 5471 quare
3193 5406 3246 5457 in
3274 5404 3429 5460 Jere-

1863 5466 1967 5520 mia
1998 5468 2227 5525 dicitur:
2262 5474 2519 5536 Dominus
2565 5484 2705 5540 Deus
2739 5497 2931 5556 vester,
2978 5490 3118 5545 Deus
3163 5508 3319 5548 verax
3351 5508 3435 5553 est

1860 5556 2077 5625 (Jerem.
2110 5578 2163 5631 ι,
2194 5565 2323 5636 40)?
2368 5570 2423 5626 Si
2455 5575 2630 5630 unitas
2661 5594 2764 5633 non
2806 5590 2909 5646 est,
2940 5597 3104 5649 quare
3148 5602 3300 5641 verax
3352 5601 3434 5645 est

1859 5647 2008 5718 dicit,
2059 5663 2114 5709 et
2162 5671 2267 5711 non
2317 5674 2519 5717 veraces
2562 5667 2736 5734 potius
2788 5671 3167 5729 intimavit?Si
3199 5676 3433 5737 Trinitas

1852 5758 1959 5800 non
1994 5756 2101 5815 est,
2129 5764 2293 5819 quare
2326 5752 2376 5809 in
2404 5757 2722 5828 Apocalypsi
2744 5760 2999 5831 scriptum
3027 5777 3110 5824 est
3134 5786 3146 5824 :
3178 5769 3432 5831 Dominus

3142 3506 3243 3563 est,
3275 3513 3329 3555 et
3364 3507 3455 3573 qui
3544 3500 3551 3505 “
3604 3562 3611 3575 ,
