4026 6176
512 305 620 361 355

1767 302 1990 358 VICIIJI
2030 303 2205 361 TAPS
2219 305 2405 361 ENSIS

3690 326 3794 382 356

495 419 634 474 Deus
670 424 723 470 et
744 415 983 485 Spiritus
1031 416 1414 487 prophetarum
1468 415 1612 470 misit
1651 415 1899 483 angelum
1931 431 2085 467 suum
2124 423 2174 480 Α
2208 418 2387 469 minor
2417 426 2499 470 est.
2530 418 2681 475 Patre
2709 434 2827 486 sno,
2860 437 2989 492 ergo
3020 424 3281 479 minorata
3304 436 3387 481 est
3416 437 3467 483 et
3491 431 3660 499 gloria
3691 434 3790 487 Pa-

490 508 779 563 estendere
807 508 976 561 servis
1013 507 1146 571 suis,
1173 522 1292 576 qua:
1318 515 1532 575 oportet
1577 505 1692 559 lieri
1743 505 1849 559 cito
1894 506 2079 575 (Apoc.

492 619 629 668 xxu,
661 602 756 669 6)?
801 602 855 656 Si
900 602 1075 655 unitas
1127 617 1233 655 non
1279 611 1387 668 est,
1438 616 1603 671 quare
1632 615 1753 655 cum
1787 602 1997 655 Patrem
2031 610 2085 656 et

491 694 682 747 Filium
714 700 767 746 et
790 691 1043 760 Spiritum
1082 702 1325 745 sanctum
1359 692 1713 757 numina-sset,
1745 691 1883 743 misit
1932 690 2085 756 dicit,

491 793 544 836 et
575 798 679 836 non
714 783 957 834 miserunt
981 781 1080 836 sub
1114 790 1267 835 textu
1322 783 1492 837 trium
1531 798 1879 851 personarum
1908 792 1962 837 et
1993 800 2093 835 ntr-

491 886 640 925 mero
672 871 895 925 indixit?
944 872 1000 926 Si
1043 872 1283 927 Trinitas
1316 889 1421 928 non
1451 883 1553 939 est,
1587 890 1751 943 quare
1796 874 1847 943 ip
1888 874 2088 928 Dente-

491 963 740 1016 ronomio
771 961 993 1027 dicitur,
1029 963 1285 1017 Dominus
1312 964 1454 1018 Deus
1484 973 1683 1028 vester,
1722 964 1805 1019 hic
1837 973 1917 1017 est
1948 965 2085 1020 Deus

491 1052 669 1122 (Deut.
705 1070 758 1120 x,
793 1053 919 1123 I7)?
950 1053 1006 1109 Si
1034 1055 1211 1109 unitas
1243 1070 1348 1109 non
1381 1064 1484 1120 est,
1514 1070 1681 1124 quare
1708 1054 1791 1106 hic
1825 1063 1898 1108 est
1930 1054 2088 1120 dixit,

492 1159 598 1197 non
627 1144 664 1197 ii
688 1152 807 1197 sunt
860 1144 1055 1214 plurali
1102 1161 1326 1200 numero
1358 1145 1700 1214 designavit?
1752 1146 1807 1199 Si
1859 1145 2093 1199 Trinitas

494 1249 601 1286 non
647 1241 766 1299 est,
808 1249 974 1303 quare
1034 1236 1086 1287 in
1134 1234 1325 1289 eodem
1377 1235 1515 1289 libro
1562 1234 1791 1287 dicitur:
1830 1233 2089 1287 Dominus

494 1325 636 1380 Deus
672 1334 816 1391 tuus,
848 1324 990 1378 Deus
1019 1339 1245 1393 magnus
1282 1333 1336 1378 et
1383 1334 1575 1392 potens
1628 1330 1710 1376 est
1750 1320 1979 1392 (Ibid.)?
2031 1323 2089 1379 Si

494 1422 675 1476 unitas
699 1436 807 1476 non
838 1430 940 1487 est,
968 1435 1133 1490 quare
1158 1436 1370 1487 magnus
1397 1429 1442 1472 et
1470 1427 1647 1487 potens
1676 1426 1748 1470 est
1780 1415 2003 1485 dicitur,
2036 1424 2091 1471 ct

505 1533 610 1572 non
661 1516 837 1588 magni
886 1525 934 1568 et
989 1524 1215 1583 potentes
1260 1513 1541 1583 pluraliter
1572 1510 1953 1566 nominantur?
1984 1509 2090 1565 Cur

491 1609 712 1674 Tobias,
744 1623 864 1663 cum
898 1607 1061 1659 tilium
1107 1620 1263 1661 sumn
1316 1606 1367 1658 in
1420 1604 1595 1672 Rages
1645 1602 1918 1657 civitatem
1966 1615 2088 1656 cum

493 1703 739 1771 Raphael
786 1698 1111 1770 archangelo
1160 1698 1416 1761 mitteret,
1470 1695 1794 1751 benedicens
1838 1708 1982 1758 eum,
2016 1691 2087 1745 ita

2198 507 2292 561 tris
2318 510 2373 561 in
2408 509 2546 563 Filio
2574 527 2586 562 :
2621 522 2668 565 et
2705 514 2791 567 ubi
2819 525 2902 568 est
2931 516 3069 584 quod
3113 517 3163 570 in
3196 517 3481 575 Salomone
3507 522 3784 592 Scriptura

2202 597 2457 666 loquitur,
2506 602 2690 658 dicens
2728 622 2738 655 ε
2778 605 2927 659 Sicut
2966 608 3107 661 enim
3158 608 3211 663 in
3256 624 3547 680 conspectu
3579 631 3791 684 eorum,

2199 688 2392 757 inquit,
2428 692 2802 747 manifestatus
2830 705 2913 747 εει
2942 700 2991 750 in
3031 697 3205 762 nobis,
3238 709 3290 753 et
3322 702 3390 754 ita
3420 704 3473 755 in
3499 719 3792 774 conspectu

2196 789 2387 833 nostro
2418 781 2845 837 manifestaberis
2880 787 2931 839 in
2963 787 3093 853 illis,
3126 800 3183 843 ut
3213 805 3541 861 cognoscant
3572 806 3622 851 te
3653 801 3791 852 sicut

2198 871 2568 938 cognovimus,
2601 877 2852 942 quoniam
2881 878 3038 948 363
3072 897 3174 934 non
3200 893 3282 935 est
3304 885 3439 937 alius
3468 886 3627 950 Deus,
3654 904 3790 956 prte-

2195 969 2279 1015 ter
2307 972 2381 1027 te,
2415 965 2639 1019 Domine
2670 967 2861 1036 (Ιίοειὶ.
2894 986 3073 1044 xxxw,
3105 974 3182 1042 4).
3218 974 3509 1045 Diligenter
3546 982 3786 1045 attende,

2194 1064 2249 1108 et
2272 1070 2537 1123 cognosce
2570 1058 2758 1113 Filium
2789 1076 2927 1124 esse,
2961 1064 3048 1131 qui
3081 1066 3510 1125 munire-stabitur
3550 1072 3603 1126 in
3630 1073 3783 1142 judi-

2196 1146 2301 1213 cio,
2347 1148 2472 1201 dum
2506 1151 2714 1205 venerit
2754 1153 2903 1206 vivos
2950 1162 3005 1208 et
3053 1167 3294 1211 mortuos
3332 1159 3599 1227 judicare.
3654 1163 3786 1216 Item

2197 1240 2364 1293 Isaias
2392 1259 2403 1292 ε
2434 1242 2633 1296 Audite
2660 1242 2858 1296 domus
2883 1244 3069 1310 Jacob,
3101 1257 3154 1301 et
3182 1248 3456 1303 residuum
3486 1252 3670 1319 Israel,
3694 1252 3787 1321 qui

2195 1331 2509 1399 egredimini
2557 1348 2625 1387 ex
2657 1342 2834 1399 utero,
2860 1346 2912 1389 et
2941 1336 3227 1391 erudimini
3255 1355 3283 1393 a
3318 1355 3486 1408 puero
3515 1357 3685 1412 usque
3712 1324 3785 1397 ad

2193 1431 2525 1477 senectutem
2556 1441 2567 1476 :
2613 1424 2681 1479 ab
2710 1426 2861 1479 initio
2891 1441 2990 1495 ego
3043 1444 3184 1494 sum,
3222 1439 3274 1484 ει
3303 1444 3577 1500 quousque
3619 1448 3783 1487 sene-

2192 1514 2358 1567 scatis
2385 1530 2484 1584 ego
2507 1530 2762 1586 sum,ego
2788 1518 2909 1585 ieci,
2934 1535 3033 1589 ego
3061 1523 3324 1588 sustineo,
3356 1538 3455 1593 ego
3484 1525 3783 1592 remittam,

2193 1616 2294 1673 ego
2320 1606 2633 1674 suscipiam,
2664 1608 2792 1661 dicit
2830 1609 3087 1666 Dominus
3109 1609 3267 1677 (lsai.
3303 1629 3447 1682 XLVI,
3480 1615 3558 1685 5).
3590 1616 3659 1669 Ει
3686 1618 3783 1671 ite-

2194 1710 2311 1749 rum
2338 1714 2349 1747 :
2383 1695 2494 1765 Ego
2524 1712 2640 1751 sum
2670 1698 2929 1754 Dominus
2957 1700 3096 1757 Deus
3122 1720 3133 1755 :
3161 1714 3212 1757 et
3238 1715 3435 1772 praeter
3462 1721 3670 1761 menon
3699 1720 3784 1762 est

496 1794 697 1848 dixisse
725 1793 984 1847 docetur:
1021 1790 1158 1844 Deus
1182 1789 1474 1851 Abraham,
1516 1795 1568 1841 et
1615 1787 1757 1840 Deus
1800 1783 1989 1850 Jacob,
2036 1790 2090 1838 et
2118 1805 2167 1865 Β
2194 1784 2332 1839 alius
2384 1786 2561 1841 Deus:
2592 1787 2918 1843 adnuntians
2945 1793 3233 1846 novissima
3277 1799 3585 1866 priusquam
3630 1799 3781 1864 tiant,

499 1885 639 1938 Deus
669 1884 839 1950 Isaac,
866 1883 979 1952 ipse
1023 1880 1242 1950 impleat
1272 1879 1701 1934 benedictionem
1732 1891 1881 1931 suam
1912 1876 1964 1930 in
1993 1890 2089 1930 vo-

494 1975 578 2029 bis
602 1973 753 2044 (Tob.
788 1988 882 2037 vu,
910 1972 1036 2044 I5)?
1066 1972 1123 2026 Si
1152 1971 1328 2024 unitas
1362 1986 1465 2023 non
1493 1979 1598 2035 est,
1627 1983 1795 2039 quare
1836 1969 1945 2037 ipse
1991 1968 2088 2021 im-

495 2058 628 2133 pleat
653 2063 815 2127 dixit,
850 2071 906 2119 et.
934 2078 1041 2117 non
1073 2063 1173 2133 ipsi
1203 2062 1452 2131 impleant
1477 2060 1773 2115 intimavit?
1804 2060 2087 2116 Postremo

496 2156 543 2208 si
574 2154 809 2209 Trinitas
840 2169 945 2209 non
975 2164 1076 2220 est,
1127 2169 1293 2223 quare
1322 2153 1583 2207 Dominus
1613 2152 1908 2221 discipulos
1935 2167 2083 2222 suos,

494 2246 546 2299 in
576 2248 795 2300 nomine
825 2245 1023 2310 Patris,
1051 2254 1104 2299 et
1129 2245 1251 2299 Filii
1294 2254 1347 2299 et
1384 2245 1617 2313 Spiritus
1643 2246 1838 2311 sancti,
1875 2245 2089 2301 univer-

493 2350 581 2390 sas
608 2346 795 2406 gentes
835 2336 1017 2391 docuit
1049 2336 1316 2404 baptizare
1364 2336 1577 2407 (Matth.
1630 2353 1817 2404 xxvm,
1847 2337 1978 2408 I9)?
2027 2338 2086 2394 Si

497 2430 672 2482 unitas
712 2442 817 2481 non
848 2436 951 2493 est,
981 2442 1148 2497 quare
1188 2428 1240 2481 in
1276 2431 1481 2482 nomine
1511 2428 1665 2495 dixit,
1702 2442 1755 2484 et
1781 2444 1887 2485 non
1915 2431 1969 2485 in
1994 2447 2089 2485 no-

496 2524 719 2579 minibus
765 2522 1172 2593 percipiendum
1227 2522 1544 2591 perdocuit?
1593 2524 1650 2580 Si
1696 2524 1932 2580 Trinitas
1976 2540 2087 2581 non

493 2611 599 2679 est.
631 2630 799 2685 quare
826 2616 1020 2669 Paulus
1050 2615 1327 2684 apostolus
1356 2617 1431 2670 ait
1466 2634 1477 2668 :
1513 2617 1589 2671 Ex
1614 2617 1750 2686 ipso,
1794 2626 1848 2671 et
1882 2632 1978 2687 per
2001 2618 2084 2687 ip-

494 2722 637 2769 sum,
667 2716 719 2761 ει
746 2707 796 2759 in
828 2707 943 2774 ipso
974 2715 1100 2760 sunt
1126 2706 1301 2760 omnia
1337 2705 1512 2775 (Rom.
1543 2722 1617 2773 XI,
1657 2707 1788 2775 '56)?
1822 2707 1879 2763 Si
1909 2708 2084 2763 unitas

496 2813 606 2852 non
636 2806 738 2859 est,
762 2810 929 2865 quare
956 2812 1017 2850 ea:
1038 2797 1198 2867 362
1234 2797 1349 2866 ipso
1388 2798 1583 2866 posuit,
1634 2809 1688 2852 et
1728 2812 1831 2852 non
1873 2813 1937 2851 ea:
1964 2799 2087 2868 ipsis

495 2892 760 2947 astruxit?
805 2890 861 2946 Si
905 2890 1045 2945 enim
1098 2899 1249 2946 certo
1297 2892 1496 2945 certius
1536 2891 1772 2946 volueris
1817 2890 2075 2945 unitatem

498 2983 781 3038 Ttinitatis
812 2996 1127 3051 agnoscere,
1162 2996 1190 3035 a
1226 2996 1374 3051 saepe
1422 2983 1566 3036 dicto
1595 2982 1815 3037 doctore
1844 2982 2083 3051 gentium

495 3076 743 3145 apostolo
773 3076 970 3142 poteris
1001 3076 1247 3128 universa
1271 3075 1613 3141 condiscere,
1647 3086 1699 3130 et
1724 3076 1871 3145 sequi
1903 3077 2088 3130 catho-

2193 1886 2247 1930 et
2276 1878 2453 1931 statim
2482 1889 2851 1934 consummata
2884 1894 3005 1936 sunt
3024 1882 3215 1954 (Ibid.,
3239 1885 3316 1955 9).
3343 1886 3472 1942 Item
3507 1889 3614 1943 ibi:
3643 1892 3783 1948 Audi

2191 1981 2278 2021 me
2307 1966 2496 2036 Iacob,
2515 1978 2570 2023 et
2595 1969 2779 2037 Israel,
2801 1987 2919 2041 qua:
2947 1988 3046 2043 ego
3065 1974 3164 2029 feci
3191 1993 3204 2029 :
3237 1977 3347 2047 Ego
3375 1993 3491 2032 sum
3517 1979 3781 2036 Dominus

2191 2059 2334 2115 Deus
2358 2072 2497 2128 tuus,
2532 2071 2585 2116 et
2617 2078 2722 2116 non
2750 2064 2985 2118 estalius
3019 2076 3214 2134 praeter
3241 2084 3347 2124 me.
3377 2070 3506 2124 Item
3535 2071 3643 2127 ibi:
3668 2072 3783 2142 Ego

2190 2164 2307 2206 sum
2338 2152 2595 2207 Dominus
2627 2154 2791 2223 Deus,
2838 2157 3068 2224 primus,
3114 2168 3169 2213 et
3216 2174 3314 2229 ego
3345 2162 3691 2228 novissimus,
3723 2174 3783 2218 et

2191 2242 2244 2296 in
2268 2257 2330 2297 ea
2359 2258 2478 2313 qua:
2511 2252 2736 2299 ventura
2776 2254 2901 2300 sunt
2930 2248 2981 2301 in
3014 2246 3307 2306 novissimo
3341 2268 3439 2323 ego
3466 2267 3583 2308 sum
3614 2253 3781 2323 (Isai.

2195 2348 2381 2397 xcvm,
2416 2334 2527 2404 12).
2568 2334 2699 2388 Item
2734 2336 2848 2389 ibi:
2884 2336 2996 2408 Ego
3026 2353 3143 2393 sum
3177 2340 3342 2411 Deus,
3370 2342 3460 2413 qui
3498 2353 3550 2399 te
3576 2348 3780 2415 creavi,

2191 2435 2245 2479 et
2266 2422 2468 2493 adjuvi,
2500 2434 2556 2479 et
2581 2427 2906 2482 communivi
2935 2429 3159 2485 dextera
3188 2448 3328 2487 mea.

2260 2516 2328 2570 Et
2359 2516 2613 2571 unitatem
2648 2516 2820 2573 Patris
2845 2528 2897 2573 et
2929 2519 3050 2575 Filii
3084 2522 3249 2578 Isaias
3284 2525 3566 2594 assignans
3602 2526 3781 2596 loqui-

2190 2615 2278 2662 tur
2301 2607 2523 2662 dicens:
2561 2608 2671 2678 Ego
2702 2610 2855 2665 testis
2887 2622 3085 2678 vester,
3114 2613 3247 2668 dicit
3290 2614 3547 2671 Dominus
3591 2617 3735 2671 Deus
3756 2634 3777 2672 :

2190 2710 2243 2755 et
2274 2715 2405 2770 puer
2435 2716 2607 2767 meus,
2635 2718 2790 2771 quem
2813 2718 2913 2772 ego
2941 2706 3111 2775 elegi,
3144 2716 3203 2761 ut
3228 2708 3413 2763 sciatis
3435 2719 3491 2764 et
3519 2711 3778 2777 credatis,

2190 2795 2312 2865 quia
2335 2811 2433 2865 ego
2454 2810 2607 2861 sum;
2637 2805 2759 2850 ante
2789 2810 2873 2851 me
2895 2810 3001 2851 non
3033 2796 3131 2852 fuit
3152 2799 3307 2868 alius,
3334 2809 3387 2855 et
3415 2812 3535 2870 post
3562 2818 3647 2857 me
3671 2820 3779 2861 non

2192 2887 2297 2941 erit
2318 2885 2479 2957 (Isai.
2506 2903 2634 2941 mu
2651 2928 2666 2952 ,
2698 2886 2808 2957 IO).

2264 2977 2435 3031 Unum
2472 2978 2591 3042 tibi,
2621 2993 2654 3033 ο
2685 2979 2950 3045 lucretice,
2977 2979 3115 3050 elige
3137 2996 3167 3037 e
3195 2981 3402 3039 duobus
3429 3002 3441 3035 :
3475 2993 3566 3039 aut
3604 2983 3778 3039 fatere

2190 3068 2403 3124 Patrem
2434 3079 2489 3125 et
2518 3070 2708 3124 Filium
2740 3086 2901 3125 unum
2934 3071 3132 3141 Deum,
3163 3080 3256 3127 aut
3286 3075 3331 3129 si
3362 3075 3534 3130 solum
3565 3077 3778 3136 Patrem

500 3168 661 3221 licam
714 3164 893 3227 tidem,
944 3172 1002 3218 et
1048 3163 1371 3220 Arianorum
1420 3181 1672 3236 respuere
1722 3168 2077 3236 pravitatem:
2112 3181 2156 3245 ρ
2193 3160 2357 3215 Deum
2380 3176 2499 3215 esse
2526 3161 2841 3229 contendis;
2869 3178 2997 3232 ergo
3027 3165 3120 3220 tibi
3151 3164 3412 3221 Dominus
3440 3167 3597 3223 Iesus
3622 3166 3780 3222 Chri-

498 3259 684 3314 Cratia
714 3258 923 3311 Domini
955 3258 1123 3312 nostri
1152 3257 1278 3312 Jesu
1306 3257 1529 3325 Christi,
1578 3260 1769 3331 inquit,
1798 3268 1854 3316 et
1888 3263 2085 3316 caritas

497 3351 620 3417 Dei,
663 3359 720 3405 et
761 3349 1176 3406 communicatio
1206 3351 1377 3405 sancti
1418 3350 1649 3420 Spiritus
1687 3366 1807 3405 cum
1836 3352 2086 3406 omnibus

499 3441 647 3497 vobis
685 3439 770 3510 (II
804 3441 924 3495 Cor.
973 3457 1089 3507 xm,
1136 3444 1248 3511 I5).
1295 3442 1353 3497 Si
1399 3441 1540 3497 enim
1586 3443 1774 3511 gratia,
1807 3444 2002 3498 caritas
2032 3451 2087 3498 et

501 3532 921 3587 communicatio
947 3532 1178 3602 Spiritus
1206 3533 1381 3588 sancti
1424 3535 1537 3603 ipsa
1577 3542 1681 3601 est,
1726 3543 1782 3590 et
1829 3535 2003 3591 Patris
2033 3544 2088 3591 et

497 3624 638 3688 Filii,
671 3625 946 3694 quomodo
977 3626 1028 3680 in
1059 3626 1323 3680 Trinitate
1352 3641 1517 3681 unum
1552 3641 1657 3681 non
1689 3636 1837 3693 sunt,
1868 3629 1958 3697 qui
1991 3641 2087 3681 na-

496 3728 611 3771 tura
642 3727 803 3788 atque
830 3718 1132 3773 substantia
1173 3718 1242 3773 ab
1276 3717 1508 3774 invicem
1538 3721 1779 3790 separari
1814 3732 1926 3775 non
1957 3732 2085 3789 pos-

492 3808 658 3864 sunt?

1118 3899 1351 3958 CAPUT
1390 3901 1454 3958 II.

917 3991 996 4045 De
1016 3991 1213 4045 unitate
1238 3992 1413 4047 Patris
1438 4002 1484 4047 et
1505 3993 1652 4048 Filii.

560 4083 617 4139 Si
634 4081 734 4138 tibi
764 4081 1035 4139 dixerint:
1066 4084 1339 4153 quomodo
1362 4086 1524 4141 Pater
1552 4096 1606 4141 et
1639 4086 1811 4142 Filius
1842 4098 1980 4143 unus
2002 4096 2086 4143 est

493 4175 653 4243 Deus,
684 4191 806 4231 eum
838 4185 1033 4245 prmter
1065 4176 1278 4232 Patrem
1308 4192 1414 4232 non
1445 4179 1513 4234 sit
1537 4178 1674 4233 alius
1698 4178 1863 4246 Deus,
1892 4180 1981 4248 qui
2008 4178 2085 4235 di-

492 4278 641 4323 catur
664 4268 952 4323 invisibilis
974 4276 1027 4322 et
1055 4270 1356 4339 ingenitus?

564 4361 868 4432 Responsio.
914 4361 1070 4428 Quod
1104 4377 1232 4417 vero
1261 4377 1357 4418 vos
1386 4362 1596 4418 Patrem
1626 4370 1679 4419 et
1702 4364 1898 4420 Filium
1921 4380 2083 4420 unum

493 4450 660 4505 Deum
692 4448 931 4520 proﬁteri
962 4465 1071 4503 non
1120 4451 1298 4513 vultis,
1345 4466 1439 4506 eos
1483 4453 1644 4506 etiam
1697 4468 1793 4508 nos
1823 4470 1988 4509 unum
2029 4463 2084 4509 et

2187 3263 2303 3309 stus
2333 3254 2426 3309 Dei
2454 3254 2641 3320 Filius,
2672 3269 2778 3309 non
2818 3256 2921 3310 erit
2962 3257 3128 3322 Deus,
3172 3262 3295 3327 quia
3337 3260 3601 3329 scriptum
3648 3270 3773 3314 est:

2188 3352 2328 3404 Ante
2365 3364 2450 3404 me
2490 3364 2597 3403 non
2639 3352 2736 3404 fuit
2777 3350 2913 3405 alius
2940 3360 2993 3406 et
3023 3361 3144 3420 post
3175 3367 3263 3406 me
3300 3368 3403 3408 non
3449 3354 3571 3408 erit.
3606 3353 3660 3407 Si
3692 3367 3778 3408 se-

2188 3440 2419 3494 cundum
2454 3449 2504 3494 te
2533 3441 2604 3494 ita
2633 3449 2747 3509 est,
2788 3456 2886 3495 cur
2916 3443 3205 3511 Apostolus
3237 3443 3415 3513 (Rom.
3440 3459 3489 3497 1x
3510 3484 3524 3509 ,
3548 3443 3603 3514 5)
3637 3460 3779 3514 prte-

2186 3530 2329 3585 dicat
2372 3531 2517 3597 talia,
2552 3540 2605 3585 et
2631 3531 2878 3587 eumdem
2932 3533 3126 3588 Filium
3178 3535 3348 3590 Deum
3389 3549 3549 3603 super
3598 3536 3779 3591 omnia

2186 3621 2526 3677 benedictum
2568 3623 2832 3678 insinuat?
2868 3626 3106 3691 Quorum
3154 3636 3351 3696 patres,
3385 3628 3586 3697 inquit,
3614 3636 3665 3683 et
3711 3645 3782 3686 ex

2186 3715 2376 3784 quibus
2418 3715 2659 3771 Christus
2704 3717 2995 3771 secundum
3044 3732 3296 3785 carnem,
3338 3721 3426 3789 qui
3474 3729 3556 3775 est
3608 3735 3782 3790 super

2186 3806 2362 3860 omnia
2394 3806 2533 3861 Deus
2564 3806 2877 3862 benedictus
2902 3808 2953 3862 in
2984 3810 3197 3863 saecula.
3227 3810 3355 3864 Item
3393 3811 3551 3865 Isaias
3580 3811 3657 3865 sic
3688 3810 3780 3865 di-

2187 3899 2297 3954 cit:
2333 3900 2589 3954 Dominus
2622 3901 2763 3955 Deus
2791 3900 2954 3957 Israel
2992 3904 3079 3971 qui
3112 3903 3358 3958 liberavit
3382 3919 3479 3959 eos
3508 3905 3573 3959 de
3604 3904 3784 3975 IEgy-

2187 4000 2300 4060 pto,
2329 4006 2428 4060 ego
2455 4005 2572 4045 sum
2606 3991 2830 4061 primus,
2860 4003 2913 4047 et
2940 4007 3039 4062 ego
3071 4001 3191 4061 post
3220 3995 3354 4059 lucc,
3382 4004 3436 4048 et
3468 4006 3659 4063 praeter
3690 4011 3783 4052 me

2189 4097 2292 4137 non
2320 4092 2403 4137 est
2429 4082 2570 4137 Deus
2594 4084 2731 4137 sicut
2761 4098 2860 4152 ego
2885 4099 3001 4139 sum
3020 4129 3033 4154 ,
3058 4086 3145 4154 qui
3170 4093 3275 4139 stet
3296 4095 3350 4139 et
3379 4096 3532 4141 vocet
3558 4096 3612 4141 et
3640 4102 3783 4156 pra:-

2189 4185 2340 4243 paret
2362 4176 2492 4229 mihi
2514 4191 2579 4227 ex
2602 4191 2707 4242 quo
2730 4176 2999 4231 hominem
3022 4177 3120 4231 ieci
3146 4177 3197 4230 in
3225 4179 3421 4231 sarculo
3444 4178 3600 4247 (lsai.
3626 4194 3780 4245 xuv,

2189 4269 2266 4337 θ).
2297 4268 2427 4322 Item
2456 4268 2527 4322 ibi
2556 4286 2567 4319 :
2605 4268 2710 4324 Iste
2742 4277 2823 4323 est
2854 4269 3026 4335 Deus,
3055 4280 3109 4323 et
3149 4271 3547 4336 nesciebamus,
3581 4280 3635 4325 et
3665 4286 3779 4326 non

2189 4368 2270 4412 est
2300 4357 2434 4411 alius
2465 4357 2607 4411 Deus
2648 4368 2842 4427 praeter
2885 4368 2974 4413 te:
3008 4360 3084 4413 Tu
3117 4362 3258 4414 enim
3304 4376 3361 4414 es
3408 4360 3567 4427 Dens,
3595 4370 3650 4415 et
3680 4377 3781 4416 ne-

2188 4448 2519 4519 sciebamus,
2560 4450 2699 4504 Deus
2736 4449 2898 4505 Israel
2944 4449 3191 4504 Salvator
3222 4448 3384 4522 (Isai.
3411 4466 3536 4517 ην,
3573 4451 3683 4517 15).
3719 4451 3781 4506 Si

492 4556 680 4595 verum
734 4540 898 4596 Deum
947 4556 976 4595 ε
1028 4542 1305 4611 prophetis
1358 4552 1412 4595 et
1456 4545 1717 4611 apostolis
1750 4545 2083 4599 ostendimus
2114 4564 2160 4621 ι)
2188 4556 2325 4594 unus
2355 4541 2496 4595 Deus
2523 4556 2628 4596 non
2655 4552 2778 4596 sunt
2807 4542 2961 4598 Pater
2982 4554 3037 4597 ct
3064 4542 3247 4607 Filius,
3275 4542 3394 4612 quis
3416 4552 3494 4597 est
3523 4542 3607 4597 hic
3632 4542 3780 4597 Dens

492 4633 865 4702 praedicatum,
898 4648 925 4686 a
950 4634 1141 4702 quibus
1162 4635 1321 4688 etiam
1348 4633 1603 4703 Spiritum
1636 4646 1880 4689 sanctum
1900 4636 2076 4690 credi-

491 4739 610 4779 mus
632 4739 736 4780 non
764 4724 1077 4790 discretum,
1105 4725 1234 4780 Isaia
1262 4726 1520 4795 prOpheta
1547 4727 1758 4782 dicente
1782 4744 1797 4777 :
1828 4728 1937 4796 Ego
1957 4744 2074 4782 sum

494 4819 674 4876 Deus:
706 4825 761 4872 et
790 4833 896 4872 non
931 4830 1013 4873 est
1039 4829 1240 4888 praeter
1270 4833 1357 4872 me
1388 4818 1545 4884 alius,
1576 4834 1669 4886 per
1702 4821 2076 4887 memetipsum

487 4909 630 4978 juro,
654 4910 783 4978 quia
817 4908 981 4963 exivit
1014 4923 1077 4963 ex
1106 4923 1203 4964 ore
1240 4924 1361 4963 meo
1391 4910 1611 4978 veritas,
1641 4918 1694 4964 et
1715 4924 1894 4964 sermo
1924 4925 2076 4966 meus

490 5015 597 5055 non
624 5002 912 5066 auferetur,
945 5001 1065 5069 quia
1096 5000 1224 5054 mihi
1258 5001 1611 5056 inclinabitur
1642 5016 1802 5056 omne
1831 5016 1988 5071 genu,
2022 5010 2077 5058 et

487 5093 663 5148 omnis
691 5092 869 5162 lingua
904 5092 1106 5162 jurabit
1135 5107 1232 5161 per
1262 5093 1571 5158 Dominum,
1605 5094 1792 5149 dicens
1818 5112 1831 5148 :
1861 5094 2073 5148 Justitia

486 5192 541 5239 et
568 5184 735 5254 gloria
755 5182 820 5237 ad
848 5197 973 5237 eum
1000 5183 1180 5237 veniet
1207 5183 1361 5253 (lsai.
1392 5201 1516 5250 xcv,
1552 5184 1671 5255 29.).
1706 5185 1771 5238 Et
1802 5193 1859 5238 ut
1888 5184 1940 5237 in
1973 5183 2074 5239 hoc

487 5276 795 5331 testimonio
835 5274 1045 5331 Patrem
1074 5283 1129 5329 et
1151 5274 1345 5329 Filium
1374 5277 1529 5331 simul
1556 5276 1720 5331 fuisse
1750 5289 2069 5344 cognoscas,

486 5369 709 5423 Paulum
744 5369 1042 5437 apostolum
1074 5366 1197 5422 audi
1228 5367 1516 5434 dicentem,
1543 5381 1602 5421 ut
1628 5369 1681 5422 in
1706 5366 2069 5422 nomineJesu

454 5474 646 5527 ,omne
670 5474 807 5529 genu
840 5460 1102 5526 ﬂectatur,
1137 5459 1457 5524 cmlestium,
1502 5460 1856 5525 terrestrium,
1899 5466 1955 5513 et
1987 5459 2068 5511 in-

489 5549 778 5616 ternorum,
811 5558 865 5604 et
892 5550 1065 5605 omnis
1094 5550 1272 5619 lingua
1293 5550 1628 5612 conﬁteatur,
1658 5550 1912 5619 quoniam
1951 5548 2064 5603 Do-

488 5644 663 5698 minus
688 5644 841 5699 Jesus
860 5643 1106 5700 Christus
1134 5645 1182 5699 iu
1203 5644 1373 5714 gloria
1393 5653 1478 5700 est
1499 5643 1592 5698 Dei
1622 5642 1791 5697 Patris
1812 5641 2061 5709 omnipo-

492 5736 647 5791 tentis
677 5734 900 5806 (Philip.
956 5754 1012 5809 ιι,
1065 5738 1176 5808 10).
1222 5736 1374 5805 Quod
1400 5735 1446 5795 si
1474 5734 1767 5795 secundum
1800 5742 1852 5793 te
1884 5733 2052 5793 Filius

2181 4642 2235 4695 in
2267 4647 2373 4703 quo
2413 4648 2533 4688 esse
2561 4634 2755 4688 dicitur
2789 4635 2947 4703 Deus,
2984 4644 3177 4703 praeter
3206 4649 3361 4703 quem
3407 4635 3564 4687 alium
3603 4634 3774 4688 Deum

2182 4737 2286 4776 non
2333 4738 2453 4778 esse
2505 4726 2765 4793 propheta
2808 4724 2907 4777 sub
2940 4739 3165 4778 numero
3210 4722 3574 4792 protestatut‘?
3612 4724 3780 4797 364

2183 4814 2246 4866 Ει
2277 4813 2572 4867 Jerentias:
2609 4815 2704 4868 Hic
2736 4813 2875 4868 Deus
2904 4824 3107 4880 noster,
3135 4813 3241 4877 ait,
3268 4822 3321 4867 el
3350 4828 3455 4865 non
3481 4812 3776 4881 applicabi-

2182 4914 2269 4956 tur
2300 4904 2434 4956 alter
2460 4903 2525 4955 ad
2554 4918 2673 4957 eum
2692 4945 2706 4969 ,
2732 4904 2822 4973 qui
2854 4905 3061 4958 invenit
3093 4919 3306 4957 omnetn
3336 4904 3476 4957 viam
3502 4904 3773 4966 scientiae,

2181 5003 2235 5048 et
2277 4993 2421 5047 dedit
2448 4993 2614 5048 Jacob
2645 5009 2810 5064 puero
2850 5010 2949 5050 suo
2985 5004 3039 5050 et
3084 4994 3243 5050 Israel
3288 4995 3463 5050 electo
3492 5009 3611 5049 suo.
3643 4995 3776 5051 Post

2180 5083 2297 5137 tunc
2321 5084 2372 5137 in
2407 5084 2561 5139 terris
2592 5087 2761 5151 visus,
2788 5094 2841 5140 et
2874 5087 3012 5140 inter
3041 5087 3286 5140 homines
3312 5096 3664 5140 conversatus
3690 5095 3774 5140 est

2179 5173 2441 5244 (Baruch.
2468 5191 2556 5244 ιιι,
2581 5177 2694 5247 '57).
2728 5178 2794 5232 Et
2838 5178 2889 5231 in
2936 5177 3226 5232 Salomone
3258 5195 3269 5228 :
3314 5178 3569 5232 Miserere
3613 5176 3771 5231 nobis

2177 5264 2317 5318 Deus
2355 5266 2627 5332 omnium,
2658 5278 2713 5321 et
2742 5267 2965 5321 ostende
2998 5267 3150 5321 nobis
3183 5267 3362 5322 lumen
3405 5268 3774 5322 miserationis

2178 5367 2301 5423 tuae,
2327 5367 2381 5412 et
2406 5358 2634 5413 immitte
2657 5359 2902 5419 timorem
2929 5370 3076 5414 tuum
3108 5374 3270 5430 super
3295 5368 3480 5429 gentes
3509 5373 3629 5428 qum
3658 5372 3771 5414 non

2175 5453 2541 5523 exquisierunt
2592 5462 2671 5518 te,
2713 5460 2775 5508 ut
2820 5464 3176 5523 cognoscant,
3230 5456 3480 5525 quoniam
3528 5468 3633 5507 non
3683 5462 3773 5509 est

2169 5544 2304 5599 alius
2335 5544 2477 5599 Deus
2519 5544 2621 5598 nisi
2662 5552 2716 5599 tu
2760 5543 2950 5613 (Eccli.
2977 5561 3172 5613 χχχιιι,
3205 5546 3292 5615 I).
3334 5545 3464 5600 Item
3509 5544 3620 5598 ibi:
3655 5544 3770 5599 Do-

2170 5637 2314 5692 mine
2346 5637 2485 5692 Deus
2516 5635 2709 5701 Israel,
2739 5650 2845 5690 non
2888 5642 2971 5691 est
3004 5636 3099 5691 tibi
3140 5636 3329 5691 similis
3369 5636 3421 5690 in
3462 5644 3602 5689 cocto
3641 5649 3768 5687 sur-

2167 5746 2282 5791 sum
2302 5774 2316 5801 ,
2348 5746 2522 5803 neque
2552 5730 2604 5788 in
2637 5739 2781 5789 terra
2811 5730 3089 5790 deorsum.
3117 5730 3180 5787 Et
3204 5729 3257 5784 in
3292 5730 3496 5801 psalmo
3528 5726 3766 5796 septimo
