4026 6176
238 343 335 397 $37

1372 341 1643 399 CONTRA
1672 341 2085 399 VARIMADUM
2126 342 2251 399 LIB.
2296 344 2336 398 l.

3377 348 3481 404 558

240 459 444 512 decimo
505 457 687 528 (Vm.
722 458 825 528 32)
863 474 877 512 :
933 457 1193 525 Quoniam
1247 459 1364 528 quis
1417 460 1556 515 Deus
1610 468 1804 527 praeter
1834 462 1883 519 Α
1908 464 1962 509 et
1999 458 2242 522 exsulta,
2278 456 2382 510 ﬁlia
2410 455 2571 515 Sion.
2600 457 2724 525 quia
2762 470 2887 512 ecce
2928 468 3025 526 ego
3054 456 3227 517 venio,
3259 466 3311 510 et
3339 473 3485 511 coin-

240 548 556 601 Dominum?
597 558 688 601 aut
735 549 852 616 quis
904 548 1045 602 Deus
1086 556 1282 617 praeter
1327 548 1492 602 Deum
1536 548 1810 603 nostrum?

240 640 303 693 Et
334 642 383 693 in
419 639 611 693 Genesi
639 656 649 689 :
687 639 753 692 Et
782 638 910 708 pluit
946 639 1203 693 Dominus
1239 654 1268 691 a
1300 639 1524 693 Domino
1555 641 1728 708 ignem
1759 646 1813 693 et

236 730 458 800 sulphur
496 745 656 797 super
695 728 981 784 Sodomam
1022 739 1076 783 et
1112 728 1495 796 Gomorrham,
1529 738 1585 783 et
1622 729 1815 783 evertit

235 821 477 874 civitates
522 819 638 872 illas
686 818 843 886 (Gen.
870 835 987 883 xix,
1016 819 1135 887 24).
1180 818 1237 873 Si
1280 818 1428 872 solus
1472 819 1627 872 Pater
1672 819 1813 873 Deus

236 922 342 973 εει,
373 910 497 978 quis
538 910 670 977 pluit
702 910 876 977 ignem
921 918 975 963 et
1013 910 1236 979 sulphur
1264 925 1293 962 a
1331 908 1586 973 Domino,
1628 919 1685 962 nt
1722 925 1815 962 su-

239 1000 503 1069 pradictas
533 999 774 1052 civitates
794 999 1095 1053 everteret?
1115 999 1325 1066 Quaeso,
1352 998 1635 1066 responde.
1670 997 1732 1051 Et
1763 998 1815 1051 in

239 1093 651 1146 Deuteronomio
674 1108 687 1145 :
719 1092 973 1147 Dominus
999 1093 1145 1147 solus
1171 1092 1466 1147 deducebat
1487 1108 1601 1157 eos,
1628 1099 1684 1146 et
1712 1107 1817 1146 non

240 1184 327 1236 fnit
378 1199 503 1239 cum
557 1184 660 1238 illis
710 1183 846 1238 Deus
894 1185 1099 1238 alienus
1148 1182 1337 1251 (Deut.
1371 1174 1549 1246 xxxii,
1581 1185 1702 1251 12).
1755 1182 1814 1237 Et

241 1276 434 1329 Paulus
478 1274 789 1343 apostolus:
818 1273 967 1329 Unus
1002 1274 1168 1339 Deus,
1201 1273 1401 1342 inquit,
1446 1273 1535 1341 qui
1561 1272 1822 1345 justiﬁcat

239 1367 698 1421 circumcisionem
745 1380 807 1418 ex
861 1364 995 1431 ﬁde,
1037 1371 1092 1418 et
1148 1363 1463 1432 praeputium
1515 1377 1611 1429 per
1661 1360 1819 1415 ﬁdem

242 1457 411 1526 (Rom.
440 1470 533 1518 ιιι,
556 1455 672 1523 50).
699 1454 765 1508 Et
794 1452 859 1506 ad
886 1453 1190 1507 Corinthios
1219 1468 1231 1505 :
1272 1452 1414 1506 Deus
1441 1460 1556 1505 erat
1587 1452 1637 1504 in
1671 1451 1826 1504 (.hri-

238 1556 337 1608 sto,
382 1545 642 1599 mundum
690 1543 1038 1598 reconcilians
1079 1543 1179 1598 sibi
1230 1540 1331 1611 (II
1364 1541 1480 1596 Cor.
1507 1558 1557 1608 ν,
1586 1541 1711 1610 19).
1760 1541 1826 1596 Et

239 1634 430 1688 iterum
459 1651 471 1684 :
506 1633 618 1686 Non
650 1643 732 1687 est
764 1632 900 1686 Deus
930 1633 1032 1686 nisi
1061 1646 1217 1687 unus.
1247 1632 1309 1685 Et
1332 1632 1396 1685 ad
1432 1629 1684 1685 Galatas:
1717 1625 1841 1687 Me:

240 1724 413 1778 diator
460 1733 638 1777 autem
680 1724 837 1777 unius
879 1739 983 1777 non
1031 1732 1147 1788 est,
1178 1724 1318 1777 Deus
1359 1733 1534 1776 autem
1576 1738 1712 1776 unus
1743 1732 1826 1778 est

1913 544 2165 598 morabor
2192 543 2243 597 in
2275 544 2450 599 medio
2481 546 2583 611 tui,
2613 546 2740 600 dicit
2776 546 3031 599 Dominus
3063 544 3245 615 (Zaclt.
3273 560 3339 611 ιι,
3373 545 3484 612 10).

1914 635 1981 690 Ει
2024 638 2311 706 Apostolus
2355 640 2419 691 ad
2465 639 2843 694 Timotheum:
2886 639 3158 693 llumanus
3204 652 3402 703 sermo,
3433 650 3487 692 et

1915 732 2059 784 omni
2085 733 2393 801 acceptione
2425 734 2637 802 dignus,
2667 736 2914 805 quoniam
2944 735 3191 789 Christus
3218 735 3372 789 Jesus
3396 750 3488 788 ve-

1916 824 1993 877 nit
2021 825 2070 878 in
2101 825 2241 879 hunc
2271 828 2522 882 mundum
2548 841 2851 895 peccatores
2873 830 3049 883 salvos
3073 829 3246 882 facere
3270 826 3320 898 (Ι
3353 827 3485 879 Tim.

1917 930 1967 981 ι,
1994 916 2104 986 15).
2148 916 2215 969 Ει
2252 917 2572 973 Malacliias:
2604 920 2739 974 Ecce
2777 921 2953 973 subito
2989 919 3163 974 veniet
3202 918 3252 972 in
3294 917 3488 984 templo

1919 1018 2017 1057 suo
2048 1006 2299 1059 Dominus
2329 1021 2484 1075 quem
2515 1022 2609 1061 vos
2655 1009 2923 1076 quaeritis,
2966 1015 3021 1061 et
3063 1007 3283 1075 angelus
3325 1014 3490 1059 testa-

1920 1095 2085 1148 menti
2116 1110 2270 1164 quem
2302 1111 2396 1150 vos
2424 1098 2582 1150 vultis
2613 1097 2870 1165 (.llolaclt.
2898 1113 2982 1162 ιιι,
3016 1098 3089 1166 1).
3123 1098 3185 1149 Et
3230 1098 3282 1150 in
3317 1096 3491 1149 Evan-

1920 1187 2059 1254 gelio
2085 1205 2096 1239 :
2130 1187 2241 1241 Non
2261 1189 2381 1242 veni
2402 1204 2591 1243 vocate
2616 1189 2810 1256 jusms,
2834 1187 2926 1241 sed
2959 1195 3270 1256 peccatores
3300 1188 3349 1238 in
3381 1201 3493 1253 pm-

1923 1276 2197 1329 nitcutiam
2228 1278 2378 1343 (Luc.
2408 1292 2460 1344 v,
2492 1276 2604 1346 5‘2).
2633 1278 2759 1332 item
2792 1279 2862 1332 ibi
2891 1295 2902 1329 :
2937 1276 3071 1343 Quid
3104 1275 3256 1329 nobis
3282 1285 3336 1328 et
3366 1274 3491 1337 tibi,

1924 1366 2071 1432 .lesu,
2096 1369 2190 1422 Fili
2218 1369 2344 1424 Dei?
2367 1369 2567 1423 Venisti
2597 1380 2721 1424 ante
2748 1380 2952 1439 tempus
2979 1368 3203 1437 perdere
3222 1381 3320 1421 nos
3344 1365 3493 1434 (bur.

1925 1457 2131 1527 mss)?
2156 1458 2310 1511 Venit
2335 1458 2498 1513 Filius
2530 1459 2759 1514 hominis
2782 1460 2986 1513 saltare
3011 1469 3064 1513 et
3089 1472 3327 1527 quaerere
3352 1457 3494 1525 quod

1926 1548 2155 1615 perierat
2186 1548 2336 1619 (Luc.
2361 1565 2479 1615 nx,
2510 1548 2621 1616 10).
2650 1549 2776 1603 item
2809 1548 2881 1603 ibi
2908 1566 2919 1602 :
2954 1548 3064 1617 Ego
3094 1546 3212 1599 veni
3247 1553 3304 1598 ut
3331 1545 3495 1599 vitam

1927 1640 2187 1705 habeant,
2234 1643 2396 1712 366
2430 1652 2485 1696 et
2530 1641 2886 1696 abundantius
2930 1640 3163 1694 habeant
3207 1637 3392 1709 (Joan.
3426 1653 3492 1701 ιι,

1928 1730 2038 1798 10).
2073 1731 2198 1784 item
2230 1732 2299 1785 ibi
2327 1750 2338 1783 :
2377 1733 2484 1799 Ego
2518 1732 2635 1786 veni
2661 1731 2712 1784 in
2743 1731 2955 1785 nomine
2982 1729 3282 1783 Patrismei
3315 1726 3493 1799 (Joan.

242 1814 377 1883 (Gai.
403 1828 493 1878 ιιι,
514 1812 632 1883 20).
668 1812 734 1866 Et
760 1813 1013 1866 unitatem
1042 1813 1232 1879 Patris,
1262 1822 1313 1866 et
1343 1812 1486 1878 Filii,
1511 1820 1563 1865 et
1592 1812 1819 1880 Spiritus
1852 1828 1897 1887 Β
1925 1836 1976 1885 v,
2001 1819 2115 1890 45).
2157 1821 2284 1875 item
2328 1821 2397 1875 ibi
2426 1839 2437 1873 :
2471 1821 2637 1875 Nemo
2666 1820 2906 1874 ascendit
2935 1820 2987 1873 in
3018 1818 3242 1885 coelum,
3273 1817 3373 1871 nisi
3404 1818 3493 1886 qui

242 1907 403 1959 sancti
450 1904 857 1966 demonstrans,
902 1903 1147 1971 Ephesiis
1189 1904 1464 1964 scribens,
1517 1901 1587 1955 ita
1629 1902 1821 1955 conﬁr-

241 2002 345 2046 mat
371 2012 384 2044 :
418 1992 749 2047 Suﬁ‘erentes
776 1992 1001 2046 invicem
1032 1992 1084 2045 in
1114 1992 1340 2045 caritate
1370 1991 1578 2044 solliciti
1610 2006 1824 2046 servare

243 2083 497 2135 unitatem
529 2083 749 2149 spiritus
778 2085 829 2135 in
862 2082 1073 2135 vinculo
1106 2081 1270 2149 pacis.
1306 2080 1479 2134 Unum
1510 2095 1739 2149 corpus,
1770 2091 1825 2135 et

244 2188 374 2226 unus
399 2173 645 2241 Spiritus,
677 2171 814 2226 sicut
844 2171 1014 2226 vocati
1041 2171 1170 2226 estis
1196 2170 1247 2223 in
1278 2184 1381 2224 una
1410 2184 1505 2239 spe
1532 2172 1825 2225 vocationis

246 2272 456 2316 vestrm.
489 2261 636 2317 Unus
670 2263 944 2325 Dominus,
987 2278 1085 2316 una
1133 2262 1291 2326 ﬁdes,
1338 2276 1496 2314 unum
1539 2248 1821 2331 baptisma,

246 2369 374 2408 unus
414 2353 559 2406 Deus
594 2352 805 2425 (Ep/res.
833 2370 906 2418 IV,
930 2354 1069 2423 5-6).
1103 2353 1156 2409 Si
1196 2355 1368 2419 enim,
1404 2354 1675 2419 haeretica,
1710 2356 1827 2408 uni-

246 2454 400 2498 tatem
432 2444 557 2497 ﬁdei
600 2445 837 2499 volueris
874 2444 1103 2512 simplici
1132 2444 1294 2498 corde
1325 2446 1583 2513 recipere,
1614 2459 1679 2498 ex
1724 2445 1826 2500 hoc

246 2535 421 2603 itaque
450 2534 758 2590 testimoiiio
787 2536 838 2589 in
871 2553 977 2590 uno
1006 2536 1206 2604 Spiritu
1238 2538 1438 2604 poteris
1464 2536 1623 2590 simul
1654 2535 1827 2591 Patris

245 2636 295 2678 et
324 2625 444 2678 Filii
479 2627 739 2679 unitatem
773 2628 1101 2681 condiscere.
1135 2627 1343 2680 Patrem
1370 2628 1549 2696 igitur,
1583 2639 1639 2681 ut
1668 2641 1828 2697 supe-

245 2718 353 2769 rius
398 2716 662 2785 posuisti,
704 2716 756 2770 in
790 2717 981 2770 divinis
1023 2716 1238 2771 Litteris
1278 2717 1571 2785 ingenitum
1614 2718 1828 2785 pr0prie

246 2808 473 2873 positum
491 2846 504 2870 ,
535 2821 635 2860 nec
665 2807 842 2876 legere
870 2807 1038 2874 possis
1061 2807 1290 2874 penitus,
1316 2822 1415 2861 nec
1441 2806 1688 2875 probare.
1721 2807 1825 2863 Sed

246 2897 365 2963 quia
398 2896 633 2965 idipsutn
668 2898 799 2951 ﬁdes
823 2898 984 2965 exigit
1009 2896 1329 2964 Christiana,
1358 2898 1560 2967 absque
1594 2898 1699 2951 ulla
1729 2907 1827 2953 du-

247 2986 504 3039 bitritione
552 2987 819 3055 ingenitus
859 2988 1132 3041 creditur:
1173 2988 1263 3056 qui
1310 2997 1485 3041 tamen
1532 2986 1823 3043 secundum

247 3078 436 3130 seriem
468 3077 867 3147 Scripturarum
908 3076 961 3130 in
1004 3076 1142 3131 Filio
1178 3092 1207 3130 a
1235 3091 1294 3132 se
1324 3081 1501 3150 genito
1534 3075 1680 3132 visus
1708 3091 1828 3133 esse

248 3180 604 3224 monstratur.

772 3259 931 3330 335
957 3258 1181 3314 CAPUT
1221 3257 1308 3313 ιιι.

252 3347 327 3404 De
359 3366 416 3404 eo
443 3350 583 3411 quod
613 3350 838 3403 dicitur:
869 3350 990 3404 Non
1029 3366 1061 3402 a
1101 3352 1290 3420 meipso
1334 3350 1473 3417 veni,
1502 3350 1592 3402 sed
1628 3348 1716 3403 ille
1756 3366 1834 3405 me

970 3440 1127 3492 misit.

318 3534 375 3589 Si
408 3534 504 3587 tibi
535 3533 764 3587 dixerint
793 3532 935 3601 quod
966 3533 1133 3587 Filius
1154 3532 1349 3587 dixerit
1374 3531 1522 3586 :Non
1552 3546 1580 3584 a
1604 3545 1690 3586 me
1716 3532 1832 3601 ipso

255 3632 393 3695 veni,
422 3630 517 3683 sed
551 3631 637 3684 ille
666 3645 754 3685 me
782 3630 929 3683 misit
958 3629 1135 3697 (Joan.
1160 3646 1280 3696 vtu,
1306 3630 1423 3698 42).

321 3725 632 3793 Responsio.
676 3725 966 3793 Apostolus
1014 3740 1224 3795 quoque
1275 3724 1474 3779 Paulus
1525 3728 1833 3783 missionem

256 3820 376 3875 Filii
408 3821 505 3875 Dei
543 3821 596 3873 in
644 3820 845 3889 Spiritu
887 3829 1072 3874 sancto
1118 3820 1275 3889 longe
1307 3830 1432 3875 ante
1474 3824 1834 3893 conspiciens,

256 3908 509 3965 Romanae
538 3909 793 3965 Ecclesiae
816 3909 1077 3973 scribens,
1109 3909 1218 3962 hanc
1244 3918 1467 3964 testatus
1490 3920 1593 3978 est,
1618 3913 1835 3967 dicens:

257 4001 406 4066 Quod
450 4004 595 4056 enim
643 4000 976 4069 impossibile
1023 4009 1139 4055 erat
1180 4000 1282 4070 legi
1316 4002 1365 4054 in
1401 4016 1506 4071 quo
1538 4002 1839 4058 inﬁrmaba-

257 4102 341 4145 tur
381 4093 433 4145 in
468 4107 664 4154 carne,
703 4091 845 4144 Deus
890 4090 1084 4144 Filium
1128 4106 1281 4145 suum
1316 4092 1460 4144 misit
1505 4092 1555 4145 in
1597 4093 1842 4148 similitu-

256 4182 379 4236 dine
406 4184 587 4237 earnis
619 4182 853 4251 peccati,
877 4190 930 4235 et
968 4181 1037 4235 de
1084 4191 1302 4250 peccato
1333 4182 1610 4235 damnavit
1660 4198 1843 4250 pecea-

257 4283 365 4327 tum
398 4274 450 4328 in
478 4288 660 4339 carne,
686 4283 744 4328 ut
768 4274 1079 4342 justiﬁcatio
1123 4274 1255 4343 legis
1301 4274 1617 4344 impleretur
1648 4274 1837 4344 (Rom.

259 4381 383 4429 vm,
406 4367 465 4431 ὅ,
492 4366 571 4435 4).
612 4365 871 4420 Cernisne
901 4367 1152 4434 quoniam
1199 4367 1363 4422 Filius
1408 4382 1513 4421 non
1545 4366 1839 4422 secundum

261 4460 515 4513 deimtcm
548 4475 576 4512 a
608 4459 763 4514 Patre
794 4462 988 4514 missus
1014 4469 1124 4528 est,
1150 4460 1243 4516 sed
1269 4461 1562 4516 secundum
1590 4476 1804 4517 carnem
1823 4502 1838 4528 ,

1927 1908 1994 1963 de
2024 1909 2163 1963 coelo
2192 1909 2497 1973 descendit,
2532 1910 2699 1964 Filius
2732 1909 2986 1974 hominis,
3029 1910 3117 1977 qui
3157 1917 3238 1962 est
3278 1908 3328 1961 in
3360 1909 3496 1962 cmlo

1923 1998 2105 2070 (Joan.
2133 2016 2217 2065 ιιι,
2247 2001 2354 2068 15).
2389 2000 2632 2068 Nunquid
2663 2000 2713 2053 in
2748 2000 2810 2053 iis
2842 2000 3003 2053 tantis
3027 2013 3089 2052 ac
3120 1997 3315 2052 talibus
3347 2000 3496 2051 testi-

1925 2091 2143 2155 moniis,
2181 2090 2372 2159 quibus
2399 2104 2457 2144 se
2490 2090 2651 2144 Filius
2682 2089 2845 2144 Deum
2884 2103 2914 2143 a
2946 2086 3238 2156 semetipso
3275 2095 3497 2141 testatus

1927 2190 2038 2243 εει,
2074 2182 2270 2249 poteris
2310 2180 2488 2235 dicere
2517 2180 2585 2233 ab
2618 2180 2755 2245 alio,
2782 2189 2835 2235 et
2870 2192 2976 2233 non
3015 2192 3043 2230 a
3075 2175 3362 2244 semetipso
3401 2189 3497 2229 vc-

1928 2270 2111 2325 nisse?
2140 2270 2264 2325 dum
2312 2271 2645 2325 manifestum
2687 2278 2797 2335 est,
2845 2284 2966 2325 eum
3010 2269 3099 2337 qui
3143 2283 3358 2323 carnem
3404 2283 3473 2320 no

1926 2369 2090 2417 Stram
2120 2361 2397 2430 dignanter
2426 2362 2739 2430 assumpsit,
2766 2361 3059 2426 voluntate,
3088 2367 3143 2413 et
3171 2373 3275 2412 non
3305 2357 3373 2411 ab
3395 2358 3499 2411 alio

1927 2453 2123 2507 missus
2153 2453 2449 2507 advenerit.
2477 2452 2607 2506 Nam
2636 2454 2723 2522 qui
2768 2453 2819 2507 in
2867 2453 3022 2506 Patre
3052 2464 3271 2505 manens
3306 2450 3499 2503 virtute

1928 2544 2175 2611 potentia:
2214 2557 2323 2597 suae
2354 2543 2624 2607 consistit,
2666 2544 2752 2598 ubi
2797 2558 2827 2597 a
2860 2543 3017 2597 Patre
3045 2541 3340 2595 mitteretur
3378 2553 3499 2593 om-

1928 2637 2053 2689 nino
2084 2651 2189 2688 non
2222 2635 2430 2698 habuit;
2459 2636 2706 2703 quoniam
2740 2634 2879 2688 nulla
2924 2648 3048 2703 pars
3096 2630 3409 2685 saeculorum
3439 2643 3500 2682 ac

1929 2734 2085 2780 terra:
2106 2742 2134 2779 a
2157 2735 2443 2795 conspectu
2472 2726 2642 2780 Patris
2665 2725 2950 2795 excipitur,
2977 2723 3068 2778 ubi
3094 2719 3385 2778 secundum
3406 2733 3502 2774 vos

1928 2835 1958 2875 a
1986 2822 2140 2876 Patre
2172 2821 2339 2876 Filius
2370 2821 2693 2875 mitteretur.

2536 2909 2760 2966 CAPUT
2800 2908 2889 2962 iV.

2242 3000 2338 3054 Ubi
2365 3000 2572 3064 dicitur,
2602 2999 2852 3053 Dominus
2880 2997 3062 3051 creavit
3093 3011 3173 3049 me

1952 3081 1966 3089 “
1998 3091 2055 3148 Si
2083 3091 2175 3147 tibi
2206 3092 2438 3146 dixerint
2465 3090 2594 3145 ἱειιιίι
2627 3088 2932 3145 Salomonis
2970 3084 3324 3141 testimonium
3352 3082 3505 3136 :Do-

1858 3189 1902 3252 C
1934 3185 2107 3239 minus
2143 3183 2347 3238 creavit
2374 3198 2461 3245 me
2489 3182 2542 3236 in
2572 3179 2777 3236 initium
2818 3178 3021 3232 viarum
3061 3190 3275 3229 suarum
3322 3174 3501 3244 (Prov.

1936 3290 2027 3329 vin
2046 3316 2059 3339 ,
2086 3273 2198 3343 2'2).

2006 3365 2310 3435 Responsio.
2336 3363 2532 3418 Paulus
2558 3363 2750 3433 quippe
2773 3359 3050 3429 apostolus
3079 3373 3184 3413 non
3213 3355 3504 3412 secundum

1937 3453 2148 3510 deitatis
2179 3464 2424 3509 naturam
2450 3452 2718 3508 Christum
2748 3459 2985 3506 creatum
3014 3448 3270 3513 insinuat,
3301 3447 3393 3502 sed
3422 3461 3509 3502 se-

1937 3549 2168 3604 cundum
2200 3549 2441 3602 humana:
2474 3554 2675 3601 natura:
2706 3544 3059 3599 subSIantiam
3090 3542 3334 3595 eumdem
3361 3554 3511 3593 crea-

1938 3649 2049 3693 tum
2088 3636 2347 3703 afﬁrmat,
2383 3638 2498 3705 ipso
2541 3636 2785 3705 EpthiiS
2830 3633 3236 3688 conscribente:
3270 3631 3511 3684 Renova-

1941 3730 2101 3796 mini,
2126 3730 2325 3798 inquit,
2350 3730 2539 3798 spiritu
2568 3729 2761 3783 mentis
2783 3738 2993 3790 vestrm,
3018 3734 3069 3779 et
3095 3723 3295 3778 induite
3318 3738 3511 3777 novum

1942 3822 2210 3876 hominem
2254 3834 2373 3875 eum
2415 3820 2503 3888 qui
2549 3819 2841 3872 secundum
2888 3816 3054 3869 Deum
3085 3823 3295 3868 creatus
3339 3820 3422 3866 est
3460 3814 3513 3867 in

1940 3901 2145 3983 justitia
2184 3922 2237 3967 et
2280 3913 2558 3967 sanctitate
2602 3908 2837 3963 veritatis
2865 3905 3078 3978 (Ep/tes.
3108 3920 3184 3968 tv,
3211 3900 3326 3973 93).
3357 3903 3421 3956 Et
3448 3903 3513 3957 ad

1945 4004 2235 4059 llebraaos:
2267 4001 2322 4055 ln
2352 4017 2416 4055 eo
2446 4001 2586 4055 enim
2619 4001 2671 4054 in
2702 4013 2805 4068 quo
2837 4011 3025 4066 passus
3054 4003 3135 4050 est
3162 3994 3250 4048 ille
3283 4000 3514 4046 tentatus

1944 4103 2054 4157 est,
2084 4108 2204 4146 nam
2234 4103 2421 4160 petens
2441 4101 2520 4145 est
2540 4090 2617 4143 eis
2638 4089 2725 4159 qui
2756 4094 3021 4142 tentantur
3045 4083 3291 4139 auxiliari
3321 4083 3509 4152 (Hebr.

1945 4198 2013 4248 ιι,
2058 4182 2177 4253 13).
2228 4181 2379 4236 Unde
2434 4181 2625 4234 fratres
2678 4178 2882 4243 sancti,
2931 4176 3227 4232 vocationis
3275 4173 3513 4229 emlestis

1947 4272 2249 4340 participes,
2280 4257 2617 4326 considerate
2639 4268 2947 4337 Apostolum
2974 4275 3026 4321 et
3057 4265 3356 4334 pontiﬁcem
3385 4279 3513 4318 eon-

1948 4362 2189 4418 fessionis
2238 4374 2433 4416 nostrae
2474 4361 2657 4416 Jesum
2703 4359 2913 4413 ﬁdelem
2964 4357 3283 4412 existentem’
3325 4355 3377 4410 ei
3425 4355 3517 4424 qui

1947 4455 2144 4509 creavit
2162 4469 2281 4509 eum
2304 4452 2488 4525 (Hebr.
2519 4468 2594 4516 ιιι,
2623 4452 2673 4517 1,
2692 4449 2771 4520 2).
2795 4452 2858 4502 Et
2878 4449 2940 4502 ad
2963 4448 3339 4503 Colossenses:
3365 4445 3516 4499 Nunc

263 4563 417 4615 quam
460 4550 753 4603 clementer
792 4560 844 4603 et
877 4551 962 4617 pie
992 4567 1087 4619 pro
1118 4551 1270 4606 nobis
1298 4566 1571 4606 assumere
1611 4566 1717 4605 non
1746 4552 1836 4607 de-
1865 4555 1919 4617 ι)
1948 4554 2124 4598 autem
2169 4544 2423 4613 deponite
2450 4553 2501 4596 et
2532 4556 2627 4596 vos
2660 4541 2905 4595 universa
2933 4558 2945 4592 :
2981 4539 3146 4620 iram,
3192 4536 3518 4607 indignatio-

264 4642 514 4710 dignatus
540 4642 656 4695 est?
685 4641 817 4695 Nam
843 4641 983 4711 quod
1014 4643 1357 4712 semetipsum
1389 4642 1681 4697 exinanivit
1711 4657 1838 4710 pau—

261 4732 433 4785 lulum
481 4732 776 4800 maiestatis
819 4746 929 4786 suae
981 4734 1247 4802 potentia,
1297 4734 1438 4789 idem
1488 4734 1653 4789 Filius
1699 4734 1843 4788 misit

262 4821 604 4889 apostolum,
648 4821 738 4890 qui
786 4828 1117 4876 contestatur
1158 4832 1211 4877 et
1264 4821 1440 4878 dicit:
1484 4822 1838 4891 Semetipsum

260 4910 561 4963 exinanivit
583 4911 809 4964 formam
837 4910 977 4964 servi
998 4910 1283 4979 accipiens.
1308 4911 1618 4967 Huiniliavit
1641 4920 1840 4967 semet-

262 5003 475 5071 ipsum,
519 5002 689 5057 iactus
718 5003 971 5058 obediens
1010 5018 1176 5075 usque
1213 5006 1279 5061 ad
1310 5015 1567 5075 mortem,
1612 5016 1840 5065 mortem

258 5103 444 5148 autem
471 5096 645 5148 crucis
672 5094 893 5166 (Philip.
919 5111 988 5163 ιι,
1017 5096 1093 5166 7).
1127 5096 1195 5150 Ει
1243 5096 1441 5151 lsaias:
1475 5097 1590 5151 Non
1617 5097 1842 5167 legatus,

260 5197 441 5251 neque
478 5184 734 5253 angelus,
774 5185 870 5239 sed
919 5186 1031 5254 ipse
1065 5188 1320 5241 Dominus
1354 5186 1499 5241 venit
1542 5197 1595 5241 et
1624 5189 1848 5243 salvavit

256 5290 359 5331 eos
406 5272 566 5348 (Isai.
593 5293 756 5343 xxxv,
785 5277 819 5333 «1
844 5282 882 5343 ).
922 5278 1052 5334 item
1100 5279 1167 5333 ibi
1199 5295 1215 5333 :
1247 5279 1426 5333 Palam
1469 5280 1692 5348 apparui
1740 5294 1847 5334 non

258 5368 631 5436 quaerentibus
658 5383 745 5424 me
771 5369 924 5441 (Ιεαὶ.
948 5387 1069 5436 ωιν,
1098 5372 1176 5441 5).
1203 5373 1269 5427 Et
1296 5373 1556 5428 Jeremias
1580 5389 1593 5426 :
1629 5370 1843 5439 Reliqui

259 5460 487 5514 domum
519 5474 715 5527 meam,
747 5460 928 5518 dimisi
974 5463 1335 5518 hereditatem
1374 5477 1545 5517 meam
1568 5505 1582 5530 ,
1612 5471 1664 5516 et
1694 5459 1843 5525 veni,

260 5558 318 5602 et
349 5549 522 5604 [actus
547 5564 665 5604 sum
695 5550 797 5604 illis
826 5551 877 5605 in
908 5553 1249 5621 opprobrium
1289 5551 1421 5624 (Jer.
1445 5568 1546 5618 xu,
1572 5551 1651 5620 7).
1683 5551 1751 5604 Et
1780 5549 1832 5604 in

261 5640 488 5696 llichzea
522 5660 538 5696 :
586 5643 724 5698 Ecce
757 5643 1014 5700 Dominus
1060 5649 1236 5704 veniet
1275 5658 1329 5705 et
1356 5645 1835 5704 commovebuntur

264 5743 480 5792 montes
506 5736 608 5794 sub
633 5752 699 5793 eo
730 5737 911 5812 (Mich.
937 5754 986 5811 ι,
1012 5739 1088 5810 5).
1132 5740 1195 5797 Et
1238 5741 1289 5798 in
1321 5736 1579 5797 Zacharia
1606 5753 1615 5788 :
1651 5736 1837 5792 Gaude

1947 4650 2100 4700 nem,
2143 4635 2422 4698 malitiam,
2459 4633 2838 4701 blasphemiam
2867 4648 2879 4683 :
2918 4629 3297 4699 turpiloquium
3324 4644 3390 4683 ex
3425 4643 3520 4683 ore

1946 4738 2125 4782 vestro
2152 4740 2253 4779 non
2283 4725 2551 4792 procedat:
2581 4724 2752 4779 Nolite
2792 4722 3005 4777 mentiri
3034 4721 3258 4776 invicem
3280 4762 3295 4789 ,
3326 4736 3521 4791 exspo~

1947 4818 2140 4872 liantes
2177 4832 2273 4871 vos
2312 4824 2547 4870 veterem
2589 4814 2858 4869 hominem
2899 4826 3019 4867 cum
3062 4812 3274 4867 actibus
3297 4812 3439 4877 suis,
3470 4823 3522 4868 et

1947 4910 2154 4967 induite
2187 4925 2379 4963 novum
2411 4924 2530 4963 eum
2560 4908 2649 4976 qui
2680 4914 2967 4961 renovatur
3003 4905 3054 4960 in
3085 4905 3407 4974 agnitionem
3438 4921 3525 4959 se»

1946 5001 2180 5055 cundum
2221 5000 2500 5067 imaginem
2530 4997 2647 5066 ejus
2676 4997 2765 5065 qui
2795 4996 2990 5051 creavit
3020 5011 3140 5051 eum
3175 4995 3307 5067 (Col.
3332 5011 3423 5063 ιιι,
3455 4997 3522 5049 8-

1952 5092 2063 5161 10).
2093 5090 2337 5161 Nunquid
2369 5091 2412 5144 is
2439 5090 2528 5158 qui
2571 5088 2815 5143 universa
2855 5098 3064 5153 creata,
3093 5088 3317 5142 visibilia
3350 5097 3404 5142 et
3443 5092 3522 5140 in-

1952 5185 2175 5239 visibilia
2204 5182 2432 5253 propriae
2462 5180 2739 5248 potestatis
2764 5181 2959 5234 virtute
2985 5196 3045 5234 ex
3082 5180 3247 5233 nihilo
3277 5193 3523 5247 procrea-

1952 5277 2026 5331 vit
2060 5286 2112 5331 et
2149 5274 2303 5340 fecit,
2342 5274 2499 5345 367
2534 5272 2767 5343 seipsum
2810 5282 2998 5337 antea,
3027 5272 3109 5327 vel
3154 5271 3518 5340 postmodum,

1949 5368 2091 5440 quod
2117 5367 2297 5423 dicere
2329 5366 2476 5422 nefas
2500 5376 2612 5431 est,
2636 5364 2840 5419 creavit
2861 5364 2944 5420 vel
2971 5363 3149 5418 facere
3180 5360 3380 5430 potuit?

2583 5454 2808 5511 CAPUT
2836 5453 2898 5507 V.

2025 5549 2181 5605 Pater
2210 5549 2375 5619 major
2419 5563 2497 5601 me
2526 5557 2619 5613 est,
2664 5545 2918 5616 quomodo
2954 5539 3333 5611 intelligendum
3364 5539 3449 5593 sit.

2024 5644 2079 5698 Si
2110 5641 2341 5696 dixerint
2370 5639 2518 5703 illud,
2543 5638 2681 5708 quod
2712 5636 2877 5690 Filius
2902 5634 2953 5687 in
2980 5631 3268 5704 Evangelia
3295 5632 3521 5691 dixerit:

1952 5734 2107 5790 Pater
2136 5732 2305 5803 major
2331 5748 2415 5787 me
2445 5737 2526 5786 est
2556 5727 2733 5799 (Joan.
2770 5738 2874 5791 xw,
2908 5722 3022 5795 28).
