4026 6176
426 351 530 407 35f)

1727 342 1951 399 ιἰειιιι
1991 343 2361 401 TAPSENSIS

3573 356 3683 412 360

497 461 792 528 Ii‘cspon’sto.
826 433 993 512 Filius
1030 456 1201 520 minor
1229 462 1310 511 est
1338 455 1494 511 Patre
1520 454 1573 509 in
1605 458 1860 524 assumpti
1896 457 1990 511 hu-
2022 462 2070 519 Α
2101 460 2391 513 nominabit
2419 459 2573 528 (lsai.
2605 476 2731 527 an,
2766 460 2835 530 1).
2872 461 2981 530 Illa,
3015 473 3068 519 et
3091 464 3222 519 infra
3252 484 3263 518 :
3298 466 3374 521 Tu
3410 470 3551 522 enim
3585 487 3676 526 vo-

424 554 581 607 minis
609 550 798 617 forma,
818 550 1037 619 aequalis
1053 564 1179 604 vero
1196 548 1337 603 Patri
1360 555 1442 603 est
1472 550 1524 602 in
1553 547 1768 603 deitatis
1792 555 1998 603 natura:

423 644 736 705 substantia,
789 642 975 695 eodem
1010 649 1366 709 protestante:
1409 640 1521 709 Ego
1551 652 1605 695 et
1648 640 1805 694 Pater
1832 656 1996 693 unum

425 748 606 789 sumus
642 731 817 803 (Joan.
848 747 903 797 x,
931 730 1041 801 50).
1073 730 1135 784 Et
1166 732 1400 785 iterum:
1432 731 1532 797 Qui
1564 746 1648 785 me
1680 730 1835 797 vidit,
1870 730 2001 785 vidit

428 836 481 876 et
522 821 733 874 Patrem
766 819 941 890 (Joan.
982 835 1088 884 xiv,
1123 819 1198 891 9).
1234 820 1297 874 Et
1327 823 1492 874 item:
1522 818 1590 874 Ut
1619 834 1805 873 omnes
1835 820 2003 874 hono-

425 911 631 965 rificent
667 910 854 964 Filium
902 912 1043 964 sicut
1082 911 1434 965 honorificam
1480 910 1689 965 Patrem
1722 909 1900 981 (Joan.
1944 927 1996 977 v,

423 1003 537 1073 25).
589 1001 655 1054 Et.
685 1002 874 1055 iterum
909 1019 921 1055 :
960 1002 1079 1055 Sint
1116 1003 1168 1055 in
1203 1001 1356 1055 nobis
1398 1017 1594 1065 unum,
1637 1002 1775 1054 sicut
1811 1008 1866 1055 et
1903 1013 2002 1055 nos

423 1105 607 1145 sumus
635 1106 837 1155 unum;
868 1100 920 1144 tu
952 1093 1003 1145 in
1036 1105 1139 1156 me,
1160 1102 1211 1146 et
1233 1093 1400 1161 egoin
1423 1093 1500 1146 eis
1524 1090 1703 1161 (Joan.
1735 1090 1995 1160 xvu,9.2).

427 1184 494 1237 Et
523 1184 712 1236 iterum
746 1199 757 1234 :
790 1180 977 1236 Omnia
1009 1197 1126 1236 mea
1162 1191 1247 1236 tua
1287 1192 1431 1248 sunt,
1470 1190 1523 1236 et
1551 1180 1727 1235 omnia
1754 1188 1842 1234 tua
1882 1195 2000 1235 mea

428 1282 551 1327 sunt
582 1272 760 1340 (Joan.
793 1289 920 1337 xvn,
972 1273 1081 1343 10).
1117 1274 1181 1326 Et
1211 1274 1399 1328 iterum
1429 1291 1440 1323 :
1474 1273 1657 1327 Omnia
1688 1286 1807 1341 qua}
1844 1271 2001 1325 habet

423 1362 580 1416 Pater
608 1377 725 1415 mea
763 1370 883 1414 sunt
912 1361 1087 1430 (Joan.
1121 1377 1236 1427 xvi,
1280 1362 1386 1431 15).
1434 1361 1497 1415 Et
1534 1363 1725 1415 iterum
1762 1378 1774 1414 :
1808 1361 1919 1430 Ego
1948 1362 2000 1415 in

423 1453 600 1517 Patre,
646 1463 699 1508 et
739 1454 894 1508 Pater
925 1454 975 1506 in
1020 1468 1106 1508 me
1154 1452 1329 1524 (Joan.
1363 1468 1470 1520 xtv,
1507 1454 1618 1523 10).
1664 1454 1728 1508 Et
1765 1455 1995 1509 iterum:

424 1544 582 1598 Pater
614 1545 665 1597 in
693 1557 777 1597 me
800 1557 1020 1596 manens
1043 1542 1166 1597 facit
1187 1557 1344 1611 opera
1380 1543 1493 1598 hme
1516 1543 1723 1613 (Ibid)
1760 1544 2002 1598 EtJoan-

423 1650 520 1689 nes
565 1635 892 1703 evangelista
940 1633 1057 1688 ait:
1091 1632 1147 1687 ln
1198 1633 1461 1703 principio
1492 1644 1606 1688 erat
1650 1634 1906 1698 Verbum,
1948 1642 2003 1688 et

422 1728 655 1782 Verbum
680 1713 790 1780 erat
815 1726 952 1795 apud
980 1727 1165 1794 Deum,
1192 1734 1246 1780 et
1269 1725 1405 1780 Deus
1430 1734 1544 1780 erat
1562 1724 1794 1780 Verbum
1818 1723 1998 1793 (Joan.

421 1834 463 1883 ι,
495 1819 567 1889 1).
601 1817 731 1873 Item
765 1818 878 1886 ipse
904 1816 969 1871 ad
1003 1815 1225 1871 Parthos
1257 1834 1269 1869 :
1309 1816 1442 1871 Tres
1494 1824 1639 1881 sunt,
1687 1815 1875 1885 inquit,
1908 1818 1995 1885 qui
2030 1833 2075 1892 Β

424 1910 788 1964 testimonium
807 1907 1089 1976 perhibent
1112 1906 1164 1960 in
1191 1916 1351 1972 terra,
1379 1921 1535 1975 aqua,
1553 1908 1766 1975 sanguis
1778 1913 1833 1961 et
1852 1921 2000 1971 caro,

422 2010 475 2055 et
505 2007 611 2054 tres
650 1998 701 2052 in
734 1999 886 2052 nobis
914 2004 1038 2050 sunt
1072 1995 1124 2068 (I
1147 1996 1301 2053 Joan.
1336 2014 1389 2061 v,
1421 1997 1499 2066 8).
1525 1997 1590 2051 Et
1622 2007 1728 2052 tres
1763 2006 1885 2051 sunt
1914 1998 2004 2066 qui

423 2089 789 2144 testimonium
834 2087 1117 2157 perhibent
1147 2088 1199 2141 in
1236 2087 1404 2154 coelo,
1437 2086 1616 2155 Pater,
1649 2087 1916 2152 Verbum,
1949 2094 2003 2143 et

422 2178 668 2248 Spiritus,
696 2184 749 2232 et
778 2176 811 2232 ii
844 2187 950 2231 tres
988 2191 1148 2231 unum
1189 2184 1310 2230 sunt
1338 2175 1389 2246 (I
1411 2174 1568 2231 Joan.
1603 2191 1655 2242 v,
1690 2177 1744 2241 7,
1776 2176 1854 2246 8).
1895 2175 2003 2232 Nos

424 2270 605 2337 itaque
636 2269 687 2323 in
716 2279 903 2323 natura
931 2269 1164 2335 deitatis,
1192 2283 1293 2339 qua
1325 2284 1487 2323 unum
1517 2276 1660 2333 sunt,
1685 2268 1915 2333 Patrem,
1950 2275 2005 2322 et

426 2359 617 2413 Filium
649 2358 913 2413 credimus
943 2375 957 2412 :
989 2372 1087 2413 nec
1116 2358 1328 2413 Patrem
1374 2358 1553 2428 aliquo
1590 2366 1830 2427 tempore
1868 2372 2003 2428 pra:-

424 2450 651 2502 cessissc
676 2458 729 2502 ut
755 2448 927 2517 major
955 2449 1025 2502 sit
1058 2447 1214 2515 Filio,
1246 2462 1347 2503 nec
1386 2448 1579 2502 Filium
1609 2460 1793 2517 posma
1822 2456 2001 2503 natum

427 2555 569 2608 esse,
612 2550 666 2594 ut
690 2539 858 2595 deitas
883 2539 1053 2594 Patris
1081 2540 1379 2594 minoretnr
1406 2540 1461 2593 in
1487 2537 1646 2594 Filio.

1044 2627 1267 2685 CAPUT
1300 2627 1387 2682 Vl.

589 2720 688 2776 Ubi
710 2721 885 2774 dicunt
916 2733 1017 2773 non
1045 2734 1151 2774 esse
1176 2718 1323 2773 Patri
1350 2718 1598 2789 trqualem
1624 2716 1841 2774 Filium.

494 2812 550 2869 Si
586 2815 676 2868 tibi
707 2814 963 2878 dixerint,
990 2827 1094 2866 non
1118 2821 1201 2868 est
1220 2814 1444 2883 requalis
1474 2812 1643 2867 Filius
1678 2811 1844 2865 Patri.

500 2902 803 2974 Responsio.
834 2901 892 2957 Si
917 2902 1135 2972 aqualis
1165 2901 1307 2956 Patri
1344 2901 1509 2957 Filius
1539 2917 1645 2957 non
1674 2911 1776 2966 est,
1807 2892 2004 2956 curi‘ita

427 2993 498 3050 de
526 2994 615 3048 illo
658 2994 895 3048 Joannes
930 2992 1255 3062 evangelista
1293 2999 1519 3048 testatus
1556 3001 1638 3049 est
1670 3011 1681 3045 :
1716 2994 2002 3062 Pr0pterea

428 3084 621 3153 inquit,
665 3084 1117 3153 persequebantur
1144 3084 1315 3139 Judati
1355 3084 1571 3150 Jesum;
1610 3093 1664 3140 et
1692 3086 2002 3153 quaerebant

2104 547 2311 638 ca_beris
2351 550 2594 603 voluntas
2627 566 2740 606 mea
2765 550 2948 622 (lbid.,
2977 552 3056 622 4).
3089 554 3150 607 Et
3194 559 3520 627 Apostolus;
3553 560 3678 615 llaec

2104 649 2207 707 est,
2232 641 2589 708 ait,vbluntas
2618 643 2709 698 Dci
2740 645 2791 698 in
2820 644 3033 701 Christo
3060 647 3186 703 Iesu
3214 648 3265 719 (I
3287 649 3465 705 Thess.
3484 669 3536 717 ν,
3562 655 3677 723 18).

2106 727 2171 781 Ει
2204 730 2393 784 iterum
2427 747 2439 783 :
2474 730 2528 784 ln
2561 747 2664 800 quo
2697 733 2899 789 habitat
2925 737 3099 791 omnis
3128 739 3397 806 plenitudo
3427 742 3680 799 divinita-

2106 819 2174 874 tis
2215 821 2563 891 corporaliter
2602 823 2821 893 (Coloss.
2856 842 2912 892 tt,
2958 828 3034 896 9).
3083 831 3146 882 Et
3187 828 3378 884 iterum
3415 850 3426 885 ε
3458 833 3511 887 In
3560 834 3679 903 ipso

2104 910 2244 963 enim
2265 911 2462 979 placuit
2482 925 2692 967 omnem
2718 914 3100 980 plenitudinem
3126 916 3417 973 divinitatis
3441 921 3679 976 habitare

2105 999 2240 1068 (Col.
2267 1014 2304 1065 ι,
2330 1000 2440 1067 19).
2478 1001 2542 1054 Et
2568 1016 2671 1055 vox
2699 1003 2869 1057 Patris
2895 1004 2960 1059 de
2985 1006 3122 1060 nube
3146 1005 3213 1061 ad
3242 1007 3525 1077 discipulos
3548 1028 3559 1062 :
3580 1010 3677 1065 Hic

2103 1101 2186 1146 est
2217 1091 2378 1145 Filius
2407 1108 2557 1148 mens
2587 1095 2984 1164 dilectissimus,
3029 1097 3081 1152 in
3114 1115 3219 1166 quo
3264 1101 3395 1155 mihi
3434 1105 3676 1172 compla-

2104 1183 2185 1235 cni
2210 1182 2424 1251 (Matth.
2457 1200 2533 1251 ιιι,
2569 1187 2680 1256 17).
2708 1187 2762 1240 Si
2797 1188 3039 1241 voluntas
3062 1189 3155 1243 Dei
3188 1188 3360 1244 Patris
3380 1191 3545 1246 Filius
3569 1210 3676 1247 non

2103 1269 2321 1338 fuisset,
2373 1275 2640 1342 quomodo
2689 1275 2829 1330 Patri
2873 1278 2923 1331 in
2960 1278 3048 1332 illo
3078 1279 3251 1348 potuit
3298 1282 3677 1348 complaeere?

2103 1358 2207 1412 Aut
2235 1363 2679 1429 quemadmodum
2710 1366 2761 1419 in
2799 1381 2862 1421 eo
2898 1367 3176 1436 plenitudo
3203 1370 3363 1440 369
3383 1369 3679 1427 divinitatis

2104 1447 2220 1512 ejus
2266 1450 2437 1517 potuit
2475 1453 2743 1519 habitare,
2787 1454 2841 1509 in
2884 1471 2989 1524 quo
3020 1458 3313 1513 secundum
3347 1468 3398 1516 te
3437 1462 3677 1518 voluntas

2104 1533 2196 1592 Dei
2226 1536 2395 1593 Patris
2420 1555 2525 1595 non
2554 1542 2807 1610 probatur
2835 1544 3067 1599 adesse?

2694 1652 2919 1709 CAPUT
2948 1655 3081 1709 Vill.

2105 1733 2227 1790 Non
2255 1739 2366 1791 veni
2386 1740 2554 1808 facere
2578 1740 2890 1824 voluntatem
2921 1761 3104 1824 meum,
3129 1747 3219 1800 scd
3240 1747 3544 1801 voluntatem
3564 1752 3678 1821 ejus

2696 1816 2783 1881 qui
2816 1830 2893 1866 me
2920 1816 3076 1870 misit.

2173 1895 2226 1950 Si
2260 1896 2352 1951 tibi
2391 1897 2623 1953 dixerint
2663 1901 2788 1955 illud
2830 1902 2972 1971 quod
3018 1904 3271 1959 Dominus
3301 1906 3350 1959 in
3386 1906 3678 1975 Evangelia

2104 1983 2297 2040 dixerit
2325 2004 2338 2042 :
2368 1988 2481 2042 Non
2513 1990 2630 2045 veni
2663 1990 2839 2048 facere
2873 1995 3193 2050 voluntatem
3226 2011 3421 2064 meam,
3462 1997 3554 2052 sed
3585 2012 3679 2052 vo-

2104 2075 2359 2131 luntatem
2390 2078 2503 2146 ejus
2532 2082 2617 2147 qui
2651 2096 2735 2136 me
2766 2083 2911 2136 misit
2938 2081 3116 2152 (Joan,
3151 2101 3212 2151 v,
3243 2085 3355 2155 EO).

2175 2164 2475 2238 Responsio.
2506 2168 2636 2225 Huic
2659 2175 3004 2241 propositioni
3038 2191 3141 2229 non
3169 2176 3414 2230 humanis
3439 2191 3571 2242 Opus
3594 2185 3679 2229 est

2106 2260 2434 2329 respondere
2463 2262 2663 2328 verbis,
2696 2264 2789 2318 sed
2822 2264 3015 2320 divinis
3057 2265 3230 2335 potius
3259 2268 3523 2335 propriam
3560 2263 3678 2317 Filii

2103 2349 2427 2405 voluntatem
2461 2358 2700 2407 astruere
2729 2351 3063 2408 documentis
3096 2373 3108 2406 :
3142 2358 3400 2423 propheta
3435 2355 3484 2406 in
3518 2354 3681 2421 trige-

2104 2441 2241 2494 simo
2267 2450 2408 2496 nono
2430 2442 2633 2512 psalmo
2665 2442 2839 2513 (Vera.
2873 2445 2926 2513 8)
2957 2450 3218 2498 canente:
3243 2445 3391 2497 Tunc
3413 2442 3543 2509 dixi,
3569 2444 3678 2495 ait:

2106 2529 2246 2584 Ecce
2272 2530 2425 2584 venio
2456 2530 2514 2583 ht
2557 2532 2746 2585 faciam
2777 2534 3101 2587 voluntatem
3151 2520 3314 2598 tuam,
3348 2533 3488 2586 Deus
3528 2544 3681 2585 meus

2105 2617 2267 2672 volui.
2301 2618 2368 2673 Et
2396 2619 2446 2672 in
2476 2620 2733 2689 vigesimo
2759 2622 2985 2689 septimo
3013 2603 3188 2692 (Vera.
3218 2621 3273 2692 7)
3298 2640 3308 2673 :
3335 2622 3389 2674 ln
3414 2621 3531 2689 ipso
3561 2634 3683 2685 spe-

2105 2710 2241 2764 ravit
2270 2724 2363 2765 cor
2393 2724 2591 2776 meum,
2640 2719 2695 2765 et
2736 2711 2946 2780 adjutus
2982 2726 3097 2765 sum
3122 2753 3137 2777 ,
3179 2723 3231 2765 et
3262 2709 3504 2764 reﬂoruit
3551 2722 3682 2763 caro

2107 2815 2249 2865 mea,
2279 2808 2332 2853 et
2358 2814 2422 2854 ex
2451 2802 2717 2856 Voluntate
2743 2816 2858 2856 mea
2887 2802 3184 2857 confitebor
3216 2801 3310 2854 illi.
3343 2800 3407 2853 Et
3438 2801 3624 2853 iterum
3660 2812 3679 2850 :

2112 2889 2419 2945 Voluntarie
2447 2891 2758 2946 sacrificabo
2788 2892 2878 2945 tibi
2908 2891 3076 2958 (Psal.
3108 2904 3227 2957 un,
3259 2890 3339 2958 8).
3373 2888 3437 2941 Et
3468 2889 3517 2940 in
3543 2887 3683 2940 Deu-

2107 2978 2442 3035 teronomio:
2474 2978 2704 3049 Diligens
2735 2988 2805 3043 te,
2837 2978 2935 3034 feci
2964 2981 3289 3034 voluntatem
3332 2986 3497 3032 tuam.
3531 2977 3594 3029 Et
3624 2979 3682 3030 in

2106 3066 2423 3139 Apocalypsi
2452 3086 2466 3123 :
2494 3068 2691 3139 Dignus
2719 3083 2798 3137 es,
2822 3070 3043 3125 Domine
3062 3072 3198 3125 Deus
3221 3079 3422 3137 noster,
3438 3069 3682 3137 accipere

428 3192 551 3234 cum
573 3178 833 3241 occidere,
859 3178 981 3244 quia
1013 3176 1175 3249 368
1204 3192 1307 3232 non
1332 3179 1501 3233 solum
1541 3178 1785 3232 solvebat
1808 3176 2000 3233 sabba-

2107 3160 2332 3228 gloriam
2361 3167 2415 3213 et
2458 3158 2714 3213 honorem
2760 3166 2815 3214 et
2852 3169 3200 3229 potestatem,
3238 3160 3361 3227 quia
3396 3168 3448 3212 tu
3485 3156 3682 3212 creasti

430 3279 565 3338 tum,
606 3270 697 3325 sed
723 3280 776 3324 et
806 3270 1017 3325 Patrem
1048 3286 1200 3325 suum
1225 3271 1433 3325 dicebat
1453 3271 1638 3334 Deum,
1662 3269 1919 3340 tequilem
1946 3286 2005 3325 se

430 3361 631 3417 faciens
658 3362 767 3417 lleo
797 3362 975 3433 (Joan.
1005 3377 1058 3427 v,
1094 3362 1198 3429 18).
1231 3360 1297 3415 Et
1328 3362 1523 3416 Paulus
1553 3363 1825 3430 apostolus
1851 3380 1863 3413 :
1896 3360 2006 3416 [loc

428 3454 622 3508 sentite
653 3454 719 3507 de
762 3452 933 3521 vobis,
968 3450 1160 3521 inquit,
1213 3451 1353 3522 quod
1384 3452 1437 3506 in
1473 3451 1684 3507 Christo
1730 3450 1872 3515 Jesu,
1915 3451 2005 3521 qui

430 3557 549 3598 cum
577 3545 628 3598 in
658 3543 827 3598 forma
860 3544 953 3599 Dei
980 3552 1123 3598 esset
1148 3542 1491 3610 constitutus,
1525 3559 1630 3597 non
1657 3545 1896 3609 rapinam
1921 3556 2007 3595 ar-

431 3634 653 3692 bitratus
692 3645 773 3691 est
803 3650 921 3690 esse
962 3649 1021 3689 sc
1054 3633 1314 3705 :equalem
1354 3635 1487 3701 Deo,
1526 3634 1621 3689 sed
1661 3636 2003 3701 semetipsum

429 3730 741 3795 exinanivit,
776 3728 1000 3783 formam
1028 3729 1171 3783 servi
1204 3727 1470 3796 accipiens
1501 3726 1725 3797 (Philip.
1751 3742 1809 3793 ιι,
1840 3729 1919 3798 5).
1942 3728 2008 3782 Et

430 3822 484 3877 in
515 3821 800 3875 Salomone
830 3834 843 3871 :
876 3818 973 3885 Qui
1012 3821 1195 3889 genuit
1227 3833 1333 3884 me,
1385 3817 1649 3888 requievit
1678 3818 1731 3871 in
1760 3817 2006 3872 taberna-

425 3911 551 3965 culo
583 3924 701 3964 meo
728 3907 912 3979 (Eccli.
943 3924 1086 3974 xxiv,
1118 3908 1227 3978 η).
1259 3909 1324 3963 Ει
1350 3908 1403 3963 in
1436 3909 1567 3962 Isaia
1599 3923 1612 3960 :
1653 3907 1802 3962 Sient
1828 3917 1909 3962 est
1939 3910 2007 3963 ab

429 4003 602 4069 initio,
635 4003 705 4055 ita
730 4013 809 4055 est
834 4015 997 4070 usque
1030 4002 1081 4054 in
1112 4001 1388 4055 sazculum.
1421 4000 1603 4068 Neque
1633 3999 1898 4068 adjectum
1924 4006 2007 4055 est

426 4092 503 4158 ei,
535 4107 706 4160 neque
740 4093 1007 4144 minuetur
1027 4090 1121 4144 illi.
1156 4090 1273 4158 Ipse
1300 4098 1382 4144 est
1406 4090 1549 4144 enim
1581 4090 1834 4144 Dominus
1856 4104 2006 4144 crea-

430 4191 564 4237 turae
590 4197 722 4249 sum,
753 4182 842 4251 qui
871 4180 1000 4235 nihil
1020 4181 1163 4249 eguit
1187 4181 1252 4235 ab
1275 4182 1467 4251 aliquo.
1496 4180 1560 4234 Et
1580 4182 1631 4234 in
1657 4182 1864 4250 psalmo
1885 4195 2007 4250 sep-

432 4272 727 4342 tuagesimo
745 4272 977 4326 secundo
1009 4272 1185 4343 (Vers.
1218 4272 1314 4343 25)
1343 4289 1356 4325 :
1385 4272 1519 4339 Quid
1543 4273 1685 4327 enim
1708 4272 1836 4326 mihi
1856 4272 2007 4327 deest

428 4364 489 4420 in
510 4365 669 4429 cmlo,
703 4373 757 4418 et
779 4378 806 4416 a
839 4371 888 4417 te
910 4364 1034 4432 quid
1065 4365 1206 4418 volui
1229 4379 1389 4433 super
1414 4365 1642 4419 terram?
1671 4363 1795 4418 Haec
1826 4364 2005 4418 omnia

433 4456 488 4507 in
520 4454 653 4508 Filio
692 4468 796 4507 non
828 4453 1137 4507 inferiorem
1170 4462 1412 4509 naturam
1463 4455 1867 4519 demonstrant,
1910 4453 2003 4508 sed

2106 3252 2306 3316 omnia,
2335 3260 2389 3307 et
2419 3262 2631 3322 propter
2656 3255 2978 3310 voluntatem
3013 3268 3152 3307 tuam
3184 3255 3317 3307 facta
3346 3262 3471 3306 sunt
3493 3252 3679 3321 (.tpoc.

2105 3354 2178 3405 Iv,
2206 3342 2318 3411 11).
2341 3342 2408 3396 Ει
2433 3345 2485 3396 in
2512 3344 2795 3398 Canonieis
2821 3361 2831 3395 :
2862 3345 3170 3399 Voluntarie
3196 3344 3379 3412 genuit
3401 3358 3496 3396 nos
3517 3344 3684 3395 verbo

2106 3436 2363 3503 veritatis,
2390 3445 2446 3490 nt
2472 3438 2639 3493 simus
2666 3436 2878 3507 aliquod
2905 3437 3113 3493 initium
3136 3448 3398 3491 creatura:
3418 3437 3533 3505 ejus
3560 3434 3683 3506 (Ja-

2105 3528 2214 3580 cob.
2246 3541 2284 3591 ι,
2320 3525 2429 3596 18).
2466 3530 2547 3582 Ex
2581 3530 2646 3585 iis
2675 3532 2855 3601 utique
2882 3549 2998 3602 qum
3020 3532 3262 3602 superius
3286 3530 3425 3585 dicta
3449 3546 3567 3585 sunt
3591 3529 3684 3584 de-

2106 3618 2201 3674 bes
2230 3634 2553 3691 cognoscere
2579 3624 2828 3692 quoniam
2861 3627 2949 3695 qui
2983 3626 3281 3680 voluntarie
3308 3604 3473 3679 Patris
3492 3626 3685 3679 volun-

2106 3718 2266 3768 tatem
2291 3712 2481 3768 fecisse
2510 3728 2568 3769 se
2589 3713 2739 3781 dicit,
2771 3716 2989 3771 inferior
3016 3716 3107 3771 illo
3132 3720 3250 3771 esse
3281 3716 3386 3771 nun
3420 3717 3605 3784 possit.

2717 3831 2943 3888 CAPUT
2971 3832 3059 3886 IX.

2145 3918 2357 3983 Quando
2386 3921 2555 3975 dicunt
2586 3922 2861 3976 Dominum
2889 3934 2934 3978 et
2966 3924 3227 3978 Christum
3250 3922 3348 3990 feci
3375 3939 3427 3975 se
3460 3922 3642 3975 Deum.

2176 4009 2233 4065 Si
2263 4011 2350 4064 tibi
2376 4014 2868 4080 opposuerintillnd
2895 4016 3034 4085 quod
3064 4017 3114 4067 in
3143 4015 3501 4083 apostolorum
3528 4015 3685 4067 Acti-

2108 4090 2205 4154 bus
2233 4101 2486 4168 scriptum
2531 4113 2648 4157 est:
2677 4103 2935 4169 Quoniam
2986 4104 3288 4171 Dominum,
3318 4113 3373 4159 et
3409 4103 3683 4157 Christum

2108 4180 2247 4243 Deus
2280 4188 2402 4244 fecit
2428 4191 2561 4261 (Act.
2597 4207 2652 4257 ιι,
2687 4193 2801 4262 56).

2183 4282 2479 4351 Responsio.
2511 4284 2623 4337 Non
2661 4285 2952 4338 secundum
2980 4279 3195 4338 de'itatis
3233 4292 3472 4337 naturam
3511 4282 3685 4337 factus

2108 4369 2301 4423 dicitur
2333 4371 2491 4439 filius,
2548 4373 2642 4427 sed
2688 4374 2978 4427 secundum
3011 4374 3267 4441 assumpti
3312 4371 3537 4426 hominis
3574 4373 3686 4426 for-

2108 4472 2269 4516 mam.
2303 4463 2424 4519 llatc
2451 4465 2517 4520 de
2544 4481 2607 4521 eo
2633 4466 2794 4536 370
2837 4467 3013 4520 divina
3041 4468 3248 4536 eloq’uia
3295 4475 3682 4536 protesrantnr,

434 4546 791 4613 aequalitatem
824 4544 1036 4598 deitatis
1064 4546 1409 4614 pronuntiant
1434 4564 1446 4599 :
1476 4548 1727 4615 quoniam
1748 4547 1834 4614 qui
1864 4554 2004 4599 utra-
2031 4542 2080 4604 Π
2110 4551 2271 4607 Paulo
2297 4556 2538 4622 apostolo
2567 4558 2948 4626 comprobante
2979 4576 2991 4610 ι
3024 4558 3162 4626 quod
3186 4569 3308 4612 ante
3339 4557 3683 4626 promiserat,

435 4649 541 4703 quc
588 4634 794 4690 locutus
824 4647 927 4701 esr,
967 4651 1151 4690 verum
1176 4636 1327 4702 dixit,
1379 4637 1500 4706 quia
1553 4638 1748 4690 veritas
1792 4635 2005 4689 mentiri

432 4744 540 4783 non
569 4728 761 4797 petuit.

484 4800 495 4813 ’
1036 4815 1260 4874 CAPUT
1298 4819 1410 4873 vn.

677 4911 1002 4965 Voluntatem
1024 4909 1195 4965 Patris
1220 4910 1266 4964 F
1271 4913 1412 4965 ilium
1442 4912 1529 4979 qni
1559 4921 1759 4981 negant.

505 5004 568 5058 Si
593 5003 681 5059 tibi
702 5003 933 5058 dixerint
959 5020 974 5056 ε
999 5002 1114 5057 Non
1146 5012 1229 5059 est
1259 5004 1501 5057 voluntas
1526 5002 1697 5057 Patris
1728 5002 1914 5057 Filius.

513 5097 815 5166 Responsio.
859 5094 916 5150 Si
947 5096 1282 5165 prOpheticas
1311 5096 1732 5163 apostolicasqne
1770 5093 2006 5162 Scriptu-

436 5201 531 5244 ras
560 5202 704 5257 pura:
753 5186 944 5241 mentis
972 5187 1264 5240 intentione
1296 5187 1589 5254 perquiras,
1623 5186 1864 5238 invenies
1891 5186 2007 5239 sine

436 5282 606 5336 dubio
638 5280 825 5334 Filium
854 5279 995 5333 Patri
1028 5285 1080 5332 et
1102 5285 1285 5331 natura
1308 5286 1655 5339 eomternum,
1690 5286 1743 5329 et
1765 5277 2009 5329 substan-

438 5372 517 5424 tia
561 5371 963 5441 sempiternum,
996 5378 1049 5423 et
1077 5368 1368 5428 voluntate,
1402 5381 1519 5435 qua:
1549 5366 1601 5420 in
1631 5370 1868 5435 utrisque
1901 5382 2004 5419 una

445 5470 545 5524 est,
570 5477 675 5514 non
704 5461 1019 5516 discretum:
1046 5458 1173 5512 lsaia
1206 5456 1457 5526 propheta
1481 5457 1547 5510 di.
1567 5466 1689 5510 ente
1723 5470 1735 5510 :
1763 5458 2007 5512 Salutare

439 5559 619 5601 autem
645 5565 815 5603 meum
846 5551 980 5603 sicut
1009 5547 1174 5601 facula
1206 5546 1433 5611 ardebit,
1462 5554 1516 5600 et
1542 5546 1796 5599 videbunt
1825 5560 2010 5600 omnes

444 5640 895 5707 gentesjusntiam
920 5648 1081 5703 tuam,
1105 5647 1159 5693 et
1185 5650 1370 5693 Omnes
1384 5651 1536 5705 reges
1561 5644 1719 5689 terrae
1752 5638 2007 5690 honorem

442 5736 619 5795 suum,
662 5737 715 5783 et
752 5729 1025 5787 vocaberis
1056 5730 1268 5787 nomine
1292 5736 1382 5785 tuo
1412 5742 1550 5785 novo
1587 5727 1725 5798 quod
1758 5728 2012 5784 Dominus

2110 4644 2204 4705 ait,
2238 4658 2331 4712 per
2353 4644 2639 4713 prophetas
2668 4662 2793 4701 suos
2820 4649 2869 4700 in
2902 4648 3190 4715 Scripturis
3220 4649 3417 4701 sanctis
3448 4647 3513 4702 de
3544 4649 3686 4704 Filio

2112 4742 2208 4784 suo
2240 4748 2254 4785 ε
2285 4732 2384 4797 Qui
2410 4733 2579 4787 factus
2609 4746 2689 4789 est
2713 4750 2775 4789 ex
2811 4724 3015 4791 scipine
3049 4737 3214 4790 David
3246 4737 3532 4791 secundum
3563 4755 3686 4793 car—

2111 4836 2231 4874 nem
2278 4821 2452 4893 (Rom.
2478 4838 2514 4887 ι,
2546 4824 2625 4891 9).
2660 4825 2788 4879 Item
2840 4826 2950 4893 ipse
2996 4827 3061 4881 ad
3113 4828 3364 4883 Galatas:
3399 4829 3685 4898 Postquam

2112 4919 2286 4964 autem
2334 4911 2479 4965 venit
2522 4913 2795 4981 plenitudo
2826 4917 3103 4984 temporis,
3137 4919 3278 4971 misit
3323 4918 3458 4970 Dens
3492 4916 3684 4973 Filium

2110 5014 2262 5053 suum
2295 5012 2471 5054 natum
2492 5018 2553 5056 ex
2583 5005 2828 5069 muliere,
2854 5006 3047 5059 factrum
3078 5008 3307 5075 sublege
3336 5006 3476 5079 (Gul.
3500 5023 3570 5070 tv,
3601 5008 3681 5077 4).

2114 5092 2177 5145 Et
2200 5092 2262 5144 ad
2299 5092 2666 5161 Philippenses
2694 5110 2708 5149 :
2742 5097 2797 5150 In
2817 5099 3163 5153 similitudine
3192 5099 3463 5153 hominum
3488 5099 3685 5163 factus,

2110 5192 2161 5234 ct
2194 5181 2374 5236 habitu
2407 5184 2653 5239 inventus
2676 5195 2732 5239 ut
2759 5187 2919 5240 homo
2944 5187 3162 5255 (Philip.
3194 5204 3250 5251 ιι,
3284 5188 3360 5257 7).
3396 5189 3457 5241 Ει
3483 5191 3532 5241 ιιι
3554 5191 3689 5255 psal-

2112 5286 2197 5323 mo
2230 5275 2500 5341 trigesimo
2530 5273 2704 5344 (Vers.
2733 5275 2822 5346 11)
2856 5294 2867 5327 :
2904 5275 3170 5330 Infirmata
3190 5286 3271 5330 est
3292 5277 3343 5330 in
3373 5288 3692 5346 panpertate

2112 5362 2276 5414 virtus
2329 5378 2468 5427 mea,
2498 5374 2549 5417 et
2578 5377 2699 5419 ossa
2746 5380 2862 5418 mea
2909 5367 3219 5420 eontnrbata
3266 5377 3409 5431 sunt,
3443 5378 3498 5423 et
3524 5383 3693 5433 super

2117 5450 2360 5505 inimicos
2377 5468 2522 5507 meos
2544 5454 2709 5505 tactus
2737 5469 2853 5507 sum
2876 5456 3241 5523 opprobrium.
3264 5456 3389 5508 Item
3420 5454 3688 5521 ibi(i"ers.

2118 5542 2205 5610 13)
2240 5561 2251 5595 :
2283 5545 2547 5597 Olilit‘iuni
2576 5544 2800 5599 traditus
2832 5562 2945 5599 sum
2981 5557 3224 5615 tanquam
3257 5556 3537 5600 mortunsa
3567 5561 3694 5598 cur-

2117 5634 2201 5697 de,
2226 5644 2277 5687 et
2307 5633 2474 5688 factus
2506 5648 2621 5688 sum
2652 5645 2895 5699 tanquam
2922 5650 3012 5690 vas
3046 5638 3326 5705 perditum.
3363 5636 3427 5689 Et
3460 5639 3509 5688 in
3544 5638 3694 5703 psal-

2120 5743 2206 5783 mo
2235 5726 2381 5797 (Lxx,
2406 5725 2459 5797 7)
2485 5742 2498 5779 :
2534 5726 2802 5795 Tanquam
2825 5726 3122 5797 prodigium
3145 5730 3310 5782 tactus
3338 5743 3453 5782 sum
3484 5728 3691 5795 multis,
