3958 6176
298 300 393 362 381

1447 294 1731 359 CONTRA
1777 286 2187 357 vantttaouu
2220 295 2346 356 LIB.
2390 301 2426 357 t.

3460 302 3571 359 56‘!

299 430 349 475 et
379 430 434 473 tu
461 414 678 488 adiutor
710 417 882 473 fortis.
926 418 989 473 Et
1022 417 1073 472 in
1112 417 1319 489 pSaImO
1354 416 1744 487 septuagesimo
1784 428 1868 469 se-
1900 414 1954 473 Δ
1982 423 2091 469 tate
2119 414 2367 473 universa
2397 416 2599 471 creavit
2629 458 2644 482 ,
2671 432 2789 488 quae
2818 418 3051 475 creanda
3086 420 3197 478 fore
3225 422 3566 492 providentia

301 511 473 567 eundo
501 511 682 582 (Vera.
710 511 802 580 23)
830 530 843 565 :
877 511 943 567 Ut
970 511 1264 580 jumentum
1296 511 1465 565 factus
1492 524 1607 565 sum
1643 509 1781 578 apud
1804 516 1878 572 te,

301 613 353 658 et
380 618 479 671 ego
508 616 725 671 semper
753 611 947 656 tecum.
983 602 1048 654 Et
1079 602 1131 654 in
1154 602 1356 668 psalmo
1375 600 1738 670 octuagesimo
1762 612 1887 653 sex-

302 703 356 749 to
388 694 567 763 (Vers.
592 693 647 763 5)
675 736 687 747 .
714 693 884 747 Mater
903 692 1027 747 Sion
1051 692 1210 758 dicet,
1235 691 1415 758 homo,
1448 700 1501 747 et
1532 691 1691 745 homo
1716 690 1886 743 factus

302 795 386 840 est
417 786 466 838 in
498 800 585 849 ea,
617 796 671 839 et
700 785 813 853 ip~e
846 782 1080 837 fundavit
1109 798 1225 838 eam
1258 780 1583 837 Altissimus.
1616 781 1678 834 Et
1705 780 1757 833 in
1795 792 1887 832 00'-

302 876 599 944 tuagesimo
627 875 857 944 Septimo
882 874 1057 945 (Vers.
1076 875 1166 944 7):
1194 873 1387 928 Factus
1416 888 1532 927 sum
1564 874 1703 928 sicut
1727 872 1885 924 homo

301 969 419 1022 sine
442 966 732 1035 adiutorio,
784 967 923 1020 inter
951 976 1190 1021 mortuos
1214 966 1369 1020 liber.
1405 962 1469 1019 Et
1500 966 1552 1019 in
1594 963 1886 1019 centesimo

301 1074 491 1114 octavo
525 1059 705 1127 (Vers.
748 1058 841 1129 23)
867 1075 880 1112 ;
910 1058 973 1112 Ει
1020 1059 1190 1112 factus
1219 1074 1334 1112 sum
1366 1058 1706 1126 opprobrium
1735 1055 1839 1110 illis
1869 1071 1883 1108 :

302 1150 555 1205 viderunt
586 1166 691 1215 nze,
722 1158 776 1205 et
801 1159 1081 1203 moverunt
1109 1150 1280 1219 capita
1314 1164 1432 1203 sua.
1464 1149 1529 1203 Et
1574 1148 1625 1201 in
1657 1146 1889 1202 centesi-

301 1258 393 1297 mo
444 1243 620 1312 primo
650 1241 832 1310 (Vm.
860 1242 917 1311 8)
949 1260 960 1293 :
999 1242 1239 1311 \‘igilavi,
1283 1250 1339 1295 et
1376 1240 1546 1295 factus
1584 1254 1701 1293 sum
1752 1240 1889 1292 sicut

303 1348 491 1403 passer
514 1335 804 1403 singularis
832 1334 883 1387 in
918 1342 1080 1388 tecto.
1114 1333 1179 1387 Et
1203 1336 1253 1387 in
1286 1331 1572 1402 Evangelio
1604 1348 1616 1383 :
1655 1329 1885 1384 Verbum

300 1442 430 1481 caro
462 1431 659 1480 factum
692 1435 795 1488 est,
829 1434 885 1479 et
930 1425 1189 1479 habitavit
1235 1425 1285 1478 in
1318 1424 1470 1479 nobis
1499 1422 1672 1494 (Iona.
1707 1438 1745 1487 ι,
1778 1419 1885 1491 11).

299 1516 473 1570 Filius
515 1516 678 1584 igitur
715 1515 1006 1570 secundum
1034 1530 1249 1571 carnem
1283 1514 1479 1569 dicitur
1519 1514 1686 1567 factu;
1717 1530 1729 1565 :
1765 1525 1887 1565 nam

300 1607 600 1663 secundum
648 1607 981 1663 divinitatem
1010 1623 1039 1661 a
1070 1607 1228 1662 Patre
1272 1621 1541 1676 nunquam
1585 1605 1775 1675 legitur
1816 1607 1891 1657 la-

300 1712 443 1769 c'us,
472 1697 567 1753 sed
592 1697 824 1768 genitus.

931 1788 1157 1845 CAPUT
1196 1788 1264 1843 Χ.

360 1885 488 1949 Qua:
513 1901 610 1955 ego
641 1885 841 1953 loquor,
872 1884 1000 1937 sicut
1028 1883 1150 1937 dicit
1182 1883 1305 1937 milii
1336 1879 1492 1936 Pater
1520 1882 1591 1935 sic
1630 1881 1831 1951 loquor.

378 1975 434 2031 Si
452 1976 546 2029 tibi
566 1975 803 2029 dixerint
821 1975 961 2045 quod
981 1973 1146 2028 Filius
1166 1973 1361 2028 dixerit
1381 1972 1537 2039 :Qua:
1560 1987 1658 2042 ego
1682 1973 1889 2041 loquor,

302 2066 444 2120 sicut
471 2064 607 2119 dixit
636 2066 765 2118 mihi
787 2066 959 2129 Pater,
992 2065 1071 2118 sic
1097 2065 1284 2133 loquor
1313 2064 1495 2135 (Joan.
1531 2078 1628 2128 xu,
1654 2063 1766 2131 50).

377 2156 690 2225 Responsio.
724 2156 853 2210 Dum
884 2157 1025 2211 enim
1055 2156 1212 2211 Pater
1241 2156 1495 2225 loquitur,
1522 2155 1685 2209 Filius
1717 2153 1889 2224 loqui-

304 2258 417 2313 tur,
466 2257 523 2303 et
547 2263 669 2303 cum
715 2248 880 2303 Filius
910 2248 1164 2316 loquitur,
1203 2248 1437 2315 loquitur
1466 2248 1640 2301 Pater.
1676 2246 1889 2301 Patrem

303 2338 359 2393 in
417 2339 511 2394 illo
560 2338 705 2408 loqui
750 2338 1083 2393 documentis
1131 2337 1447 2393 C(Blestibus
1490 2336 1888 2406 comprobatur,

305 2431 751 2499 Pauloapostolo
793 2438 1081 2484 attestante
1107 2444 1119 2481 :
1155 2429 1333 2483 Multis
1365 2428 1603 2498 partibus
1633 2437 1683 2482 et
1712 2427 1891 2481 multis

303 2527 482 2582 modis
510 2529 642 2583 olim
676 2527 817 2581 Deus
848 2525 1073 2594 loquens
1100 2525 1353 2595 patribus
1381 2524 1433 2578 in
1464 2523 1766 2592 prophetis,
1790 2538 1889 2577 no-

302 2620 527 2675 vissime
557 2630 737 2675 autem
762 2620 967 2675 locutus
994 2627 1074 2673 est
1104 2617 1258 2672 nobis
1287 2617 1340 2672 in
1374 2615 1509 2670 Filio
1535 2615 1719 2687 (Ilebr.
1750 2632 1786 2681 ι,
1811 2614 1884 2683 1).

303 2715 450 2769 Etut
478 2713 729 2768 eumdem
760 2712 917 2783 371
950 2709 1141 2765 Filium
1171 2717 1396 2777 excepto
1424 2709 1594 2762 Patris
1624 2716 1890 2776 praecepto

304 2806 600 2861 doceamus
632 2803 796 2858 fuisse
817 2804 1073 2867 locutum,
1097 2802 1164 2856 de
1197 2801 1342 2855 Isaia:
1367 2799 1640 2870 prophetae
1666 2797 1892 2853 volumi-

301 2915 367 2957 ne
396 2898 729 2969 proferimus
752 2895 1173 2952 documentum?
1205 2894 1332 2951 Haac
1352 2893 1477 2948 dicit
1513 2892 1768 2947 Dominus
1796 2908 1806 2942 :
1836 2892 1889 2945 In

300 2992 386 3047 die
440 2976 532 3044 illa
564 2990 701 3043 sciet
731 2988 956 3057 populus
992 3000 1143 3042 meus
1172 2985 1423 3056 quoniam
1470 3000 1569 3054 ego
1616 2999 1733 3037 sum
1777 2986 1891 3051 ipse

302 3080 389 3147 qui
440 3078 702 3148 loquebar
732 3078 783 3131 in
810 3076 982 3132 servis
1012 3079 1148 3131 meis
1180 3076 1486 3144 prophetis,
1534 3086 1587 3128 et
1622 3074 1891 3142 evangeli-

1987 519 2081 558 sua
2113 507 2415 575 perspexit;
2440 507 2575 561 Isaia
2604 510 2858 579 prepheta
2888 512 3133 569 dicente:
3162 514 3289 571 Iltec
3316 518 3445 573 dicit
3466 521 3569 576 Do-

1989 601 2168 656 minus
2197 618 2211 655 :
2246 602 2357 672 Ego
2386 603 2484 659 feci
2512 618 2762 661 sermone
2802 621 2922 662 meo
2964 616 3184 677 terram,
3214 620 3269 667 et
3299 613 3569 672 hominem

1989 705 2151 759 super
2175 706 2314 756 eam,
2347 707 2447 761 ego
2484 694 2708 749 solidavi
2741 697 2935 753 caelum
2965 714 3146 766 manu,
3188 719 3288 771 ego
3321 708 3571 765 omnibus

1989 780 2251 835 sideribus
2273 784 2538 847 mandasi,
2569 794 2625 839 ut
2654 785 2866 842 luceant
2886 788 2938 843 in
2967 791 3105 846 ctelo
3127 791 3285 862 (Isai.
3310 798 3570 869 sagitt).

1992 871 2120 927 Item
2162 872 2231 927 ibi
2266 890 2279 925 :
2310 872 2479 929 Omne
2524 876 2805 932 consilium
2859 894 3036 935 meum
3077 884 3255 949 Stabit,
3297 897 3349 940 et
3391 891 3571 945 omnia

1989 979 2320 1034 quaecunque
2348 969 2595 1036 cogitavi,
2634 970 2796 1040 372
2823 985 2923 1042 ego
2964 974 3060 1028 feci
3094 974 3249 1046 (fsai.
3282 994 3426 1049 ιινι,
3459 982 3565 1053 1υ).

1992 1056 2120 1111 Item
2152 1058 2222 1111 ibi
2254 1076 2266 1111 :
2295 1058 2382 1114 Sic
2410 1060 2536 1114 dicit
2568 1060 2845 1128 Dominus,
2877 1063 2966 1133 qui
2992 1069 3267 1124 constituit
3290 1073 3487 1129 cadum
3510 1089 3572 1133 et

1992 1156 2210 1214 terram,
2234 1148 2580 1216 etfeciteam,
2602 1152 2717 1221 ipse
2735 1154 2977 1209 definivit
2995 1160 3282 1233 eamUsai.
3302 1180 3426 1230 xcv,
3442 1168 3567 1237 18).

1991 1240 2120 1295 ltem
2145 1242 2211 1295 ibi
2235 1261 2247 1296 :
2273 1242 2383 1311 Ego
2407 1257 2524 1297 sum
2551 1247 2773 1313 primus,
2798 1255 2852 1301 et
2870 1263 2970 1319 ego
2999 1249 3052 1305 in
3074 1261 3355 1323 aeternum,
3380 1274 3571 1316 manus

1992 1346 2107 1385 mea
2129 1332 2365 1386 fundavit
2392 1344 2608 1402 terram,
2636 1344 2691 1391 et
2709 1336 2929 1393 dextera
2956 1356 3073 1397 mea
3103 1345 3352 1404 solidat-it
3375 1351 3572 1408 caelum

1993 1423 2145 1483 (lsai.
2172 1441 2356 1487 xum,
2392 1426 2500 1495 i3).
2530 1427 2658 1482 Item
2704 1427 2777 1483 ibi
2802 1447 2815 1482 :
2847 1430 2958 1501 Ego
2988 1433 3086 1489 feci
3115 1443 3310 1493 tortam
3338 1441 3391 1495 in
3423 1444 3575 1500 forti-

1993 1514 2176 1570 tudine
2202 1531 2315 1571 area
2348 1532 2534 1588 mgna
2573 1529 2629 1573 et
2665 1522 2716 1573 in
2746 1522 2965 1579 brachio
3006 1542 3126 1589 tneo
3155 1531 3386 1587 excelso.
3425 1534 3488 1590 Et
3518 1538 3574 1592 in

1991 1603 2218 1659 Jeremia
2262 1624 2272 1658 ε
2326 1608 2577 1663 Dominus
2615 1610 2705 1680 qui
2743 1612 2862 1667 fecit
2906 1623 3103 1670 terram
3146 1619 3196 1672 in
3250 1626 3445 1678 virtute
3471 1641 3569 1681 sua

1995 1712 2203 1767 magna,
2228 1709 2281 1751 et
2302 1700 2471 1754 erexit
2491 1701 2673 1757 orbem
2701 1702 2754 1757 in
2784 1706 3064 1773 sapientia,
3096 1720 3147 1763 et
3173 1714 3450 1778 prudentia
3471 1735 3571 1774 sua

1923 1786 1970 1847 B
1995 1787 2231 1841 extendit
2255 1788 2474 1857 cmlum,
2507 1798 2563 1845 et
2592 1793 2765 1859 posuit
2784 1809 2973 1850 sonum
3004 1813 3155 1868 aqu-.e
3184 1801 3235 1856 in
3266 1805 3406 1861 coelo
3428 1808 3566 1878 (lar.

1995 1894 2063 1942 ι.ι,
2099 1880 2211 1950 15).
2246 1879 2374 1934 ltem
2404 1881 2473 1936 ibi
2502 1901 2516 1936 :
2552 1883 2791 1954 Domine,
2824 1889 2911 1957 qui
2944 1889 3114 1947 fecisti
3145 1896 3337 1951 cmlum
3374 1909 3428 1953 et
3458 1909 3583 1955 ter-

1994 1987 2105 2026 ram
2138 1976 2188 2026 in
2212 1975 2406 2029 virtute
2430 1982 2515 2047 tua
2544 1991 2733 2046 magna
2753 1987 2809 2033 ct
2838 1981 3055 2036 brachio
3098 1994 3188 2039 tuo
3215 1991 3447 2057 excelso,
3473 1995 3581 2064 qui.

1993 2065 2185 2154 reddes
2228 2077 2440 2134 peccata
2471 2078 2677 2138 patrum
2722 2073 2774 2126 in
2817 2074 2936 2129 sinu
2968 2076 3196 2133 ﬁliorum
3225 2094 3409 2137 eorum
3448 2097 3583 2154 post.

1994 2169 2086 2210 eos
2114 2153 2247 2224 (Jer.
2279 2173 2446 2225 xvxu,
2481 2159 2589 2227 17).
2622 2159 2690 2215 Et
2710 2160 3082 2220 iuSanmone
3114 2185 3126 2220 :
3158 2169 3274 2225 Non
3300 2153 3573 2230 enimim-

1994 2247 2263 2315 possibilis
2292 2258 2407 2304 erat
2431 2266 2616 2307 manus
2650 2262 2759 2321 tua,
2794 2270 2915 2323 qua:
2942 2260 3144 2314 creavit
3181 2263 3369 2319 orbem
3399 2275 3581 2321 terra-.

1995 2352 2109 2391 rum
2139 2353 2202 2392 ex
2246 2341 2469 2394 materia
2504 2341 2669 2398 invisa
2702 2344 2860 2414 (Sap.
2900 2363 2975 2411 ιιι,
3008 2350 3119 2418 18).
3148 2353 3227 2407 -Ει
3271 2355 3322 2408 in
3358 2357 3571 2425 psalmo

1993 2429 2287 2485 centesimo
2327 2432 2598 2501 trigesimo
2637 2446 2827 2504 quarto
2866 2437 3041 2506 (Vera.
3075 2443 3129 2512 6)
3159 2459 3174 2497 :
3202 2444 3389 2501 Omnia
3426 2464 3575 2517 quac-

1993 2533 2202 2588 cunque
2240 2523 2404 2575 voluit
2436 2522 2694 2581 Dominus
2723 2526 2848 2581 fecit
2877 2527 2929 2582 in
2968 2531 3111 2585 cmlo
3134 2544 3187 2588 et
3217 2534 3267 2588 in
3303 2545 3465 2604 terra,
3516 2540 3575 2595 in

1995 2612 2128 2666 mari
2170 2622 2223 2667 et
2268 2614 2319 2667 iu
2360 2615 2585 2685 abyssis.
2639 2618 2701 2672 Et
2740 2620 2793 2673 in
2835 2623 3130 2680 centesimo
3168 2627 3324 2681 tertio
3356 2629 3574 2687 decium

1993 2703 2168 2771 (γεγε.
2197 2707 2326 2774 It).-
2356 2707 2492 2762 Deus
2521 2719 2697 2764 autem
2732 2722 2913 2768 noster
2934 2716 2991 2769 in
3021 2717 3178 2772 creto.
3215 2719 3277 2773 Et
3314 2736 3525 2777 rursum
3553 2742 3573 2779 :

1995 2795 2050 2849 In
2079 2798 2215 2853 casio
2235 2808 2289 2852 et
2318 2799 2368 2853 in
2401 2809 2539 2855 terra
2570 2805 2745 2855 omnia
2777 2820 3106 2875 qumcunque
3127 2810 3292 2865 voluit
3322 2812 3468 2877 fecit.
3490 2817 3573 2871 .Et

1995 2887 2046 2942 in
2077 2890 2415 2958 sexagesimo
2444 2902 2634 2961 quarto
2669 2892 2848 2964 (Verr.
2872 2895 2934 2964 '7)
2964 2896 3315 2967 :Prmpataus
3360 2915 3569 2961 montes

1994 2978 2046 3032 in
2070 2977 2377 3035 fortitudine
2403 2996 2517 3046 sua,
2545 2985 2814 3039 accinctus
2847 2988 3103 3054 potentia.
3140 2990 3241 3055 Qui
3281 2994 3421 3047 enim
3456 2995 3571 3050 haec

1994 3074 2170 3128 omnia
2202 3090 2306 3129 non
2332 3074 2503 3130 Patris
2524 3077 2785 3145 juSsione,
2818 3080 2911 3134 sed
2953 3090 3217 3149 potestate
3255 3100 3349 3137 sua
3380 3080 3570 3143 fecisse

302 3188 452 3235 rans,
482 3171 723 3225 auditum
754 3169 1000 3235 audietis,
1031 3184 1158 3225 ecce
1185 3184 1285 3237 ego
1314 3183 1455 3223 sum.
1480 3169 1611 3223 ltem
1640 3168 1708 3221 ibi
1738 3185 1749 3220 :
1777 3167 1890 3237 Ego
1919 3158 1965 3221 C
1996 3164 2337 3233 describitur,
2376 3168 2647 3237 quomodo
2671 3185 2699 3223 a
2730 3171 2881 3225 vobis
2922 3171 3078 3227 Patre
3102 3173 3323 3230 inferior
3359 3176 3571 3246 judicae

301 3280 415 3319 enim
448 3264 734 3327 Dominus,
764 3262 854 3330 qui
883 3263 1074 3330 loquor
1100 3261 1389 3331 justitiam,
1437 3270 1488 3315 et
1514 3261 1772 3315 annuntio
1801 3276 1888 3314 ve-

301 3361 513 3413 ritatem
538 3356 699 3428 (lsai.
732 3371 859 3422 ην,
890 3355 999 3424 19).
1034 3355 1162 3410 Item
1192 3356 1263 3409 ibi
1291 3372 1303 3405 :
1333 3352 1573 3423 Cogitavi
1597 3365 1650 3409 et
1681 3355 1890 3410 loeutus

301 3463 438 3513 sum,
472 3460 529 3520 et
557 3447 775 3512 adduxi,
806 3455 862 3501 et
884 3444 1082 3512 creavi,
1111 3454 1166 3501 et
1188 3445 1307 3500 feci.
1352 3446 1416 3499 Et
1458 3447 1745 3515 Apostolus
1808 3448 1887 3498 An

301 3539 730 3607 experimentum
760 3536 999 3605 queritis
1014 3536 1153 3604 ejus,
1185 3536 1276 3605 qui
1304 3536 1357 3589 in
1381 3551 1464 3590 me
1484 3536 1716 3613 loquitur
1738 3534 1888 3589 Chri-

301 3639 383 3685 tus
413 3628 500 3700 (Il
528 3630 648 3684 Cor.
683 3644 795 3693 xtu,
828 3627 924 3697 5)?
955 3627 1018 3681 Et
1048 3629 1099 3681 in
1138 3627 1343 3696 psalmo
1368 3628 1665 3681 centesimo
1695 3634 1889 3680 octavo

302 3721 511 3776 decimo
546 3719 725 3789 (Vera.
756 3719 852 3788 46)
878 3734 893 3773 ;
923 3718 1200 3788 Loquebar
1244 3717 1312 3772 de
1344 3717 1661 3771 testimoniis
1694 3719 1796 3771 tuis
1836 3717 1887 3772 in

301 3822 594 3881 conSpectu
621 3827 829 3883 regum,
863 3820 917 3866 et
939 3827 1043 3865 non
1072 3810 1457 3866 confundebar.
1485 3810 1552 3864 Et
1576 3811 1687 3878 ipse
1710 3810 1889 3864 Domi-

302 3923 401 3962 nus
426 3909 481 3962 in
516 3907 833 3976 Evangelia,
867 3921 1013 3961 caeco
1044 3920 1075 3959 a
1100 3920 1158 3960 se
1181 3906 1481 3960 illuminato
1517 3906 1645 3959 dicit
1674 3924 1685 3956 :
1722 3907 1784 3959 Et
1814 3905 1888 3958 \i-

303 4000 423 4054 disti
453 4015 602 4066 eum,
645 4010 700 4052 et
728 3999 817 4067 qui
851 3998 1085 4066 loquitur
1117 4008 1309 4062 tecum,
1344 3998 1459 4065 ipse
1486 4006 1568 4051 est
1595 3994 1774 4065 (Joa‘r.
1814 4012 1886 4061 rx,

301 4090 413 4158 57).
447 4089 516 4143 Ει
540 4089 892 4145 Samaritana:
920 4089 1131 4142 mulieri
1163 4087 1237 4141 ait
1268 4104 1280 4140 :
1310 4089 1419 4157 Ego
1442 4103 1557 4141 sum
1586 4087 1676 4154 qui
1704 4088 1889 4154 loquor

303 4191 475 4235 tecum
505 4178 790 4252 (Joan..tv,
836 4176 951 4250 26).
998 4179 1062 4232 Et
1089 4178 1153 4233 ad
1200 4178 1350 4246 disci;
1374 4179 1490 4233 ulos
1522 4197 1532 4231 :
1570 4179 1738 4232 Verba
1771 4193 1888 4247 qua:

301 4288 400 4341 ego
430 4274 644 4327 locutus
661 4288 780 4327 sum
809 4272 983 4338 vobis,
1009 4273 1227 4342 spiritus
1249 4282 1301 4327 et
1321 4274 1426 4326 vita
1452 4281 1576 4327 sunt
1601 4271 1778 4340 (Joau.
1814 4289 1883 4336 vi,

304 4364 413 4432 64).
442 4363 510 4418 Et
538 4364 605 4417 ad
637 4362 852 4418 Patrem
887 4382 898 4416 :
931 4364 1039 4435 Ego
1060 4363 1124 4416 ad
1155 4376 1205 4417 te
1246 4365 1401 4416 venio
1429 4382 1442 4416 :
1474 4374 1526 4417 et
1557 4363 1669 4416 huic
1700 4364 1785 4432 qu
1810 4378 1888 4416 iur

303 4453 355 4507 in
387 4454 491 4510 hoc
511 4455 714 4509 mundo
741 4455 917 4525 (Joau.
953 4471 1079 4521 xvu,
1115 4454 1224 4525 15).
1261 4454 1327 4508 Et
1358 4456 1547 4510 iterum
1580 4455 1778 4510 Iuda-is
1809 4456 1887 4509 di-

1990 3257 2115 3311 tur?

2568 3350 2813 3407 CAPUT
2852 3350 2968 3407 XII.

2445 3439 2637 3495 Filium
2658 3459 2765 3497 esse
2787 3445 3113 3515 principium.

2064 3528 2119 3588 Si
2150 3541 2326 3587 autem
2352 3532 2624 3588 dixerint:
2653 3533 2781 3589 Erat
2812 3546 3021 3605 tempus
3060 3543 3346 3606 antequam
3374 3539 3575 3596 detPa-

1992 3630 2073 3677 tre
2112 3622 2277 3677 Filius
2312 3634 2641 3688 nasceretur,
2684 3640 2780 3695 pro
2818 3641 2883 3680 eo
2911 3626 3052 3697 quod
3097 3626 3298 3684 Iudaeis
3339 3631 3572 3688 dixerit;

1991 3715 2313 3785 Principium
2338 3716 2477 3786 quod
2505 3717 2695 3786 loquor
2719 3718 2891 3773 vobis.

2061 3808 2366 3880 Responsio.
2392 3808 2663 3879 Cognosce
2686 3810 2872 3864 Filium
2902 3828 3005 3865 non
3027 3828 3092 3868 ex
3113 3823 3372 3883 tempore,
3399 3832 3572 3887 neque

1992 3907 2112 3965 post
2143 3908 2380 3968 tempora
2412 3909 2617 3965 natum,
2647 3900 2739 3953 sed
2767 3911 2891 3956 ante
2911 3904 3087 3957 omn'a
3121 3911 3356 3973 tempora
3386 3908 3453 3961 de
3478 3924 3571 3975 pa-

1994 3998 2147 4044 terno
2177 3998 2329 4043 utero
2361 3989 2794 4045 inenarrabiliter
2823 4003 3158 4059 generatum,
3191 3994 3306 4061 ipso
3331 3995 3443 4051 Deo
3477 3998 3575 4051 Pa-

1994 4091 2072 4136 tre
2103 4082 2154 4136 in
2182 4082 2478 4137 centesimo
2509 4098 2651 4136 nono
2684 4083 2890 4151 psalmo
2918 4082 3098 4156 (Vera.
3132 4084 3184 4151 5)
3217 4101 3312 4154 per
3342 4089 3575 4157 prephea

1994 4182 2100 4227 tam
2148 4172 2357 4227 dicente
2392 4191 2403 4225 :
2440 4174 2492 4227 In
2542 4174 2918 4241 splendorihus
2961 4184 3269 4229 sanctorum
3311 4193 3374 4231 ex
3420 4187 3572 4232 utero

1992 4271 2115 4316 ante
2144 4262 2177 4316 ι.
2200 4263 2422 4318 ciferum
2460 4264 2617 4332 genui
2653 4272 2725 4318 te.
2757 4264 2926 4332 Quam
2958 4265 3276 4320 sententiam
3313 4277 3368 4321 et
3409 4268 3572 4325 Isaias

1994 4357 2251 4424 propheta
2281 4354 2457 4409 dubiis
2477 4365 2637 4424 atque
2663 4356 2948 4410 incredulis
2976 4357 3255 4413 evidenter
3270 4364 3571 4429 expressit:

1996 4448 2120 4500 dum
2157 4463 2260 4501 non
2294 4448 2435 4502 aliud
2467 4448 2533 4503 de
2567 4447 2720 4513 Filio,
2759 4464 2915 4519 quam
2952 4449 3017 4504 de
3050 4450 3205 4505 Patre
3237 4452 3574 4508 ineffabiliter

305 4550 371 4602 cit
401 4568 414 4602 ε
451 4550 666 4617 Loquor
690 4550 844 4603 vobis
873 4559 922 4603 ei
954 4564 1058 4602 non
1103 4523 1351 4615 audistis,
1398 4549 1441 4602 si
1474 4560 1651 4602 autem
1684 4549 1890 4603 cem-rit
1923 4523 1972 4583 θ
2000 4552 2179 4594 natum
2211 4541 2485 4596 ostendit:
2518 4540 2576 4595 In
2605 4541 2923 4612 humilitate,
2964 4543 3155 4612 inquit,
3196 4544 3461 4600 sublatum
3491 4556 3578 4601 est

306 4642 464 4705 alius,
491 4641 642 4695 iilum
673 4640 901 4694 audietis
937 4640 1116 4710 (Joan.
1141 4656 1192 4704 v,
1223 4641 1336 4701 45}.
1382 4640 1445 4693 Et
1491 4640 1679 4693 iterum
1717 4656 1728 4691 :
1764 4639 1890 4694 Ihec

278 4726 514 4786 'loeutus
544 4743 629 4787 est
663 4732 819 4786 Jesus
851 4733 900 4784 iu
940 4732 1320 4802 gazophylacio
1351 4730 1552 4799 docens
1583 4731 1632 4784 in
1666 4730 1886 4798 templo,

304 4834 361 4878 et
382 4840 539 4878 neruo
568 4823 923 4893 apprehendit
947 4838 1090 4888 eum,
1119 4823 1239 4892 quia
1267 4823 1499 4877 nondum
1517 4831 1735 4876 venerat
1759 4821 1887 4875 hora

303 4916 423 4985 ejus
453 4915 629 4988 (locu.
651 4932 771 4978 vm,
800 4915 915 4984 20).
952 4915 1085 4969 Ecce
1114 4915 1165 4968 in
1199 4915 1263 4969 iis
1284 4914 1554 4979 omnibus,
1580 4929 1698 4983 quae
1724 4928 1886 4982 supe-

304 5013 419 5066 rius
446 5012 580 5066 dicta
603 5019 750 5074 sunt,
766 5026 872 5064 non
895 5011 1054 5065 doces
1076 5008 1265 5063 Filium
1286 5019 1550 5078 praecepto
1570 5008 1741 5061 Patris
1765 5007 1894 5061 fuis-

300 5117 364 5157 se
391 5104 651 5169 locutum,
679 5104 773 5169 sed
804 5103 973 5175 magis
996 5102 1302 5158 exercuisse
1330 5103 1381 5155 in
1417 5099 1683 5171 loquendo
1722 5098 1892 5169 impe-

302 5199 467 5248 rium.

929 5286 1157 5342 CAPUT
1192 5285 1277 5339 XI.

299 5375 542 5431 Jussioue
566 5378 743 5431 Patris
764 5379 1014 5447 quomodo
1045 5376 1218 5431 Filius
1246 5374 1421 5445 fecerit
1442 5390 1553 5443 qua:
1579 5375 1715 5443 facta
1747 5384 1888 5430 sunt.

372 5470 435 5523 Si
470 5471 559 5525 tibi
599 5471 871 5526 dixerint:
905 5471 1025 5541 quia
1060 5469 1225 5525 Filius
1250 5467 1495 5539 iussione
1533 5467 1708 5524 Patris
1738 5466 1888 5537 fecit,

298 5580 425 5635 qum
450 5562 583 5617 facta
605 5572 755 5618 sunt.

378 5656 685 5710 Responsio.
718 5656 830 5708 Non
853 5664 911 5709 ut
940 5657 1053 5722 ipse
1083 5655 1279 5710 astruis
1306 5652 1498 5709 Filium
1518 5652 1761 5722 iussione
1784 5652 1891 5710 Pa-

302 5750 406 5805 tris
429 5746 639 5806 fecisse,
660 5761 777 5812 quae
801 5747 931 5801 facta
964 5756 1087 5801 sunt
1114 5766 1128 5802 :
1157 5747 1248 5803 scd
1267 5748 1349 5804 sui
1376 5746 1600 5818 imperio
1623 5755 1677 5802 ct
1702 5747 1889 5804 volun-

557 5837 823 5899 ιἰτιιοι..
871 5836 1053 5919 LXIl.

1987 4633 2247 4702 judicium
2289 4634 2426 4702 ejus,
2480 4635 2806 4689 nativitatem
2858 4636 3017 4706 373
3075 4642 3249 4692 autem
3300 4638 3414 4707 ejus
3452 4641 3577 4709 quis

1994 4725 2263 4779 cnarrabit
2290 4724 2445 4796 (Ism'.
2476 4741 2583 4793 Lm,
2617 4725 2709 4795 8)?
2743 4728 2803 4780 Et
2826 4728 2878 4781 in
2908 4728 3044 4782 libro
3072 4727 3210 4783 Job:
3244 4729 3573 4799 Sapientiam

1997 4815 2089 4870 Dei
2123 4816 2294 4870 Patris
2324 4818 2467 4872 unde
2496 4817 2779 4872 invenies?
2816 4816 2971 4873 Latet
2998 4819 3139 4874 enim
3180 4820 3248 4875 ab
3272 4822 3444 4877 oculis
3472 4822 3574 4878 ho-

1998 4907 2201 4964 minum
2228 4918 2283 4964 et
2303 4925 2331 4961 a
2356 4910 2664 4964 volucribus
2687 4910 2945 4964 absconsa
2974 4922 3055 4965 est
3081 4909 3221 4983 (Job,
3249 4929 3432 4979 xxvut,
3456 4915 3573 4984 21).

2000 4998 2382 5068 Expergiscere
2423 4999 2715 5067 paululum,
2747 5010 2801 5054 et
2834 4999 2879 5055 si
2905 5001 3085 5058 lumen
3131 5005 3371 5060 scientia:
3405 5006 3456 5059 in
3499 5017 3578 5059 te-

1998 5093 2170 5162 ipsum
2195 5093 2522 5162 aliquantum
2546 5092 2731 5158 habes,
2747 5093 2963 5149 attende
2979 5105 3034 5150 et
3048 5078 3307 5160 invenies,
3326 5097 3576 5167 quoniam

1998 5186 2151 5256 cujus
2178 5186 2746 5257 nativitasapropheta
2771 5204 2873 5243 non
2892 5190 3059 5258 potttit
3089 5190 3324 5244 enarrari
3355 5206 3416 5243 ex
3437 5204 3575 5241 tem-

2000 5293 2148 5348 pure,
2183 5288 2239 5332 ut
2270 5287 2513 5335 astruere
2553 5279 2668 5349 ipse
2708 5283 2944 5348 conaris,
2977 5298 3080 5337 non
3114 5283 3281 5351 putuit
3309 5282 3575 5350 generari.

2000 5372 2055 5427 In
2075 5370 2355 5441 principio,
2376 5370 2548 5441 inquit
2564 5371 2797 5430 Joannes
2815 5374 3162 5445 evangelista,
3185 5382 3299 5426 erat
3318 5372 3574 5439 Verbum,

1996 5472 2053 5520 et
2079 5464 2306 5536 \ierlmm
2339 5473 2458 5519 erat
2502 5465 2637 5534 apud
2668 5464 2857 5530 Deum,
2897 5472 2956 5519 et
2982 5465 3136 5525 Deus
3175 5473 3293 5517 erat
3317 5462 3575 5519 Verbum.

2001 5557 2112 5611 Iloc
2145 5565 2261 5611 erat
2292 5554 2343 5609 iu
2377 5556 2637 5625 principio
2667 5556 2805 5625 apud
2846 5555 3036 5609 Deum.
3065 5553 3252 5607 Omnia
3284 5568 3378 5624 per
3409 5556 3578 5623 ipsum

1978 5649 2138 5707 .fecta
2168 5657 2313 5717 sunt,
2346 5656 2402 5702 et
2428 5650 2543 5703 sine
2572 5648 2685 5713 ipso
2722 5647 2915 5701 factum
2948 5655 3030 5700 est
3061 5646 3191 5701 nihil
3224 5646 3406 5718 (Joan.
3438 5664 3475 5711 ι,
3508 5652 3579 5715 1).

2000 5742 2278 5801 Etiterum
2312 5758 2322 5791 :
2352 5740 2471 5795 Erat
2503 5738 2591 5794 lux
2621 5751 2739 5793 vera
2779 5751 2897 5807 quae
2938 5736 3201 5794 illuminat
3232 5754 3447 5797 omnem
3482 5741 3579 5796 lio-

3074 5828 3144 5894 12
