4026 6176
376 310 489 378 ὒῦὃ

372 430 579 485 minem
594 419 891 479 venientem
909 414 961 470 in
983 412 1125 467 hunc
1152 404 1406 463 mundum
1424 399 1605 473 (Joan.
1628 396 1757 466 1,9).
1777 393 1832 448 In
1862 393 1964 447 isto
1994 394 2043 452 Α

383 522 542 590 igitur
571 512 733 568 verbo
768 509 907 579 quod
949 504 1163 566 dicitur,
1212 504 1341 559 erat,
1378 493 1422 547 si
1466 501 1676 558 tempus
1716 495 1959 554 ψηφιωό

384 589 640 672 volueris,
686 618 789 658 non
833 596 1070 653 invenies
1100 589 1384 662 :quoniam
1432 599 1498 638 ex

386 703 476 758 illo
504 710 558 755 et
597 667 760 752 Filius
793 711 803 745 :
839 700 892 745 et
919 686 1057 758 quod
1089 685 1267 745 Pater,
1296 686 1381 733 est
1404 676 1564 732 etiam
1591 671 1776 735 Filius,
1807 667 1962 722 Salo-

388 805 548 847 mone
577 787 787 843 dicente
816 798 832 838 :
863 781 973 849 Ego
1000 792 1065 832 ex
1090 789 1185 829 ore
1211 767 1468 826 Altissimi
1504 761 1731 835 prodiri,
1766 758 1961 829 primo-

388 884 565 950 genita
607 884 730 930 ante
764 884 976 926 onmem
1017 873 1314 920 creaturam
1347 874 1364 911 :
1391 872 1489 926 ego
1519 853 1617 908 feci
1648 860 1704 906 ut
1743 851 1794 903 in
1824 846 1963 902 ctelo

387 975 619 1027 oriretur
642 967 814 1019 lumen
843 958 1175 1019 indeficiens,
1199 960 1253 1006 et
1275 949 1464 1005 nebula
1490 943 1597 999 texi
1617 953 1829 997 omnem
1853 945 1962 991 ter-

389 1075 502 1116 ram
533 1077 547 1114 :
568 1070 668 1127 ego
689 1055 742 1109 in
765 1049 990 1105 excelsis
1013 1043 1266 1105 habitavi,
1296 1049 1349 1094 et
1374 1038 1495 1091 thro
1518 1048 1598 1088 ius
1620 1043 1771 1086 meus
1793 1029 1845 1082 in
1868 1041 1963 1080 co-

389 1155 569 1226 lumna
601 1144 779 1200 nubis.
816 1141 1017 1211 Cyrum
1046 1133 1170 1189 caeli
1210 1128 1427 1187 circuiri
1471 1125 1616 1190 sola,
1657 1132 1712 1176 et
1746 1120 1799 1174 in
1843 1130 1965 1187 pro-

393 1214 613 1298 fundum
646 1236 823 1306 aby<si
867 1209 1170 1302 penetravi,
1198 1233 1253 1278 et
1282 1224 1337 1277 in
1366 1218 1512 1274 omni
1550 1228 1690 1271 terra
1726 1209 1871 1278 steti,
1912 1217 1968 1263 et

393 1337 446 1388 in
482 1332 625 1387 omni
658 1301 815 1398 gente
849 1301 904 1379 et
943 1319 1138 1391 popqu
1182 1314 1533 1385 principatum
1574 1305 1733 1362 habui
1777 1301 1964 1374 (Ereti.

394 1441 538 1487 xxiv,
580 1394 716 1490 5-9).
770 1418 900 1472 Item
932 1414 1004 1468 ibi
1040 1429 1054 1465 :
1085 1410 1218 1463 Cum
1263 1410 1476 1475 pararet
1514 1399 1711 1455 cmlum
1750 1394 1967 1448 aderam

392 1518 471 1572 illi
500 1484 594 1569 :‘et
624 1484 744 1565 cum
781 1508 1084 1575 segregaret
1127 1510 1279 1551 suam
1311 1494 1518 1557 sedem,
1562 1484 1777 1559 quando
1808 1495 1967 1550 super

394 1615 582 1661 ventos
611 1602 680 1655 for
695 1610 774 1654 tes
797 1594 1021 1650 faciebat
1050 1590 1103 1645 in
1133 1600 1345 1642 summo
1374 1581 1541 1636 nubes
1573 1594 1590 1633 :
1617 1585 1671 1633 et
1698 1590 1820 1631 cum
1852 1586 1970 1627 cer—

395 1710 478 1753 tes
505 1693 733 1766 ponebat
761 1689 933 1744 fontes
956 1684 1055 1739 sub
1081 1680 1220 1737 ctelo
1244 1695 1259 1731 :
1281 1691 1402 1732 cum
1424 1671 1578 1728 fortia
1604 1667 1833 1724 faciebat
1855 1664 1971 1719 fun—

395 1792 640 1843 damenta
683 1791 860 1843 terrae,
909 1789 1009 1843 ego
1038 1786 1184 1827 eram
1228 1783 1346 1822 eum
1388 1764 1484 1819 illo
1518 1772 1843 1829 componens
1878 1762 1968 1809 :et
1998 1756 2045 1817 Β

397 1896 495 1950 ego
508 1892 656 1933 eram
680 1873 765 1929 eui
788 1866 1115 1940 adgaudebit
1136 1876 1256 1916 eum
1279 1860 1549 1913 lauaretur
1573 1851 1707 1908 orbe
1732 1847 1968 1920 perfecto

396 1938 579 2043 (Prov.
621 1984 733 2031 vni,
764 1966 843 2032 7).
864 1938 941 2016 Et
962 1960 1013 2014 in
1043 1955 1247 2028 psalmo
1273 1949 1565 2007 centesimo
1590 1944 1762 2015 primo
1790 1938 1966 2013 (Vers.

395 2036 489 2135 28)
522 2081 534 2115 :
563 2062 666 2125 Tn,
701 2054 942 2117 Domine,
973 2052 1027 2103 in
1079 2042 1338 2116 principio
1369 2036 1599 2095 fundasti
1646 2044 1842 2088 terram
1872 2047 1884 2082 :
1916 2036 1971 2084 et

399 2124 562 2225 opera
590 2124 839 2205 manuum
879 2154 1086 2197 tuarum
1126 2143 1250 2190 sunt
1277 2131 1421 2187 cteli.
1454 2129 1556 2199 Ipsi
1595 2124 1879 2197 peribunt:
1912 2130 1969 2174 tu

399 2219 577 2299 autem
607 2247 908 2309 permanes,
952 2238 1006 2284 et
1033 2226 1211 2283 omnia
1251 2224 1390 2279 sicut
1416 2219 1789 2274 vestimentum
1820 2220 1969 2267 vete-

400 2341 633 2396 rascent,
654 2341 707 2385 et
727 2321 1209 2392 sicutopertorium
1239 2312 1467 2370 mutabis
1489 2324 1549 2364 ea
1578 2324 1592 2363 :
1619 2315 1673 2363 et
1697 2304 1975 2360 mutabun-

401 2439 506 2482 tur.
530 2395 818 2479 'I‘uautem
854 2415 996 2471 idem
1026 2410 1140 2481 ipse
1168 2422 1247 2463 es.
1282 2404 1395 2461 Non
1435 2402 1578 2458 enim
1608 2408 1743 2464 erat,
1766 2404 1822 2449 ut
1849 2395 1926 2447 ais
1955 2433 1971 2458 ,

400 2516 600 2589 aliquid
630 2508 885 2581 temporis
911 2514 1197 2573 antequam
1225 2498 1291 2553 de
1330 2497 1485 2551 Patre
1525 2491 1694 2547 Filius
1724 2500 1974 2543 nascere-

403 2578 509 2664 tur:
552 2578 813 2671 Quoniam
857 2598 945 2667 (ιτιὶ
992 2602 1231 2661 tempora
1275 2585 1519 2641 universa
1570 2578 1782 2650 propria
1826 2587 1977 2645 pute-

400 2706 539 2755 state
563 2665 861 2758 constituit,
877 2665 959 2743 wex
1001 2694 1242 2752 tempore
1266 2676 1351 2734 vel
1388 2681 1509 2746 post
1551 2679 1792 2740 tempora
1830 2665 1977 2722 nasci

980 2864 1206 2925 CAPUT
1244 2860 1384 2918 XIII.

743 2964 953 3021 Patrem
978 2959 1117 3014 Filio
1146 2954 1343 3011 dedisse
1353 2951 1637 3025 judicium.

472 3060 637 3135 37E.
659 3059 717 3116 Si
764 3071 891 3111 vero
932 3050 1167 3108 dixerint
1201 3043 1344 3116 quod
1390 3042 1549 3098 Pater
1596 3037 1803 3094 dederit
1844 3033 1981 3090 Filio

404 3160 722 3226 potestatem
755 3145 1010 3217 judicium
1042 3135 1295 3194 faciendi.

474 3213 778 3313 Responsio.
828 3234 1018 3290 Filium
1049 3229 1208 3299 igitur
1237 3224 1332 3282 Dei
1358 3228 1622 3295 petestate
1656 3216 1870 3288 propria
1900 3213 1979 3269 fa-

403 3309 613 3390 cturum
643 3342 764 3386 esse
790 3321 1070 3395 judicium,
1121 3334 1187 3374 ex
1226 3318 1293 3372 iis
1339 3311 1656 3370 testimoniis
1686 3309 1977 3379 prudentes

400 3426 714 3495 agnoscant,
746 3424 800 3470 et
834 3413 1033 3484 justum
1073 3406 1410 3479 proferentes
1439 3403 1493 3457 in
1522 3401 1623 3456 hac
1647 3412 1809 3455 causa
1835 3395 1980 3466 judio

402 3494 570 3581 cium,
598 3503 901 3568 ostendant,
935 3509 991 3556 et
1026 3499 1177 3569 cujus
1217 3495 1500 3551 sententiae
1529 3494 1698 3560 magis
1738 3504 1856 3545 cum
1894 3502 1981 3543 ra-

406 3608 549 3661 tione
596 3595 953 3659 concordant,
1009 3600 1062 3645 et
1115 3588 1268 3657 cujus
1311 3585 1434 3643 fidei
1482 3583 1757 3639 veritatem
1807 3581 1981 3648 impu-

404 3703 590 3765 gnant,
629 3688 762 3744 Isaia
809 3683 1065 3754 prOpheta
1107 3679 1319 3735 dicente
1351 3693 1364 3729 :
1393 3674 1523 3743 Quis
1561 3669 1814 3741 cognovit
1858 3683 1983 3723 sen-

407 3762 524 3839 sum
548 3780 779 3845 Domini,
810 3784 903 3831 aut
925 3775 1044 3843 quis
1074 3770 1419 3828 consiliarius
1444 3767 1564 3836 ejus
1591 3766 1707 3830 fuit,
1741 3771 1833 3817 aut
1860 3762 1980 3832 qius

405 3874 675 3930 consuluit
703 3882 757 3926 et
782 3865 1035 3923 instruxit
1065 3878 1206 3928 eum,
1238 3860 1360 3930 quis
1386 3857 1621 3914 ostendit
1648 3853 1698 3908 ei
1721 3852 1979 3922 judicium

407 3967 649 4039 (Isai.xi.
671 4003 685 4028 ,
712 3961 821 4025 I3).
855 3958 983 4012 Item
1014 3954 1117 4009 ibi:
1145 3952 1269 4007 llaec
1303 3950 1433 4005 dicit
1460 3946 1744 4001 Dominus:
1767 3941 1855 3995 Vae
1883 3954 1981 4011 po-

408 4056 644 4113 tentibus
672 4052 725 4105 in
756 4047 939 4111 Israel,
982 4046 1108 4112 quia
1146 4056 1250 4095 non
1281 4038 1514 4094 cessavit
1558 4033 1833 4089 iracundia
1864 4045 1982 4086 mea

406 4148 464 4201 in
491 4144 591 4209 eis,
620 4139 875 4212 judicium
914 4133 983 4188 de
1012 4129 1243 4186 inimicis
1273 4127 1486 4190 faciam,
1517 4134 1571 4179 et
1598 4120 1856 4177 cremabo
1887 4134 1983 4175 eos

408 4243 533 4308 igne
556 4234 622 4289 ad
651 4245 841 4301 purum
869 4225 1019 4299 (Isai.
1048 4239 1087 4289 ι,
1117 4221 1234 4289 21).
1266 4220 1394 4273 Item
1420 4216 1490 4271 ibi
1522 4235 1536 4269 :
1564 4216 1772 4271 Statuet
1808 4211 1986 4266 Domi-

410 4302 516 4383 n'us
550 4326 604 4379 in
630 4321 831 4392 judicio
876 4315 1127 4387 populum
1176 4324 1353 4373 suum,
1393 4316 1446 4361 et
1476 4308 1589 4376 ipse
1635 4306 1890 4359 Dominus
1933 4302 1985 4356 in

411 4416 667 4487 judicium
692 4410 869 4467 veniet
892 4422 1014 4461 cum
1043 4400 1343 4458 senioribus
1366 4398 1547 4467 populi
1574 4404 1629 4451 et
1660 4394 1987 4464 principibus

1700 282 1924 343 VIGILII
1963 272 2331 336 TAPSENSIS

3533 252 3640 310 561

2069 386 2137 441 de
2177 380 2427 438 omnibus
2471 374 2720 448 operibus
2762 367 3051 443 impietatis
3088 380 3273 424 eorum
3303 364 3478 437 (Iuda:
3504 367 3639 435 xiv).

2064 475 2134 530 Et
2156 475 2210 528 in
2242 468 2531 537 Evangelio
2558 484 2571 521 :
2600 463 2732 519 Cum
2756 462 2962 517 venerit
2997 458 3161 513 Filius
3191 454 3418 510 hominis
3446 455 3497 509 In
3528 468 3644 507 ma-

1538 594 1643 652 quo
1682 579 1864 640 Pater,
1892 588 1958 627 ex
2056 565 2252 634 jestate
2276 577 2393 628 sua,
2423 568 2478 616 et
2522 571 2708 612 omnes
2737 553 2908 623 angeli
2938 551 3053 621 ejus
3080 564 3198 606 cum
3229 562 3315 612 eo,
3358 556 3481 600 tunc
3513 560 3644 599 con-

2060 653 2420 723 gregabuntur
2446 656 2568 702 ante
2594 660 2715 701 eum
2743 657 2928 698 omnes
2950 648 3158 711 gentes,
3181 646 3237 692 et
3257 634 3523 707 separabit
3550 649 3645 689 eas

2062 722 2133 799 ab
2160 741 2410 805 invicem,
2447 742 2587 793 sicut
2610 744 2789 804 pastor
2810 738 3054 802 segregat
3080 740 3246 797 agnos
3269 725 3336 779 ab
3362 722 3553 787 haedis,
3588 729 3649 777 et

2064 840 2114 887 st
2151 839 2265 886 tuet
2294 842 2458 898 agnos
2487 824 2552 880 ad
2578 824 2851 879 dexteram
2874 833 3049 882 suam,
3072 816 3254 870 haedos
3275 823 3452 867 autem
3482 810 3547 865 ad
3570 810 3644 864 si-

2064 923 2286 977 nistram
2319 916 2536 990 (Matth.
2575 929 2701 979 xxv,
2732 911 2846 981 3f).
2879 906 3037 980 375
3070 906 3258 959 Filium
3290 917 3419 972 ergo
3445 915 3641 955 secun-

2067 1011 2195 1063 dum
2228 1009 2277 1062 id
2321 1005 2462 1077 quod
2496 1005 2635 1058 Deus
2662 1010 2765 1064 est,
2809 998 2938 1052 nihil
2978 1010 3007 1049 a
3036 996 3192 1049 Patre
3231 992 3454 1061 legimus
3488 1004 3645 1045 acce-

2070 1100 2235 1169 pisse,
2277 1110 2432 1163 quem
2470 1093 2521 1146 in
2558 1090 2720 1145 corde
2747 1086 2919 1142 Patris
2958 1082 3384 1153 inseparabiliter
3425 1093 3648 1133 manen-

2068 1196 2200 1251 tem,
2228 1184 2470 1238 universa
2500 1178 2767 1235 credimus
2812 1174 3131 1245 possedisse.
3164 1170 3269 1225 Sed
3300 1170 3391 1224 ille
3413 1177 3649 1238 potesta-

2068 1283 2175 1329 tem
2234 1274 2439 1341 accepit
2479 1270 2735 1341 judicium
2799 1263 3069 1329 faciendi,
3144 1262 3232 1331 qui
3295 1260 3647 1330 semetipsum

2069 1352 2405 1429 exinanieus,
2439 1360 2665 1415 formam
2700 1356 2946 1425 dignatus
2976 1360 3060 1408 est
3096 1344 3369 1406 assumere
3406 1350 3573 1405 servi.

2659 1469 2883 1528 CAPUT
2922 1466 3065 1524 XIV.

2075 1567 2293 1636 Quando
2335 1566 2547 1628 dicunt,
2582 1560 2778 1636 Filium
2811 1576 2915 1636 non
2937 1556 3177 1636 habuisse
3207 1561 3498 1636 potest-atem
3526 1550 3651 1636 dare

2142 1639 2218 1721 ad.
2241 1639 2501 1760 dqateram
2527 1623 2604 1689 rei
2630 1633 2697 1686 ad
2730 1632 3011 1694 sinistram,
3040 1623 3311 1683 sessionem
3333 1623 3531 1678 duobus
3562 1623 3649 1675 di-

2143 1725 2287 1760 scmu
2312 1724 2376 1760 is.

2143 1724 2376 1778 sctputts.

2139 1814 2196 1870 Si
2226 1822 2405 1870 autem
2433 1812 2665 1869 dixerint
2705 1810 2818 1875 tibi,
2848 1807 2991 1881 quod
3022 1806 3189 1862 Filius
3225 1804 3433 1861 duobus
3470 1802 3645 1858 disci-

2070 1906 2208 1975 pulis
2233 1904 2431 1959 dixerit
2457 1921 2471 1958 :
2498 1902 2731 1957 Calicem
2756 1900 2969 1970 quidem
2998 1912 3175 1952 meum
3207 1895 3422 1958 bibetis,
3452 1891 3647 1947 sedere

2072 2004 2250 2050 autem
2281 1993 2347 2048 ad
2376 1992 2653 2049 dexteram
2686 2003 2881 2055 meam,
2913 1987 2998 2042 vel
3029 1986 3095 2041 ad
3134 1985 3403 2041 sinistram
3434 1996 3540 2036 non
3569 1988 3655 2035 est

2074 2098 2252 2140 meum
2282 2082 2410 2137 dare
2439 2080 2589 2135 vobis
2613 2077 2829 2149 (Matth.
2854 2092 2943 2141 xx,
2970 2076 3089 2146 23).

2144 2178 2445 2247 Responsio.
2483 2173 2719 2243 Propria:
2744 2170 3023 2242 potestatis
3050 2169 3241 2224 Filium
3265 2181 3402 2234 esse,
3432 2174 3486 2221 et
3510 2179 3653 2235 pra:-

2074 2269 2282 2325 cetlenti
2327 2267 2436 2336 jam
2481 2264 2842 2335 disputatione
2883 2261 3185 2325 docuimus,
3234 2268 3289 2313 et
3340 2271 3479 2312 nunc
3526 2257 3648 2323 iiso

2083 2364 2379 2435 cpitulante
2407 2358 2736 2422 docebimus,
2766 2355 3058 2425 Evangelia
3087 2361 3414 2423 protestante
3441 2368 3455 2404 :
3488 2349 3656 2402 Voca-

2075 2456 2144 2510 tis
2193 2451 2474 2508 duodecim
2515 2448 2793 2518 discipulis
2843 2446 2956 2500 suis
2984 2443 3158 2508 dedit,
3199 2442 3280 2496 eis
3329 2445 3650 2510 potestatem

2076 2544 2357 2614 spirituum
2406 2536 2824 2602 immundorum,
2872 2543 2930 2590 ut
2968 2534 3223 2604 ejicerent
3263 2545 3378 2597 eos,
3411 2537 3465 2583 et
3493 2542 3653 2582 cura-

2076 2648 2199 2694 rent
2240 2650 2452 2691 omnem
2483 2634 2816 2703 languorem,
2848 2639 2904 2685 et
2937 2643 3150 2684 omnem
3201 2624 3562 2681 infirmitatem
3594 2622 3653 2677 in

2078 2734 2273 2803 populo
2311 2728 2531 2803 (Matth.
2575 2742 2643 2793 x,
2674 2726 2759 2798 I).
2808 2726 2873 2780 Et
2915 2724 3147 2780 iterum:
3180 2720 3347 2776 Amen
3395 2718 3518 2773 dico
3548 2733 3647 2770 vo-

2081 2823 2162 2877 bis
2190 2822 2329 2892 quod
2362 2833 2457 2874 vos
2483 2818 2573 2888 qui
2611 2815 2781 2872 secuti
2821 2814 2952 2869 estis
2983 2827 3089 2876 me,
3117 2811 3170 2865 in
3219 2806 3651 2874 regeneratione,

2081 2928 2203 2969 cum
2238 2913 2403 2968 Filius
2430 2910 2658 2965 hominis
2698 2907 2901 2963 sederit
2931 2906 2982 2960 in
3014 2905 3141 2960 sede
3184 2901 3481 2971 majestatis
3510 2914 3663 2961 sine,

2083 3002 2339 3058 sedebitis
2362 3008 2417 3054 et
2440 3014 2534 3053 vos
2563 3013 2685 3053 cum
2714 3012 2777 3052 eo
2798 3010 2958 3065 super
2985 2993 3265 3049 duodecim
3306 2989 3483 3052 sedes,
3501 2987 3648 3057 judi-

2005 3114 2053 3179 ο
2082 3101 2266 3147 cantes
2303 3088 2581 3144 duodecim
2620 3087 2790 3141 tribus
2828 3085 2982 3140 Israel
3016 3082 3237 3155 (Matth.
3280 3096 3390 3143 xix,
3423 3080 3552 3148 23).
3592 3078 3658 3133 Et

2082 3185 2272 3239 iterum
2301 3195 2318 3235 :
2352 3181 2485 3234 Ecce
2513 3177 2634 3232 dedi
2656 3178 2807 3231 vobis
2831 3183 3148 3245 potestatem
3173 3182 3228 3226 ut
3253 3169 3469 3225 calcetis
3491 3181 3657 3237 super

2080 3282 2380 3343 serpentes,
2412 3279 2466 3327 et
2491 3270 2821 3338 scorpiones,
2857 3276 2911 3321 et
2950 3279 3111 3334 super
3151 3275 3364 3316 onmem
3398 3258 3651 3312 virtutem

2082 3367 2309 3433 inimici,
2349 3374 2402 3419 et
2443 3363 2489 3417 si
2528 3360 2667 3431 quod
2710 3372 2972 3414 venenum
3014 3351 3279 3416 biberitis,
3322 3348 3452 3403 nihil
3497 3347 3657 3402 vobis

2084 3461 2299 3517 nocebit
2342 3457 2494 3530 (Luc.
2533 3472 2587 3521 x,
2622 3454 2734 3523 I9).
2784 3452 2851 3506 Et
2893 3451 3085 3505 iterum
3120 3466 3131 3500 :
3166 3446 3439 3513 Quotquot
3472 3450 3656 3496 autem

2082 3562 2403 3625 receperunt
2426 3565 2571 3614 eum,
2599 3548 2745 3603 dedit
2768 3547 2847 3601 eis
2878 3551 3197 3615 petestatem
3228 3538 3367 3592 filios
3396 3534 3486 3589 Dei
3516 3534 3657 3600 fieri,

2084 3647 2149 3701 iis
2177 3623 2265 3714 qui
2306 3641 2528 3697 credunt
2569 3641 2622 3692 in
2661 3637 2875 3692 nomine
2904 3634 3019 3703 ejus
3048 3629 3223 3703 (Joan.
3271 3642 3310 3691 l,
3358 3624 3471 3696 I2).
3499 3623 3562 3678 Et
3592 3624 3649 3676 in

2083 3713 2400 3806 Apocalypsi
2431 3747 2447 3788 :
2474 3731 2572 3797 Qui
2606 3727 2816 3791 vicerit,
2845 3724 2985 3779 dabo
3013 3722 3087 3775 illi
3129 3718 3318 3774 sedere
3356 3728 3561 3769 meeum
3598 3713 3651 3765 in

2083 3831 2213 3887 sede
2242 3803 2383 3891 mea,
2423 3824 2561 3876 sicut
2606 3829 2659 3874 et
2689 3832 2788 3887 ego
2826 3816 2951 3879 vici,
2994 3821 3049 3866 et
3095 3810 3208 3864 sedi
3255 3821 3375 3861 cum
3407 3804 3561 3858 Patre
3600 3803 3657 3856 in

2086 3920 2213 3977 sede
2242 3916 2409 3987 ipsius
2431 3913 2616 3981 (Apoc.
2637 3924 2715 3975 ιιι,
2740 3906 2853 3975 2|).
2886 3905 3014 3959 Item
3045 3900 3115 3955 ibi
3141 3897 3270 3965 :Qui
3300 3894 3491 3949 vicerit
3517 3892 3663 3947 dabo

2085 4015 2162 4071 illi
2190 4012 2509 4069 manducare
2550 4007 2615 4061 de
2657 4005 2798 4073 ligno
2828 4003 2969 4068 vitm,
3000 3997 3141 4067 quod
3189 4007 3270 4049 ρει
3322 3994 3375 4047 in
3409 3990 3662 4061 paradiso

2090 4111 2181 4165 Dei
2210 4106 2314 4162 mei
2353 4104 2535 4174 (Apoc.
2567 4116 2626 4166 ιι,
2660 4098 2736 4168 7).
2777 4096 2876 4162 Qui
2906 4092 3152 4147 omnibus
3194 4085 3489 4155 disciiulis,
3521 4082 3660 4137 duo-

2086 4202 2257 4257 decim
2290 4199 2456 4254 tribus
2487 4188 2759 4264 jndicandi
2799 4192 3114 4255 potestatem
3163 4177 3332 4244 dedit,
3382 4184 3439 4230 et
3477 4187 3660 4226 secum

2094 4291 2283 4346 sedere
2328 4259 2590 4358 permisit,
2640 4276 2847 4332 duobus
2889 4282 3093 4325 tantum
3145 4264 3442 4333 discipulis,
3487 4271 3545 4315 ut
3591 4259 3663 4314 ad

2091 4387 2364 4441 dexteram
2398 4379 2480 4433 vel
2512 4376 2577 4429 ad
2608 4372 2710 4428 sini
2731 4379 2880 4423 .tram
2916 4364 3033 4434 ejus
3075 4360 3361 4420 sederent,
3392 4354 3664 4409 licentiam

411 4470 527 4563 suis
566 4504 719 4577 (Isai.
747 4516 826 4567 ιιι,
861 4498 966 4566 I5).
1014 4496 1142 4550 Item
1178 4491 1252 4545 ibi
1284 4505 1297 4542 :
1334 4486 1515 4542 Induit
1560 4500 1620 4542 se
1642 4485 1903 4555 jusutiam
1935 4497 1988 4537 et
2015 4480 2065 4540 D
2091 4478 2219 4532 dare
2246 4490 2349 4530 non
2381 4470 2598 4527 habuit?

412 4601 640 4681 gloriam
672 4614 686 4649 :
718 4587 1100 4659 circumposuit
1127 4583 1332 4655 galeam
1360 4579 1548 4635 salutis
1578 4577 1743 4646 capiti
1785 4590 1904 4641 suo,
1936 4583 1992 4629 et

415 4669 626 4764 operuit
655 4705 714 4746 se
740 4697 889 4744 veste
911 4682 1180 4744 vindictze,
1212 4685 1270 4730 ut
1289 4674 1546 4730 retribuat
1578 4669 1990 4725 retributionem

414 4758 737 4837 adversariis
759 4776 869 4832 suis
899 4773 1055 4845 (lsai.
1082 4784 1190 4833 ιιι,
1220 4768 1333 4837 17).
1368 4763 1496 4818 Item
1529 4761 1601 4814 ibi
1631 4776 1644 4812 :
1678 4759 1817 4812 Ecce
1847 4758 1990 4809 enim

421 4871 680 4927 Dominus
706 4877 760 4921 ut
789 4866 926 4935 ignis
955 4860 1154 4925 venirt,
1186 4868 1238 4913 et
1268 4865 1328 4909 ut
1347 4860 1635 4922 tempestas
1658 4860 1847 4902 cursus
1876 4845 1994 4914 ejus

420 4961 645 5017 reddere
688 4955 974 5010 vindictam
1022 4952 1073 5005 in
1116 4952 1216 5013 ira,
1259 4954 1315 5002 et
1366 4943 1622 4998 ultionem
1683 4939 1735 4991 in
1784 4938 1995 4989 flamma

419 5056 558 5125 ignis
592 5050 745 5123 (Isai.
777 5062 920 5109 ωινι,
951 5044 1064 5113 15).
1101 5043 1164 5096 Ει
1199 5042 1252 5094 in
1281 5036 1484 5108 psalmo
1516 5045 1660 5085 nono
1689 5026 1865 5099 (νει-ε.
1894 5026 1949 5096 9)
1980 5041 1994 5077 :

426 5120 637 5199 Paravit
659 5140 712 5193 in
740 5136 941 5207 judicio
966 5132 1148 5187 sedem
1180 5144 1349 5193 suam,
1392 5135 1448 5182 et
1476 5125 1589 5193 ipse
1614 5120 1876 5191 judicahit
1906 5132 1998 5171 or-

423 5235 542 5288 bcm
594 5239 753 5284 terra:
792 5226 843 5280 in
892 5222 1163 5293 (equitate.
1209 5220 1274 5273 Et
1317 5220 1370 5272 in
1416 5214 1713 5272 centesimo
1766 5210 2001 5265 secundo

426 5322 600 5395 (Vers.
634 5319 724 5392 I9)
750 5336 763 5373 :
796 5317 1050 5372 Dominus
1077 5313 1128 5366 in
1153 5308 1292 5364 ccelo
1315 5306 1517 5374 paravit
1542 5304 1793 5357 thronum
1821 5314 1998 5363 suum,

420 5394 479 5467 ct
502 5425 723 5480 regnum
754 5407 870 5477 ejus
897 5404 1146 5461 omnibus
1173 5394 1549 5453 dominabitur.
1586 5394 1653 5448 Et
1678 5395 1729 5446 in
1762 5403 2000 5458 IIOIIJgO-

425 5478 748 5555 SIIDOVICI‘I'IO
772 5496 946 5567 (Vcrs.
975 5495 1028 5561 I)
1057 5509 1071 5545 :
1100 5491 1237 5544 Deus
1265 5485 1525 5540 ultionum
1552 5484 1831 5547 Dominus,
1860 5478 2002 5532 Deus

427 5590 685 5644 ultionum
726 5586 894 5641 libere
923 5584 1048 5653 egit.
1100 5580 1164 5633 Et
1202 5576 1253 5632 in
1285 5574 1507 5643 epistola
1535 5573 1686 5628 Judac
1719 5569 1950 5640 apostoli
1987 5585 2000 5622 :

433 5680 567 5734 Ecce
590 5679 766 5734 veniet
799 5677 1055 5731 Dominus
1080 5672 1132 5726 in
1170 5667 1402 5725 miilihus
1432 5665 1606 5721 facere
1631 5662 1914 5734 judicium,
1947 5669 2003 5717 et

424 5769 654 5834 perdere
701 5783 885 5827 omnes
931 5762 1140 5835 impios,
1182 5769 1237 5818 et
1269 5771 1493 5830 arguere
1535 5768 1749 5813 omnem
1785 5764 1999 5810 carnem

2682 4551 2907 4609 CAPUT
2950 4548 3063 4604 XV.

2183 4654 2259 4710 De
2281 4670 2340 4708 eo
2362 4654 2495 4723 quod
2516 4651 2736 4703 dicitur:
2771 4644 2890 4723 Non
2925 4648 3083 4707 potest
3106 4634 3274 4689 Filius
3295 4649 3325 4686 a
3352 4647 3406 4685 se
3432 4630 3599 4699 facere

2732 4715 3031 4787 quidquam.

2349 4835 2404 4890 Si
2432 4846 2559 4887 vero
2586 4826 2932 4898 opposuerim
2962 4819 3059 4876 tibi
3088 4816 3226 4885 quod
3252 4814 3422 4871 Filius
3444 4811 3668 4865 dixerit:

2098 4900 2215 4985 Non
2232 4900 2414 4995 potest
2443 4923 2606 4977 Filius
2641 4934 2670 4972 a
2708 4932 2766 4971 se
2814 4916 2989 4968 Iacere
3033 4910 3343 4980 quidquam,
3389 4904 3490 4959 nisi
3518 4900 3667 4972 quod

2099 5016 2291 5075 viderit
2319 5014 2525 5067 Patrem
2558 5009 2838 5063 facientem
2862 5003 3041 5073 (Joan.
3073 5014 3128 5061 v,
3167 4997 3275 5067 19).

2174 5102 2474 5174 Responsio.
2511 5100 2566 5154 Si
2606 5099 2760 5152 fidem
2798 5103 3000 5149 rectam
3043 5100 3276 5153 teneres,
3316 5092 3371 5139 et
3411 5096 3516 5137 non
3554 5079 3675 5135 falsi

2102 5195 2363 5265 dogmatis
2410 5191 2666 5261 pravitate
2718 5187 2873 5241 Iidem
2930 5184 3247 5241 catholicam
3302 5179 3671 5245 impugnares,

2104 5297 2453 5355 cognosceres
2496 5279 2684 5333 Filium
2725 5276 2939 5346 propria
2984 5278 3246 5342 potestate
3288 5266 3502 5327 fecisse,
3558 5276 3680 5330 quae

2107 5354 2317 5434 Patrem
2370 5390 2471 5429 non
2513 5374 2770 5442 legimus,
2823 5367 2921 5421 nisi
2971 5380 3065 5434 per
3120 5361 3309 5417 Filium
3363 5354 3678 5426 perfecisse.

2109 5465 2355 5537 Nunquid
2377 5465 2534 5519 Pater
2554 5477 2702 5531 aquae
2730 5459 3053 5514 elementum
3085 5448 3355 5508 convertit
3376 5446 3428 5500 in
3463 5442 3683 5497 vinum?

2109 5559 2353 5631 Nunquid
2384 5559 2536 5613 Pater
2562 5569 2750 5608 navem
2782 5549 3109 5611 conscendit,
3140 5554 3231 5599 aut
3275 5539 3467 5601 ventis,
3499 5545 3554 5589 et
3583 5534 3686 5588 Ilu-

2109 5618 2282 5715 etihu's
2307 5664 2367 5709 ut
2395 5654 2748 5723 quiescerent,
2794 5642 3109 5713 imperavit?
3139 5635 3385 5706 Nunquid
3432 5632 3589 5686 Pater
3619 5618 3689 5682 de

2112 5748 2342 5821 quinque
2372 5717 2595 5813 panibus
2625 5746 2679 5795 et
2709 5737 2918 5792 duobus
2942 5733 3175 5804 piscibus
3206 5726 3258 5784 in
3281 5727 3495 5781 deserto
3529 5717 3686 5790 quiu-
