3958 6176
305 291 408 347 365

1456 287 1725 352 CONTRA
1765 293 2176 352 VARIMADUM
2218 297 2344 355 LIB.
2387 298 2427 352 l.

3449 307 3555 366 368

306 415 408 470 que
455 397 622 454 millia
669 396 942 451 hominum
992 382 1172 467 pavit?
1209 396 1453 468 Nunquid
1501 400 1658 458 Pater
1705 417 1865 473 super
1902 406 1951 470 Α
1978 414 2231 472 strueret,
2258 416 2310 460 ct
2342 421 2435 461 vos
2478 406 2721 476 Atiaaos,
2749 409 2834 479 qui
2868 425 3026 464 unum
3076 410 3129 466 in
3158 410 3416 472 Trinitate
3453 417 3554 474 ab-

305 509 451 547 mare
474 493 700 561 pedibus
729 492 1050 545 ambulavit?
1075 485 1322 563 Nunquid
1353 494 1512 549 Pater
1533 498 1719 552 oculos
1747 501 1873 554 cmci

306 585 411 637 nati
444 581 688 650 aperuit?
719 581 965 650 Nunquid
1015 582 1174 637 Pater
1210 595 1388 637 coram
1417 586 1746 657 principibus
1776 589 1874 643 Ju~

305 675 540 728 datorum
569 672 914 743 paralyticum
939 675 1178 743 pristina:
1206 677 1417 732 sanitati
1442 681 1710 735 restituit?
1735 682 1876 738 Nun-

304 767 427 834 quid
483 767 638 820 Pater
691 765 992 834 hominem,
1044 770 1247 824 aridam
1290 786 1507 826 manum
1561 775 1874 845 habentem,

303 859 507 911 cunctis
527 856 823 910 astantibus
856 856 908 911 in
939 860 1149 928 templo
1171 861 1420 916 curavit?
1448 863 1693 934 Nunquid
1724 867 1879 922 Pater

304 946 584 1000 mulierem
624 946 771 999 [luxu
812 949 1081 1016 sanguinis
1118 949 1480 1014 laborantem,
1517 953 1686 1007 turbis
1722 953 1875 1022 igno-

304 1037 566 1098 rantibus,
594 1031 807 1089 deitatis
847 1050 957 1090 suae
1001 1037 1199 1092 virtute
1238 1042 1483 1094 sanavit?
1526 1043 1592 1095 Et
1626 1044 1776 1111 plura
1815 1045 1878 1098 iis

304 1128 655 1194 mirabiliora,
695 1145 812 1199 qua:
859 1129 1138 1186 Dominum
1181 1144 1420 1189 nostrum
1452 1137 1634 1191 Iesum
1684 1138 1873 1195 fecisse

300 1221 598 1285 credimus;
651 1230 704 1275 et
750 1223 1017 1278 credendo
1064 1229 1461 1296 cognoscimus,
1523 1241 1577 1286 et
1627 1233 1872 1298 fatemur,

300 1309 550 1378 quoniam
592 1311 679 1379 qui
710 1320 987 1378 paternum
1029 1328 1162 1383 opus
1207 1320 1540 1387 exsequitur,
1575 1335 1602 1373 a
1636 1324 1872 1391 paternis

300 1400 555 1467 Operibus
577 1400 783 1454 alienus
813 1415 932 1456 esse
958 1417 1062 1457 non
1084 1404 1344 1460 creditur.

885 1541 1108 1597 CAPUT
1148 1542 1282 1598 XVI.

339 1656 438 1712 Ubi
458 1658 635 1711 ἀῗειιηι
663 1657 869 1713 Patrem
895 1669 941 1714 et
966 1659 1161 1716 Filium
1194 1680 1294 1719 non
1325 1681 1432 1722 esse
1457 1684 1612 1723 unum
1645 1669 1830 1727 Deum.

1981 496 2142 552 nuitis
2167 497 2352 562 Deum,
2385 497 2558 554 modis
2588 497 2833 553 omnibus
2872 500 3171 557 refutaret?

2558 590 2785 647 CAPUT
2826 594 2990 648 XVII.

2054 678 2354 733 Declaratur
2388 682 2574 735 dictum
2599 697 2617 735 :
2649 682 2821 752 Pater,
2850 685 3076 752 clari/ica
3103 682 3295 741 Filium
3317 697 3480 742 tuum.

2050 765 2212 839 378
2241 768 2300 825 Si
2345 781 2521 824 autem
2579 772 2809 826 dixerint
2859 777 2982 842 quia
3036 774 3157 830 ideo
3189 776 3353 832 Filius
3380 779 3556 835 minor

1980 871 2083 926 εει,
2117 861 2254 928 quod
2313 862 2468 916 Pater
2512 861 2659 916 illum
2711 864 3101 931 clariticaverit,
3157 881 3254 935 pro
3306 881 3372 922 eo
3414 868 3562 938 quod

1978 949 2233 1016 scriptum
2274 960 2399 1007 est:
2434 952 2609 1018 Pater,
2665 953 2896 1008 clarilica
2940 955 3128 1010 Filium
3173 965 3321 1012 tuum
3371 956 3553 1031 (Joan.

1981 1052 2107 1104 xvn,
2136 1037 2212 1108 I).

2050 1129 2347 1200 Responsio.
2406 1131 2554 1190 Sicut
2583 1133 2739 1187 Pater
2787 1133 2979 1188 Filium
3027 1151 3180 1192 suum
3234 1138 3556 1195 clat-iﬁcasse

1979 1217 2222 1284 docetur,
2250 1222 2319 1276 ita
2361 1224 2519 1276 etiam
2568 1223 2732 1278 Filius
2787 1224 2996 1281 Patrem
3049 1227 3375 1286 clarificasse
3421 1247 3556 1302 prae-

1979 1310 2230 1364 scribitur
2251 1351 2266 1375 ,
2313 1313 2634 1381 evangelista
2659 1314 2874 1369 dicente
2906 1330 2920 1368 :
2953 1315 3247 1386 Respondit
3293 1319 3448 1375 Iesus
3497 1331 3554 1376 et

1978 1398 2111 1453 dixit
2145 1419 2155 1452 :
2193 1400 2301 1469 Ego
2347 1401 2671 1456 dtemonium
2723 1419 2827 1460 non
2882 1405 3090 1472 habeo,
3119 1406 3212 1461 sed
3260 1407 3554 1465 honorifico

1979 1493 2187 1548 Patrem
2237 1508 2436 1562 meum,
2470 1503 2526 1550 et
2574 1510 2670 1550 vos
2711 1496 3070 1551 inltonorastis
3101 1513 3185 1552 me
3226 1497 3404 1571 (Joan.
3438 1516 3553 1567 rm,

1977 1581 2091 1652 49).
2117 1585 2180 1637 Ει
2203 1585 2315 1652 ipse
2340 1583 2504 1639 Filius
2520 1585 2585 1639 ad
2611 1586 2819 1641 Patrem
2857 1585 3135 1642 :Clatiﬂca
3163 1589 3352 1644 Filium
3380 1601 3553 1656 tuum,

1977 1682 2113 1728 utet
2143 1673 2306 1728 Filius
2337 1683 2457 1733 tuus
2487 1675 2744 1731 clariticet
2776 1684 2828 1730 te
2875 1676 3052 1748 (Joan.
3084 1692 3212 1744 xvn,
3246 1680 3322 1748 1).
3356 1681 3420 1734 Et
3454 1683 3550 1735 ite~

370 1779 426 1835 Si
472 1779 704 1835 dixerint
734 1781 888 1837 :Non
931 1793 1013 1838 est
1061 1799 1196 1840 unus
1242 1786 1417 1855 Deus,
1461 1793 1594 1862 quia
1646 1795 1873 1851 dicendo

1989 1779 2130 1819 rum:
2155 1765 2265 1835 Ego
2295 1777 2344 1821 te
2359 1767 2644 1824 clariﬁeavi
2668 1784 2828 1837 super
2854 1779 3049 1825 terram
3078 1773 3262 1842 (Ibid.,
3282 1774 3354 1845 4).
3394 1775 3457 1828 Ει
3483 1775 3551 1831 ad

299 1885 462 1925 unum
488 1886 698 1936 sumus,
721 1872 853 1926 duos
869 1875 1125 1941 ostendis,
1158 1893 1261 1932 non
1292 1895 1452 1935 unum
1476 1881 1652 1953 (Joan.
1677 1902 1730 1952 χ,
1756 1887 1873 1957 50).

371 1963 676 2033 Responsio.
705 1964 936 2035 Excepta
959 1967 1321 2027 incarnatione
1343 1972 1487 2040 Filii,
1516 1993 1634 2046 qua:
1663 1979 1730 2034 ab
1758 1981 1875 2050 ipso

300 2071 394 2124 pro
424 2066 608 2110 nostra
641 2056 1007 2126 redemptione
1049 2071 1320 2131 assumpta
1368 2075 1470 2132 est,
1506 2067 1684 2136 Pater,
1713 2071 1878 2128 Filius

299 2157 352 2200 et
371 2149 604 2216 Spiritus
625 2157 842 2202 sanctus
874 2165 1007 2204 unus
1038 2151 1236 2208 dicitur
1261 2155 1427 2223 Deus,
1452 2167 1505 2213 et
1537 2175 1641 2215 non
1673 2162 1877 2221 divisus

301 2241 353 2294 in
393 2240 592 2307 tribus,
623 2252 682 2295 ut
708 2241 820 2311 ipse
858 2244 1113 2314 sacrilega
1170 2247 1327 2317 377
1383 2262 1562 2306 mente
1607 2253 1878 2312 afﬁrmare

298 2331 532 2399 conaris,
566 2331 664 2388 sed
708 2331 760 2386 in
809 2334 978 2389 tribus
1027 2339 1268 2404 personis
1322 2349 1375 2393 et
1417 2341 1744 2414 nominibus,
1775 2361 1876 2400 una

301 2424 559 2488 probatur
595 2422 890 2477 substantia
934 2423 1168 2491 deitatis,
1203 2427 1458 2484 Zacltaria
1511 2434 1772 2502 prapbeta
1800 2437 1879 2491 di-

299 2524 502 2569 ocnte:
555 2515 667 2568 Erit
728 2514 981 2568 Dominus
1032 2516 1082 2569 in
1129 2532 1309 2586 regem
1357 2534 1518 2589 super
1574 2529 1876 2580 universam

300 2615 517 2670 terram,
553 2614 609 2660 et
650 2605 702 2659 in
730 2606 816 2659 die
844 2605 934 2659 illa
974 2606 1075 2661 erit
1121 2607 1380 2665 Dominus
1410 2625 1566 2678 unus,
1595 2623 1651 2670 et
1681 2633 1878 2674 nomen

298 2699 414 2765 eius
445 2711 614 2750 unum
641 2695 819 2765 (Zach.
858 2712 960 2761 stv,
986 2697 1062 2767 9).
1092 2697 1236 2753 Dient
1267 2699 1404 2755 hanc
1432 2717 1590 2772 quam
1619 2706 1878 2776 propheta

297 2794 567 2861 designat,
600 2791 762 2845 futuri
809 2805 928 2846 esse
969 2792 1154 2862 judicii
1206 2809 1361 2849 nemo
1387 2805 1472 2850 est
1519 2799 1606 2868 qui
1654 2803 1875 2858 nesciat.

298 2884 537 2952 Requiro
558 2883 735 2951 itaque
751 2896 779 2934 a
803 2889 856 2936 te
878 2889 936 2936 ut
957 2885 1090 2937 hanc
1108 2885 1379 2954 propbetre
1395 2889 1736 2956 sententiam,
1753 2894 1877 2963 quid

297 2977 397 3030 sibi
441 2976 560 3043 ipse
589 2974 739 3041 velit,
770 2985 823 3030 et
852 2975 966 3046 ipse
996 2992 1252 3047 exponas.
1283 2981 1409 3044 Quis
1441 2981 1598 3051 igitur
1620 2982 1720 3037 erit
1759 2999 1876 3051 rex,

296 3071 418 3138 quis
445 3068 707 3122 Dominus
732 3084 886 3134 unus,
926 3079 1016 3124 aut
1046 3074 1164 3140 quis
1197 3088 1388 3128 nomen
1417 3075 1630 3130 deitatis
1657 3077 1879 3132 sortitur

1978 1854 2309 1924 discipulos:
2341 1856 2398 1913 Si
2437 1859 2563 1926 quid
2606 1859 2865 1929 petieritis
2895 1861 2948 1915 in
3003 1863 3217 1918 nomine
3257 1879 3402 1932 meo,
3448 1865 3553 1920 hoc

1976 1945 2189 2010 faciam,
2219 1957 2276 2002 ut
2299 1949 2613 2004 elariﬂcctur
2640 1949 2795 2005 Pater
2829 1952 2881 2006 in
2929 1952 3064 2008 Filio
3088 1953 3261 2024 (Joau.
3297 1971 3404 2021 XIV,
3436 1959 3550 2028 15).

1978 2037 2043 2092 Et
2073 2035 2260 2091 iterum
2295 2055 2310 2091 :
2341 2038 2491 2094 Nunc
2517 2040 2834 2096 clariﬁcatus
2879 2051 2959 2097 est
3006 2043 3168 2098 Filius
3213 2044 3465 2115 hominis,
3494 2060 3554 2102 et

1978 2130 2118 2185 Deus
2139 2131 2452 2187 clariticatus
2477 2142 2558 2189 est
2586 2133 2636 2188 in
2669 2133 2758 2189 illo
2780 2132 2955 2206 (Joan.
2984 2152 3100 2204 χιιι,
3123 2138 3237 2208 51).
3263 2137 3328 2193 Ει
3356 2138 3516 2194 Isaias
3533 2155 3552 2194 :

1979 2220 2310 2276 Exaltabitur
2335 2222 2588 2279 Dominus
2613 2224 2844 2282 Sabaoth
2877 2227 2928 2281 in
2954 2228 3174 2296 judicio,
3205 2240 3256 2284 et
3299 2230 3553 2286 Dominus

1977 2321 2195 2368 sanctus
2235 2314 2606 2370 clariﬁcabitur
2656 2318 2707 2372 in
2756 2317 2846 2374 illo
2897 2317 3050 2389 (lsai.
3083 2334 3133 2384 ν,
3170 2321 3282 2391 16).
3312 2324 3553 2390 Agnosco

1977 2409 2213 2474 tandem,
2246 2409 2465 2479 perﬁde,
2495 2413 2743 2482 q-:oniam
2768 2411 2821 2466 in
2865 2413 3052 2483 quibus
3079 2431 3178 2469 una
3227 2424 3307 2471 θμι
3356 2417 3554 2472 clariﬁ-

1978 2504 2118 2557 catio
2143 2503 2368 2569 virtutis,
2403 2503 2545 2559 nulla
2577 2505 2796 2560 interest
2822 2505 3072 2561 discretio
3099 2510 3394 2577 potestatis.

2536 2593 2760 2649 CAPUT
2801 2594 2986 2650 XVIII.

2054 2683 2154 2738 Ubi
2194 2687 2370 2739 dicunt
2417 2686 2618 2757 proprie
2659 2684 2852 2740 Filium
2895 2703 2996 2740 non
3043 2689 3225 2742 vidisse
3252 2688 3480 2747 Patrem.

2050 2777 2105 2832 Si
2132 2785 2309 2832 autem
2340 2777 2572 2832 dixerint
2615 2776 2752 2847 quod
2780 2777 2944 2832 Filius
2990 2793 3093 2833 non
3129 2789 3299 2848 potest
3345 2783 3555 2851 pmprio

1980 2869 2158 2924 videre
2180 2869 2408 2938 Patrem,
2440 2872 2561 2940 quia
2603 2870 2852 2938 scriptum
2879 2878 2960 2925 est
2991 2887 3004 2924 :
3039 2871 3204 2927 Deum
3240 2887 3398 2928 nemo
3423 2876 3555 2932 v.d.t

1981 2976 2210 3030 unquam
2236 2958 2416 3030 (Joan.
2450 2976 2489 3027 t,
2524 2959 2636 3031 18).

2053 3050 2353 3120 Responsio.
2384 3049 2533 3105 Nune
2578 3050 2734 3120 igitur
2778 3048 2845 3104 ad
2882 3049 3047 3120 ipsius
3096 3051 3251 3107 Iontls
3294 3054 3553 3125 originem

297 3129 356 3211 ex
391 3169 429 3211 tt
447 3159 598 3212 ibus?
626 3157 681 3212 Si
708 3129 992 3227 Paterest,
1026 3129 1135 3230 ipse
1163 3163 1308 3218 solus
1333 3181 1468 3221 unus
1491 3167 1685 3222 dicitur
1714 3169 1872 3224 Deus.
1903 3129 1948 3190 C
1982 3139 2262 3196 redeamus
2286 3180 2302 3207 ν
2344 3144 2409 3196 ex
2455 3155 2560 3211 quo
2614 3140 2804 3196 Filium
2857 3139 3067 3230 1’3",“
3117 3157 3330 3213 semper
3373 3147 3556 3203 Videre

296 3248 377 3302 Ab
423 3249 547 3316 ipso
594 3262 722 3317 ergo
762 3249 968 3306 deitatis
1017 3256 1273 3311 vocabulo
1331 3258 1497 3314 Filius
1540 3269 1594 3315 et
1644 3261 1877 3331 Spiritus

297 3346 518 3390 sanctus
540 3336 724 3404 alieni,
749 3340 888 3407 quod
927 3342 1086 3407 absit,
1117 3358 1145 3396 a
1184 3345 1335 3400 nobis
1368 3345 1531 3402 fuisse
1563 3351 1875 3420 probantur,

298 3425 421 3492 quia
473 3427 730 3494 scriptum
775 3437 856 3483 est
886 3444 901 3485 :
936 3430 987 3483 In
1030 3432 1115 3487 die
1160 3434 1250 3487 illa
1291 3437 1394 3490 erit
1423 3437 1678 3494 Dominus
1720 3457 1875 3508 unus,

297 3528 350 3571 et
381 3533 580 3572 nomen
618 3520 734 3588 ejus
770 3523 967 3576 unum?
997 3523 1051 3579 Si
1085 3540 1230 3588 vero,
1265 3534 1321 3578 ut
1349 3537 1448 3591 est,
1485 3543 1644 3583 unum
1682 3546 1876 3587 nomen

297 3620 380 3664 est
411 3611 727 3668 Trinitatis:
759 3616 882 3683 quid
913 3633 997 3672 me
1026 3618 1314 3686 persuades
1336 3621 1556 3677 credere
1585 3625 1724 3693 quod
1755 3641 1880 3696 pro-

299 3702 491 3770 phetas
518 3712 575 3758 et
615 3707 887 3774 apostolos
941 3724 1044 3763 non
1099 3709 1255 3764 video
1286 3713 1637 3780 praedicasse?
1666 3715 1794 3770 Nam
1825 3727 1881 3774 et

299 3791 595 3849 Halaeltias
616 3795 786 3850 solum
817 3797 1004 3852 Filium
1030 3799 1316 3870 intitnavit,
1347 3819 1502 3872 quem
1536 3806 1752 3862 humani
1783 3826 1877 3880 ge-

296 3886 444 3939 neris
460 3895 759 3941 creatorem
781 3905 940 3944 unum
969 3891 1130 3945 Deum
1157 3895 1458 3961 prophetica
1476 3904 1878 3959 annuntiatlone

295 3977 600 4046 designavit
633 3997 646 4032 :
677 3981 789 4049 ipso
817 3983 1065 4038 dicente:
1096 3985 1282 4039 Nonne
1329 3988 1468 4043 Deus
1513 4008 1646 4046 unus
1675 3996 1881 4050 creavit

294 4070 425 4122 vos?
452 4084 630 4124 nonne
661 4071 815 4126 Pater
839 4088 974 4126 unus
990 4083 1070 4128 est
1095 4077 1333 4131 omnium
1359 4088 1589 4134 vestrum
1622 4082 1876 4150 (Malaclt.

296 4171 354 4222 tt,
385 4157 513 4227 I0)?
545 4159 611 4212 Et
641 4160 691 4212 in
741 4161 1153 4218 Deuteronomio
1187 4183 1198 4217 :
1234 4167 1368 4220 Audi
1397 4167 1591 4238 Israel;
1624 4173 1878 4231 Dominus

298 4247 437 4301 Deus
460 4259 601 4315 tuus,
635 4250 774 4306 Deus
798 4267 933 4307 unus
959 4264 1041 4308 est
1064 4256 1242 4325 (Deut.
1267 4274 1340 4322 Vt,
1366 4260 1441 4327 τί).
1469 4263 1531 4316 Ει
1560 4265 1875 4334 Apostolus:

294 4341 480 4396 Nullus
513 4344 654 4399 Deus
683 4347 782 4401 nisi
840 4364 973 4402 unus
1003 4349 1057 4420 (1
1087 4351 1204 4405 Cor.
1247 4371 1356 4418 vnt,
1403 4356 1478 4426 1).
1522 4359 1587 4412 Et
1639 4361 1873 4419 iterum:

298 4430 444 4484 llntts
469 4433 748 4502 Dominus,
775 4451 876 4490 una
904 4438 1054 4503 fides,
1081 4456 1244 4496 unum
1270 4445 1552 4513 baptisma,
1573 4465 1708 4505 unus
1737 4453 1874 4510 Deus

295 4520 517 4589 (Ep/tes.
555 4540 625 4587 tv,
659 4524 736 4594 5).
766 4526 858 4581 Vel
887 4542 1026 4583 nunc
1050 4531 1268 4587 adverte
1301 4535 1418 4602 quia
1448 4551 1582 4590 unus
1606 4539 1746 4594 Deus
1770 4558 1873 4597 non

293 4621 373 4664 est
396 4613 614 4667 divisus.
644 4614 696 4669 In
717 4617 882 4674 tribus
913 4622 1154 4685 personis
1181 4631 1234 4675 et
1263 4625 1566 4679 nominibus
1590 4645 1724 4684 unus
1743 4630 1874 4687 dici—

292 4710 377 4752 tur
403 4701 558 4765 Dens,
588 4706 843 4774 Apostnlo
861 4716 1144 4765 attestantc
1170 4711 1495 4767 :Divisiones
1511 4725 1686 4770 autem
1711 4718 1875 4774 dona-

289 4793 493 4843 tionnm
549 4795 839 4859 gratiarum
873 4804 1015 4860 sunt,
1049 4799 1141 4864 ait,
1190 4799 1328 4854 idem
1375 4811 1550 4856 autem
1604 4807 1870 4874 spiritus:

286 4894 342 4938 et
376 4885 664 4941 divisiones
696 4889 1149 4945 ministrationum
1179 4903 1323 4962 sunt,
1349 4894 1489 4949 idem
1540 4897 1654 4966 ipse
1689 4899 1870 4956 Domi-

284 4991 420 5038 nus;
451 4985 503 5030 et
530 4977 821 5033 divisiones
865 4981 1239 5048 operationum
1298 4993 1442 5045 sunt,
1490 4985 1632 5040 idem
1691 4999 1870 5045 autem

285 5068 546 5137 Deus,qui
573 5084 829 5139 operatur
854 5073 1033 5128 omnia
1068 5075 1120 5127 in
1152 5077 1402 5130 omnibus
1425 5075 1479 5144 (1
1509 5077 1630 5131 Cor.
1667 5095 1758 5144 sn,
1791 5080 1867 5150 4).

281 5157 425 5224 Quid
457 5160 613 5228 igitur
643 5172 726 5216 est
769 5164 910 5231 quod
970 5163 1106 5218 Filio
1153 5166 1414 5236 derogare
1462 5170 1679 5224 minime
1725 5173 1874 5228 dubi-

278 5248 445 5300 tasti?
471 5259 526 5302 ut
549 5252 599 5303 in
625 5265 689 5304 eo
715 5252 855 5319 quod
879 5253 1010 5307 dixit
1036 5271 1048 5306 :
1089 5255 1198 5324 Ego
1222 5265 1276 5310 et
1310 5257 1466 5313 Pater
1493 5274 1652 5314 unum
1688 5276 1872 5318 sumus

278 5334 473 5405 (locu.
503 5353 534 5390 ι
563 5378 578 5402 ,
610 5340 750 5409 '50):
800 5342 933 5396 duos
982 5343 1325 5399 nihilominus
1374 5347 1503 5403 dens
1561 5361 1745 5405 natura
1800 5355 1866 5406 ab

275 5429 514 5482 invicem
567 5431 846 5486 etdeitate
896 5434 1138 5488 diversos
1170 5436 1506 5494 introducere
1557 5441 1789 5504 coneris,
1817 5453 1868 5496 ct

275 5519 550 5572 afﬁrmare
591 5535 696 5573 non
741 5522 972 5576 metuis?
1006 5525 1255 5593 ignorans
1301 5529 1422 5594 quia
1478 5544 1597 5583 eum
1645 5545 1866 5599 sumus,

272 5613 435 5671 divit,
467 5626 720 5680 personas
767 5615 1034 5681 distinxit,
1086 5633 1189 5670 non
1242 5619 1454 5673 dcitalis
1511 5621 1866 5676 substantiam

277 5707 569 5772 separavit,
601 5716 658 5761 ut
711 5717 765 5764 et
797 5709 1086 5764 Sthenium
1139 5712 1388 5766 unionem
1436 5723 1728 5769 sectantem
1776 5715 1870 5770 de-

1906 4490 1954 4549 D

1981 3233 2254 3302 potui-se,
2308 3233 2390 3286 vel
2446 3245 2601 3300 posse
2662 3229 3078 3287 evidentioribus
3133 3234 3445 3290 testimoniis
3488 3237 3556 3292 de

1983 3322 2188 3377 Veteris
2235 3331 2289 3376 ct
2321 3322 2452 3377 Novi
2486 3320 2827 3378 lnstrumenti
2857 3321 3047 3377 litteris
3073 3323 3380 3393 doceamus,
3404 3328 3556 3384 Salo-

1979 3428 2137 3469 mone
2165 3415 2378 3469 dit-eme
2415 3431 2427 3466 :
2459 3409 2524 3468 Et
2550 3422 2723 3468 tecum
2751 3413 3030 3482 sapientia,
3062 3429 3181 3482 qua:
3219 3417 3365 3472 novit
3391 3431 3553 3488 opera

1981 3513 2091 3570 tua,
2130 3519 2248 3575 quze
2276 3504 2442 3558 adluit
2463 3503 2578 3570 tibi,
2607 3519 2726 3559 cum
2750 3504 2954 3559 faceres
2979 3503 3162 3559 orbem
3193 3514 3474 3574 terrarum,
3498 3516 3556 3564 et

1981 3594 2092 3663 ipsa
2118 3595 2263 3650 novit
2287 3592 2410 3663 quid
2435 3593 2503 3648 sit
2529 3592 2777 3662 placitum
2799 3591 2967 3648 oculis
2990 3594 3096 3649 tuis
3109 3593 3265 3664 (Sep.
3289 3610 3368 3661 ιι,
3391 3597 3468 3667 9).
3487 3597 3556 3653 Et

1983 3686 2300 3758 Dominusin
2318 3684 2816 3754 Evangelio:Nemo
2844 3686 2992 3740 novit
3016 3685 3230 3753 Filium,
3259 3689 3358 3744 nisi
3373 3689 3552 3758 Pater,

1982 3791 2154 3845 neque
2177 3757 2385 3830 Patrem
2408 3775 2528 3843 quis
2557 3776 2722 3841 novit,
2751 3776 2850 3830 nisi
2875 3775 3036 3845 379
3059 3777 3244 3845 Filius,
3272 3789 3328 3835 et
3349 3781 3434 3836 cui
3466 3797 3555 3837 vo-

1981 3867 2138 3921 luerit
2166 3865 2327 3920 Filius
2369 3865 2606 3919 revelare
2638 3865 2786 3935 (Luc.
2818 3881 2872 3932 π,
2923 3866 3035 3934 22).
3071 3869 3133 3922 Et
3181 3869 3306 3924 item
3339 3885 3353 3922 :
3383 3869 3552 3927 Deum

1981 3972 2139 4010 nemo
2166 3956 2295 4009 vidit
2338 3969 2591 4024 unquam,
2625 3953 2726 4007 nisi
2767 3954 3088 4023 unigenitus,
3120 3957 3209 4025 qui
3239 3968 3320 4012 est
3348 3959 3400 4013 in
3430 3963 3552 4016 slnn

1982 4050 2092 4104 Ρδιι
2110 4051 2174 4117 is,
2210 4049 2322 4118 ipse
2348 4049 2613 4104 enarravit
2643 4046 2819 4118 (Joan.
2853 4064 2890 4116 ι,
2918 4047 3025 4118 18).
3052 4049 3116 4104 Ει
3139 4052 3329 4106 iterum
3351 4053 3551 4112 Judmis

1981 4145 2108 4200 dicit
2139 4162 2152 4197 :
2183 4145 2286 4198 Vos
2337 4159 2442 4198 non
2491 4145 2659 4199 nostis
2686 4159 2829 4208 eum,
2860 4159 2958 4212 ego
3005 4156 3181 4201 autem
3213 4147 3332 4202 novi
3385 4165 3505 4205 eum
3532 4169 3548 4206 :

1981 4242 2119 4312 quod
2147 4241 2191 4296 si
2234 4241 2418 4294 dixero
2443 4239 2563 4309 quia
2595 4255 2697 4294 non
2740 4239 2859 4294 novi
2889 4255 3032 4306 eum,
3061 4255 3157 4295 ero
3183 4243 3371 4298 similis
3398 4246 3552 4302 vobis

1983 4333 2206 4389 mendax
2240 4332 2420 4401 (Joan.
2470 4347 2584 4398 vnt,
2617 4331 2727 4403 55).
2763 4333 2888 4388 ltcnt
2939 4334 3008 4386 ibi
3041 4349 3056 4384 ι
3087 4335 3185 4398 Qui
3216 4350 3280 4390 ex
3314 4336 3422 4392 Deo
3442 4347 3547 4406 est,

1983 4431 2070 4486 hic
2096 4431 2238 4485 novit
2268 4443 2387 4484 eum
2416 4425 2578 4494 (Ibid.
2607 4429 2717 4499 47).
2747 4429 2809 4482 Ει
2836 4429 3024 4483 iterum
3059 4445 3071 4481 :
3105 4429 3217 4501 Ego
3263 4433 3382 4486 novi
3403 4447 3550 4498 eum,

1981 4529 2101 4600 quia
2152 4528 2216 4581 ab
2268 4526 2381 4595 ipso
2428 4540 2566 4579 sum.
2625 4527 2760 4582 Ecce
2803 4527 3118 4590 docuimus.
3157 4531 3277 4598 quia
3330 4545 3546 4600 semper

1980 4619 2125 4672 videt
2152 4617 2315 4671 Filius
2345 4615 2573 4682 Patrem,
2599 4618 2862 4686 quomodo
2893 4633 2988 4671 v»s
3015 4621 3254 4676 astruitis
3298 4637 3418 4677 eum
3449 4622 3551 4678 Pa-

1981 4728 2115 4771 trem
2144 4729 2248 4768 non
2274 4726 2426 4779 posse
2457 4713 2667 4766 videre?

2559 4810 2781 4864 CAPUT
2823 4808 2955 4865 XIX.

2101 4898 2308 4952 Putrem
2343 4896 2480 4951 Filio
2512 4901 2844 4953 testimonium
2875 4901 3160 4970 perhibere.
3188 4905 3309 4973 quid
3336 4906 3422 4960 sit.

2052 4988 2108 5043 Si
2134 4989 2273 5043 enim
2305 4988 2556 5052 dixerint,
2590 4991 2708 5043 ideo
2737 4991 2909 5044 minor
2937 5001 3019 5045 est
3040 4993 3204 5049 Filius
3225 4994 3399 5063 Patre,
3427 4995 3547 5066 quia

1983 5082 2138 5136 I‘ater
2166 5082 2366 5151 praabet
2395 5085 2771 5138 testimonium.

2053 5172 2356 5240 Responsio.
2390 5173 2443 5228 Si
2473 5188 2664 5228 sereno
2693 5190 2850 5229 sensu
2875 5175 3079 5230 divinas
3103 5191 3381 5232 recenseas
3406 5178 3549 5232 Scri-

1979 5269 2188 5332 pturas,
2230 5263 2467 5318 invenies
2515 5279 2620 5318 non
2667 5267 2836 5320 solum
2876 5265 3086 5321 Patrem
3132 5267 3264 5320 Filio
3306 5267 3546 5320 testimo-

1981 5353 2125 5404 nium
2172 5353 2556 5420 perbibentem,
2599 5353 2692 5408 sed
2737 5363 2896 5409 totam
2930 5355 3084 5409 simul
3137 5353 3543 5422 inseparabilem

1977 5438 2323 5508 Trinitatem,
2388 5442 2525 5497 Idem
2571 5442 2794 5498 Domino
2844 5454 3170 5514 protestante
3212 5462 3223 5495 :
3267 5444 3376 5512 Ego
3428 5458 3544 5499 smn

1977 5534 2067 5602 qui
2098 5533 2459 5587 testimonium
2507 5535 2761 5602 perhiheo
2805 5535 2871 5588 de
2922 5536 3153 5600 tncipso,
3203 5541 3256 5587 et
3303 5534 3546 5588 testimo-

1978 5627 2122 5679 nium
2165 5626 2410 5695 pcrhibet
2451 5627 2518 5682 de
2565 5641 2651 5681 me
2689 5627 2868 5690 Pater,
2912 5625 2998 5694 qui
3043 5626 3184 5680 misit
3233 5640 3319 5680 me
3366 5623 3546 5691 (Joau.

1978 5731 2091 5789 vm,
2127 5720 2236 5790 18).
2270 5718 2336 5774 Et
2367 5718 2556 5775 iterum
2604 5734 2618 5772 :
2660 5718 2716 5773 Si
2747 5731 2843 5786 ego
2873 5715 3230 5775 testimonium
3286 5719 3546 5789 perltibeo
