4026 6176
359 318 461 372 567

1656 266 1882 352 victui
1921 295 2282 353 TAPSENSIS

3496 280 3600 337 568

361 434 426 481 de
456 422 675 492 meipso,
708 420 1061 478 testiinonium
1091 432 1263 481 meum
1298 430 1479 471 vernn
1512 420 1613 478 est,
1655 412 1780 478 quia
1809 411 1921 465 scio
1956 415 2001 474 Α
2032 411 2161 466 dicit
2191 409 2445 464 Dominus
2476 405 2687 462 Christo
2710 419 2831 459 meo
2858 403 3105 470 Domino,
3135 416 3217 454 cut
3252 396 3391 453 tenui
3419 396 3602 451 dexte-

365 515 503 569 nnn'e
526 512 679 568 venio
695 521 745 566 ct
765 528 869 581 quo
888 512 1016 565 vado
1045 509 1248 580 (Jama,
1274 522 1386 568 vni,
1410 506 1520 572 Ii).
1554 504 1616 557 Et
1634 502 1701 557 de
1726 502 1925 571 Spiritu

368 619 551 664 sancto
577 628 587 662 :
613 610 743 663 Cum
772 607 975 661 venerit
998 604 1303 658 Paracletus
1326 600 1415 653 ille
1442 605 1675 662 sanctus,
1700 595 1933 664 Spiritus

368 701 627 765 veritatis,
678 701 765 753 ille
795 697 1150 751 testimonium
1184 690 1481 762 perbibebit
1516 689 1581 743 de
1630 702 1714 743 me
1753 685 1931 757 (Joan.

371 808 458 856 sv,
488 790 601 858 26).
651 786 932 851 Intenditc,
984 798 1185 854 quaeso.
1238 780 1532 847 intendite,
1580 778 1832 848 quoniam
1882 776 1936 830 in

368 882 560 948 quibus
589 892 690 953 una
718 874 1104 930 testificationis
1127 872 1292 926 virtus
1319 869 1638 930 ostenditur,
1666 866 1840 919 nullus
1872 864 1939 917 ab

370 978 474 1027 alio
502 986 672 1040 neque
703 969 986 1039 potentior,
1020 980 1191 1033 neque
1218 961 1440 1016 inferior
1462 959 1748 1029 judicatur.

963 1041 1189 1111 CAPUT
1231 1050 1348 1106 xx.

372 1156 581 1208 Putrem
607 1152 925 1217 inuisibilem,
946 1148 1139 1203 Filium
1162 1163 1277 1201 vero
1304 1161 1408 1199 esse
1435 1139 1838 1208 visibilem,quid
1855 1139 1939 1192 sit.

442 1245 497 1299 Si
528 1246 618 1298 tibi
647 1242 879 1297 dixerint
907 1240 973 1293 de
995 1254 1081 1304 eo,
1137 1238 1292 1291 Pater
1338 1234 1507 1300 major
1536 1240 1638 1295 cst,
1680 1229 1800 1297 quia
1832 1228 1945 1296 ipse

373 1333 655 1387 invisibilis
680 1331 893 1393 dicitur,
929 1326 1093 1380 Filius
1127 1340 1252 1377 vero
1279 1320 1501 1376 visibilis
1525 1317 1859 1388 praedicatur.

444 1422 743 1492 Responsio.
778 1418 987 1486 Srpius
1036 1417 1132 1469 ista
1160 1414 1269 1482 jam
1300 1412 1552 1474 diximus,
1603 1406 1724 1475 quia
1756 1418 1945 1460 secun-

374 1514 497 1566 dum
532 1510 759 1563 hominis
787 1509 1009 1561 formam
1044 1504 1208 1556 Filius
1234 1500 1458 1555 visibilis
1501 1497 1715 1559 dicitur,
1754 1510 1946 1551 secun-

373 1605 497 1657 dum
530 1600 741 1655 deitatis
774 1610 896 1651 vero
928 1594 1278 1648 substantiam
1310 1586 1774 1660 380iuvisibilis
1804 1602 1944 1655 prae—

373 1698 596 1752 dicatur.
644 1693 804 1749 Panlo
832 1688 1076 1758 aposmlo
1108 1685 1429 1755 praedicante
1473 1701 1485 1736 :
1517 1683 1559 1736 Ο
1586 1680 1831 1744 altitudo,
1864 1680 1951 1733 in-

2036 516 2170 569 ram,
2189 508 2243 553 et
2271 497 2487 553 obedire
2515 496 2703 551 faciant
2728 501 2849 549 ante
2870 509 2991 548 eum
3021 506 3209 545 omnes
3235 499 3421 560 gentes
3443 486 3599 557 (Isai.

2035 608 2155 647 xcv.
2192 590 2241 661 I)
2275 590 2403 644 Item
2432 589 2541 643 ibi:
2574 588 2682 658 Ego
2710 595 2831 641 ante
2860 600 2980 640 eum
3028 582 3261 653 pmibo,
3314 591 3366 633 et
3397 587 3605 633 montes

2036 685 2220 755 planos
2261 681 2489 737 eftieiam
2537 689 2693 749 atque
2722 677 2955 747 aperiam
2986 686 3109 730 ante
3144 688 3264 728 eum
3295 680 3505 740 portas,
3555 680 3609 723 et

2037 782 2279 836 civitates
2328 794 2431 833 non
2466 777 2779 833 claudentur
2817 774 3011 845 (Ibid.,
3045 773 3126 840 εὶ).
3175 771 3303 826 Item
3352 767 3424 822 ibi
3454 785 3463 817 :
3499 765 3610 833 Ego

2038 872 2227 927 vocavi
2256 878 2309 925 et
2338 870 2533 925 adduxi
2572 884 2715 934 eum,
2762 875 2816 922 et
2853 879 3164 936 prosperum
3213 861 3314 917 iter
3355 860 3467 929 ejus
3511 856 3609 909 feci

2044 968 2199 1037 (lsai.
2224 982 2411 1033 XLVIII,
2438 967 2525 1030 15,
2547 964 2661 1033 l7).
2686 963 2751 1017 Et
2781 963 2834 1016 in
2864 961 3066 1031 psalmo
3086 955 3380 1013 centesimo
3406 951 3612 1007 tricesi-

2042 1074 2131 1113 mo
2160 1059 2349 1127 primo.
2401 1056 2588 1111 Paravi
2618 1054 2890 1110 lucernam
2938 1049 3149 1103 Christo
3178 1060 3321 1111 meo,
3368 1043 3613 1097 inimicos

2043 1151 2159 1219 ejus
2186 1148 2397 1203 induam
2419 1145 2752 1202 confusione.
2786 1144 2849 1197 Et
2879 1142 2931 1195 in
2958 1137 3241 1208 Evangelio
3268 1154 3280 1189 :
3306 1136 3441 1189 Ecce
3463 1132 3612 1186 mitto

2045 1240 2289 1311 angelum
2313 1253 2489 1293 meum
2522 1243 2641 1290 ante
2666 1234 2853 1289 facient
2882 1242 3049 1294 tuam,
3077 1230 3166 1298 qui
3194 1236 3452 1297 praeparet
3475 1225 3613 1277 viam

2045 1342 2188 1386 tttam
2219 1338 2344 1384 ante
2375 1338 2426 1385 te
2464 1326 2655 1396 (Marc.
2693 1340 2732 1387 1,
2760 1324 2842 1393 2).
2870 1322 2933 1376 Et
2962 1321 3012 1375 in
3042 1320 3288 1374 IIabacuc
3316 1334 3328 1367 :
3357 1315 3615 1384 Egressus

2046 1433 2130 1478 est
2156 1422 2412 1476 Dominus
2450 1421 2504 1475 in
2548 1418 2775 1472 salutem
2820 1414 2993 1485 populi
3024 1412 3105 1465 sui
3135 1425 3253 1465 cum
3283 1406 3494 1462 Christo
3520 1417 3620 1458 suo

2048 1514 2277 1584 (Habac.
2306 1528 2384 1580 III,
2421 1513 2531 1580 I3).
2557 1509 2614 1563 In
2642 1508 2706 1562 iis
2727 1521 2855 1577 ergo
2880 1503 3126 1560 omnibus
3156 1515 3258 1555 non
3287 1499 3381 1553 tibi
3413 1496 3621 1549 videtur

2050 1605 2212 1660 Pater
2244 1604 2282 1658 F
2291 1603 2383 1658 ilio
2409 1601 2724 1671 obsequium
2754 1594 3082 1668 prarbuisse?
3125 1607 3219 1662 pro
3246 1590 3436 1660 quibus
3460 1597 3623 1643 etant

2052 1694 2202 1751 nefas
2235 1703 2317 1746 est
2353 1693 2529 1745 dicere
2556 1690 2763 1743 Patrem
2797 1700 2952 1755 posse
2982 1685 3118 1739 Filio
3144 1682 3421 1749 subjacere
3448 1695 3461 1729 :
3490 1679 3615 1745 qttia

374 1794 507 1859 quit,
553 1785 827 1858 sapientiae
859 1794 912 1838 et
939 1781 1175 1835 scientiae
1208 1779 1334 1842 Dei,
1382 1790 1539 1845 quam
1584 1772 1946 1828 inserutabilia

2060 1797 2271 1857 paterna
2300 1782 2550 1837 divinitas
2581 1793 2679 1833 nec
2709 1776 2883 1831 dando
2915 1774 3069 1837 Filio,
3096 1786 3213 1842 qua:
3243 1785 3335 1823 sua
3361 1775 3501 1830 sunt,
3526 1765 3626 1819 ali-

356 1876 498 1935 'sunt
523 1879 717 1948 judicia
748 1876 882 1946 ejus,
916 1882 970 1927 et
992 1869 1385 1939 investigabiies
1410 1867 1508 1920 vite
1533 1864 1839 1933 ejus(Rom.
1867 1879 1944 1929 ru,

376 1971 499 2040 '55)!
550 1970 614 2023 Et
645 1968 695 2020 iit
728 1965 856 2018 Isaia
884 1980 896 2015 :
924 1960 1021 2015 Ctti
1052 1961 1280 2013 similem
1325 1957 1600 2011 aestimatis
1643 1954 1945 2017 Dominum,

378 2068 469 2137 aut
496 2058 579 2112 cui
613 2055 838 2109 similent
869 2050 1143 2104 resumatis
1172 2063 1315 2111 eum,
1347 2060 1466 2101 cum
1496 2045 1564 2099 sit
1612 2045 1725 2112 ipse
1763 2044 1948 2097 invisi-

380 2135 503 2207 tinis
536 2151 685 2223 (lsni.
721 2164 794 2213 χι,
828 2145 956 2214 ’18)?
996 2144 1085 2197 an
1118 2141 1440 2211 Apostolus:
1482 2139 1608 2193 nam
1648 2146 1822 2191 autem
1853 2135 1952 2190 mi-

379 2245 523 2297 nimo
549 2242 784 2297 omnium
825 2242 1128 2290 sanctorum
1171 2232 1291 2286 data
1315 2240 1395 2284 est
1419 2229 1582 2298 gratia
1610 2227 1724 2281 haec
1748 2226 1800 2279 in
1822 2240 1951 2295 gen—

382 2332 521 2385 tibus
563 2328 929 2395 evangelizare
975 2320 1374 2388 invesngahiles
1416 2317 1622 2371 divitias
1661 2315 1860 2370 Christi
1900 2323 1953 2368 et

381 2420 681 2473 illuminare
732 2428 939 2478 omtte=,
987 2427 1105 2481 qua:
1150 2411 1218 2464 sit
1266 2407 1592 2478 dispenSatio
1631 2402 1953 2459 sacramenti

383 2507 676 2564 absconditi
704 2521 730 2557 a
772 2501 981 2559 sacculis
1012 2504 1062 2555 in
1105 2500 1339 2562 Christo,
1388 2499 1478 2567 qui
1526 2495 1704 2550 omnia
1753 2493 1957 2548 creavit

383 2602 599 2673 (Ephes.
634 2616 709 2666 ιιι,
746 2599 830 2668 8).
870 2597 998 2651 Item
1042 2596 1154 2664 ipse
1192 2612 1203 2646 :
1239 2592 1337 2659 Qui
1367 2582 1467 2657 est,
1516 2590 1607 2652 ait,
1656 2590 1828 2656 imago
1862 2586 1953 2639 Dei

384 2689 684 2745 invisibilis.
721 2688 786 2740 Et
811 2686 874 2739 ad
906 2684 1251 2739 Colossenses
1279 2696 1294 2735 :
1330 2680 1438 2751 Ego
1465 2677 1659 2733 Paulus
1692 2676 1953 2740 minister,

384 2785 506 2852 quia
534 2795 673 2835 nunc
703 2779 908 2850 gaudeo
939 2781 989 2830 in
1022 2764 1381 2846 passionibus,
1409 2769 1739 2836 etadimpleo
1755 2781 1815 2820 ea
1838 2778 1957 2834 quas

384 2876 575 2928 desunt
605 2870 1002 2925 tribulationum
1033 2866 1230 2920 Christi
1261 2864 1313 2918 in
1345 2876 1504 2917 carne
1556 2874 1672 2914 mea
1718 2873 1812 2927 pro
1840 2871 1960 2910 cor-

386 2988 515 3042 pore
545 2972 679 3041 ejus,
708 2967 846 3038 quod
876 2973 959 3029 est
987 2961 1240 3025 Eceleia,
1273 2959 1355 3014 cui
1390 2958 1555 3011 factus
1587 2970 1703 3010 sum
1735 2968 1832 3022 ego
1862 2950 1959 3005 nti-

385 3068 553 3122 nister
600 3062 890 3120 secundum
942 3055 1390 3125 dispensationem
1444 3052 1580 3114 Dei,
1649 3047 1956 3120 mysterium

2052 1855 2263 1948 quando
2285 1873 2383 1928 sibi
2416 1871 2627 1938 minuit,
2659 1883 2756 1922 nec
2773 1866 2939 1921 Filius
2965 1862 3295 1932 accipiendo,
3323 1874 3437 1928 qua:
3454 1855 3627 1909 Patris

2052 1977 2175 2023 sunt
2207 1968 2256 2020 in
2285 1966 2472 2019 melius
2490 1976 2645 2031 quam
2676 1958 2869 2024 fuerat,
2892 1956 2973 2010 vel
2995 1954 3218 2008 infectus
3242 1959 3483 2005 naturam
3510 1963 3628 1999 nnt-

2055 2059 2203 2115 tavit.
2240 2057 2405 2111 Filius
2432 2068 2558 2123 ergo
2589 2051 2729 2117 ideo,
2765 2063 2882 2119 quae
2910 2057 3031 2101 sunt
3060 2042 3207 2099 Patri
3254 2040 3445 2112 placita
3478 2038 3627 2103 facit,

2054 2152 2177 2222 quia
2207 2146 2471 2204 contraria
2507 2145 2681 2198 facere
2714 2140 2904 2195 nescit.

2624 2232 2848 2291 CAPUT
2888 2230 3054 2286 XXII.

2139 2334 2321 2390 Solum
2350 2332 2555 2387 Patrem
2584 2331 2643 2385 ab
2674 2328 2913 2400 Apostolo
2938 2325 3179 2397 offirmari
3198 2321 3551 2377 immortalem.

2127 2425 2190 2480 Si
2214 2425 2307 2478 tibi
2355 2424 2588 2479 dixerint
2632 2439 2644 2475 :
2685 2421 2741 2476 In
2790 2419 2891 2474 hoc
2919 2418 3083 2473 Filius
3120 2416 3257 2472 Patri
3305 2429 3407 2468 non
3450 2412 3627 2482 patest

2057 2515 2343 2583 coaequari,
2391 2513 2512 2585 quia
2557 2511 2728 2567 solum
2759 2509 2973 2565 Patrem
2996 2508 3282 2579 Apostolus
3304 2506 3500 2560 asserit
3530 2505 3633 2558 im-

2060 2605 2361 2660 mortalem.
3632 2588 3637 2597 ’

2131 2693 2438 2763 Responsio.
2490 2693 2686 2748 Filium
2718 2690 3013 2748 secundum
3055 2686 3384 2743 divinitatem
3414 2686 3636 2739 immor-

2062 2784 2220 2839 talem
2251 2798 2464 2854 semper
2492 2783 2674 2849 fuisse,
2704 2784 2789 2838 vel
2818 2797 2959 2847 esse,
3008 2780 3186 2834 divina
3218 2778 3409 2847 ubique
3438 2785 3639 2831 testan-

2060 2882 2149 2929 tur
2178 2875 2405 2943 eloquia.
2459 2875 2746 2930 Salomone
2800 2873 3029 2942 idipsum
3076 2871 3270 2926 clarius
3298 2868 3595 2922 affirmante
3619 2883 3637 2920 :

2064 2967 2440 3022 Itnntortalitas
2470 2977 2551 3021 est
2578 2968 2629 3021 in
2660 2968 2981 3036 cogitatione
3012 2965 3289 3034 sapientia,
3312 2971 3367 3016 et
3387 2961 3638 3015 amicitiae

2065 3058 2207 3113 illius
2234 3059 2517 3115 delectatio
2538 3060 2673 3113 bona
2700 3059 2853 3130 (Sap.
2872 3072 2981 3123 vni,
3010 3057 3120 3125 I7).
3152 3054 3279 3108 Item
3307 3054 3405 3108 ibi:
3437 3054 3492 3107 In
3513 3067 3641 3121 ope-

386 3158 607 3225 Christi,
635 3154 774 3226 quod
801 3150 1167 3207 absconditum
1196 3147 1292 3200 fuit
1323 3162 1349 3197 a
1395 3142 1604 3197 saeculis
1631 3152 1683 3195 ct
1713 3142 1953 3216 ingene-

2064 3150 2208 3205 ribns
2241 3166 2493 3206 manuum
2521 3152 2795 3221 sapientia:
2832 3151 3083 3204 honestas
3108 3149 3223 3203 sine
3242 3146 3558 3209 defectione,
3582 3154 3639 3198 et

388 3248 680 3303 rationibus
705 3243 838 3315 (Col.
864 3257 902 3305 ι,
932 3238 1044 3310 15).
1075 3238 1203 3292 Item
1232 3236 1299 3289 ibi
1330 3254 1340 3287 :
1368 3234 1436 3289 Ut
1456 3232 1767 3287 consoletur
1800 3227 1960 3283 corda

388 3354 575 3393 eorum
622 3337 674 3389 in
719 3333 966 3395 caritate,
1007 3329 1057 3381 in
1090 3341 1276 3380 omnes
1314 3322 1523 3378 divitias
1564 3317 1962 3387 adimpletionis

389 3428 709 3489 intellectus,
728 3424 781 3477 iit
801 3421 1121 3491 agnitionem
1153 3433 1199 3470 m
1209 3414 1387 3486 ysterii
1411 3412 1523 3477 Dei,
1542 3408 1680 3479 quod
1710 3418 1789 3462 est
1809 3405 1963 3461 Chri-

390 3533 527 3587 stus,
557 3520 610 3573 in
637 3534 739 3587 quo
765 3523 886 3569 sunt
913 3524 1099 3566 omnes
1136 3505 1372 3561 thesauri
1401 3500 1673 3570 sapientiae
1705 3508 1757 3552 et
1791 3497 1963 3551 scien-

391 3614 478 3666 tia:
500 3607 793 3664 absconditi
823 3604 958 3675 (Col.
990 3616 1049 3667 tt,
1069 3600 1145 3667 2).
1179 3598 1244 3652 Ει
1266 3598 1317 3651 in
1340 3594 1547 3665 psalmo
1574 3587 1964 3658 septuagesimo

393 3713 544 3773 sexto
575 3700 749 3771 (γεγε.
778 3696 872 3765 9.0)
907 3713 924 3752 :
958 3694 1014 3749 In
1039 3692 1169 3746 mari
1203 3690 1285 3743 via
1320 3698 1429 3750 tua,
1470 3692 1523 3738 et
1552 3682 1753 3736 semita:
1781 3677 1962 3731 tumin

392 3768 545 3864 aquis
568 3766 765 3854 multis,
797 3798 850 3842 et
882 3780 1103 3853 vestigia
1127 3791 1214 3835 tua
1242 3793 1347 3833 non
1374 3779 1778 3856 cognoscentur.
1815 3767 1881 3822 Et
1912 3766 1961 3819 in

395 3885 680 3940 Salomone
705 3895 719 3932 :
748 3874 1078 3944 Sapientiam
1104 3871 1195 3926 Dei
1224 3850 1612 3938 praecedentem
1646 3859 1818 3914 omnia
1846 3857 1964 3926 quis

392 3968 730 4038 investigavit
761 3964 953 4037 (Eccli.
982 3980 1021 4029 t,
1054 3962 1145 4029 5)?
1175 3960 1302 4014 Item
1336 3955 1407 4012 ibi
1447 3973 1458 4007 :
1485 3950 1653 4007 Radix
1692 3948 1965 4017 sapientia:

393 4064 477 4116 cui
509 4036 738 4115 revelata
763 4036 862 4120 est,
881 4064 934 4109 et
959 4053 1180 4107 astutias
1206 4049 1347 4103 illius
1364 4046 1482 4117 quis
1508 4041 1750 4111 cognovit
1773 4036 1964 4109 (Ibid.,

396 4155 491 4222 ti)?
538 4153 670 4207 Item
712 4149 820 4204 ibi:
854 4144 1138 4214 Disciplina
1186 4138 1462 4207 sapientia:
1505 4135 1589 4189 cui
1632 4131 1963 4187 manifestata

396 4258 498 4307 est,
549 4253 605 4299 et
634 4238 1123 4310 multiplicationem
1155 4234 1426 4302 ingressus
1470 4227 1613 4281 illius
1644 4226 1760 4294 quis
1802 4222 1963 4277 intel.

395 4336 526 4391 Iesit
562 4333 750 4405 (lbid.,
782 4330 874 4400 '1)?
916 4329 1047 4383 Item
1088 4325 1203 4379 ibi:
1238 4323 1498 4391 Quoniam
1546 4315 1806 4372 mirabilia
1844 4320 1969 4367 sunt

396 4445 556 4499 opera
576 4424 783 4481 Domini
808 4422 995 4488 solius,
1022 4428 1074 4474 et
1095 4418 1323 4488 gloriosa
1351 4421 1406 4466 et
1427 4412 1709 4472 absconsa,
1733 4417 1785 4460 et
1806 4419 1965 4473 opera

2067 3245 2118 3298 in
2166 3245 2459 3300 certamine
2489 3260 2798 3299 sermonum
2848 3243 2962 3313 cjns
3006 3233 3397 3305 immortalitas’,
3449 3248 3503 3292 et
3534 3239 3639 3290 vita

2067 3343 2288 3400 mtcrna,
2334 3334 2386 3388 in
2438 3335 2917 3389 communicatione
2966 3333 3247 3388 verborum
3282 3331 3395 3398 ejus
3423 3328 3641 3382 claritas

2072 3437 2329 3497 perpetua
2358 3426 2543 3495 (Ibid.,
2593 3427 2705 3497 I8).
2757 3427 2823 3481 Et
2864 3426 3185 3494 Apostolus:
3213 3422 3372 3476 Vivus
3423 3430 3503 3474 est
3546 3420 3640 3472 Dei

2067 3532 2247 3573 sermo
2269 3519 2543 3585 eteffieax,
2567 3529 2619 3573 et
2635 3520 2836 3572 acutior
2853 3518 2994 3571 omni
3019 3515 3193 3585 gladio
3212 3514 3425 3582 ancipiti
3447 3512 3638 3583 (Hebr.

2072 3628 2150 3677 tv,
2189 3612 2301 3683 I2).
2357 3612 2422 3665 Et
2450 3614 2499 3665 in
2537 3611 2753 3667 Actibus
2799 3610 3161 3678 apostolorum
3202 3624 3216 3662 :
3251 3606 3645 3661 Annnntiamus

2066 3704 2238 3769 vobis,
2272 3714 2325 3757 ιιι
2365 3705 2430 3757 ab
2462 3704 2623 3774 382
2653 3703 2717 3757 iis
2764 3702 2913 3755 vanis
2955 3699 3337 3754 convertamini
3368 3697 3431 3749 ad
3478 3697 3643 3749 Deum

2068 3793 2264 3855 vivum,
2299 3793 2387 3861 qtti
2436 3792 2557 3847 fecit
2584 3793 2777 3846 cmlum
2828 3800 2881 3845 et
2927 3801 3142 3852 teriam,
3190 3802 3334 3841 mare
3377 3795 3431 3841 et
3460 3786 3644 3837 omnia

2067 3898 2185 3954 qua:
2216 3884 2266 3938 in
2304 3885 2383 3937 eis
2406 3895 2526 3937 sunt
2558 3884 2694 3952 (Act.
2730 3900 2837 3946 xw,
2876 3883 2982 3950 Η).
3018 3881 3080 3934 Et
3111 3882 3159 3932 in
3191 3876 3600 3934 Denteronoutio
3627 3892 3644 3927 :

2069 3975 2200 4030 Vivo
2225 3990 2345 4046 ego,
2374 3976 2504 4029 dicit
2531 3974 2811 4038 Dominus,
2838 3973 2960 4041 quia
2992 3970 3190 4026 extollo
3220 3971 3268 4022 in
3309 3967 3500 4021 cmlum
3532 3979 3645 4018 nta—

2071 4082 2195 4119 nttm
2230 4081 2424 4130 meam,
2456 4067 2644 4136 jurabo
2679 4080 2773 4135 per
2809 4064 3082 4118 dexteram
3122 4074 3316 4122 meam,
3349 4069 3401 4111 et
3430 4057 3645 4111 dicam:

2073 4157 2204 4210 \‘ivo
2233 4173 2331 4226 ego
2362 4157 2412 4210 in
2444 4166 2722 4221 internum,
2756 4158 2880 4226 quia
2910 4169 3111 4209 exacuo
3154 4153 3296 4205 velut
3323 4151 3499 4220 fulgur
3525 4151 3648 4217 gla-

2069 4247 2214 4300 dium
2245 4262 2453 4312 meum;
2485 4256 2538 4302 et
2566 4246 3091 4315 detinebitjndicium
3122 4256 3309 4297 manus
3336 4255 3470 4307 mea,
3491 4251 3543 4293 et
3567 4241 3651 4294 eis

2069 4337 2155 4406 qni
2188 4338 2415 4391 oderunt
2445 4353 2529 4392 me
2570 4338 2786 4393 reddam
2819 4336 2997 4408 (Deut.
3026 4350 3191 4399 χχχιι,
3223 4335 3333 4403 40).
3378 4332 3478 4400 Qui
3511 4347 3644 4386 vero

2071 4438 2301 4481 internus
2331 4439 2382 4482 et
2413 4427 2728 4483 immortalis
2754 4428 2947 4482 divinis
2973 4428 3188 4482 Litteris
3216 4425 3512 4488 intimatur,
3542 4423 3649 4476 titi-

398 4496 539 4577 iliius
566 4516 737 4571 invisa
767 4511 1013 4567 omnibus
1039 4507 1227 4577 (Eccli.
1262 4521 1334 4566 XI,
1359 4503 1435 4572 4).
1482 4501 1620 4555 Ecce
1643 4498 1781 4552 sicut
1811 4496 1956 4550 Patet

2077 4523 2219 4571 neris
2246 4534 2275 4572 a
2310 4519 2464 4572 Patre
2490 4519 2798 4574 substantia:
2828 4531 2931 4572 non
2962 4518 3063 4572 nisi
3087 4517 3154 4571 ab
3183 4515 3499 4570 Arianorum
3527 4528 3653 4581 per-

398 4606 679 4664 invisibilis
701 4613 801 4669 est,
827 4604 898 4657 ita
922 4602 1082 4657 etiam
1106 4607 1159 4653 et
1181 4596 1347 4651 Filius
1370 4592 1655 4649 invenitur.
1688 4588 1966 4656 Quomodo

399 4720 429 4756 a
457 4702 627 4765 vobis,
668 4699 721 4752 in
749 4712 814 4752 eo
843 4696 987 4766 quod
1032 4709 1127 4763 pro
1168 4690 1321 4745 nobis
1367 4685 1652 4742 carnaliter
1696 4697 1757 4739 se
1799 4680 1967 4736 videri

399 4797 645 4864 dignatus
675 4801 778 4858 est,
808 4791 965 4846 Patre
994 4788 1216 4843 inferior.
1242 4782 1549 4853 indicatur?

980 4896 1207 4955 CAPUT
1248 4894 1382 4949 XXI.

404 5020 511 5089 Ego
542 5032 651 5087 qua:
674 5022 789 5069 sunt
819 5013 863 5066 ei
893 5011 1079 5081 placita
1108 5008 1241 5077 facio
1273 5021 1485 5072 semper,
1520 5002 1769 5073 quomodo
1795 5001 1969 5055 decla-

1104 5092 1259 5131 retur.

468 5208 526 5262 Si
563 5205 653 5258 t.bi
690 5200 985 5271 objecerint
1025 5195 1165 5268 quod
1208 5194 1375 5249 Filius
1418 5193 1485 5248 de
1536 5192 1695 5247 Patre
1735 5189 1966 5244 dixerit:

397 5299 512 5367 Ego
533 5311 649 5365 «pne
670 5302 795 5348 sunt
822 5292 870 5345 ei
893 5289 1083 5360 placita
1115 5286 1249 5340 facio
1273 5298 1483 5352 semper
1504 5281 1687 5351 (Joan.
1712 5296 1828 5349 vni,
1852 5279 1966 5345 29).

394 5436 399 5445 ,
470 5384 631 5453 381
663 5383 968 5448 Responsio.
994 5381 1049 5435 Si
1074 5378 1141 5433 ad
1169 5376 1498 5444 obsequium
1531 5374 1650 5428 Filii
1691 5371 1972 5427 volueritis

402 5475 674 5541 redigere,
697 5488 809 5542 quo
833 5471 1033 5527 dicatis
1050 5484 1175 5524 eum
1204 5467 1351 5520 Patri
1387 5480 1507 5520 esse
1539 5466 1870 5533 subjectum,
1889 5462 1975 5516 ni-

406 5565 703 5620 hilominus
738 5572 793 5620 et
821 5564 888 5618 de
914 5564 1071 5617 Patre
1096 5558 1273 5614 simile
1308 5555 1853 5628 profertisjudicium
1879 5553 1973 5624 qui

406 5652 461 5706 in
487 5653 793 5722 Scripturis
824 5654 1030 5709 sanctis
1057 5650 1194 5708 Filio
1224 5651 1387 5705 etiam
1424 5650 1525 5701 hoc
1552 5647 1714 5701 modo
1747 5644 1978 5701 docetur

408 5743 704 5806 praebuisse
729 5745 1078 5811 obsequium,
1104 5744 1237 5800 Isaia
1269 5742 1530 5813 propheta
1554 5739 1771 5795 dicente
1804 5754 1818 5795 :
1853 5737 1977 5793 Iltec

2079 4607 2200 4660 tidia
2227 4608 2511 4677 judicatur.
2642 4676 2681 4730 Ο
2698 4677 2862 4732 \pUT
2901 4674 3066 4731 xxm

2082 4767 2369 4823 Psalmist
2396 4770 2537 4821 locus
2561 4768 2854 4822 declaratur
2876 4783 2894 4820 :
2917 4768 3161 4819 Dominus
3181 4765 3304 4834 regit
3326 4779 3423 4829 me,
3454 4775 3500 4816 et
3522 4761 3654 4816 nihil
3738 4777 3755 4783 '

2702 4839 2822 4891 milii
2854 4840 3029 4892 deerit.

2151 4932 2207 4986 Si
2241 4930 2330 4984 tibi
2362 4928 2593 4982 dixerint
2640 4929 2760 4997 quia
2794 4928 3049 4997 pr0pheta
3089 4925 3141 4979 in
3192 4938 3415 4993 persona
3447 4920 3649 4976 Christi

2077 5019 2308 5075 dixerit:
2356 5019 2608 5073 Dominus
2650 5030 2798 5087 reget
2840 5034 2946 5085 me,
3000 5017 3120 5071 ideo
3163 5015 3337 5069 minor
3382 5025 3464 5069 est
3495 5014 3655 5068 Patre

2078 5106 2246 5180 (Psal.
2279 5125 2407 5174 xxn,
2441 5110 2501 5177 t).

2150 5198 2450 5269 Responsio.
2475 5198 2623 5265 Quod
2651 5213 2679 5252 a
2705 5198 2993 5267 semetipso
3015 5206 3230 5266 regatur
3258 5195 3444 5261 Filius,
3470 5206 3650 5251 etnon

2077 5288 2143 5341 ab
2171 5289 2297 5353 alio,
2353 5288 2622 5343 Micharam
2666 5289 2786 5342 andi
2824 5288 3163 5358 prOphetatn,
3207 5300 3301 5355 per
3322 5300 3480 5355 quem
3511 5284 3652 5338 Deus

2083 5375 2241 5431 Pater
2265 5379 2403 5431 unici
2445 5378 2524 5431 sui
2560 5378 2845 5447 potentiam
2874 5379 2964 5431 tali
3011 5378 3259 5447 dignatus
3288 5384 3372 5432 est
3417 5374 3654 5445 promul-

2081 5478 2209 5533 gare
2237 5467 2497 5519 sententia
2525 5482 2538 5517 :
2584 5467 2649 5519 Et
2674 5476 2751 5531 tu,
2786 5466 3081 5531 Bethleem,
3113 5476 3250 5521 terra
3274 5467 3430 5529 Juda,
3456 5464 3648 5533 inquit,

2084 5572 2417 5627 nequaquam
2447 5557 2664 5611 minima
2693 5572 2752 5611 es
2781 5558 2834 5611 in
2866 5559 3099 5612 millibus
3126 5557 3263 5613 Juda
3286 5573 3301 5610 :
3328 5573 3390 5611 ex
3426 5564 3475 5609 te
3506 5555 3652 5609 enim

2084 5650 2295 5718 prodiet
2325 5650 2437 5703 Rex
2470 5648 2558 5717 qui
2590 5657 2738 5717 regat
2766 5649 3010 5718 populum
3044 5664 3219 5703 meum
3252 5646 3414 5701 Israel
3459 5644 3650 5715 (Miclt.

2082 5754 2136 5810 ν,
2164 5739 2241 5811 2).
2298 5739 2359 5793 Et
2405 5738 2454 5792 in
2490 5738 2804 5807 Apocalypsi
2852 5755 2861 5789 :
2905 5740 3083 5807 Agnus
3126 5738 3215 5807 qui
3262 5746 3341 5791 est
3372 5736 3424 5790 in
3473 5734 3653 5788 medio
