3960 6176
305 334 397 387 539
1413 327 1685 382 CONTRA
1729 327 1873 382 VARl

1980 330 2133 388 DUM
2172 331 2297 387 LIB.
2334 333 2373 390 1.

3436 345 3539 399 570

303 446 465 499 throni
496 451 648 513 reget
677 458 792 508 eos,
842 450 896 496 et
922 440 1171 495 ducatum
1214 440 1314 494 illis
1364 441 1617 510 pratbebit
1649 443 1713 495 ad
1744 442 1865 495 vita:
1896 448 1939 504 Α
1974 452 2286 512 potestatem
2317 433 2802 516 hanc'universam,
2833 461 2885 509 et
2908 454 3126 523 gloriam
3160 454 3386 518 illorum,
3420 457 3538 523 quia

303 536 463 589 fontes
484 549 743 602 aquarum
779 532 960 602 (Apoc.
1005 547 1098 596 νη,
1135 531 1245 600 17).
1298 532 1363 585 Ει
1401 532 1451 586 in
1495 533 1629 586 libro
1660 533 1870 587 Macha-

303 624 527 676 bmorum
560 622 717 691 :lpse
759 621 918 675 Pater
960 628 1159 687 noster,
1208 620 1320 689 ipse
1351 620 1462 673 Rex
1505 633 1703 690 noster,
1757 622 1871 690 ipse

302 721 437 779 reget
466 725 564 764 nos
593 711 645 763 iu
687 708 907 763 srecula.
959 708 1269 777 Flagellavit
1318 710 1458 762 enim
1505 724 1602 763 nos
1653 721 1870 778 prepter

302 799 597 867 iniquitates
643 805 884 861 nostras,
935 796 1027 849 sed
1074 797 1263 849 iterum
1315 795 1653 850 miserebitur
1702 797 1867 851 nostri

302 891 381 964 (II
416 892 595 944 Much.
631 907 725 955 vn,
758 888 872 954 32).
924 888 991 941 Et
1020 888 1071 942 in
1103 889 1307 957 psalmo
1352 888 1755 958 quadragesimo
1786 904 1869 944 se-

304 984 462 1051 ptimo
494 981 675 1049 (Verr.
713 980 803 1050 15)
831 999 844 1032 :
890 979 981 1032 Hic
1011 987 1094 1033 est
1127 979 1266 1031 Deus
1296 986 1476 1032 noster
1505 978 1556 1031 in
1586 987 1866 1043 a-ternum,

303 1085 348 1128 et
376 1074 424 1125 in
451 1072 710 1126 smeulum
744 1069 943 1131 smculi,
979 1078 1032 1123 ct
1062 1070 1173 1137 ipse
1197 1077 1343 1136 reget
1367 1082 1464 1122 nos
1491 1067 1543 1120 iu
1565 1069 1778 1123 szecula.
1808 1070 1872 1122 Et

303 1166 347 1218 in
376 1162 636 1231 vigesimo
663 1162 890 1229 Septimo
917 1159 1091 1229 (Vers.
1124 1158 1179 1226 9)
1214 1176 1227 1210 :
1260 1159 1401 1228 Rege
1432 1174 1545 1228 eos,
1593 1168 1647 1213 et
1676 1161 1871 1215 exto‘le

303 1255 412 1309 ilics
436 1267 610 1321 usque
635 1252 687 1305 in
713 1251 987 1306 sacculum.
1021 1249 1074 1305 Si
1106 1250 1245 1302 enim
1278 1248 1463 1314 Filius,
1493 1260 1549 1303 ut
1577 1250 1675 1316 ipsi
1700 1250 1871 1318 suspi-

302 1342 510 1404 camini,
537 1356 569 1394 a
599 1340 889 1407 semetipso
918 1354 1019 1392 non
1044 1337 1261 1407 regitur,
1294 1337 1485 1392 {rustra
1514 1339 1624 1395 Rex
1655 1339 1869 1406 dicitur,

302 1436 373 1487 vel
406 1433 573 1501 Iiegis
601 1431 767 1485 Filius
792 1431 1085 1500 appellatur
1114 1450 1126 1483 :
1151 1432 1400 1499 quoniam
1424 1446 1615 1484 nomen
1644 1430 1798 1500 Regis
1820 1441 1873 1486 et

302 1526 567 1596 dignitatis
597 1540 702 1579 nou
733 1523 834 1577 nisi
866 1538 893 1575 a
927 1522 1160 1590 regendo
1192 1522 1325 1577 alios
1355 1523 1749 1592 comprobatur.

860 1613 1084 1668 CAPUT
1128 1614 1318 1668 XXIV.

306 1708 555 1764 "morem
596 1707 805 1761 Patrem
837 1705 972 1759 Filio
1008 1707 1428 1772 quemadmodum
1472 1706 1642 1758 dicant
1672 1708 1866 1771 Ariani,

365 1796 428 1832 ει
463 1797 522 1832 eo
558 1778 696 1846 quod
728 1775 957 1831 Christus
988 1786 1182 1829 tantum
1212 1779 1274 1829 sit
1304 1794 1336 1828 a
1365 1777 1570 1830 diabolo
1598 1778 1647 1829 in
1679 1778 1871 1831 deserto
1905 1810 1949 1869 Β
1977 1806 2115 1861 civil:

320 1862 323 1863 ν
366 1858 612 1902 tentatus.

366 1951 529 2025 383
564 1949 619 2006 Si
653 1949 744 2003 tibi
772 1949 1000 2004 dixerint
1024 1963 1037 2002 :
1061 1946 1186 2001 Ideo
1208 1946 1348 2001 Patri
1372 1947 1534 2001 Filius
1563 1962 1667 2001 non
1696 1962 1874 2017 mqua-

306 2050 401 2107 ti:r,
434 2043 561 2110 quia
595 2042 708 2108 ipse
736 2040 882 2094 solus
912 2049 991 2093 est
1014 2054 1042 2091 a
1065 2038 1277 2092 diabolo
1306 2037 1358 2091 in
1381 2038 1591 2091 deserto
1621 2046 1870 2092 tentatus.

367 2132 678 2200 Responsio.
710 2129 823 2184 Non
852 2129 993 2184 enim
1035 2130 1286 2184 divinitas
1313 2128 1429 2183 Filii
1457 2129 1733 2184 diaboiiete
1759 2140 1874 2185 ten-

306 2224 487 2278 talioni
518 2224 803 2292 subiacuit,
825 2222 917 2276 sed
936 2221 987 2275 in
1013 2222 1123 2276 sola
1149 2237 1309 2275 carne
1340 2230 1570 2275 tentatus
1588 2231 1690 2285 est,
1716 2238 1873 2291 quam

304 2320 363 2374 de
384 2318 623 2386 Virginis
651 2327 802 2370 utero
826 2316 1105 2384 dignanter
1125 2313 1433 2382 assumpsit,
1463 2315 1718 2381 Apostolo
1744 2323 1877 2371 atte-

305 2416 473 2463 Staute
501 2426 514 2458 :
551 2406 604 2460 In
635 2421 702 2461 eo
730 2406 870 2476 quod
912 2422 1099 2473 passus
1127 2414 1209 2461 est
1239 2405 1490 2460 obediens
1531 2404 1721 2468 factus,
1762 2412 1877 2459 tcn-

310 2509 437 2552 tatus
470 2509 591 2553 est:
620 2514 741 2553 nam
776 2510 962 2567 petens
1002 2507 1084 2553 cst
1122 2500 1222 2565 eis,
1261 2498 1348 2566 qui
1389 2507 1677 2563 tentantur,
1728 2498 1877 2551 auxi-

307 2588 411 2651 liiri
450 2590 639 2657 (Ilebr.
673 2605 733 2655 tt,
786 2589 898 2655 18).
950 2590 1077 2644 Nam
1108 2603 1228 2644 cum
1261 2588 1335 2643 illi
1367 2597 1597 2643 tentatur
1638 2588 1876 2642 diabolus

305 2679 506 2733 diceret
531 2697 545 2735 :
571 2680 723 2734 mitte
755 2686 805 2734 te
835 2678 1103 2745 deorsum,
1156 2679 1227 2735 ita
1259 2694 1380 2735 eum
1409 2679 1574 2734 semel
1602 2689 1656 2732 et
1685 2679 1875 2733 iterum

308 2768 508 2837 ﬂagello
540 2785 656 2824 suae
689 2771 1050 2839 responsionis
1077 2772 1331 2838 coercuit,
1363 2771 1544 2826 dicens
1570 2788 1582 2823 :
1607 2770 1719 2825 Non
1755 2779 1876 2825 ten-

308 2860 434 2915 labis
481 2861 774 2914 Dominum
811 2861 975 2915 Deum
1007 2869 1152 2914 tuum
1196 2879 1209 2916 :
1246 2870 1329 2931 et,
1384 2861 1663 2917 Dominum
1711 2861 1876 2917 Deum

308 2954 579 3019 adorabis,
612 2964 669 3009 et
696 2953 769 3008 illi
797 2954 893 3008 soli
922 2956 1121 3010 servies
1149 2954 1364 3026 (Matth.
1398 2971 1469 3022 tv,
1496 2955 1574 3020 7).
1609 2954 1740 3009 liinc
1774 2969 1878 3009 non

308 3046 517 3116 ambigo
548 3056 603 3101 et
628 3046 882 3101 Iacobum
925 3046 1119 3101 dix'sse
1149 3046 1461 3117 Apostolum
1488 3065 1499 3101 :
1527 3046 1665 3101 Deus
1703 3055 1876 3100 autem

309 3139 600 3192 intentator
629 3139 887 3194 mitiorum
915 3147 998 3194 est
1022 3139 1158 3209 (Jac.
1186 3154 1223 3205 ι,
1252 3139 1361 3208 15).
1390 3139 1457 3193 Et
1482 3139 1534 3191 in
1560 3138 1873 3207 Evangelia:

308 3230 445 3284 'l'noc
478 3230 621 3285 veni
646 3239 763 3285 otes
798 3231 864 3284 ad
892 3230 1073 3285 Iesum
1116 3230 1368 3285 Pharisaei
1411 3245 1531 3285 cum
1564 3229 1880 3286 Herodiauis

306 3322 594 3387 dicebant:
624 3321 895 3390 Magister,
940 3320 1137 3377 scimus
1167 3320 1291 3389 quia
1322 3334 1480 3373 verax
1524 3333 1603 3383 es,
1653 3327 1707 3374 et
1740 3319 1877 3372 viam

307 3409 391 3465 Dei
423 3410 476 3463 in
518 3410 747 3463 vrritate
785 3408 943 3462 doces
977 3424 990 3460 :
1032 3423 1135 3462 non
1188 3408 1386 3477 accipis
1432 3421 1739 3477 personam,
1789 3416 1881 3462 aut

304 3512 421 3551 cura
453 3499 555 3553 tibi
596 3507 679 3552 est
708 3496 774 3550 de
820 3496 997 3566 aliquo
1037 3511 1050 3549 :
1091 3496 1215 3551 licet
1256 3496 1407 3552 nobis
1455 3497 1704 3551 tributum
1750 3495 1880 3551 dare

305 3586 520 3652 Casari,
555 3604 622 3643 an
654 3588 793 3642 non?
824 3587 934 3641 Hoc
964 3596 1141 3641 autem
1168 3586 1437 3651 dicebant,
1467 3592 1735 3641 tentantes
1756 3600 1878 3638 eum

306 3688 359 3733 ut
388 3690 611 3748 possent
638 3694 893 3734 accusare
935 3694 1054 3733 eum
1082 3676 1271 3749 (Marc.
1310 3692 1404 3742 xu,
1448 3676 1559 3745 14),
1605 3686 1709 3730 etc.
1751 3674 1880 3730 Cer-

307 3771 475 3837 nisne,
510 3770 807 3836 incredule,
839 3770 957 3838 quia
988 3770 1031 3823 is
1068 3767 1342 3823 tentatioui
1375 3766 1655 3836 subiacuit,
1698 3765 1819 3836 quia
1848 3779 1880 3819 a

304 3856 498 3915 Iuda-is
528 3859 789 3929 ﬂagellari
821 3874 925 3913 non
956 3857 1177 3912 abnuit?

873 3954 1098 4010 CAPUT
1136 3954 1309 4010 XXV.

366 4046 562 4101 Filium
584 4055 768 4117 negant
795 4045 971 4098 Ariani
991 4061 1042 4099 se
1080 4045 1281 4115 proprie
1320 4042 1483 4097 Deum
1512 4042 1815 4096 nominasse.

274 4202 277 4205 .
373 4147 427 4202 Si
457 4156 646 4201 autem
678 4144 907 4200 dixerint
934 4163 945 4196 :
977 4144 1073 4200 Ubi
1122 4142 1352 4212 seipsum
1399 4142 1565 4196 Filius
1594 4142 1684 4196 Dei
1714 4141 1877 4196 Deum

304 4238 519 4307 proprie
549 4236 927 4291 nominaverit.
1400 4241 1415 4257 '

372 4327 682 4391 Responsio.
713 4326 839 4381 Haec
885 4325 1177 4397 propositio
1207 4333 1382 4381 vestra
1414 4339 1571 4393 quam
1613 4325 1772 4379 stulta
1810 4325 1880 4378 sit

306 4423 355 4470 et
377 4432 537 4484 quam
565 4434 593 4470 a
622 4418 833 4473 ratione
878 4419 1115 4473 veritatis
1142 4418 1351 4488 longius
1396 4424 1668 4487 evagetur,
1715 4417 1877 4471 etiam

308 4509 551 4564 tardioris
576 4509 775 4578 ingenii
803 4509 1044 4564 homines
1069 4508 1369 4578 intelligunt
1398 4523 1459 4563 ac
1489 4507 1738 4562 refellunt
1763 4526 1775 4559 :
1802 4507 1873 4561 illi
1901 4536 1957 4594 Β

305 4597 510 4653 scilicet
552 4599 643 4667 qui
677 4600 767 4653 Dei
803 4598 987 4653 Filium
1020 4599 1183 4653 Deum
1208 4596 1370 4671 384
1398 4612 1580 4653 verum
1608 4604 1661 4651 et
1691 4611 1874 4650 verum

307 4684 573 4741 hominem
605 4687 928 4743 cooiitentur
951 4705 966 4743 :
990 4688 1103 4744 Non
1126 4689 1266 4744 enim
1290 4688 1411 4757 quia
1437 4702 1652 4741 carnem
1683 4686 1871 4755 induit,

308 4772 446 4828 Deus
470 4791 590 4830 esse
620 4777 797 4840 desiit.
828 4778 922 4832 sed
955 4778 1005 4832 in
1034 4779 1249 4832 homine
1277 4792 1402 4832 vero
1426 4777 1568 4831 Deus
1597 4792 1752 4831 verus
1782 4792 1876 4843 ap-

306 4866 501 4931 paruit,
532 4864 739 4920 Joanne
768 4867 1007 4934 apostolo
1057 4873 1341 4920 attestante
1387 4883 1400 4918 :
1447 4865 1542 4919 Hic
1588 4874 1670 4919 est
1713 4879 1872 4920 verus

305 4952 447 5008 Deus
480 4964 533 5009 et
562 4957 668 5009 vita
698 4967 893 5011 aeterna
924 4955 975 5024 (Ι
1008 4954 1165 5010 Ioan.
1192 4971 1246 5022 v,
1275 4956 1387 5026 20).
1427 4954 1481 5011 Si
1513 4969 1639 5009 vero
1668 4954 1753 5007 ubi
1787 4969 1872 5009 se-

306 5042 484 5110 ipsum
528 5044 695 5099 Filius
732 5046 896 5099 Deum
942 5045 1153 5113 proprie
1202 5043 1573 5107 nominaverit,
1596 5043 1870 5098 desideras

304 5146 486 5195 nesse,
513 5135 823 5205 evangelico
850 5134 1010 5189 verbo
1039 5134 1291 5189 condisce
1335 5151 1347 5185 :
1392 5133 1456 5187 Et
1481 5135 1699 5202 rogabat
1746 5147 1868 5186 eum

301 5220 404 5288 vir,
438 5223 630 5293 inquit,
671 5240 699 5278 a
726 5240 831 5293 quo
861 5225 1116 5278 dzemonia
1147 5223 1407 5289 exierant,
1456 5232 1512 5276 ut
1545 5238 1664 5278 cum
1695 5238 1758 5277 eo
1786 5237 1871 5276 es-

299 5322 421 5365 set:
448 5313 651 5368 dimisit
682 5324 859 5369 autem
889 5329 1007 5369 eum
1053 5313 1208 5368 Iesus
1245 5312 1463 5367 dicens:
1501 5311 1644 5368 Vade
1688 5312 1739 5367 in
1767 5314 1864 5367 d0-

301 5415 451 5454 mum
486 5410 648 5465 lnam,
695 5413 751 5457 et
788 5418 941 5457 narra
980 5412 1173 5472 quanta
1216 5401 1310 5456 tibi
1358 5401 1540 5455 fecerit
1566 5401 1723 5455 Deus.
1772 5401 1868 5457 Ille

300 5499 487 5544 autem
560 5491 689 5545 abiit
741 5507 834 5559 per
891 5492 1189 5546 universam
1240 5492 1506 5546 civitatem
1573 5493 1872 5559 praedicans

296 5594 503 5649 quanta
535 5582 607 5635 illi
640 5582 852 5637 fecisset
879 5581 1033 5637 Iesus
1062 5582 1212 5651 (Luc.
1245 5597 1357 5649 vm,
1387 5581 1498 5649 59).
1547 5579 1613 5636 Et
1640 5583 1831 5637 iterum
1858 5598 1870 5635 :

303 5671 510 5725 Eduxit
554 5687 671 5726 eum
703 5673 968 5737 diabolus,
1014 5681 1068 5727 et
1104 5673 1334 5728 ostendit
1374 5674 1449 5729 illi
1487 5674 1663 5728 omnia
1711 5688 1873 5745 regna

300 5769 487 5839 teer
488 5762 561 5837 in
603 5775 871 5822 momento
911 5766 1185 5838 temporis,
1231 5775 1285 5823 et
1325 5766 1398 5823 ait
1442 5766 1556 5823 illi:
1587 5766 1702 5824 Tibi
1736 5766 1873 5824 dabo

1978 536 2106 589 mihi
2140 537 2329 591 tradita
2363 548 2507 605 sunt,
2558 550 2613 595 et
2642 544 2723 597 cui
2753 545 2974 599 voluero
3003 544 3071 599 do
3107 545 3192 598 illa
3220 564 3232 596 ι
3261 554 3314 598 tu
3346 562 3471 615 ergo
3496 548 3541 599 si

1976 628 2284 683 adoraveris
2312 644 2490 685 coram
2526 649 2633 711 me,
2684 646 2840 690 erunt
2888 647 2976 691 tua
3022 639 3217 691 omnia.
3252 638 3544 705 Respondit

1975 718 2149 783 Iesus,
2180 729 2234 774 et
2280 721 2412 776 dixit
2454 725 2566 777 illi:
2594 725 2858 795 Scriptum
2893 736 2994 795 est,
3048 728 3327 783 Dominum
3377 730 3543 784 Deum

1978 815 2121 860 tuum
2146 809 2406 876 adorabis,
2450 822 2503 867 et
2532 814 2603 867 illi
2636 814 2732 868 soli
2762 816 2960 870 servies
2986 816 3194 886 (Matth.
3221 833 3293 882 tv,
3332 818 3442 887 10).
3477 818 3546 872 Et

1977 899 2285 953 rursumde
2313 900 2538 969 leprosis
2569 904 2831 958 mundatis
2878 905 3007 959 dicit
3035 922 3048 959 :
3083 906 3230 960 Unus
3277 916 3452 961 autem
3476 922 3543 961 ex

1974 986 2097 1051 illis,
2149 999 2201 1041 ut
2245 990 2375 1044 vidit
2403 993 2521 1060 quia
2567 994 2849 1049 mundatus
2892 1005 2992 1060 rst,
3041 1005 3289 1051 reversus
3315 1008 3395 1051 est
3422 1013 3542 1052 cum

1976 1091 2166 1145 magna
2199 1093 2326 1133 voce
2356 1081 2701 1149 magniﬁcans
2733 1083 2921 1146 Deum,
2962 1093 3016 1139 et
3057 1086 3247 1139 cecidit
3283 1087 3346 1139 ad
3379 1088 3545 1156 pedes

1974 1167 2112 1235 ejus,
2143 1170 2339 1238 gratias
2359 1187 2542 1241 agens,
2570 1182 2623 1225 et
2652 1172 2735 1226 hic
2756 1182 2873 1227 erat
2894 1172 3280 1229 Samaritanus.
3306 1176 3546 1244 Respon-

1976 1256 2107 1311 dens
2130 1268 2305 1312 autem
2334 1261 2508 1327 Iesus,
2533 1261 2664 1315 dixit
2689 1260 2903 1316 :Nonne
2927 1262 3112 1318 decem
3137 1263 3369 1318 mandati
3392 1273 3544 1319 sunt:

1976 1362 2167 1402 novem
2199 1349 2284 1401 ubi
2312 1352 2472 1404 sunt?
2503 1350 2618 1405 Non
2649 1364 2730 1407 est
2760 1354 3003 1408 inventus
3034 1371 3098 1408 ex
3128 1355 3231 1409 illis
3274 1355 3361 1424 qui
3397 1355 3543 1409 redi-

1976 1450 2060 1495 ret
2085 1450 2136 1494 et
2169 1441 2320 1496 daret
2354 1444 2577 1511 gloriam
2624 1446 2754 1511 Deo,
2794 1448 2895 1501 nisi
2938 1448 3023 1502 hic
3071 1448 3360 1516 alienigena
3392 1448 3542 1519 (an.

1977 1548 2103 1593 xvtt,
2140 1534 2254 1602 15)?
2304 1536 2438 1591 I'Ieee
2469 1537 2556 1591 ubi
2585 1541 2815 1608 st-‘psum
2851 1541 3011 1593 Deum
3047 1541 3135 1595 Dei
3185 1542 3260 1595 Fil
3287 1557 3347 1595 us
3370 1542 3543 1595 nomi-

1978 1624 2145 1689 navit,
2178 1627 2261 1680 cui
2296 1626 2404 1680 Deo
2435 1629 2476 1681 is
2504 1630 2589 1697 qui
2622 1630 2901 1686 mundatus
2927 1642 3008 1687 est
3037 1634 3230 1701 gratias
3262 1634 3440 1687 retulit.
3463 1649 3545 1689 rc-

1977 1723 2213 1771 vertens.
2260 1716 2323 1770 Et
2354 1718 2547 1773 iterum
2575 1737 2587 1771 :
2616 1721 2739 1774 Erat
2765 1722 2974 1791 quidam
3018 1723 3176 1777 homo
3220 1724 3271 1777 in
3319 1725 3544 1793 quadam

2118 1816 2213 1874 tte,
2246 1810 2334 1877 qui
2368 1810 2530 1865 Deum
2560 1826 2663 1865 non
2696 1812 2936 1879 timebat,
2971 1829 3067 1869 nec
3099 1816 3364 1870 hominem
3395 1832 3545 1871 reve-

1981 1896 2265 1951 rebatur...
2300 1898 2470 1955 Vidua
2496 1901 2737 1969 quaedam
2779 1914 2891 1957 erat
2934 1905 2986 1958 in
3035 1906 3120 1958 illa
3152 1906 3383 1973 civitate,
3428 1924 3546 1978 quas

1977 1990 2217 2058 quotidie
2256 1993 2500 2047 veniebat
2538 1993 2606 2047 ad
2645 2010 2798 2057 eum,
2844 1996 3027 2052 dicens
3063 2016 3075 2049 :
3122 1998 3337 2053 \‘indica
3371 2017 3453 2057 me
3481 2002 3545 2054 ab

1979 2081 2287 2136 adversario
2311 2098 2451 2149 meo,
2502 2093 2555 2139 et
2585 2086 2797 2140 uolebat
2844 2103 2940 2155 per
2967 2090 3184 2142 multum
3218 2099 3424 2158 tempus
3456 2111 3462 2141 :
3495 2092 3545 2144 iu

1979 2186 2039 2229 se
2060 2184 2240 2229 autem
2267 2190 2513 2230 reversus
2538 2178 2670 2231 dixit
2696 2196 2707 2230 :
2740 2177 2800 2232 Et
2829 2179 2871 2233 si
2906 2181 3067 2234 Deum
3099 2196 3204 2234 non
3232 2183 3413 2248 timeo,
3451 2199 3547 2236 nec

1981 2266 2250 2320 hominem
2278 2282 2551 2337 revereor,
2573 2271 2885 2341 tamenquia
2905 2274 3127 2327 molesta
3148 2286 3228 2330 est
3245 2277 3372 2331 mihi
3398 2279 3550 2332 valde

1981 2355 2114 2424 haec,
2133 2357 2410 2414 vindicabo
2426 2360 2567 2414 illam
2592 2378 2656 2415 ne
2681 2363 2729 2416 in
2748 2364 3035 2418 novissimo
3063 2367 3281 2433 veniens
3301 2370 3550 2437 suggillet

1980 2462 2087 2503 me.
2138 2449 2485 2519 Respondeas
2528 2462 2701 2507 autem
2742 2456 2921 2519 Iesus,
2962 2456 3131 2511 dixit:
3161 2459 3395 2513 Audistis
3424 2460 3547 2527 quid

1976 2540 2139 2609 judex
2168 2540 2463 2611 iniquitatis
2491 2544 2656 2600 dicit?
2701 2547 2840 2603 Deus
2866 2558 3041 2604 autem
3092 2565 3198 2605 non
3244 2550 3397 2605 faciet
3427 2553 3546 2605 vin-

1980 2632 2175 2687 dictam
2219 2649 2493 2691 servorum
2533 2652 2751 2693 suorum
2795 2640 3134 2699 clamantium
3177 2641 3241 2695 ad
3290 2656 3348 2695 se
3375 2643 3461 2697 die
3487 2658 3548 2697 ac

1982 2731 2157 2789 nocte,
2184 2733 2237 2777 et
2263 2726 2567 2794 patientiam
2598 2729 2812 2784 habebit
2836 2731 2888 2785 in
2933 2732 3069 2785 illis?
3115 2732 3283 2787 Amen
3310 2732 3428 2786 dico
3456 2750 3548 2786 vo-

1982 2810 2085 2876 bis,
2113 2814 2233 2881 quia
2261 2814 2421 2870 faciet
2447 2817 2732 2873 vindictam
2761 2835 2945 2875 eorum
2977 2823 3082 2876 cito
3111 2823 3262 2890 (Luc.
3290 2839 3434 2889 xvut,
3467 2823 3543 2891 9).

1984 2901 2106 2957 Ideo
2134 2911 2302 2958 totum
2336 2915 2535 2961 textum
2567 2910 2829 2976 parabolae
2859 2911 3013 2980 hujus
3047 2913 3336 2981 posuimus,
3378 2924 3433 2968 ut
3463 2915 3547 2968 Fi-

1981 2995 2110 3051 lium
2141 2996 2226 3051 ubi
2260 3013 2319 3053 se
2347 2999 2510 3054 Deum
2551 3004 2765 3073 proprie
2804 3006 3094 3060 nominavit
3138 3007 3330 3062 dolere
3374 3007 3547 3076 possi~

1982 3100 2136 3143 mus:
2164 3101 2268 3145 non
2295 3090 2435 3143 enim
2459 3102 2631 3160 potest
2652 3093 2813 3166 335
2838 3095 2977 3151 Patri
3006 3098 3117 3152 haec
3139 3099 3396 3155 sententia
3420 3115 3547 3153 cou-

1906 3176 1952 3240 C
1985 3178 2196 3244 venire,
2248 3181 2495 3250 quoniam
2548 3184 2600 3238 in
2647 3186 2905 3254 judicium
2959 3188 3122 3243 Filius
3166 3198 3246 3244 est
3295 3201 3545 3243 venturus

1982 3269 2204 3340 injurias
2226 3288 2499 3330 servorum
2528 3291 2747 3333 suorum
2778 3279 3066 3335 vindicare.
3088 3281 3357 3337 Etiterum
3378 3284 3547 3338 Evan-

1981 3362 2169 3430 gelista
2192 3364 2356 3418 dicit:
2387 3366 2594 3421 Etcum
2628 3369 2963 3425 recubuisset
2988 3372 3201 3437 iterum,
3232 3374 3366 3428 dixit
3388 3376 3548 3431 disoi-

1982 3452 2120 3522 pulis
2147 3456 2255 3510 suis
2279 3472 2293 3509 :
2319 3457 2480 3511 Scitis
2502 3458 2627 3526 quid
2661 3459 2877 3515 fecerim
2905 3463 3071 3528 vobis,
3115 3480 3211 3520 vos
3236 3482 3319 3519 me
3344 3470 3547 3524 vocatis

1982 3545 2234 3613 magister
2254 3554 2306 3601 et
2323 3546 2565 3613 Domine,
2587 3559 2640 3605 et
2663 3550 2799 3607 bene
2820 3553 2994 3609 dicitis
3016 3573 3030 3611 :
3056 3570 3175 3611 sum
3202 3559 3341 3614 enim
3366 3562 3546 3629 (Joan.

1983 3649 2097 3698 xui,
2130 3634 2242 3708 12).
2271 3636 2337 3692 Et
2365 3639 2417 3693 in
2449 3639 2624 3697 Marco
2664 3645 2994 3713 respondens
3036 3646 3222 3715 Iesus,
3270 3651 3440 3707 dixit:
3468 3655 3547 3707 Ad

1980 3724 2227 3779 duritiam
2255 3728 2433 3783 cordis
2460 3731 2620 3785 vestri
2650 3734 2866 3802 scripsit
2892 3736 3043 3791 vobis
3071 3750 3391 3807 przrceptum
3419 3743 3549 3797 illud

1982 3814 2210 3885 Moyses,
2242 3818 2308 3873 ab
2336 3818 2485 3872 initio
2516 3830 2692 3876 autem
2721 3836 2974 3878 creaturm
2999 3830 3288 3884 masculum
3317 3841 3369 3885 et
3395 3832 3546 3886 feriri-

1982 3921 2103 3962 nam
2135 3908 2256 3964 fecit
2284 3925 2374 3965 eos
2401 3910 2540 3965 Deus
2568 3911 2756 3982 (Marc.
2773 3931 2825 3981 x,
2849 3917 2922 3986 5).
2949 3917 3013 3972 Ει
3040 3919 3229 3973 iterum
3255 3925 3546 3989 reSpondc-

1981 4011 2103 4055 runt
2134 4001 2324 4068 Iudaei,
2376 4012 2429 4057 et
2454 4004 2699 4059 dixerunt
2727 4025 2738 4058 :
2766 4008 2870 4062 [Vos
2898 4009 2964 4064 de
2995 4009 3136 4064 bono
3166 4026 3327 4080 opere
3359 4028 3462 4067 non
3496 4026 3548 4069 te

1981 4089 2299 4159 lapidamus,
2340 4094 2433 4147 sed
2462 4093 2527 4148 de
2556 4094 2906 4165 blasphemia,
2953 4100 3074 4167 quia
3105 4115 3224 4154 cum
3255 4102 3328 4156 sis
3362 4103 3543 4167 homo,

1982 4180 2109 4235 facis
2134 4182 2356 4251 teipsum
2384 4184 2546 4240 Deum
2574 4183 2747 4257 (Joan.
2776 4204 2830 4252 x,
2849 4186 2957 4258 53).
2976 4188 3109 4243 Cum
3132 4191 3289 4260 igitur
3311 4192 3545 4263 seipsum

1982 4272 2145 4327 Deum
2187 4282 2242 4328 et
2274 4275 2550 4335 Dominum
2579 4277 2813 4347 appellat
2838 4321 2852 4343 ,
2882 4295 3047 4350 quare
3076 4282 3220 4336 illum
3251 4299 3345 4338 vos
3374 4286 3547 4340 mino-

1980 4381 2093 4421 rem
2128 4369 2385 4438 astruitis,
2417 4379 2471 4424 et
2499 4370 2748 4426 deitatem
2779 4371 2895 4441 ejus
2922 4387 3071 4429 more
3100 4374 3357 4446 sacrilego
3382 4376 3545 4432 dene—

1982 4460 2155 4528 gatis?

2536 4530 2759 4589 CAPUT
2799 4534 2989 4591 XXVI.

2231 4644 2329 4697 Ubi
2360 4645 2535 4699 dicunt
2566 4645 2774 4701 Patrem
2804 4646 3000 4703 Filium
3024 4652 3288 4706 revelasse.

2052 4754 2106 4810 Si
2142 4755 2229 4809 tibi
2262 4756 2491 4811 dixerint
2515 4775 2529 4812 :
2573 4759 2696 4814 Ideo
2724 4761 2897 4817 minor
2923 4772 3004 4819 est
3030 4762 3218 4835 Filius,
3243 4767 3366 4837 quia
3392 4769 3546 4826 Pater

1978 4845 2124 4899 illum
2149 4848 2404 4901 revelavit
2426 4850 2748 4906 hominibus.

2048 4936 2350 5007 Responsio.
2385 4939 2441 4994 in
2472 4941 2627 5009 hujus
2660 4943 2995 5001 revelationis
3027 4942 3281 5019 mysterio
3312 4952 3468 5008 Pater
3491 4966 3546 5011 et

1979 5026 2144 5083 Filius
2174 5044 2334 5083 unum
2362 5040 2484 5084 sunt
2512 5047 2525 5083 :
2554 5031 2673 5100 quia
2704 5033 2840 5088 sicut
2867 5036 3021 5092 l’ater
3041 5037 3253 5102 Filium,
3284 5042 3349 5096 ita
3382 5045 3544 5098 Filius

1980 5120 2189 5176 Patrem
2239 5122 2347 5189 pari
2395 5122 2672 5179 divinitate
2715 5135 2917 5183 natura:
2964 5139 3149 5185 mutuo
3185 5148 3245 5189 se
3288 5135 3543 5189 docentur

1978 5216 2175 5269 mundo
2203 5225 2257 5271 et
2282 5216 2582 5272 hominibus
2604 5222 2891 5287 revelasse,
2919 5224 3031 5293 ipso
3056 5225 3278 5280 Domino
3307 5230 3356 5281 in
3379 5228 3543 5282 Evan-

1978 5308 2117 5377 gelio
2145 5317 2473 5377 protestante
2498 5329 2509 5364 :
2539 5311 2704 5366 Nemo
2731 5317 2872 5369 novit
2905 5315 3094 5371 Filium
3120 5318 3218 5370 nisi
3246 5318 3418 5389 Pater,
3451 5335 3542 5373 ne-

1975 5414 2081 5468 que
2109 5399 2319 5455 Patrem
2350 5403 2468 5469 quis
2496 5404 2641 5457 novit
2672 5406 2770 5459 nisi
2804 5404 2986 5471 Filius,
3013 5416 3065 5460 et
3087 5406 3168 5461 cui
3199 5406 3423 5461 voluerit
3453 5408 3540 5463 Fi-

1975 5492 2076 5548 lius
2101 5493 2341 5549 revelare
2364 5494 2516 5566 (an.
2541 5512 2596 5561 x,
2626 5498 2738 5567 22).
2774 5499 2837 5552 Et
2865 5498 3053 5553 iterum
3082 5515 3095 5550 :
3126 5498 3315 5551 Notum
3346 5499 3442 5555 feci
3465 5502 3541 5560 eis

1976 5600 2170 5642 nomen
2202 5596 2372 5652 tuum,
2404 5597 2457 5642 et
2485 5597 2666 5642 notum
2698 5588 2884 5643 faciam
2916 5589 3109 5659 (Jonn.
3143 5604 3271 5656 xvu,
3302 5590 3370 5645 26
3392 5593 3434 5663 ).
3480 5596 3541 5649 Et

1977 5685 2035 5730 ut
2059 5678 2295 5747 seipsum
2344 5677 2651 5733 hominibus
2680 5680 2943 5733 revelasse
2969 5679 3205 5749 doceret,
3235 5697 3331 5751 per
3358 5682 3540 5740 Isaiam

1978 5768 2093 5825 haec
2126 5776 2353 5826 testatus
2394 5778 2496 5837 est,
2528 5770 2745 5825 dicens:
2779 5769 2959 5827 Palam
3004 5775 3220 5843 apparni
3261 5792 3366 5831 non
3393 5793 3539 5849 qua:-
