4026 6176
382 325 480 383 871

380 528 639 599 rogabant
665 527 684 596 (
707 524 836 580 lsai.
865 538 987 587 va,
1020 522 1047 577 1
1074 518 1117 590 ).
1162 519 1230 575 Et
1257 518 1313 574 in
1356 512 1674 586 Apocalypsi
1701 529 1715 567 :
1744 512 1805 567 Si
1831 511 1951 581 quis

380 620 512 676 mihi
553 616 821 688 aperuerit
845 614 1063 678 ostium,
1096 610 1305 666 intrabo
1329 608 1396 662 ad
1426 605 1601 671 illum,
1645 612 1699 660 et
1723 603 1953 664 cmnabo

378 731 504 770 cum
525 730 613 781 eo,
639 723 695 770 et
717 708 1067 768 manifestabo
1096 706 1357 773 meipsum
1390 702 1438 758 ei
1466 700 1669 773 (Apoc.
1711 713 1792 762 ιιι,
1817 697 1883 753 ΞΟ
1909 698 1948 766 ).

382 804 451 860 Ει
476 806 668 859 iterum
702 820 715 856 :
745 801 859 856 lioc
888 801 999 868 jam
1028 793 1184 852 tertio
1210 790 1567 849 manifestavit
1596 803 1656 844 se
1683 787 1841 844 Iesus
1864 785 1950 840 di-

379 898 603 968 scipulis
631 896 743 952 suis
769 895 835 950 ad
864 907 1014 948 mare
1036 887 1332 947 Tiberiadis
1353 929 1371 955 ,
1395 901 1515 941 cum
1554 880 1879 939 surrexisset
1920 892 1951 931 a

380 990 607 1047 mortuis
636 987 818 1059 (loco.
852 1002 964 1052 xxi,
994 986 1106 1053 11).
1138 984 1238 1052 Qui
1265 981 1409 1037 enim
1438 979 1648 1034 Patrem
1676 974 1951 1038 revelavit,

379 1092 437 1138 et
474 1082 710 1152 seipsum
738 1078 921 1135 multis
956 1075 1128 1133 modis
1167 1071 1543 1130 manliestasse
1570 1073 1795 1124 testatus
1841 1069 1950 1131 est,

382 1174 559 1230 minor
580 1172 687 1228 dici
712 1187 819 1228 non
844 1178 1041 1241 potest.

928 1281 1154 1339 CAPUT
1193 1277 1406 1335 XXVII.

380 1388 592 1445 Par-rest
632 1387 829 1445 Filium
869 1385 1139 1440 tradidisse
1163 1376 1592 1453 quemadmodum
1616 1372 1952 1443 intelh‘gatur.

454 1489 616 1563 386
650 1488 710 1545 Si
749 1486 844 1545 tibi
892 1484 1125 1542 dixerint
1152 1479 1296 1553 quod
1344 1478 1503 1535 Pater
1547 1472 1823 1531 tradiderit
1866 1470 1958 1527 Fi-

384 1578 758 1738 h"gemenda.
805 1663 973 1719 Filius
1017 1660 1318 1716 voluntarie
1364 1655 1819 1727 dispensationem
1865 1663 1957 1706 as-

1651 308 1876 365 VIGILII
1913 304 2282 363 TAPSENSIS

380 437 620 494 rentibus
646 447 753 501 me,
785 431 1030 497 iuventus
1056 428 1174 483 sum
1200 424 1268 482 ab
1296 425 1361 482 iis
1387 421 1477 493 qui
1504 436 1588 477 me
1631 434 1736 475 non
1769 419 1936 475 inter-
1972 424 2021 483 Α

3510 292 3616 350 ὅτε

2588 408 2812 467 CAPUT
2850 408 3085 465 XXVIII.

2089 505 2168 563 De
2195 523 2252 561 eo
2278 503 2414 575 quod
2439 505 2560 557 dicit
2590 502 2755 557 Filius
2784 503 2929 557 Patri
2954 520 2978 575 ;
3020 502 3264 575 Transeat
3290 516 3321 552 α
3351 498 3588 575 urceoli:

2195 571 2335 630 iste:
2368 576 2454 628 sed
2485 591 2584 629 non
2616 576 2743 628 sicut
2769 590 2862 645 ego
2883 573 3017 636 rolo,
3049 572 3137 626 sed
3161 572 3290 624 sicut
3316 578 3371 623 tu
3398 571 3492 623 eis.

2126 687 2184 743 Si
2254 686 2348 742 tibi
2397 686 2744 757 opposuerim
2790 684 2929 757 quod
2977 684 3143 739 Filius
3189 682 3383 737 dixerit
3428 680 3621 735 Patri:

2055 778 2322 834 Transeat
2348 791 2375 831 a
2406 793 2492 832 me
2512 777 2648 831 calix
2678 777 2799 843 iste,
2836 786 3201 831 verumtamen
3226 787 3330 829 non
3365 772 3502 828 sicut
3526 784 3627 841 ego

2052 868 2198 928 volo.
2232 867 2327 922 sed
2354 868 2491 922 sicut
2523 875 2598 920 tu.

2124 959 2427 1028 Responsio.
2481 958 2546 1015 Ut
2588 966 2767 1032 autem
2815 955 2978 1011 Filius
3024 954 3278 1010 doceatur
3318 951 3629 1007 voluntarie

2055 1051 2321 1122 passionis
2363 1065 2475 1105 sua:
2503 1048 2722 1104 calicem
2770 1048 3024 1114 ebibisse,
3069 1047 3153 1101 his
3193 1043 3531 1108 testimoniis,
3582 1042 3629 1097 si

2055 1157 2163 1200 non
2203 1142 2368 1213 piget,
2398 1140 2634 1205 addisee,
2669 1140 2787 1210 ipso
2828 1139 2880 1193 itt
2926 1138 3154 1193 Psalmis
3192 1144 3458 1191 canente:
3490 1131 3629 1200 Quid

2054 1233 2345 1289 retribuam
2380 1231 2607 1286 Domino
2636 1245 2735 1300 pro
2765 1250 2776 1280 t
2800 1229 3013 1285 mnibus
3032 1244 3150 1299 quae
3180 1225 3428 1283 retribuit
3457 1224 3629 1280 mihi!

2054 1322 2290 1379 Calicem
2321 1322 2571 1377 salutaris
2597 1320 2880 1388 accipiam,
2909 1329 2964 1375 et
2991 1334 3186 1374 nomen
3231 1316 3440 1372 Domini
3481 1315 3633 1369 invo-

2055 1413 2323 1486 cabo(Ps.
2340 1429 2464 1481 cxv,
2481 1413 2693 1481 12,16).
2710 1412 2823 1467 Non
2846 1413 2988 1466 enim
3005 1408 3295 1480 prophetae,
3309 1416 3399 1463 aut
3412 1404 3633 1461 cuilibet

2057 1505 2211 1561 alteri
2244 1504 2359 1560 haec
2386 1504 2649 1561 sententia
2682 1503 2881 1575 poterit
2900 1501 3158 1571 coaptati,
3187 1498 3278 1570 qui
3308 1498 3541 1567 seipsum
3570 1494 3629 1548 in

2056 1596 2403 1667 subsequenti
2430 1594 2712 1661 versiculo,
2742 1602 2796 1650 et
2821 1609 3035 1650 servum
3061 1592 3217 1659 dixit,
3244 1599 3300 1646 et
3320 1588 3523 1644 ancilla:
3545 1586 3637 1642 Fi-

2059 1686 2189 1742 littm
2221 1684 2511 1740 nominavit
2544 1702 2559 1738 :
2599 1684 2644 1739 0
2671 1683 2916 1751 Dom‘ne,
2951 1682 3143 1753 inquit,
3168 1695 3268 1750 ego
3295 1693 3485 1735 servus
3512 1688 3637 1731 tuus

380 1769 608 1834 “mp”:
635 1757 812 1814 “mis
840 1757 1155 1826 adimp'w"
1183 1752 1526 1845 80"“pr
1550 1763 1644 1845 lim
1674 1745 1827 1800 "oms
1850 1753 1958 1798 ιη’
1986 1777 2035 1839 Β
2061 1790 2114 1835 et
2136 1778 2275 1833 ﬁlius
2296 1778 2507 1833 ancillte
2533 1786 2655 1832 tute.
2683 1776 2749 1832 Et
2773 1777 2825 1831 in
2856 1745 3143 1845 Evangelio
3162 1745 3438 1842 discipulis
3462 1767 3634 1824 dicit:

381 1848 604 1916 didisse,
648 1848 794 1904 clara
844 1845 1248 1903 contestationis
1295 1855 1427 1897 voce
1457 1839 1639 1894 ﬁdeles
1685 1849 1813 1891 suos
1858 1848 1954 1904 per

382 1937 697 2007 Apostolum
757 1937 951 1992 ducere
979 1936 1226 2006 dignatus
1272 1941 1375 1998 est,
1406 1932 1523 2002 ipso
1558 1926 1813 1998 Apostolo
1834 1937 1958 1995 pro-

384 2039 613 2085 testante
641 2046 655 2082 :
688 2029 868 2085 Gratia
899 2028 1080 2093 vobis,
1126 2026 1328 2095 inquit,
1357 2034 1412 2081 et
1440 2039 1545 2094 pax
1574 2038 1603 2077 a
1650 2022 1763 2076 Deo
1798 2019 1958 2073 Patre

383 2128 440 2176 rt
466 2119 693 2176 Domino
720 2119 846 2175 Jesu
873 2119 1115 2184 Christo,
1157 2118 1247 2189 qui
1290 2116 1438 2172 dedit
1472 2114 1818 2183 semetipsum
1860 2122 1958 2180 pro

386 2210 621 2279 peccatis
661 2209 861 2264 nostris
888 2207 1030 2281 (Gal.
1063 2223 1102 2272 ι,
1128 2207 1206 2279 3).
1240 2206 1306 2261 Et
1345 2208 1537 2261 iterum
1562 2221 1577 2257 :
1601 2202 1751 2271 Quod
1780 2208 1958 2256 autem

384 2313 528 2356 nunc
570 2299 690 2353 vivo
714 2298 766 2353 in
796 2312 978 2365 carne,
1004 2298 1056 2353 In
1087 2297 1189 2352 ﬁde
1216 2297 1339 2352 vivo
1371 2294 1489 2350 Filii
1536 2294 1627 2349 Dei
1654 2293 1746 2363 qui
1773 2290 1960 2346 dilexit

389 2406 501 2456 me,
528 2398 584 2446 et
614 2389 831 2445 tradidit
854 2392 1090 2461 seipsum
1124 2404 1220 2460 pro
1263 2402 1349 2443 me
1378 2386 1520 2456 (Gal.
1551 2401 1605 2450 tt,
1645 2383 1762 2453 20).
1800 2382 1863 2438 Et
1890 2380 1959 2435 ad

388 2478 695 2547 Ephesios:
730 2478 913 2535 Estote
962 2480 1119 2549 igitur
1166 2478 1462 2534 imitatores
1512 2475 1637 2540 Dei,
1686 2474 1825 2529 sicut
1866 2471 1960 2527 111ιί

387 2567 604 2633 dilecti;
631 2577 686 2623 et
712 2569 981 2624 ambulate
1004 2569 1055 2623 iu
1085 2568 1329 2633 caritate,
1351 2567 1487 2622 sicut
1511 2564 1757 2619 Christus
1778 2562 1962 2618 dilexit

390 2671 490 2713 nos
515 2665 570 2713 et
596 2657 812 2713 tradidit
839 2660 1074 2728 seipsum
1102 2673 1198 2728 pro
1220 2659 1372 2713 nobis
1410 2656 1628 2728 (Ep':es.
1650 2671 1705 2722 v,
1733 2652 1808 2725 I).
1833 2654 1962 2710 Item

391 2754 464 2809 Ibi
497 2770 513 2809 :
549 2753 763 2825 Diligite
808 2768 1004 2810 uxores
1052 2765 1256 2811 vestras
1300 2754 1438 2809 sicut
1480 2751 1725 2807 Christus
1776 2749 1963 2805 dilexit

396 2847 690 2907 Ecclesiam
712 2863 886 2915 suam,
913 2856 969 2903 et
993 2846 1339 2917 semetipsum
1363 2844 1579 2901 tradidit
1603 2857 1701 2914 pro
1719 2856 1783 2898 ea
1801 2840 1963 2911 (Ibid.

389 2938 505 3009 25).
539 2938 604 2994 Et
630 2939 697 2994 ad
724 2939 1062 2995 Timotheum
1093 2956 1107 2994 :
1151 2938 1300 2994 Unus
1343 2939 1484 2992 anm
1530 2935 1698 2996 Deus.
1744 2946 1881 2988 unus
1909 2938 1966 2987 et

393 3028 654 3086 mediator
678 3028 767 3083 Dei
791 3038 846 3084 et
870 3029 1166 3093 hominum,
1196 3030 1356 3081 homo
1392 3021 1637 3080 Christus
1665 3024 1844 3089 Jesus,
1872 3022 1962 3093 qui

391 3118 542 3174 dedit
569 3120 916 3187 semetipsum
947 3116 1369 3185 redemptionem
1396 3128 1494 3183 pro
1533 3113 1713 3168 multis
1741 3111 1794 3184 (ι
1827 3111 1961 3167 Tim.

395 3227 453 3273 ιι,
483 3210 565 3278 5).
590 3208 655 3263 Et
680 3208 746 3263 ad
778 3208 1030 3264 Hebraeos
1065 3226 1077 3261 :
1109 3208 1163 3264 Si
1193 3207 1337 3263 enim
1369 3206 1582 3276 sanguis
1618 3204 1886 3259 hircorum
1911 3212 1965 3258 et

322 3362 339 3381 λ
394 3301 531 3363 ciuis
567 3298 747 3355 vitulze
782 3312 1030 3368 aspersus
1088 3298 1387 3354 sanc'iﬁt‘at
1424 3295 1491 3351 ad
1528 3294 1965 3351 emundationem

395 3389 597 3458 carnis,
626 3397 822 3464 quanto
866 3390 1035 3459 magis
1063 3390 1279 3461 sanguis
1306 3388 1526 3452 Christi,
1552 3387 1644 3458 qui
1675 3402 1767 3456 per
1796 3384 1968 3456 Spiri-

398 3491 508 3536 tum
540 3489 781 3536 sanctum
812 3482 1161 3550 semetipsum
1191 3480 1383 3536 obtulit
1425 3477 1823 3535 immaculatum
1857 3476 1968 3530 Deo

401 3572 422 3640 (
454 3569 606 3625 Hebr.
640 3564 725 3637 tx,’
748 3572 815 3628 I3
836 3571 893 3644 )i
924 3571 1053 3627 Item
1098 3572 1167 3627 Ibi
1201 3589 1216 3626 :
1249 3572 1518 3628 Habentes
1564 3586 1723 3641 ergo,
1752 3569 1965 3631 fratres.

401 3661 650 3718 ﬁduciam
679 3661 730 3716 in
758 3660 975 3717 introitu
1003 3670 1310 3718 sanctorum
1342 3665 1393 3717 in
1417 3662 1674 3733 sanguine
1701 3660 1851 3727 Iesu,
1879 3657 1970 3730 qui

401 3756 665 3813 dedicavit
686 3757 841 3812 nobis
866 3757 1001 3811 viam
1035 3766 1307 3813 recentem
1338 3764 1394 3812 et
1420 3757 1559 3811 viam
1584 3770 1678 3826 per
1702 3754 1967 3819 velamen,

400 3845 454 3903 id
504 3853 588 3903 est
637 3860 852 3901 eat-nem
898 3858 1072 3911 suam,
1122 3845 1356 3901 oderens
1400 3846 1635 3914 seipsum
1692 3857 1788 3912 pro
1817 3841 1972 3897 nobis

401 3935 592 4007 (Hebr.
622 3949 675 4004 x,
701 3934 811 4006 19).
839 3933 904 3990 Et
926 3934 978 3990 in
1007 3934 1227 3990 Joannis
1249 3933 1486 4004 Epistola
1518 3950 1533 3987 :
1565 3933 1622 3988 lu
1651 3932 1753 3987 hoc
1774 3944 1973 4001 cogno-

401 4024 579 4080 vimus
598 4025 873 4080 caritatem
902 4024 1091 4094 ipsius,
1117 4025 1368 4095 quoniam
1411 4024 1524 4094 ipse
1554 4038 1652 4095 pro
1680 4021 1836 4078 nobis
1857 4020 1971 4075 ani-

401 4130 544 4174 mam
573 4116 747 4188 posuit
775 4113 831 4186 (Ι
859 4113 1017 4170 loeti.
1044 4130 1121 4183 ιιι,
1160 4115 1225 4171 l6
1253 4114 1295 4185 ).
1330 4114 1398 4170 Et
1428 4114 1479 4170 in
1507 4114 1641 4169 Isaia
1676 4128 1690 4178 ;
1727 4110 1973 4168 Sanctiﬁ-

402 4216 522 4263 cate
544 4221 685 4271 eum,
716 4203 809 4274 qui
841 4204 1055 4260 tradidit
1080 4206 1313 4259 animam
1342 4220 1492 4261 suam
1520 4220 1617 4276 pro
1638 4205 1791 4260 nobis
1816 4203 1971 4276 (Isai.

405 4303 519 4361 stu,
553 4295 685 4365 Ii).
734 4295 863 4351 Item
907 4293 978 4349 ibi
1008 4293 1274 4350 :Oblatus
1319 4303 1421 4361 est,
1471 4296 1594 4364 quia
1643 4295 1758 4364 ipm
1805 4293 1975 4349 voluit

407 4390 427 4459 (
458 4386 619 4455 llud,
645 4388 676 4442 7
712 4386 751 4457 ).
783 4387 849 4441 Et
876 4384 929 4440 in
968 4385 1199 4450 Jeremia
1240 4402 1252 4438 :
1294 4385 1422 4447 Dedi
1453 4385 1699 4439 dilectam
1739 4383 1972 4439 animam

407 4493 582 4535 meam
609 4480 663 4533 in
693 4490 881 4532 manus
919 4475 1258 4531 inimicorum
1288 4476 1403 4542 ejus
1433 4474 1562 4547 (Jer.
1597 4491 1690 4540 xu,
1718 4475 1795 4544 7).
1841 4475 1969 4531 Item

408 4570 695 4635 Apostohts
726 4585 741 4622 :
775 4568 885 4623 Hoc
912 4568 1055 4623 enim
1104 4566 1272 4621 semel
1310 4566 1433 4621 iecit
1479 4568 1715 4636 seipsum
1746 4566 1977 4623 oll‘erens

410 4659 599 4729 (Hebr.
634 4673 729 4723 vtt,
767 4657 891 4727 27).
922 4656 988 4713 Et
1016 4656 1205 4713 iterum
1236 4674 1252 4711 :
1281 4656 1488 4711 Scimus
1527 4656 1649 4724 quia
1692 4655 1858 4711 Filius
1884 4656 1978 4711 Dei

412 4750 578 4813 venit,
606 4759 663 4806 et
688 4763 899 4804 carnem
921 4746 1111 4812 induit,
1137 4756 1189 4801 et
1213 4760 1398 4814 passus
1416 4754 1515 4800 est.
1544 4745 1611 4800 Et
1633 4746 1817 4800 Petrus
1851 4761 1981 4815 apo-

412 4840 583 4895 stolus
624 4855 638 4892 :
678 4835 924 4891 Christus
969 4851 1065 4904 pro
1096 4836 1246 4890 nobis
1276 4849 1462 4904 passus
1509 4844 1620 4901 est,
1673 4836 1981 4904 relinquens

414 4927 915 4994 nobiaexamplum,
948 4936 1007 4984 ut
1044 4943 1330 4996 sequamur
1355 4928 1569 4996 vestigia
1587 4927 1700 4994 ejus
1731 4925 1800 4997 (Ι
1832 4925 1979 4983 Petr.

416 5035 474 5087 tt,
503 5018 618 5092 2i).
652 5017 714 5079 Et
738 5016 790 5074 in
818 5016 1104 5073 Salomone
1137 5036 1148 5071 :
1179 5018 1475 5074 Penetrabo
1500 5017 1781 5073 interiures
1820 5017 1980 5087 387

417 5121 594 5186 partes
622 5118 800 5175 terrae,
835 5117 891 5165 et
917 5109 1194 5180 inspiciam
1222 5109 1568 5176 durntientes,
1593 5115 1650 5163 et.
1674 5107 1984 5161 illuntinabo

415 5212 692 5273 sperantes
711 5199 765 5256 in
792 5214 914 5256 eum
942 5199 1127 5271 (Ecclt'.
1169 5215 1314 5265 xxiv,
1343 5198 1454 5270 ΞΒ).
1484 5200 1548 5254 Et
1584 5200 1696 5269 ipse
1732 5200 1986 5253 Dominus

416 5295 470 5350 in
502 5292 788 5365 Evangelio
827 5308 843 5353 :
873 5292 1199 5349 Potestatem
1234 5291 1404 5346 habeo
1470 5292 1699 5359 ponendi
1747 5292 1979 5346 animam

417 5397 614 5451 meam,
637 5394 693 5442 et
735 5392 1049 5453 potestatem
1090 5381 1264 5437 habeo
1305 5382 1495 5437 iterum
1527 5382 1769 5437 sumendi
1813 5396 1931 5437 eam
1966 5400 1979 5436 :

420 5489 710 5537 nemoeam
732 5475 870 5531 tollit
889 5490 917 5529 a
940 5489 1045 5536 me.
1070 5478 1163 5527 sed
1186 5488 1285 5542 ego
1304 5486 1421 5527 eam
1445 5485 1587 5541 pono
1602 5486 1667 5526 ex
1695 5485 1779 5528 me
1802 5470 1985 5543 (Joan.

422 5580 478 5627 ι,
510 5565 634 5635 I8).
660 5567 760 5635 Qui
802 5582 931 5638 ergo
956 5567 1192 5637 seipsum
1226 5564 1459 5629 tradidit,
1491 5574 1546 5620 et
1571 5566 1803 5621 animam
1832 5580 1984 5622 suam

425 5658 633 5725 propria
666 5667 927 5726 potestate
976 5660 1156 5732 posuit
1196 5668 1254 5716 et
1299 5657 1620 5730 assumpsit,
1667 5656 1843 5717 minor
1881 5658 1985 5717 dici

426 5762 530 5803 non
560 5747 769 5817 poterit.
1810 5804 1840 5834 ο

2059 1868 2339 1925 Desiderio
2362 1866 2663 1923 desideravi
2709 1866 2810 1921 hoc
2841 1866 3044 1921 Pascha
3091 1862 3414 1918 manducare
3456 1858 3639 1913 vobis-

2056 1974 2178 2017 cum
2196 1960 2348 2029 (Luc.
2364 1975 2493 2026 xxtt,
2518 1960 2630 2029 I5).
2658 1959 2787 2013 Item
2810 1957 3019 2013 duobus
3035 1955 3156 2010 ﬁliis
3173 1952 3413 2010 Zebedtei
3444 1948 3639 2006 Joanni

2056 2059 2112 2105 et
2139 2049 2337 2105 Iacobo
2364 2049 2499 2104 dixit
2530 2068 2542 2101 :
2578 2048 2810 2104 Potestis
2841 2048 3025 2103 bibere
3054 2044 3273 2100 calicem
3301 2083 3317 2110 ,
3348 2056 3507 2113 quem
3535 2053 3641 2107 ego

2058 2134 2325 2191 bibiturus
2350 2149 2493 2201 sum,
2521 2142 2575 2189 et
2603 2132 2859 2200 baptizari
2881 2132 3169 2200 baptismo,
3199 2142 3305 2197 quo
3331 2142 3430 2196 ego
3460 2125 3639 2194 bapti-

2062 2239 2157 2280 τοι·
2184 2224 2371 2296 (Marc.
2406 2239 2461 2288 ιι,
2488 2222 2619 2291 ›38)1
2652 2222 2944 2292 Diligenter
2985 2217 3261 2281 attendite,
3294 2215 3413 2284 quia
3442 2214 3639 2268 bibitu-

2059 2330 2151 2371 rus
2176 2330 2318 2382 sum,
2350 2312 2470 2370 ideo
2491 2312 2644 2379 dixit,
2673 2327 2741 2368 ne
2764 2311 2984 2366 alterius
3006 2309 3273 2364 diceretur
3294 2304 3555 2375 iussione,
3583 2312 3643 2358 et

2059 2425 2167 2465 non
2204 2408 2476 2464 voluntate
2517 2407 2731 2476 propria
2758 2404 2809 2459 id
2849 2404 3060 2459 fecisse.
3107 2403 3172 2456 Et
3200 2400 3361 2455 Petro
3390 2398 3641 2468 apostolo

2059 2501 2177 2555 ait:
2207 2499 2321 2556 Non
2351 2497 2494 2568 sapis
2534 2512 2658 2566 qua:
2695 2495 2790 2550 Dei
2835 2503 2981 2558 sunt,
3028 2491 3123 2547 sed
3172 2505 3290 2561 quae
3338 2489 3638 2542 hominum.

2058 2588 2295 2644 Calicem
2322 2602 2485 2658 quem
2505 2585 2650 2641 dedit
2676 2584 2803 2638 mihi
2836 2583 3009 2650 Pater,
3037 2596 3140 2635 non
3172 2580 3252 2633 vis
3277 2586 3334 2632 ut
3364 2576 3542 2632 bibam
3569 2576 3643 2629 ξι-

2061 2678 2170 2733 lum
2199 2677 2219 2748 (
2244 2677 2402 2731 Joan.
2447 2690 2597 2740 xvut,
2629 2675 2688 2729 II
2720 2674 2779 2742 )?
2812 2673 2961 2728 Ilunc
2989 2671 3146 2741 igitur
3174 2668 3417 2731 calicem,
3457 2666 3501 2719 si
3532 2681 3643 2719 non

2064 2768 2367 2825 voluntarie
2393 2767 2648 2822 Dominus
2676 2766 2955 2828 ebibisset,
2998 2771 3056 2816 ut
3083 2761 3289 2817 veniret
3314 2758 3492 2827 utique
3536 2756 3640 2809 mi-

2065 2862 2208 2916 nime
2234 2857 2612 2922 desiderasset,
2633 2856 2726 2911 sed
2755 2855 2880 2925 quia
2903 2852 3152 2909 eumdem
3170 2848 3465 2905 voluntarie
3485 2845 3645 2912 bibit,

2064 2950 2265 3008 idcirco
2292 2961 2392 3005 nec
2412 2947 2717 3018 trepidavit,
2755 2960 2856 3000 nec
2886 2943 3089 2999 abnuit.

2611 3066 2838 3125 CAPUT
2878 3064 3070 3121 XXIX.

2353 3183 2451 3240 Ubi
2485 3181 2654 3237 Filius
2683 3177 2891 3234 Patrem
2919 3194 3123 3249 rogasse
3149 3176 3355 3231 dicitur.

2144 3298 2312 3371 388
2336 3296 2394 3355 Si
2433 3296 2528 3352 tibi
2558 3293 2830 3353 dixerint:
2863 3292 3065 3348 Idcirco
3111 3290 3286 3346 minor
3326 3293 3408 3344 est
3447 3284 3640 3350 Filius,

2068 3392 2189 3463 quia
2221 3391 2428 3446 Patrem
2456 3402 2672 3458 rogasse
2698 3385 2917 3441 dicitur.

2141 3481 2439 3549 Responsio.
2480 3480 2535 3535 Si
2566 3480 2610 3533 is
2635 3478 2725 3546 qui
2751 3484 2902 3547 rogat
2933 3473 3106 3528 minor
3133 3479 3216 3527 est
3245 3470 3339 3524 illo
3365 3482 3521 3539 quem
3553 3479 3648 3520 ro-

2068 3580 2181 3643 gat,
2218 3586 2348 3641 ergo
2378 3571 2537 3637 Deus,
2583 3569 2677 3638 qui
2704 3582 2797 3637 per
2826 3565 3143 3636 prophetam
3190 3561 3443 3631 populum
3477 3573 3639 3613 suum

2069 3675 2284 3731 rogasse
2322 3659 2706 3731 praescribitur,
2748 3657 2942 3727 populo
2988 3655 3209 3710 inferior
3238 3650 3639 3721 comprobatur.

2069 3754 2290 3811 Michtea
2320 3752 2578 3824 proyheta
2615 3752 2864 3806 dicente:
2898 3750 3132 3821 Pepuius
3161 3762 3334 3811 meus,
3374 3743 3498 3814 quid
3537 3741 3648 3798 ieci

2071 3847 2196 3915 tibi,
2226 3855 2317 3901 aut
2361 3845 2413 3900 in
2456 3860 2561 3915 quo
2591 3844 2849 3900 molestus
2888 3844 2982 3899 tibi
3025 3844 3097 3899 I'ui
3123 3844 3146 3897 ?
3175 3839 3440 3911 responde
3486 3836 3649 3891 mihi.

2069 3938 2205 4007 Quia
2232 3937 2388 3996 eduxi
2420 3949 2472 3994 te
2491 3936 2558 3993 de
2586 3947 2729 3993 terra
2752 3936 2991 4008 Δίωνα,
3014 3945 3067 3993 et
3092 3936 3162 3992 de
3190 3935 3349 3990 domo
3369 3927 3648 3987 servitutis

2070 4027 2290 4086 liberavi
2322 4036 2395 4094 te,
2429 4037 2483 4083 et
2508 4028 2631 4082 misi
2661 4036 2787 4083 ante
2815 4027 3003 4083 faciem
3027 4036 3168 4082 tuam
3192 4027 3430 4096 Moysen,
3458 4024 3643 4076 Aaron

2071 4128 2126 4176 et
2154 4118 2370 4174 Mariam
2408 4119 2460 4173 in
2486 4116 2850 4191 profectione:
2880 4116 3114 4187 Populus
3138 4130 3312 4178 meus,
3347 4114 3647 4176 menieuto,

2070 4224 2221 4281 rogo,
2248 4208 2371 4279 quid
2399 4207 2711 4279 cogitaverit
2738 4207 3025 4263 adversum
3059 4218 3111 4263 te
3149 4204 3339 4261 Balach
3367 4219 3459 4258 rex
3490 4201 3647 4256 Moa-

2072 4300 2321 4367 bitarum,
2368 4310 2422 4356 et
2463 4299 2589 4375 quid
2644 4300 2977 4371 responderit
3020 4302 3069 4356 ei
3120 4300 3332 4354 Balaam
3382 4294 3650 4366 propheta

2074 4391 2212 4447 ﬁlius
2240 4391 2373 4447 Beor
2421 4391 2488 4445 de
2517 4391 2725 4448 Setltim
2752 4391 2934 4460 (Mich.
2980 4406 3052 4454 vt,
3081 4390 3157 4460 5).
3192 4389 3260 4444 Ut
3278 4397 3453 4443 autem
3476 4384 3655 4439 maui-

2078 4479 2295 4537 I'eStaret
2326 4479 2579 4539 Dominus
2601 4496 2695 4549 pro
2721 4480 2909 4549 quibus
2938 4479 3145 4534 Patrem
3174 4478 3370 4546 szepius
3403 4488 3656 4545 peroras-

2080 4582 2181 4637 set,
2213 4573 2262 4627 iu
2288 4572 2577 4642 Evangelio
2602 4572 2856 4642 approbat
2878 4571 3101 4627 dicens:
3135 4570 3291 4623 Pater
3315 4576 3517 4626 sancte.
3538 4578 3653 4619 non

2080 4677 2177 4732 pro
2203 4663 2285 4719 his
2314 4670 2514 4719 tantum
2537 4677 2691 4732 rogo,
2720 4662 2770 4717 id
2800 4672 2881 4718 est
2909 4676 3002 4731 pro
3025 4660 3325 4729 discipulis,
3349 4657 3445 4712 sed
3472 4666 3521 4711 et
3552 4671 3655 4725 pro

2083 4753 2164 4809 his
2210 4753 2298 4824 qui
2353 4769 2448 4821 per
2493 4756 2713 4808 verbum
2756 4768 2940 4808 eorum
2990 4749 3246 4808 credituri
3291 4758 3413 4803 sunt
3463 4748 3514 4801 in
3564 4760 3657 4801 me

2084 4841 2261 4914 (Joan.
2307 4857 2433 4906 xvu,
2463 4840 2577 4912 ΞΟ).
2611 4843 2675 4897 Et
2703 4843 2891 4898 iterum
2924 4860 2937 4895 :
2971 4841 3129 4896 Pater
3157 4847 3362 4903 sancte,
3390 4851 3655 4893 conserva

2084 4944 2177 4988 eos
2207 4931 2258 4985 in
2289 4932 2504 4986 nomiue
2536 4942 2625 4985 tuo
2666 4930 2851 5003 (Ibid.,
2884 4929 2995 4996 11).
3024 4930 3155 4985 Nam
3182 4944 3303 4983 cum
3324 4928 3379 4983 ei
3407 4929 3657 4994 lem-osus

2087 5023 2176 5079 ille
2195 5022 2414 5078 dixisset
2442 5039 2458 5079 :
2490 5022 2732 5087 Domine,
2762 5024 2806 5077 si
2838 5012 2916 5077 vis
2948 5029 3097 5091 potes
3124 5035 3210 5075 me
3232 5018 3511 5082 mundare,
3542 5032 3655 5071 non

2087 5111 2413 5182 exspectavit
2454 5111 2622 5167 Filius
2647 5127 2835 5180 rogare
2864 5111 3074 5165 Patrem
3103 5119 3161 5163 ut
3190 5115 3470 5163 sanaretur
3508 5105 3661 5159 inﬁr-

2089 5219 2229 5270 mus,
2278 5200 2371 5261 sed
2414 5218 2565 5261 suam
2614 5204 2912 5261 voluntarie
2958 5201 3271 5270 impartieus
3315 5197 3661 5260 medicinam,

2088 5295 2205 5351 solo
2236 5304 2374 5351 tactu
2403 5297 2608 5351 curavit
2650 5310 2804 5361 eum,
2839 5294 2889 5348 in
2930 5309 3035 5364 quo
3066 5302 3269 5347 tantum
3297 5299 3355 5345 ut
3383 5298 3663 5344 curaretur

2092 5386 2246 5443 ﬁdem
2277 5388 2495 5451 invenit.
2520 5388 2703 5444 dicens
2721 5388 2768 5441 ei
2797 5404 2810 5444 :
2832 5386 2964 5441 Volo
2987 5403 3001 5440 :
3025 5384 3283 5440 mundare
3304 5381 3518 5453 (Matth.
3544 5396 3658 5443 vut,

2086 5476 2167 5547 ὃ).
2199 5478 2326 5534 Item
2354 5478 2481 5534 dum
2516 5493 2636 5535 eum
2679 5478 2807 5532 czeci
2846 5491 2943 5547 pro
2968 5476 3295 5531 obscuritate
3322 5473 3403 5528 sui
3440 5470 3664 5526 luminis

2091 5577 2446 5636 perorassent,
2492 5577 2549 5624 ut
2577 5569 2749 5623 visum
2792 5568 3115 5637 reciperent,
3168 5580 3273 5621 non
3322 5563 3387 5617 ad
3433 5562 3665 5633 potioris

2091 5660 2265 5717 Patris
2309 5660 2674 5718 auctoritatem
2717 5674 2900 5716 curam
2944 5657 3171 5724 distulit,
3217 5656 3313 5712 sed
3361 5654 3662 5712 secundum

2094 5751 2216 5833 ﬁdei
2254 5751 2500 5808 meritum
2550 5751 2711 5809 orbes
2752 5750 3044 5809 exstinctos
3085 5758 3137 5805 et
3181 5746 3482 5819 perniciosa
3532 5744 3663 5800 olim
