3960 6176
314 353 412 411 573

1447 313 1712 407 co'urua
1755 347 2158 406 VARIIIADUM
2199 348 2323 405 un.
2366 351 2404 404 ι.

3449 349 3566 414 δτι

313 464 632 522 obscuritate
673 468 970 529 conlectos,
1002 467 1292 531 spontanea
1319 461 1588 517 voluntate
1615 464 1680 516 ad
1709 461 1879 514 lucem
1912 464 1961 520 A
1989 463 2216 528 surrexi,
2245 471 2299 518 et
2338 473 2557 517 somnus
2584 475 2734 519 meus
2760 463 2932 520 dulcis
2962 465 3087 522 mibi
3117 467 3288 523 tactus
3304 479 3387 524 est
3416 472 3553 538 (Jer.

312 573 418 611 sua:
443 553 761 624 cognitionis
784 552 1024 616 adduxit,
1044 551 1225 606 dicens
1247 552 1324 606 eis
1347 568 1360 604 :
1393 552 1695 607 Secundqu
1723 551 1878 606 [idem

311 657 538 701 vestram
571 644 664 698 ﬁat
685 643 837 698 vobis
856 643 1068 712 (Matth.
1101 659 1174 704 Ix,
1204 642 1317 710 29).
1345 645 1670 697 Dmmonium
1694 644 1876 708 etiam,

311 738 456 805 cujus
499 750 696 788 nomen
725 744 942 802 prepter
972 735 1299 788 consortium
1331 735 1687 788 multitudinis
1719 735 1890 820 Legio

313 828 496 890 fuerat,
529 841 637 880 non
670 833 854 894 rogato
885 826 1038 879 Patre
1064 825 1317 892 excludit,
1350 827 1442 881 sed
1476 828 1686 895 propria
1714 826 1880 896 impc-

312 933 429 972 rans
455 925 724 985 potestate
749 916 969 986 fugavit,
991 924 1045 970 et
1073 917 1139 970 ab
1159 917 1236 970 eis
1258 927 1490 987 rogatus,
1521 920 1569 972 in
1595 935 1780 988 porcos
1805 921 1881 975 ire

311 1008 546 1076 permisit
575 1007 594 1076 (
629 1005 796 1059 Marc.
831 1021 882 1072 v,
916 1005 948 1060 9
974 1007 1012 1074 ).
1047 1006 1172 1060 Item
1208 1019 1354 1062 muto
1382 1017 1433 1062 et
1470 1009 1632 1063 S'll‘do
1667 1011 1880 1076 Spiritui

312 1098 571 1164 imperiali
600 1111 733 1152 voce
761 1096 1097 1162 denuntians,
1129 1097 1270 1152 illico
1301 1109 1358 1152 ut
1387 1100 1586 1154 audivit
1609 1101 1876 1168 discessit,

309 1171 468 1259 θέε
491 1199 547 1244 et
575 1205 680 1243 non
702 1189 832 1243 dicit
858 1208 868 1241 :
907 1188 1052 1258 Rogo
1083 1189 1294 1244 Patrem
1335 1199 1394 1244 ut
1421 1206 1600 1257 exeas,
1631 1192 1745 1258 sed,
1771 1192 1879 1260 Ego

311 1282 396 1333 tibi
443 1279 702 1350 praecipio
730 1289 787 1333 ut
829 1280 1085 1334 abscedas
1119 1297 1132 1334 :
1166 1280 1358 1346 Surde,
1409 1281 1598 1351 inquit,
1630 1291 1684 1338 et
1735 1291 1878 1338 mute

311 1371 547 1438 spiritus,
581 1387 681 1438 ego
704 1371 794 1424 tibi
824 1373 1076 1441 prascipio
1107 1382 1164 1426 ut
1189 1388 1348 1426 exeas
1369 1373 1436 1428 ab
1459 1389 1545 1438 eo,
1578 1387 1627 1428 et
1651 1375 1880 1444 amplius

310 1476 408 1514 non
441 1459 684 1514 introeas
715 1461 765 1515 in
796 1477 916 1514 eum
945 1462 1132 1530 (.ilarc.
1165 1478 1236 1522 Ix,
1259 1462 1373 1531 21).
1401 1464 1534 1517 Audi
1559 1465 1732 1519 adhuc
1759 1481 1879 1519 eum

309 1551 391 1619 qui
434 1550 576 1604 dixit
608 1551 748 1620 Rogo
779 1567 798 1604 :
825 1552 1266 1620 quemadmodum
1309 1561 1560 1623 tanquam
1607 1555 1748 1609 Patri
1782 1557 1880 1608 im-

310 1653 500 1708 perans
541 1639 671 1693 dicit
693 1640 798 1694 alio
843 1640 1115 1710 Evangelii
1145 1643 1260 1697 loco
1291 1659 1306 1698 :
1353 1643 1527 1708 Pater,
1561 1646 1682 1698 volo
1713 1654 1769 1699 ut
1791 1646 1879 1700 ubi

308 1744 400 1792 ego
429 1744 576 1794 sum,
604 1739 658 1783 et
685 1730 770 1783 isti
809 1732 914 1785 sint
952 1747 1157 1786 mecum
1191 1732 1366 1800 (lacn.
1402 1751 1528 1799 xvtt,
1559 1734 1675 1804 Ἡ).
1716 1736 1880 1791 Filius

1986 568 2138 618 xxxi,
2172 553 2286 623 25).
2339 553 2404 607 Et
2436 553 2488 606 in
2535 554 2750 608 Actibus
2792 556 3153 625 apostolorum
3188 575 3202 610 :
3235 557 3290 612 In
3335 558 3423 612 die
3451 575 3554 626 qua

1980 643 2252 708 apostolos
2311 642 2468 710 elegit
2517 659 2610 711 per
2659 644 2918 713 Spititum
2969 657 3214 701 sanctum
3265 649 3557 716 praedicare

1982 732 2330 800 Evangelium
2355 774 2369 797 ,
2399 735 2588 804 quibus
2619 736 2776 789 etiam
2807 737 3047 792 exhibuit
3072 755 3131 794 se
3160 739 3334 807 ipsum
3377 741 3556 794 vivunt

1983 834 2102 892 post
2127 825 2426 891 passionem
2459 840 2605 878 suam
2639 826 2690 880 in
2717 827 2895 881 multis
2933 829 3261 899 argumentis
3289 845 3554 899 apparens

1979 917 2059 968 eis
2087 924 2140 968 et
2168 914 2366 968 docens
2396 915 2461 969 de
2493 931 2653 983 regno
2678 917 2769 972 Dei
2801 920 2936 989 (Act.
2970 936 3009 984 ι,
3046 921 3120 989 5).
3156 921 3216 975 Et
3243 922 3408 975 Amos
3432 937 3559 988 pro-

1985 1005 2144 1072 pheta
2185 1006 2258 1058 ait
2292 1022 2302 1056 :
2350 1005 2448 1070 Qui
2480 1007 2753 1061 constituit
2790 1024 2950 1076 super
2988 1010 3153 1066 caelos
3182 1013 3551 1072 ascensionem

1980 1107 2153 1158 suam,
2196 1106 2241 1148 et
2272 1095 2707 1164 pollicitationem
2735 1097 2786 1152 in
2815 1107 2953 1154 terra
2988 1102 3215 1156 ﬁrmavit
3248 1103 3440 1172 (Amos.
3478 1120 3549 1168 ix,

1981 1184 2059 1254 6).
2095 1185 2158 1238 Et
2185 1188 2471 1254 Apostolus
2516 1205 2527 1240 :
2562 1186 2806 1243 Christus
2846 1204 3069 1260 surgens
3096 1207 3123 1244 a
3156 1195 3378 1247 mortuis
3399 1234 3413 1257 ,
3441 1193 3551 1262 jam

1983 1295 2088 1334 non
2129 1281 2372 1347 moritur,
2405 1296 2550 1335 mors
2587 1282 2636 1336 ci
2668 1284 2802 1336 ultra
2833 1298 2936 1337 non
2965 1284 3326 1339 dominabitur
3352 1287 3369 1356 (
3399 1286 3551 1340 Rom.

1983 1385 2055 1436 vt,
2080 1371 2157 1440 9).
2199 1370 2324 1425 Item
2354 1373 2497 1439 ipse:
2533 1373 2747 1428 Tradidi
2773 1375 2914 1430 enim
2949 1377 3097 1431 vobis
3138 1377 3191 1431 in
3221 1379 3404 1445 primis
3431 1383 3553 1446 qua

1981 1458 2225 1514 Christus
2268 1474 2509 1514 mortuus
2537 1473 2618 1516 est
2650 1478 2746 1528 pro
2777 1466 3010 1531 peccatis
3036 1467 3233 1521 nostris
3262 1469 3554 1522 secundum

1982 1547 2282 1618 Scripturas
2308 1549 2356 1619 (Ι
2382 1550 2502 1606 Cor.
2533 1567 2618 1617 xv,
2647 1552 2724 1622 5).
2761 1553 2825 1608 Et
2848 1553 2914 1607 ad
2939 1555 3278 1610 Timotheum
3307 1575 3318 1608 :
3353 1557 3558 1612 Memor

1982 1649 2098 1695 esto
2125 1640 2392 1694 Christum
2435 1641 2616 1696 Iesum
2649 1647 3012 1701 resurrexisse
3041 1661 3071 1700 a
3115 1649 3338 1704 mortuis
3373 1665 3438 1702 ex
3470 1665 3556 1703 sc-

1985 1731 2128 1785 mine
2158 1731 2318 1784 David
2348 1729 2434 1798 (ll
2472 1731 2600 1785 Tim.
2624 1748 2679 1798 ιι,
2706 1733 2790 1803 8);
2819 1745 2872 1787 (-t
2899 1736 3102 1803 ps:iltno
3121 1737 3553 1805 cxxxvm(Vers.

308 1817 499 1872 deinde
519 1820 610 1882 qui
642 1834 736 1886 pro
757 1819 857 1874 sibi
888 1821 1225 1876 credentibus
1249 1824 1300 1876 itt
1329 1824 1540 1878 homine
1562 1827 1877 1891 constituto,
1915 1822 1959 1882 Β
1989 1821 2076 1890 18)
2113 1841 2124 1873 ε
2156 1822 2374 1877 δυττθιί
2406 1832 2459 1875 οι
2489 1822 2663 1877 adhuc
2693 1834 2866 1878 lucum
2895 1840 3033 1879 sum.
3062 1826 3126 1880 Ει
3150 1827 3200 1880 ill
3225 1827 3512 1897 Evangelia
3538 1845 3556 1882 ε

310 1922 358 1963 ιιι
399 1920 529 1964 ante
567 1911 678 1976 jam
720 1911 920 1966 dictum
949 1923 1051 1978 est,
1098 1914 1306 1970 Patrem
1356 1917 1580 1986 rogavit.
1632 1918 1880 1988 Nunquid

310 2001 518 2055 Patrem
547 2017 648 2071 pro
671 2003 847 2069 seipso
871 2007 1110 2072 rogaret?
1131 2006 1361 2060 Omnino
1391 2023 1495 2062 non
1525 2009 1728 2077 habuit,
1753 2025 1883 2079 quo-

310 2094 447 2146 uiam
474 2109 582 2147 non
617 2094 716 2148 fuit
746 2096 796 2149 in
826 2095 918 2150 illo
941 2111 1161 2164 persona
1185 2098 1376 2154 debilis
1402 2101 1484 2156 vel
1510 2101 1740 2167 infirma,
1765 2117 1884 2171 qure

311 2203 396 2253 per
427 2186 868 2255 deprecationem
897 2201 1188 2245 mereretur
1211 2191 1483 2260 percipere
1515 2194 1832 2248 medicinam
1858 2213 1874 2251 :

310 2291 423 2330 nam
453 2278 498 2331 si
532 2276 718 2341 Filius,
752 2287 806 2332 ut
833 2281 1094 2344 astruitfs,
1129 2282 1282 2336 Patre
1314 2285 1489 2336 minor
1517 2283 1723 2348 fuisset,
1753 2284 1875 2339 talia

310 2371 490 2436 utique
523 2384 631 2422 non
668 2368 889 2436 diceret,
917 2373 1166 2442 quoniam
1190 2375 1278 2445 qui
1322 2376 1538 2446 potiori,
1580 2378 1702 2433 volo
1730 2377 1878 2448 dicit,

319 2460 544 2514 interior
568 2474 692 2515 esse
717 2477 822 2517 non
854 2473 1048 2532 potest.

893 2576 1118 2634 CAPUT
1160 2579 1323 2635 XXX.

341 2665 504 2722 Pater
545 2667 742 2721 Filium
769 2669 1017 2722 eaattasse
1045 2671 1344 2745 dicitur,_et
1373 2689 1550 2729 nomen
1584 2675 1662 2730 illi
1697 2690 1850 2745 super

798 2756 942 2792 omne
973 2756 1153 2793 nomen
1184 2742 1402 2796 dedisse.

375 2845 430 2901 Si
463 2855 648 2900 autem
680 2846 918 2902 dixerint
957 2849 1099 2918 quod
1138 2850 1293 2906 Pater
1333 2853 1526 2908 Filium
1555 2869 1708 2909 suum
1740 2854 1888 2910 exal-

305 2937 452 3002 tavit,
498 2946 556 2992 et
584 2937 734 2992 ded.t
762 2938 836 2992 illi
879 2954 1092 3010 nomen,
1125 2943 1266 3011 quod
1291 2954 1373 2999 est
1407 2959 1570 3014 super
1599 2961 1759 3003 omne
1789 2963 1886 3005 no-

305 3043 446 3083 men.

379 3120 691 3190 Responsio.
719 3120 819 3188 Qui
857 3121 998 3176 enim
1041 3123 1334 3179 secundum
1365 3125 1655 3196 Scriptura:
1683 3138 1883 3185 sancta:

304 3189 500 3266 seriem
529 3213 882 3282 semetipsum
910 3215 1175 3270 exaltasse
1193 3215 1439 3284 docetur,
1471 3219 1521 3274 in
1547 3221 1694 3276 nullo
1717 3221 1882 3292 Patri,
1910 3189 1956 3250 ο

307 3312 360 3355 ιιι
386 3303 498 3369 jam
525 3303 726 3372 saepius
762 3303 1015 3371 diximus,
1050 3306 1274 3362 inferior
1303 3308 1589 3378 judicatur.
1623 3311 1886 3381 Propheta

313 3393 361 3444 in
393 3393 610 3461 psalmo
653 3395 945 3450 centesimo
986 3411 1128 3452 nono
1169 3397 1344 3469 (γεγε.
1387 3401 1460 3463 7)
1505 3411 1776 3458 canente:
1813 3404 1886 3459 De

309 3491 572 3550 torrente,
601 3482 792 3550 inquit,
821 3485 876 3538 in
903 3485 982 3540 via
1011 3485 1162 3552 bibit,
1194 3497 1480 3557 prepterea
1507 3492 1767 3547 exaltabit
1791 3507 1886 3547 ca-

309 3583 415 3641 put.
452 3575 526 3629 Et
557 3576 609 3628 in
636 3577 840 3644 psalmo
867 3592 1008 3632 nono
1034 3579 1213 3648 (Vm.
1245 3583 1358 3650 55).
1396 3582 1462 3638 de
1486 3585 1672 3640 eodem
1701 3585 1888 3642 Eccle-

307 3665 379 3717 sia
405 3665 542 3720 dicit
573 3681 588 3721 :
621 3667 878 3737 Exsurge,
904 3668 1146 3735 Domine,
1173 3673 1442 3727 exaltetur
1465 3689 1651 3730 manus
1676 3685 1783 3730 tua.
1820 3677 1889 3732 Et

309 3756 358 3808 in
390 3758 606 3826 psalmo
631 3759 1039 3830 quadragesimo
1069 3763 1254 3832 quinto
1281 3764 1456 3833 (Vera.
1489 3767 1600 3835 Η),
1631 3783 1724 3838 per
1753 3785 1882 3840 pro-

308 3847 528 3916 phetam
559 3850 698 3906 idem
728 3852 982 3909 Dominus
1001 3858 1368 3923 concionatur,
1393 3869 1446 3915 et
1474 3857 1646 3917 dicit:
1679 3863 1886 3918 Exalta-

308 3937 404 3992 bor
429 3939 483 3993 in
511 3941 785 4009 gentibus,
811 3953 864 3998 et
891 3945 1166 4001 exaltabor
1191 3947 1242 4001 in
1272 3957 1432 4003 terra.
1466 3950 1626 4006 Isaias
1671 3969 1885 4024 quoque

310 4028 455 4095 paria
504 4038 816 4085 contestans
845 4032 1096 4101 loquitur,
1146 4035 1369 4092 dicens:
1417 4039 1482 4094 Et
1520 4041 1658 4094 oculi
1686 4044 1883 4099 excelsi

315 4119 762 4186 bumiIiabuutur,
785 4131 839 4176 et
861 4123 1072 4191 cadent,
1100 4135 1154 4182 et
1173 4129 1500 4184 exaltabitur
1523 4131 1775 4188 Dominus
1799 4149 1886 4188 so-

310 4209 391 4264 Ius
419 4211 474 4264 in
523 4211 613 4266 die
652 4212 739 4266 illa
766 4216 784 4284 (
811 4214 936 4268 lsai.
970 4233 1026 4280 ιι,
1059 4219 1114 4272 It
1153 4219 1194 4288 ).
1225 4220 1392 4275 Filius
1419 4223 1578 4294 igitur
1609 4227 1659 4280 in
1697 4237 1883 4282 natura

307 4298 525 4354 deitatis
550 4315 580 4355 a
614 4302 771 4357 Patre
809 4320 912 4360 non
940 4306 1135 4370 legitur
1169 4311 1454 4378 exaltatus,
1491 4315 1584 4368 sed
1613 4316 1656 4369 is
1682 4319 1885 4372 exalta-

313 4395 392 4442 tus
423 4401 510 4444 est
531 4431 544 4454 ,
577 4401 633 4444 et
663 4409 856 4449 nomen
903 4409 1063 4465 super
1092 4415 1250 4455 omne
1289 4417 1482 4457 nomen
1520 4408 1745 4474 accepit,
1792 4409 1883 4478 qui

311 4478 376 4532 de
402 4480 639 4550 Virginis
663 4495 815 4539 utero
842 4501 1002 4543 carne
1030 4500 1324 4561 assumpta,
1351 4495 1493 4551 Deus
1515 4506 1569 4551 et
1601 4497 1758 4554 homo
1789 4516 1882 4554 na-

311 4573 392 4620 tus
421 4571 690 4639 apparuit.

863 4645 1090 4704 C.\I‘UT
1131 4649 1300 4704 XXXI

316 4748 537 4813 Quando
568 4754 740 4808 dicunt
778 4754 972 4811 Filium
1003 4777 1032 4812 α
1064 4760 1220 4817 Patre
1255 4782 1286 4817 α
1316 4769 1525 4820 mortuis
1554 4772 1882 4825 suscitatam.

380 4863 548 4933 390
589 4865 646 4920 Si
692 4877 868 4922 autem
920 4875 1262 4940 apposuerint
1302 4878 1440 4944 quod
1490 4879 1649 4935 Pater
1693 4882 1882 4940 Filium

311 4966 468 5006 suum
499 4969 526 5006 a
555 4958 779 5012 mortuis
803 4961 1154 5017 suscitaverit.

389 5043 690 5110 Responsio.
713 5048 1167 5114 Quemadmodum
1189 5058 1507 5124 praecedenti
1524 5059 1884 5128 disputatione

306 5145 338 5184 a
372 5137 668 5204 semetipso
708 5138 900 5194 Filium
945 5141 1220 5198 docuimus
1261 5149 1548 5203 exaltatum
1570 5193 1586 5216 ,
1618 5153 1688 5206 ita
1716 5155 1880 5210 etiam

307 5239 455 5277 nunc
482 5225 791 5282 docebimus
829 5245 949 5284 eum
972 5246 1000 5286 a
1029 5237 1320 5304 semetipso
1349 5253 1376 5289 a
1409 5243 1631 5295 mortuis
1657 5247 1882 5301 suscita-

307 5323 448 5380 tum,
488 5317 644 5372 David
678 5320 729 5374 in
755 5323 958 5389 psalmo
989 5327 1146 5381 tertio
1166 5329 1342 5396 (νει-δ.
1375 5331 1432 5399 6)
1458 5339 1874 5403 comprobante:

307 5406 424 5475 Ego
440 5407 691 5473 dormivi,
707 5422 761 5464 et
791 5419 1187 5486 somnumcepi,
1210 5422 1459 5488 quoniam
1486 5423 1738 5480 Dominus
1760 5443 1882 5482 sus-

307 5497 458 5564 cepit
492 5512 595 5552 me.
625 5500 912 5570 Diligenter
935 5506 1172 5572 attende,
1194 5510 1314 5575 quia
1349 5509 1460 5578 Ego
1493 5516 1699 5568 surrexi
1724 5517 1884 5586 dixit,

308 5601 424 5639 non
464 5596 642 5642 autem
679 5591 772 5655 ait,
817 5592 928 5662 Ego
973 5595 1202 5650 dormivi
1232 5609 1284 5652 et
1313 5600 1380 5654 ab
1406 5600 1514 5654 alio
1543 5607 1888 5663 resuscitatus

309 5680 564 5746 apparui.
595 5681 660 5735 Et
685 5682 738 5736 iu
778 5683 1007 5740 Jeremia
1041 5703 1053 5739 :
1085 5687 1362 5744 Inebriabo
1390 5693 1620 5746 animam
1645 5700 1888 5753 esurien-

307 5777 452 5840 tem,
510 5780 560 5827 et
605 5773 835 5832 animam
867 5779 1190 5838 esurientem
1223 5781 1453 5854 implebo
1485 5801 1497 5837 :
1530 5799 1744 5859 propter
1787 5791 1887 5850 hoc

1913 4548 1965 4608 D

1985 1910 2230 1965 Surrexit
2255 1910 2509 1966 Dominus
2530 1928 2673 1977 vere,
2695 1923 2750 1969 et
2773 1915 2917 1968 visus
2936 1925 3016 1970 est
3037 1916 3104 1970 ab
3127 1918 3207 1972 eis
3234 1917 3382 1988 (Luc.
3406 1935 3552 1984 xun,

1983 2003 2052 2057 24
2077 2002 2116 2071 ).
2154 2002 2216 2056 Ει
2245 2004 2418 2072 angeli
2466 2005 2774 2059 mulieribus
2805 2027 2816 2058 :
2851 2006 2964 2060 Non
2990 2017 3072 2061 est
3113 2008 3196 2062 hic
3216 2048 3231 2073 ,
3261 2011 3557 2063 resurrexit

1985 2094 2125 2147 enim
2152 2094 2289 2148 sicut
2310 2094 2449 2149 dixit
2475 2096 2688 2164 (Matth.
2718 2113 2905 2166 xxvm,
2934 2099 3008 2166 6).
3039 2099 3104 2154 Et
3134 2100 3246 2169 ipse
3266 2101 3554 2155 Dominus:

1986 2182 2125 2239 Ecce
2141 2184 2474 2239 ascendimus
2498 2184 2905 2257 Jerosolymam.
2929 2197 2981 2244 et
3008 2189 3175 2244 Filius
3199 2190 3430 2246 hominis
3453 2203 3557 2244 tra-

1985 2275 2142 2330 detur
2172 2279 2224 2331 in
2255 2277 2500 2332 manibus
2539 2278 2809 2334 hominum
2855 2291 3230 2348 peccatorum;
3262 2294 3315 2338 et
3344 2284 3557 2337 tradent

1986 2383 2106 2423 eum
2129 2371 2374 2438 gentibus
2397 2370 2460 2424 ad
2485 2371 2810 2426 illudeudum
2839 2382 2894 2428 et
2918 2375 3355 2444 crucifigendum,
3378 2387 3430 2432 et
3453 2387 3557 2431 ter-

1988 2459 2058 2515 tia
2088 2459 2174 2515 die
2218 2471 2452 2531 resurget
2491 2461 2719 2533 (Matth.
2754 2479 2842 2530 xx,
2893 2463 3020 2532 18).
3058 2465 3122 2520 Et
3161 2467 3352 2520 iterum
3391 2484 3404 2519 :
3448 2468 3557 2535 Ego

1985 2566 2104 2608 sum
2130 2555 2449 2609 resurrectio
2469 2564 2522 2609 et
2546 2557 2652 2610 vita
2694 2556 2873 2628 (loan.
2908 2570 2983 2620 χι,
3015 2557 3128 2627 9.5).
3154 2557 3250 2624 Qui
3283 2559 3553 2614 hominem

1987 2645 2322 2698 resuscitavit
2340 2658 2369 2698 a
2400 2647 2641 2711 mortuis,
2667 2656 2720 2701 et
2742 2649 3187 2703 resurrectionem
3214 2649 3334 2704 vita:
3359 2663 3419 2705 se
3439 2666 3558 2706 esse

1988 2733 2283 2802 perdocuit,
2307 2750 2412 2789 non
2443 2745 2590 2790 caret
2620 2737 2854 2805 potentia
2882 2739 3114 2793 deitatis.

2531 2847 2754 2905 CAPUT
2798 2848 3015 2906 XXXII.

2065 2936 2162 2991 Ubi
2187 2935 2361 2990 dicunt
2393 2937 2528 3007 quod
2559 2954 2658 2992 non
2686 2939 2750 2992 de
2781 2938 2921 3010 Deo,
2951 2943 3038 2998 sed
3066 2959 3132 2999 ex
3161 2942 3266 2999 Deo
3308 2947 3490 3001 exierit

2678 3027 2868 3086 Filius.

2062 3119 2220 3190 391
2254 3117 2311 3174 Si
2340 3118 2431 3173 tibi
2462 3119 2697 3174 d'xerint
2729 3139 2741 3174 :
2773 3123 2894 3192 quia
2922 3123 3041 3180 ideo
3067 3125 3240 3180 minor
3267 3135 3346 3179 est
3370 3125 3557 3196 Filius,

1987 3211 2108 3280 quia
2137 3225 2239 3265 non
2264 3210 2331 3264 de
2362 3210 2489 3275 Deo,
2521 3209 2615 3265 sed
2643 3225 2707 3265 ex
2736 3212 2846 3268 Deo
2870 3228 2930 3269 se
2960 3216 3203 3284 probavit
3231 3230 3371 3273 esse.

2060 3301 2359 3370 Responsio.
2389 3300 2513 3358 Sive
2540 3306 2682 3357 enim
2725 3319 2789 3360 ex
2819 3305 2948 3372 Deo,
2979 3308 3091 3362 sive
3132 3307 3199 3362 de
3243 3308 3351 3363 Deo
3394 3309 3561 3365 Filius

1988 3389 2184 3445 dicitur
2203 3392 2400 3456 exisse,
2431 3393 2807 3449 detrimentum
2837 3395 3046 3466 aliquod
3093 3398 3258 3467 ipsius
3302 3401 3558 3455 ineﬂabili

1987 3481 2170 3537 ὁρίωιί
2201 3496 2302 3537 non
2333 3492 2506 3552 potest
2533 3486 2831 3554 provenire,
2861 3487 2978 3555 ipso
3013 3489 3064 3543 in
3105 3489 3394 3559 Evangelia
3422 3500 3556 3546 atte‘

1988 3583 2160 3628 stante
2192 3593 2204 3628 :
2240 3575 2348 3644 Ego
2389 3591 2416 3627 a
2450 3576 2559 3630 Deo
2589 3577 2745 3632 Patre
2773 3578 2936 3644 exivi,
2982 3589 3035 3634 et
3065 3581 3224 3648 venit
3255 3581 3415 3635 Joatt.
3447 3598 3559 3645 xvi,

1987 3665 2103 3735 ετ).
2137 3666 2200 3721 Et
2240 3667 2291 3720 in
2324 3666 2558 3736 Epistola
2584 3668 2806 3723 Joannis
2839 3671 3063 3738 apostoli
3108 3689 3121 3724 :
3156 3671 3255 3738 Qui
3298 3683 3453 3728 natus
3479 3685 3558 3730 est

1988 3755 2055 3811 de
2080 3758 2211 3824 Deo,
2248 3758 2341 3823 ait,
2372 3775 2478 3814 non
2511 3770 2692 3828 peccat
2722 3759 2777 3828 (l
2804 3759 2959 3814 Joan.
2992 3777 3069 3828 ιιι,
3097 3763 3176 3832 9).
3210 3763 3274 3818 Ει
3301 3765 3352 3819 in
3385 3767 3559 3819 Evan-

1987 3849 2129 3917 gelio
2171 3849 2422 3904 Pharisaei
2471 3851 2860 3920 interrogantes
2886 3851 3132 3906 dicebant
3167 3870 3180 3908 :
3229 3853 3419 3918 Rabbi,
3451 3858 3558 3910 sci-

1988 3955 2108 3995 mus
2132 3941 2260 4010 quia
2307 3957 2336 3995 a
2370 3943 2479 3998 Deo
2505 3945 2698 3998 venisti
2730 3945 2982 4013 magister
3013 3964 3025 3998 :
3061 3963 3094 3999 n
3116 3962 3218 4002 'mo
3245 3958 3418 4016 potest
3446 3949 3559 4008 luce

1987 4032 2135 4102 signa
2172 4032 2346 4088 facere
2373 4050 2492 4103 qua:
2537 4043 2592 4088 tu
2626 4035 2778 4101 lacis,
2810 4037 2908 4090 nisi
2947 4035 3105 4092 fuerit
3135 4038 3273 4093 Deus
3303 4055 3423 4093 cum
3469 4043 3559 4095 illo

1990 4122 2167 4194 (lotm.
2199 4139 2280 4188 ut,
2323 4125 2403 4193 2).
2438 4125 2699 4194 Agnosce,
2743 4127 2990 4194 quoniam
3036 4129 3123 4196 qui
3170 4144 3229 4183 se
3273 4129 3444 4196 ipsum
3492 4133 3558 4184 de

1990 4217 2100 4271 Deo
2126 4233 2138 4280 ;
2163 4227 2215 4271 et
2243 4232 2348 4271 non
2377 4233 2440 4272 ex
2475 4219 2601 4282 Deo,
2631 4228 2686 4271 ut
2718 4219 2830 4286 ipse
2855 4219 3218 4284 calumniaris,
3245 4220 3439 4275 fatetur
3461 4239 3560 4277 ex-

1987 4307 2135 4372 iisse,
2165 4320 2262 4362 nec
2285 4307 2502 4362 inferior
2520 4309 2806 4375 judicatur,
2831 4324 3001 4380 neque
3028 4312 3093 4366 ab
3113 4312 3362 4382 aequitate
3384 4323 3558 4384 pater-

1989 4413 2070 4452 nae
2099 4400 2345 4469 potentia:
2370 4410 2672 4468 separatur.

2519 4513 2743 4569 CAPUT
2783 4514 3016 4569 XXXIII.

2269 4601 2392 4656 Non
2415 4618 2520 4658 esse
2543 4604 2726 4658 bonum
2756 4608 2852 4660 nisi
2892 4607 3056 4662 solum
3094 4608 3272 4662 Deum.

2057 4709 2113 4764 Si
2143 4709 2234 4766 tibi
2260 4716 2607 4782 opposuerint
2631 4717 2767 4783 quod
2810 4718 2922 4786 ipse
2953 4719 3116 4773 Filius
3139 4721 3335 4774 dixerit
3371 4741 3381 4775 :
3417 4724 3552 4789 Qu‘d

1989 4816 2075 4855 me
2109 4801 2239 4856 dicis
2271 4805 2507 4858 bonum?
2538 4822 2641 4859 non
2673 4819 2754 4862 est
2780 4809 2974 4876 bonus,
3009 4813 3108 4866 nisi
3142 4829 3277 4869 unus
3308 4816 3462 4871 licus.

2060 4893 2362 4962 Responsio.
2394 4898 2521 4963 Quis
2553 4900 2746 4953 malum
2773 4901 2972 4969 judicet
2993 4942 3007 4965 ,
3038 4906 3128 4972 qui
3173 4923 3231 4961 se
3265 4907 3433 4976 ipsum
3466 4927 3557 4977 pa-

1991 4993 2188 5040 storem
2231 4988 2426 5042 bonum
2460 4994 2804 5058 pronuntiet?
2830 4994 2934 5047 Aut
2962 4997 3083 5064 quis
3115 4999 3424 5069 inmqualetn
3460 5002 3556 5054 Pa-

1993 5077 2056 5130 tri
2079 5077 2326 5144 aflirmet,
2352 5082 2438 5148 qui
2467 5096 2527 5136 sc
2550 5098 2711 5136 unum
2734 5100 2853 5138 cum
2881 5087 3038 5142 Patre
3062 5105 3180 5144 esse
3200 5092 3392 5145 demon
3409 5101 3551 5146 -trat.

1992 5165 2103 5233 Ego
2131 5182 2271 5233 sum,
2318 5171 2413 5235 ait,
2461 5182 2643 5240 pastor
2680 5175 2872 5230 bonus.
2926 5179 2991 5232 Et
3034 5180 3195 5234 David
3231 5181 3283 5235 in
3330 5197 3552 5250 persona

1990 5254 2157 5311 Patris
2205 5257 2394 5313 Filium
2445 5262 2756 5331 intimantis,
2811 5270 2862 5321 in
2909 5271 3111 5338 psalmo
3148 5271 3552 5340 quadragesimo

1989 5357 2178 5414 quarto
2217 5349 2384 5406 dicit:
2420 5353 2687 5409 Eruetatit
2727 5372 2820 5412 cor
2853 5374 3025 5412 meum
3067 5361 3284 5414 verbum
3330 5363 3546 5417 bonum.

1992 5437 2058 5491 Et
2099 5439 2398 5498 Jeremias:
2433 5445 2608 5502 Bonus
2648 5460 2730 5503 est
2767 5450 3020 5503 Dominus
3060 5453 3138 5504 eis
3166 5453 3254 5518 qui
3289 5452 3554 5508 sustinent

1989 5543 2132 5594 eum,
2165 5539 2220 5584 et
2265 5533 2315 5586 in
2344 5533 2429 5589 die
2461 5537 2817 5592 tribulationis
2851 5548 3100 5608 agnoscet
3130 5555 3222 5593 eos
3246 5541 3333 5609 qui
3367 5543 3555 5600 timent

1989 5633 2114 5671 eum
2146 5619 2361 5688 (Tltrett.
2406 5640 2486 5690 ιιι,
2517 5627 2628 5695 25).
2665 5629 2727 5681 Et
2759 5629 2869 5695 ipse
2901 5628 3150 5683 Dominus
3186 5646 3199 5684 :
3247 5633 3326 5686 An
3367 5635 3554 5691 oculos

1993 5716 2112 5760 tuus
2141 5725 2368 5779 nequam
2399 5723 2500 5776 est,
2545 5717 2664 5783 quia
2701 5732 2798 5784 ego
2830 5716 2998 5772 bonus
3027 5733 3143 5776 sum
3175 5724 3199 5793 (
3231 5723 3414 5780 Matth.
3463 5743 3553 5794 xx,

1994 5797 2116 5867 t5)?
2156 5801 2224 5859 Et
2246 5803 2298 5861 in
2343 5805 2546 5872 psalmo
2585 5807 2877 5865 centesimo
2906 5820 3097 5872 octavo
3127 5816 3331 5876 decimo
3359 5821 3378 5883 ι
3410 5819 3554 5874 Vers.
