4026 6176
387 362 450 420 δῖ’
461 361 490 411 τί

1702 323 1938 382 VIGILil-
1967 322 2051 374 TA
2062 315 2336 374 PSENSiS

3551 295 3660 350 576

391 472 482 536 υδ)
514 484 524 518 ;
560 464 735 522 [hunc
764 474 844 526 es,
873 457 1119 518 Domine,
1151 460 1206 507 et
1249 449 1300 504 in
1342 445 1581 502 bonitate
1609 449 1696 494 tua
1728 438 1863 490 doce
1890 446 1976 487 me
2010 436 2052 495 Λ
2083 429 2237 482 llicus
2266 435 2347 481 est
2377 422 2519 478 enim
2551 419 2696 477 orbis
2725 427 2878 474 terrrc
2910 424 2961 472 ct
2992 412 3263 485 plenitudo
3295 411 3431 480 ejus.
3477 407 3661 463 Nonne

1670 532 1681 536 _
1803 529 1816 536 -
2089 520 2138 536 λ-
2179 519 2190 536 ε
2213 533 2221 536 _
2245 533 2285 536 ,_
2320 517 2351 536 ε-
2400 512 2792 536 ..-η.....,.....;...η
2817 509 2988 536 ..-ςηυι
3019 505 3215 536 ,Ιὶηἶιιηι
3243 504 3447 536 ηοσιΙιηη
3475 497 3632 536 [νοτ.

394 529 814 628 justiticationes-
849 562 989 608 tuas.
1024 549 1090 604 Et.
1136 541 1422 613 Apostolus
1451 555 1465 590 ι
1510 532 1774 601 Quoniam
1803 529 1976 582 bonus

395 654 532 706 odor
552 648 748 704 Christi
774 660 979 710 sumus,
1011 642 1064 696 in
1091 639 1173 693 liis
1198 635 1285 705 qui
1318 632 1447 687 salvi
1476 628 1629 691 ﬁunt,
1651 634 1705 679 et
1735 623 1786 676 iti
1816 621 1976 694 392

397 748 480 800 his
503 743 593 813 qui
627 745 852 810 pereunt
876 733 973 804 (Il
1005 731 1126 787 Cor.
1161 744 1219 794 ιι,
1253 725 1372 794 15).
1403 719 1566 776 Vides
1606 717 1726 786 quia
1757 725 1978 813 non.ca-

399 847 483 891 iet
523 804 640 886 ὶιοιι
656 840 785 894 tate,
831 827 919 897 qui
961 837 1178 880 omnem
1222 820 1274 874 in
1314 831 1374 871 se
1409 808 1704 868 divinitatis
1743 804 1982 862 continet

405 924 812 997 plenitudinem.
962 920 986 928 ’

943 1023 1168 1080 CAPUT
1209 1015 1450 1074 XXXIV.

460 1334 464 1339 '
477 1317 760 1374 Christum.

483 1465 540 1520 Si
573 1459 805 1516 dixerint
832 1452 960 1509 illud
992 1447 1130 1520 quod
1162 1445 1300 1499 idem
1329 1440 1497 1494 Filius
1526 1433 1721 1489 dixerit
1758 1446 1772 1485 :
1805 1429 1872 1483 Ut
1901 1441 1993 1520 co-

411 1563 670 1625 gnoscant
704 1563 754 1604 te
784 1547 955 1601 solum
985 1554 1167 1596 verum
1198 1537 1388 1599 Deum,
1412 1540 1467 1585 et
1492 1541 1649 1598 quem
1682 1521 1872 1577 misisti
1903 1519 1993 1574 Je-

413 1661 531 1700 sum
563 1642 854 1698 Christum.

497 1732 800 1804 Responsio.
844 1726 1038 1781 Filium
1071 1733 1256 1776 verum
1284 1729 1436 1779 esse,
1470 1718 1525 1764 ut
1554 1708 1713 1763 Pater
1742 1713 1841 1770 est,
1877 1714 1998 1770 pro-

424 1824 655 1896 pheticis
700 1817 1128 1888 evangelicisque
1155 1808 1373 1864 vocibus
1402 1799 1837 1870 comprobemus,
1867 1793 1998 1848 lsaia
2033 1802 2087 1862 β

417 1893 662 1976 dicente:
686 1911 1047 1972 Ξκιτνίθιιιίιιυε
1072 1919 1200 1960 vero
1225 1899 1353 1956 milii
1381 1893 1656 1950 vocabitur
1679 1904 1872 1944 nomen
1899 1903 1996 1940 no-

417 2027 569 2077 vum,
598 2007 738 2077 quod
782 2002 1123 2060 bent-dicetur
1150 2008 1308 2060 super
1338 2000 1556 2054 terram,
1585 1991 1639 2038 et
1685 1979 2002 2036 benediceut

424 2070 593 2159 Deum
615 2070 827 2161 verum,
876 2105 928 2148 et
953 2089 1045 2160 qui
1083 2090 1260 2156 jurant
1293 2094 1456 2150 super
1501 2086 1720 2136 terram,
1745 2070 2005 2140 jurabunt

422 2197 478 2248 in
526 2192 698 2266 Deum
727 2199 908 2241 verum
951 2182 970 2253 (
997 2179 1127 2234 Isai.
1159 2191 1282 2241 μιν,
1327 2171 1460 2240 15).
1494 2168 1560 2223 Et
1589 2167 1639 2220 in
1667 2163 1954 2218 Salomone
1985 2177 2000 2217 :

421 2256 762 2341 Verebantur
792 2292 906 2342 eos,
937 2286 1073 2344 quos
1108 2275 1296 2339 putant
1342 2264 1472 2318 deos
1511 2274 1542 2314 a
1591 2256 1784 2326 quibus
1828 2262 2006 2308 exter-

423 2377 791 2440 minahuntur,
836 2373 1078 2428 videntes
1127 2367 1300 2432 illum,
1343 2371 1500 2430 quem
1541 2353 1672 2410 olim
1718 2351 2012 2422 negabant,

409 2471 596 2526 ‘Dcum
610 2483 794 2524 verum
809 2473 1140 2537 agnoverunt
1163 2459 1319 2531 (Sep.
1346 2447 1574 2517 xu,27).
1601 2446 1666 2502 Et
1690 2446 1743 2500 in
1767 2444 2004 2515 psalmi:

427 2562 645 2618 Veritas
664 2560 730 2615 de
757 2534 894 2613 terra
920 2565 1033 2612 orta
1051 2561 1154 2620 est,
1174 2547 1444 2620 etjustitia
1487 2547 1558 2602 de
1575 2541 1714 2598 casio
1737 2534 2012 2609 prospexit

431 2655 602 2724 (τρισί.
635 2667 854 2718 Lxxxw,
887 2649 998 2721 i2).
1048 2649 1117 2704 Et
1148 2646 1407 2702 Dominus
1435 2644 1488 2698 in
1534 2635 1864 2706 Evangelia:
1899 2630 2014 2724 ligo

429 2762 550 2800 sum
577 2746 680 2810 via,
709 2745 906 2800 veritas
926 2751 981 2798 et
1019 2739 1124 2794 vita
1151 2736 1331 2810 (Joan.
1359 2749 1470 2797 xiv,
1511 2733 1589 2802 6).
1616 2732 1680 2786 Et
1713 2728 1783 2783 ibi
1816 2725 1882 2779 ad
1914 2723 2013 2777 Pa-

431 2850 568 2892 trem
594 2855 607 2891 :
638 2835 832 2892 Sermo
861 2847 978 2887 tuus
1008 2832 1204 2886 veritas
1229 2838 1310 2883 est
1345 2826 1525 2898 (Joan.
1553 2838 1679 2886 xvii,
1710 2819 1820 2889 17).
1867 2816 1930 2871 Et
1959 2814 2012 2869 in

433 2928 674 2998 Epistula
695 2919 916 2983 Joannis
943 2923 1172 2994 apostoli
1203 2939 1217 2977 :
1248 2918 1488 2984 Scimus,
1529 2916 1624 2980 ait,
1665 2910 1806 2982 quod
1849 2908 2015 2964 Filius

439 3017 531 3072 Dei
559 3017 723 3084 venit,
757 3027 806 3071 et
840 3015 986 3070 dedit
1013 3013 1168 3068 nobis
1191 3011 1524 3067 intellectum
1545 3015 1603 3060 ut
1622 3003 1853 3058 sciamus
1875 2997 2016 3068 quod

434 3121 518 3165 est
545 3125 748 3169 verum,
782 3119 838 3164 et
867 3109 1039 3162 simus-
1063 3106 1115 3160 in
1147 3119 1274 3157 vero
1301 3102 1438 3156 Filio
1467 3099 1585 3168 ejus
1621 3097 1750 3152 Jcsu
1775 3092 2009 3148 Clit-isto.

437 3202 535 3256 llic
562 3209 645 3254 est
672 3201 812 3255 Deus
839 3212 1020 3262 verus,
1050 3205 1105 3249 ct
1135 3194 1187 3248 vi
1211 3207 1242 3247 a
1269 3203 1468 3246 aeterna
1510 3188 1529 3260 (
1555 3186 1582 3240 I
1612 3185 1771 3239 Joau.
1799 3199 1854 3250 ν,
1882 3182 1952 3240 2'0
1971 3181 2011 3252 ).

438 3296 515 3348 lix
547 3296 647 3346 hoc
685 3293 863 3358 itaque
890 3289 1056 3344 debes
1096 3285 1270 3340 Patris
1309 3291 1367 3338 et
1401 3283 1520 3338 Filii
1560 3279 1818 3334 unitatem
1855 3288 2018 3344 agno-

440 3396 611 3447 scere,
642 3379 892 3448 quoniam
923 3377 1061 3431 sicut
1091 3375 1326 3440 Patrem,
1358 3374 1432 3428 ita
1464 3370 1624 3426 etiam
1659 3367 1848 3422 Filium
1877 3362 2020 3421 Scri-

440 3483 594 3542 ptura
619 3469 794 3524 divina
825 3469 988 3522 Deum
1021 3481 1207 3522 verum
1239 3480 1344 3520 non
1369 3462 1570 3519 desimt
1597 3457 1909 3529 praedicare.

988 3600 1216 3658 CAPUT
1251 3598 1470 3655 XXXV.

449 3717 547 3772 ιτιι
574 3717 759 3770 dicitur
789 3731 806 3769 :
841 3713 964 3768 Pete
1000 3729 1030 3765 a
1058 3727 1158 3773 me,
1189 3720 1235 3764 et
1274 3709 1403 3763 dabo
1431 3707 1520 3763 tibi
1557 3715 1729 3778 gentes
1753 3703 2025 3759 ha’rcdita-

1086 3791 1183 3836 tem
1208 3790 1372 3836 tuam.
1705 3784 1710 3788 “

517 3901 572 3956 Si
604 3899 697 3954 tibi
734 3897 1082 3968 opposuerim
1109 3895 1250 3965 quod
1281 3895 1332 3948 in
1377 3893 1586 3961 psalmo
1625 3889 1863 3944 dicitur:
1896 3887 2029 3942 Pos-

448 3994 558 4048 tuia
583 4009 613 4045 a
641 4008 747 4058 me,
771 4000 824 4045 et
850 3989 990 4044 dabo
1019 3987 1112 4041 tibi
1145 3996 1329 4057 gentes
1357 3981 1724 4037 [nereditatem
1771 3989 1937 4043 tttam,
1971 3985 2029 4034 et

449 4085 843 4156 possessionem
870 4090 1012 4134 tuam
1047 4078 1304 4132 terminos
1333 4083 1491 4130 terrze
1515 4069 1689 4143 (Psal.
1723 4086 1781 4132 il,
1807 4068 1896 4142 8).

520 4176 680 4249 393
705 4171 1004 4245 Responsio.
1026 4169 1157 4225 Cum
1181 4169 1361 4223 omnia
1375 4165 1598 4221 visibilia
1630 4170 1686 4218 et
1715 4159 2028 4224 invisibilia,

452 4271 566 4326 sive
588 4270 784 4334 throni,
811 4267 921 4321 sive
939 4264 1350 4323 dominationes,
1381 4262 1500 4314 sive
1532 4256 1893 4327 principatus,
1921 4253 2033 4305 sive

453 4359 1227 4432 potestatesaFilioantequam
1251 4351 1713 4411 essentexierunt,
1739 4359 1896 4414 quam
1920 4342 2034 4396 hae-

455 4454 733 4512 reditatem
758 4449 935 4505 dicitis
957 4445 1275 4519 postulando
1299 4443 1490 4498 Filium
1512 4456 1542 4496 a
1562 4441 1721 4495 Patre
1742 4435 2049 4511 accepisse,

2081 520 2146 572 de
2179 519 2293 586 ipso
2320 517 2370 568 in
2399 512 2796 581 septuagesimo
2817 509 2989 578 primo
3019 505 3215 559 dicitur
3243 504 3447 570 psalmo
3475 497 3651 568 (Vera.

2084 611 2136 679 8)
2165 628 2180 663 ι
2213 605 2585 663 Dominabitur
2615 618 2644 655 a
2668 601 2800 656 mari
2837 613 2999 669 usque
3017 597 3081 651 ad
3115 610 3279 660 mare,
3313 604 3360 648 et
3394 607 3423 646 a
3449 592 3664 647 ﬂumine

2085 717 2251 770 usque
2274 700 2339 754 ad
2373 697 2631 753 terminos
2658 694 2806 748 orbis
2833 702 3009 745 terrie.
3055 689 3124 744 L't
3161 702 3280 741 cum
3329 687 3444 740 hinc
3486 684 3665 738 omnia

2087 793 2253 848 Filius
2283 805 2376 844 sui
2427 801 2546 842 esse
2581 783 2887 854 prophetica
2914 780 3316 834 annuntiatioue
3356 777 3665 847 signaverit,

2086 898 2181 936 vos
2207 896 2346 934 nunc
2374 877 2642 932 ostendite
2675 890 2834 945 quam
2861 873 3019 927 aliam
3046 870 3412 924 haereditatcm
3451 884 3480 922 a
3510 867 3669 922 Patre

2089 975 2258 1043 potuit
2287 969 2325 1022 Ρ
2332 970 2451 1023 ilius
2482 965 2799 1037 postulando
2828 963 3097 1034 accipere.

2623 1111 2846 1169 CAPUT
2885 1109 3126 1166 XXXVI.

2301 1257 2398 1312 Ubi
2431 1255 2615 1310 dicitur
2643 1250 2851 1305 Patrem
2879 1247 3215 1314 sancti/icasse
3255 1243 3469 1298 Filium.

2166 1381 2223 1436 Si
2255 1381 2348 1435 tibi
2379 1375 2673 1447 objecerint
2701 1372 2844 1444 quod
2892 1372 2946 1426 in
2986 1370 3270 1440 Evangelio
3303 1369 3373 1423 de
3410 1382 3469 1422 se
3509 1365 3677 1420 Filius

2098 1473 2296 1529 dixerit
2326 1488 2341 1526 :
2374 1472 2544 1538 Quem
2588 1469 2746 1524 Pater
2790 1463 3164 1528 sanctiiicavit,
3193 1469 3250 1516 et
3279 1459 3426 1516 misit
3451 1461 3508 1514 in
3542 1459 3690 1512 hunc

2100 1563 2358 1619 mundum
2390 1559 2568 1631 (Joan.
2598 1575 2651 1626 x,
2677 1557 2794 1626 '56).

2175 1657 2482 1727 Responsio.
2511 1654 2569 1708 in
2595 1650 2810 1708 deitatis
2835 1647 3257 1704 sanctiﬁcatione
3276 1645 3430 1699 Pater
3444 1653 3499 1698 et
3524 1640 3692 1696 Filius

2105 1764 2267 1804 unum
2295 1755 2442 1812 sunt,
2473 1744 2614 1814 quod
2642 1741 2802 1799 etiam
2831 1739 3076 1811 Apostoli
3106 1735 3416 1792 testimonio
3436 1747 3694 1803 compro-

2109 1843 2268 1897 batur
2295 1845 2308 1894 ἑ
2338 1839 2439 1907 Qui
2465 1835 2762 1892 sanctificat
2807 1843 2858 1888 et
2901 1832 2992 1902 qui
3032 1829 3458 1891 sanetiiicantur,
3497 1825 3693 1892 inquit,

2104 1947 2170 1991 ει
2202 1947 2308 1987 uno
2335 1944 2523 1985 omnes
2557 1927 2743 1998 (Hebr.
2771 1940 2829 1990 ll,
2859 1924 2972 1993 11).
3003 1921 3117 1977 lita
3142 1919 3431 1986 semetipso
3458 1914 3696 1970 sanetiti-

2103 2038 2277 2084 catum
2306 2024 2498 2080 Filium
2530 2022 2838 2084 doceamus,
2889 2017 3074 2086 ipsius
3103 2029 3170 2069 ex
3217 2011 3502 2080 Evangeiio
3543 2009 3699 2077 testi-

2106 2118 2344 2172 monium
2395 2114 2781 2176 adhibeamus,
2842 2109 2916 2163 ait
2942 2126 2954 2160 :
2979 2107 3096 2162 Misi
3133 2119 3226 2160 eos
3269 2104 3323 2157 in
3361 2104 3501 2156 hunc
3539 2116 3702 2155 mun-

2107 2211 2254 2275 dum,
2287 2217 2342 2264 et
2372 2223 2470 2276 pro
2490 2208 2572 2259 eis
2593 2199 2920 2258 sanctiﬁcavi
2949 2199 3208 2265 meipsum
3233 2194 3555 2266 (Ioanntvn,
3580 2190 3698 2260 18).

2113 2302 2180 2354 Et
2219 2313 2432 2355 rursum
2495 2297 2546 2368 in
2595 2294 2798 2364 psalmo
2840 2287 3254 2361 quadragesimo
3295 2283 3464 2355 395,
3509 2284 3702 2352 quinto

2108 2391 2286 2472 (Vere.
2336 2388 2424 2458 5),
2463 2388 2530 2443 de
2568 2385 2750 2454 templi
2793 2381 3035 2450 corporis
3083 2380 3203 2449 ejus
3257 2374 3694 2431 sanctiﬁcatione

2109 2465 2252 2540 canit
2281 2491 2334 2536 et
2368 2479 2496 2534 dicit
2527 2496 2539 2530 :
2569 2473 2939 2531 Sanctilicabit
2964 2469 3380 2526 tabernaculum
3411 2480 3566 2520 suum
3601 2465 3702 2518 Ain

2113 2575 2350 2630 tissimus
2371 2589 2383 2634 ;
2405 2572 2542 2625 Deus
2563 2570 2616 2623 in
2640 2566 2822 2622 medio
2841 2564 2956 2635 ejus
2977 2577 3086 2617 non
3109 2557 3547 2616 commovebitur.
3566 2556 3633 2610 Et
3647 2564 3708 2610 ut

2117 2670 2255 2724 hanc
2285 2665 2762 2722 sanetiilcationem
2787 2675 2923 2730 opus
2961 2671 3246 2714 commune
3274 2654 3549 2710 Trinitatis
3579 2668 3709 2710 esse

2116 2759 2456 2830 perdoceam,
2501 2753 2742 2823 Apostoli
2795 2752 3008 2821 protero
3059 2749 3111 2803 in
3159 2748 3296 2804 lianc
3336 2747 3707 2800 defensionem

2116 2849 2449 2907 sententiam
2495 2866 2507 2900 :
2547 2846 2652 2902 Sed
2696 2845 2811 2899 haec
2857 2842 3070 2912 quidem
3114 2837 3322 2903 fuistis,
3362 2837 3557 2904 inquit,
3607 2837 3710 2892 sed

2121 2942 2292 2998 abluti
2322 2942 2475 3006 eetis,
2499 2947 2561 2994 et.
2591 2935 2906 2992 sanctiticati
2935 2933 3090 2998 estis,
3121 2940 3178 2986 et
3197 2929 3468 3000 justiticati
3493 2927 3624 2982 estis
3655 2929 3711 2984 in

2124 3036 2341 3090 nomine
2373 3031 2580 3086 Domini
2607 3027 2775 3083 nostri
2798 3027 2920 3081 Jesu
2947 3022 3146 3078 Christi
3177 3031 3231 3078 et
3259 3021 3460 3088 Spiritu
3491 3019 3580 3074 Dei
3605 3034 3711 3072 no-

2043 3154 2092 3220 c
2119 3127 2219 3183 atri
2242 3123 2291 3194 tl
2318 3123 2439 3178 Cor.
2468 3137 2542 3190 vi,
2575 3120 2686 3189 11).
2719 3117 2946 3187 Respice
2967 3113 3178 3168 tandem
3221 3113 3308 3180 qui
3333 3112 3445 3164 hac
3489 3106 3713 3176 astruis,

2121 3218 2372 3289 quoniam
2402 3214 2494 3283 qui
2523 3205 3277 3279 scmetipsumsauctiticavit,
3321 3202 3544 3257 alterius
3577 3214 3716 3255 san-

2121 3309 2452 3366 ctiﬁcatio-ne
2471 3321 2580 3360 non
2606 3304 2776 3375 eguit.

2651 3439 2884 3501 CAPUT
2922 3437 3184 3496 XXXV".

2172 3589 2271 3645 Ubi
2313 3587 2497 3641 dicitur
2531 3600 2550 3639 :
2583 3583 2725 3638 Dixit
2760 3580 3009 3634 Dominus
3060 3575 3278 3630 Domino
3307 3590 3441 3637 meo,
3467 3572 3598 3628 Sede
3642 3587 3686 3626 α

2733 3671 2928 3726 dextris
2968 3669 3113 3723 meis.

2200 3803 2256 3858 Si
2293 3809 2468 3855 autem
2519 3795 2614 3851 tibi
2669 3793 2967 3862 objecerint
3017 3789 3146 3844 illttd
3201 3787 3288 3841 tibi
3339 3786 3537 3839 dictum
3588 3791 3718 3836 est:

2132 3893 2275 3950 Dixit
2313 3892 2566 3946 Dominus
2627 3887 2851 3940 Domino
2895 3896 3035 3946 meo,
3095 3879 3239 3936 Sede
3287 3888 3317 3931 a
3356 3877 3559 3931 dextris
3587 3875 3727 3928 meis

2134 3985 2302 4056 (Psal.
2337 3997 2444 4050 crx,
2476 3982 2567 4052 'i);
2598 3980 2680 4032 vel
2711 3975 2840 4030 illud
2877 3972 3117 4044 Apostoli
3151 3988 3166 4025 :
3193 3969 3538 4025 Constituens
3563 3965 3726 4020 illum

2135 4077 2202 4131 ad
2229 4077 2504 4130 dexteram
2538 4084 2685 4124 suam
2717 4064 2935 4137 (Ephes.
2971 4079 3005 4127 I,
3037 4062 3153 4132 ΞΟ).

2214 4164 2512 4236 Responsio.
2539 4161 2728 4215 Filium
2760 4158 2826 4212 ad
2859 4156 3139 4211 dexteram
3164 4150 3339 4206 Patris
3369 4164 3474 4204 non
3501 4146 3731 4203 alterius

2134 4258 2376 4328 jussione
2397 4255 2625 4318 sedisse,
2653 4249 2744 4305 sed
2773 4248 2985 4318 prepria
3010 4253 3308 4316 potestate,
3350 4253 3415 4295 ex
3448 4240 3532 4295 his
3574 4240 3734 4293 testi-

2139 4350 2334 4405 moniis
2359 4347 2534 4402 divina
2568 4344 2887 4398 auctoritate
2917 4338 3150 4394 fundatis
3179 4335 3457 4389 veritatem
3476 4346 3730 4402 agnosce,

2143 4439 2308 4496 Paulo
2354 4434 2599 4506 apostolo
2647 4432 2973 4502 praedicante
3017 4447 3030 4481 :
3071 4427 3276 4482 Cereus
3307 4438 3518 4493 quoque
3549 4423 3734 4477 omnia

461 4554 793 4608 monstrate,
843 4557 964 4598 cum
1013 4539 1128 4609 ipse
1178 4538 1229 4591 in
1290 4532 1583 4603 Evangelia
1632 4531 1778 4586 dicat
1809 4547 1822 4584 :
1850 4525 2042 4583 Omnia
2069 4526 2122 4587 D
2148 4532 2310 4588 verbo
2337 4529 2546 4583 virtutis
2572 4541 2704 4592 suae,
2739 4523 3053 4594 purgatione
3073 4527 3409 4589 peccatorum
3434 4532 3460 4569 a
3485 4529 3541 4569 se
3565 4515 3734 4582 facta,

458 4653 578 4694 mea
607 4647 696 4691 tua
727 4644 874 4700 sunt,
917 4642 973 4689 et
1021 4641 1110 4686 tua
1155 4627 1331 4683 omnia
1375 4639 1492 4680 mea
1536 4632 1660 4678 sunt
1687 4620 1868 4692 (Joan.
1899 4632 2034 4681 xvn,

459 4729 576 4798 I0).
605 4726 662 4780 in
692 4725 832 4780 libro
851 4723 1012 4780 etiam
1031 4763 1048 4789 ,
1077 4734 1184 4786 quo
1227 4715 1422 4773 Esther
1459 4713 1680 4770 historia
1707 4709 2035 4775 continetur,

461 4819 535 4874 ita
563 4817 820 4886 scriptum
847 4827 968 4869 esse
1000 4810 1402 4880 comperimus:
1437 4806 1548 4874 Ego
1585 4800 1797 4866 audivi,
1837 4797 2038 4869 inquit,

455 4909 518 4964 in
550 4906 700 4962 libris
731 4904 886 4972 meis,
919 4900 1305 4970 deine,quia
1333 4910 1389 4953 tu
1411 4893 1744 4963 assumpsisti
1769 4890 1862 4946 tibi
1878 4890 2040 4945 Israel

461 5012 530 5054 ex
556 4997 809 5052 omnibus
833 4993 1081 5064 gentibus
1102 4992 1154 5046 in
1183 4989 1549 5046 htereditatem
1580 4993 1832 5040 mternam
1865 4980 2040 5053 (Em.

461 5104 575 5156 xiv,
608 5087 682 5156 5).
715 5085 904 5142 Nonne
934 5082 1130 5138 dicitur
1170 5083 1223 5136 in
1273 5078 1634 5149 octuagesimo
1669 5082 1860 5130 octavo
1904 5071 2046 5143 psal-

462 5194 554 5235 mo
585 5176 761 5250 (Verr.
797 5175 888 5246 12)
908 5191 925 5231 :
948 5175 1048 5230 Tui
1072 5184 1196 5230 sunt
1212 5174 1336 5230 caeli
1359 5179 1415 5228 et
1437 5184 1521 5225 tua
1545 5179 1629 5225 est
1652 5177 1830 5229 terra;
1857 5164 2044 5220 orbem

456 5281 729 5325 .tt-rrarum
770 5275 826 5322 ct
873 5263 1254 5335 plenitudinem
1304 5262 1422 5332 ejus
1467 5270 1520 5314 tu
1565 5256 1833 5312 fundasti?
1861 5253 2048 5308 Nonne

466 5365 535 5416 de
566 5363 682 5430 ipso
720 5359 772 5414 in
813 5357 1086 5413 tricesimo
1125 5354 1363 5410 secundo
1389 5351 1586 5406 dicitur
1617 5348 1822 5418 psalmo
1865 5343 2045 5410 (Vm.

469 5450 603 5521 iit):
637 5451 868 5521 Populus
896 5463 1054 5519 quem
1094 5445 1258 5518 elegit
1302 5443 1558 5498 Dominus
1599 5442 1651 5494 in
1683 5437 2048 5493 litereditatem

471 5541 610 5597 sibi?
638 5542 825 5597 Nonne
856 5540 971 5608 ipse
996 5537 1130 5592 dixit
1153 5537 1204 5590 in
1235 5534 1441 5603 psalmo
1465 5529 1875 5600 quadragesimo
1908 5537 2051 5580 nouo

455 5629 651 5702 .(Vm.
687 5631 773 5700 ιο)
799 5648 810 5683 :
841 5630 971 5684 Mein
999 5637 1125 5683 sunt
1148 5640 1337 5681 omnes
1367 5623 1554 5678 bestiae
1574 5619 1743 5684 silva,
1773 5630 1963 5685 pecora
1993 5613 2050 5668 in

473 5722 746 5779 montibus
786 5728 840 5776 et
881 5720 1066 5788 boves,
1120 5717 1344 5788 cognovi
1385 5712 1563 5770 omnia
1608 5708 1844 5764 volatilia
1896 5704 2049 5772 εαξη,

474 5815 683 5889 species
705 5815 818 5887 agri
848 5827 1058 5870 mecum
1082 5822 1163 5871 est
1187 5829 1200 5869 :
1230 5811 1274 5870 si
1303 5809 1544 5869 esuriem
1567 5819 1672 5861 non
1710 5801 1881 5859 dicam
1905 5797 2003 5854 tibi
2036 5814 2048 5850 :

2147 4622 2286 4677 sedit
2314 4620 2380 4674 ad
2411 4619 2688 4673 dexteram
2722 4612 3018 4682 majestatis
3047 4611 3100 4666 in
3132 4608 3361 4664 excelsis
3393 4606 3552 4676 (Πρὸ.
3578 4621 3615 4666 ι,
3649 4604 3732 4672 '5).

2145 4714 2213 4768 Et
2241 4715 2431 4768 iterum
2467 4727 2478 4764 :
2510 4709 2622 4764 Non
2651 4707 2793 4762 enim
2819 4706 2870 4759 in
2897 4719 3055 4758 manu
3085 4701 3298 4756 fabrica:
3320 4707 3498 4753 sancta
3523 4695 3735 4750 introiit

2143 4805 2320 4867 Jesus,
2349 4817 2469 4872 quae
2493 4809 2575 4854 est
2604 4796 2855 4867 allegoria
2881 4794 3185 4854 verborum,
3215 4788 3308 4844 sed
3335 4787 3386 4842 in
3407 4788 3580 4856 ipsum
3615 4801 3733 4841 coe-

2146 4895 2255 4948 lum
2286 4890 2532 4962 apparuit
2559 4903 2587 4942 a
2613 4886 2818 4942 dextris
2843 4884 2934 4939 Dei
2967 4881 3125 4951 (lleb.
3158 4895 3231 4943 Ix,
3259 4877 3372 4946 24).
3403 4877 3470 4930 Et
3497 4876 3690 4929 iterum
3719 4892 3734 4929 :

2149 4985 2438 5040 Curramus
2475 4980 2541 5034 ad
2597 4977 2925 5048 propositum
2976 4971 3128 5026 nobis
3183 4969 3458 5039 pmmium
3502 4963 3736 5033 agonis,

2151 5071 2502 5142 respicientes
2540 5069 2604 5123 ad
2651 5065 2943 5135 principem
2986 5060 3105 5115 iidei
3148 5056 3504 5128 perfectorem
3551 5052 3741 5106 Domi-

2152 5177 2302 5226 num,
2345 5158 2432 5229 qui
2477 5157 2748 5229 proposito
2793 5151 2987 5223 gaudio
3030 5146 3284 5204 sustinuit
3324 5157 3560 5206 erucem,
3601 5155 3741 5196 con-

2155 5263 2400 5308 temnens
2428 5248 2794 5303 confusionem
2818 5241 3015 5304 crucis,
3044 5240 3100 5293 in
3133 5237 3353 5291 dextera
3398 5231 3571 5286 tbroni
3598 5229 3742 5283 sedit

2155 5344 2317 5415 (Heb.
2349 5357 2441 5408 xu,
2473 5338 2549 5409 1).
2582 5339 2645 5393 Ει
2676 5337 2728 5391 in
2760 5329 3082 5404 Apocalypsi
3109 5344 3121 5380 :
3151 5325 3252 5394 Qui
3278 5323 3487 5387 vicerit,
3505 5320 3642 5375 dabo
3660 5319 3742 5372 illi

2155 5407 2206 5488 ut
2239 5407 2653 5487 sedeatmecum
2681 5426 2735 5480 in
2765 5423 2894 5478 sede
2922 5435 3060 5484 mea,
3091 5417 3228 5472 sicut
3257 5427 3359 5483 ego
3379 5412 3504 5488 vici,
3530 5417 3584 5462 et
3619 5407 3743 5462 sedi

2153 5539 2273 5579 cum
2300 5523 2458 5576 Patre
2483 5534 2601 5574 meo
2625 5517 2676 5570 in
2706 5513 2837 5570 sede
2876 5511 3016 5565 illius
3045 5509 3232 5579 (Apoc.
3284 5518 3365 5566 ιιι,
3412 5499 3528 5568 21).
3575 5498 3642 5551 Et
3687 5497 3744 5552 in

2124 5613 2365 5681 psalmo
2413 5623 2555 5663 nouo
2598 5605 2774 5677 (Vers.
2809 5601 2906 5670 5):
2945 5597 3208 5666 Quoniam
3263 5590 3434 5647 iecisti
3478 5587 3742 5658 judicium

2157 5715 2332 5757 meum
2365 5709 2418 5754 et
2437 5676 2658 5752 causam
2687 5707 2882 5755 meam,
2923 5685 3108 5743 sedisti
3150 5697 3314 5752 super
3351 5679 3603 5742 thronum
3650 5676 3747 5745 qui

2157 5792 2367 5863 judicas
2395 5789 2722 5860 aequitatem.
2758 5780 2982 5849 Respice
3021 5775 3305 5846 diligenter
3339 5784 3455 5840 qua:
3487 5768 3554 5824 ab
3593 5765 3743 5836 Apo-
