3960 6176
247 354 330 417 377
1370 351 1637 408 CONTRA
1683 351 1802 406 VAF

1906 358 1937 404 .\
1950 352 2087 408 DU.\l
2128 353 2254 408 LIB.
2299 353 2335 408 ῐ.

248 464 361 519 stolo
380 458 616 529 superius
644 459 785 515 dieta
816 468 939 515 Sunt
971 480 980 513 :
1015 460 1331 529 Purgatiane
1354 478 1382 514 a
1415 478 1473 517 se
1494 462 1627 516 facta
1650 463 1785 516 sedit

248 556 304 612 ad
324 555 575 609 dexteram
612 553 705 607 Dei
734 553 918 624 (Hebr.
952 571 987 619 ι,
1017 556 1074 623 5)
1101 556 1130 590 ⁸*
1154 555 1312 610 linem
1346 554 1488 609 facit.
1515 554 1785 610 Rursus“.

723 662 947 717 CAPUT
986 662 1271 719 XXXVIII.

253 776 335 830 Ubi
356 776 514 828 dicunt
552 770 756 827 Filium
794 791 831 826 ιι
866 774 1073 829 Iudicis.
1101 777 1307 830 irrisum
1343 786 1391 830 et
1420 777 1473 829 in
1504 792 1657 829 cruce
1679 790 1791 828 sus-

372 872 397 895 »
888 862 1119 915 pensum.

303 958 445 1028 395
470 958 519 1013 Si
555 958 649 1012 tibi
680 958 904 1012 dixerim
939 978 950 1011 :
985 959 1108 1013 Ideo
1155 959 1327 1012 minor
1354 964 1455 1023 est,
1504 956 1633 1028 quia:
1675 956 1793 1026 ipse

248 1048 386 1102 Filius
405 1061 689 1115 sitSpensus
718 1065 746 1100 a
777 1047 975 1103 Judasis
1005 1050 1192 1103 irrisus
1221 1059 1322 1102 est.

305 1137 585 1205 Responsio.
615 1140 652 1159 “
683 1137 1060 1207 lnseparabilis
1079 1150 1221 1192 esset
1250 1139 1402 1204 Filio,
1423 1152 1523 1192 nec
1544 1136 1790 1204 iniuriam

248 1230 450 1297 pertulit,
492 1244 595 1283 nec
632 1230 867 1299 passioni
915 1231 1198 1300 subiacuit,
1230 1232 1333 1285 sed
1364 1232 1475 1284 sola
1518 1237 1789 1298 assumpta

248 1336 348 1375 raro
364 1335 611 1389 suspensa
638 1331 721 1375 est
742 1322 906 1383 cruci,
932 1336 1049 1390 quae
1074 1337 1103 1374 a
1126 1321 1326 1376 Judaeis
1346 1331 1398 1374 et
1426 1321 1591 1375 teneri
1623 1320 1795 1386 potuit

248 1423 289 1466 et
309 1413 460 1480 ligari.
492 1411 728 1465 Proinde
759 1412 923 1466 Filius
961 1413 1056 1466 Dei
1092 1421 1149 1465 ιιι
1188 1412 1348 1464 homo
1377 1425 1691 1479 suspensus,
1739 1412 1789 1463 in

246 1517 375 1555 crure
399 1499 585 1554 irrisus
610 1510 725 1565 est;
749 1511 806 1554 ut
830 1502 965 1556 Deus
992 1514 1168 1556 autem
1212 1501 1411 1556 sedens
1437 1501 1495 1553 in»
1526 1500 1663 1554 etelo
1694 1500 1793 1553 im-

245 1591 338 1657 pios
365 1590 613 1643 irrisnrus
642 1601 743 1652 est,
777 1591 1057 1645 Psalmista
1089 1591 1339 1645 dicente:
1372 1591 1471 1657 Qui
1502 1588 1708 1643 habitat
1738 1592 1787 1644 in

244 1679 367 1731 cmlis
414 1679 686 1733 deridebit
725 1695 838 1744 eos,
893 1690 946 1733 ει
1006 1681 1260 1735 Dominus
1304 1680 1653 1735 subsannabit
1698 1696 1790 1736 eos

245 1769 385 1837 (Psal.
408 1786 463 1835 ιι,
492 1770 571 1839 4).
616 1771 678 1826 Ut
705 1772 866 1825 homo
898 1781 1120 1825 mortem
1155 1772 1349 1834 timuit,
1369 1779 1426 1823 ut
1452 1758 1587 1824 Dens
1614 1782 1789 1825 autem

244 1872 445 1915 mortuos
469 1862 775 1927 suscitabi',
808 1863 921 1931 ipso
948 1864 1157 1918 dicente
1182 1883 1195 1917 :
1220 1862 1369 1917 Sicut
1394 1862 1548 1915 Pater
1571 1861 1792 1915 suscitat
1828 1880 1869 1936 Β

244 1965 471 2015 mortuos,
494 1963 550 2006 et
579 1954 841 2020 vivilicat,
872 1954 949 2008 sic
976 1964 1028 2008 et
1054 1953 1215 2007 Filius
1253 1967 1388 2019 quos
1427 1952 1537 2004 vult
1567 1950 1797 2004 viviﬁcat

248 2041 387 2107 (Josn.
414 2058 462 2106 v,
488 2041 608 2111 2|).
641 2042 701 2097 Ut
736 2043 893 2096 homo
918 2051 1210 2111 consputus
1234 2049 1339 2104 est,
1370 2051 1426 2093 ut
1460 2041 1596 2094 Deus
1618 2051 1793 2092 autem

244 2131 293 2184 de
312 2139 448 2198 sputo
476 2147 579 2185 suo
602 2147 807 2186 czccum
830 2133 1132 2187 illmninare
1158 2132 1402 2201 dignatus
1430 2140 1531 2196 est,
1560 2131 1799 2198 Evangc-
1856 2192 1861 2195 Α

249 2221 341 2272 Ista
366 2221 567 2276 dicente
601 2240 616 2274 :
647 2223 879 2291 Exspuit
924 2224 979 2278 in
1023 2233 1186 2290 terra,
1236 2234 1291 2277 et
1341 2223 1464 2277 fecit
1509 2223 1675 2276 lutum
1728 2221 1797 2274 de

245 2321 391 2376 sputo,
417 2324 465 2365 et
496 2314 675 2366 linivit
701 2330 861 2382 super
884 2315 1068 2370 oculos
1093 2316 1209 2385 eius
1231 2314 1407 2386 (Joan.
1448 2330 1531 2378 ix,
1561 2314 1615 2380 6)
1640 2356 1654 2381 ,
1687 2324 1792 2369 etc.

248 2397 299 2452 Ut
328 2400 469 2454 homo
497 2402 674 2469 Spinis
724 2416 1011 2459 coronatus
1058 2414 1163 2470 est,
1208 2417 1264 2459 ut
1306 2405 1448 2458 Deus
1486 2416 1661 2459 autem
1701 2419 1798 2458 co-

246 2502 349 2542 rona
370 2492 559 2558 speciei
584 2494 889 2561 appellatus
920 2505 1021 2559 cst,
1060 2495 1192 2549 Isaia
1239 2494 1494 2564 propheta
1533 2494 1745 2549 dicente
1779 2509 1794 2547 :

245 2579 337 2633 Erit
364 2582 613 2637 Dom'nus
637 2598 833 2637 corona
862 2586 1081 2654 speciei,
1109 2601 1227 2652 qua:
1257 2585 1534 2653 complexa
1556 2594 1635 2639 est
1666 2585 1799 2647 resi-

244 2670 324 2724 dua
346 2674 507 2741 populi
543 2676 631 2727 sui
663 2674 819 2742 (lsai.
864 2692 1049 2737 xxvut.
1093 2676 1167 2738 ὅ).
1217 2675 1284 2731 Ut
1315 2676 1476 2729 homo
1504 2676 1797 2745 ﬂagellatus

244 2771 326 2825 est,
347 2776 395 2815 ut
422 2763 560 2818 Dens
593 2774 774 2818 autem
805 2766 930 2819 nibil
961 2781 1146 2820 eorum
1196 2780 1483 2834 perpessus
1522 2773 1638 2831 εει,
1674 2780 1799 2832 pro-

245 2850 373 2917 pheta
393 2853 611 2907 dicente
641 2872 654 2906 :
685 2854 800 2908 Non
845 2856 1104 2911 accedent
1139 2856 1204 2909 ad
1252 2864 1304 2909 te
1333 2855 1494 2920 mala,
1533 2865 1587 2910 et
1612 2854 1794 2925 ﬂagel-

247 2939 334 2991 ltun
362 2960 456 2994 non
484 2944 944 3013 approiiinqnabit
975 2947 1316 3000 tabernaculo
1355 2956 1445 3000 ttto
1488 2946 1658 3016 (Psal.
1705 2962 1794 3012 xc,

246 3028 337 3097 10).
360 3031 421 3085 Ut
441 3032 606 3087 homo
629 3055 638 3082 ε
661 3035 799 3102 lapis
828 3049 1000 3089 cursus
1026 3046 1128 3099 est,
1161 3047 1215 3088 ut
1248 3036 1389 3090 Deus
1410 3046 1585 3089 autem
1629 3052 1797 3105 aquas

243 3120 429 3187 pugillo,
453 3131 507 3175 et
535 3140 758 3177 omnem
790 3127 911 3179 ειεῑὶ
943 3126 1199 3179 ambitum
1236 3126 1408 3190 palmo
1438 3129 1794 3194 comprehen-

244 3206 323 3273 dit,
344 3210 467 3265 Isaia
492 3213 714 3267 dicente
744 3216 913 3282 :Qnis
942 3233 1157 3272 mensus
1182 3227 1264 3272 est
1292 3217 1491 3287 pugillo
1522 3233 1717 3287 aquas,
1744 3226 1798 3273 et

242 3300 380 3354 ttelos
422 3304 606 3369 palmo
647 3306 963 3372 ponderavit
1006 3307 1160 3377 (lsai.
1210 3326 1307 3372 xc,
1353 3308 1485 3377 1‘2)?
1529 3308 1597 3364 Ut
1639 3311 1800 3364 homo

246 3391 483 3447 tristit'am
517 3396 767 3464 pertulit,
815 3408 871 3451 ut
910 3399 1049 3454 Duos
1092 3411 1266 3454 autem
1305 3400 1511 3454 mms'is
1554 3411 1608 3454 et
1654 3401 1800 3454 omni

246 3482 553 3539 tribulatione
582 3486 843 3541 conlectis
869 3490 1288 3545 eonsolzitionem
1321 3492 1597 3557 nllriltttt'l,
1639 3489 1802 3543 Paulo

244 3575 452 3639 apostolo
493 3575 754 3631 dicente:
787 3576 937 3633 Sicut
977 3579 1247 3633 abundant
1283 3581 1562 3649 passiones
1602 3577 1801 3633 Christi

243 3662 286 3715 in
307 3666 465 3731 nobis,
490 3666 568 3721 ita
604 3676 660 3720 et
690 3683 783 3735 per
805 3668 1081 3747 pliriSIum
1112 3670 1345 3724 alnivdat
1384 3671 1680 3726 consolateo
1707 3688 1802 3725 no-

244 3768 334 3808 sua
355 3759 411 3828 (ll
436 3759 556 3814 Cor.
593 3775 630 3823 I,
663 3760 745 3829 5).
779 3759 845 3814 Ut
872 3761 1031 3814 immo
1056 3762 1177 3817 felle
1205 3772 1251 3816 et
1281 3774 1432 3817 aceto
1460 3772 1669 3833 potatus
1697 3771 1800 3827 est,

243 3856 289 3900 ut
313 3850 433 3905 Deus
457 3864 645 3905 autem
678 3860 875 3905 terram
899 3852 1149 3907 ﬂuentem
1184 3855 1319 3907 laete
1346 3865 1398 3907 et
1426 3853 1583 3907 melle
1606 3853 1802 3921 [epulo

244 3954 322 3993 suo
348 3943 467 3998 dare
513 3944 776 4013 dignatus
830 3954 932 4010 εει,
984 3945 1119 3999 libt‘o
1169 3945 1584 4001 Deulercnomio
1626 3956 1803 4015 prote-

242 4037 391 4085 staute
434 4051 447 4086 :
498 4034 645 4087 Cum
696 4044 874 4089 autem
934 4036 1200 4090 induverit
1246 4045 1299 4091 te
1360 4037 1616 4091 Dominus
1664 4037 1803 4091 Deus

242 4121 519 4193 396tuus
562 4128 621 4179 in
663 4135 857 4180 terram
904 4127 1153 4184 liuentem
1197 4130 1331 4184 lacte
1364 4138 1419 4186 et
1452 4131 1629 4194 melle,
1674 4145 1804 4185 cave

243 4215 320 4268 tbi
343 4230 403 4269 ne
430 4233 549 4270 cum
583 4217 991 4274 manducaveris
1022 4230 1075 4274 et
1100 4230 1369 4275 saturatos
1402 4224 1585 4286 fueris,
1616 4221 1805 4273 oblivi-

242 4308 385 4363 scaris
414 4313 652 4366 nominis
681 4312 888 4367 Domini
924 4313 1015 4367 Dei
1068 4316 1139 4369 tui
1190 4314 1367 4382 (Deut.
1402 4324 1497 4384 vi).
1531 4316 1599 4370 Ut
1644 4316 1804 4369 homo

240 4398 474 4459 aJoame
508 4408 562 4459 in
603 4405 839 4462 Jordane
889 4407 1236 4476 baptizandus
1274 4409 1522 4472 advenit,
1565 4420 1620 4463 nt
1662 4408 1803 4463 Deus

244 4503 396 4549 autem
426 4497 475 4549 in
517 4498 724 4566 Spiritu
770 4510 956 4554 sancto
997 4500 1289 4569 discipulos
1327 4500 1631 4570 baptizavit,
1685 4503 1803 4571 ipso

244 4581 427 4642 dicente
454 4606 468 4642 :
495 4591 609 4646 \‘os
633 4601 809 4646 autem
840 4591 894 4645 in
933 4591 1133 4661 Spiritu
1165 4603 1351 4647 sancto
1381 4593 1797 4662 baptizabimini,
1831 4618 1879 4678 Β

241 4688 376 4741 quem
404 4688 455 4733 ει
495 4682 773 4749 accepturi
814 4684 948 4738 estis
978 4683 1112 4753 (Act.
1142 4700 1181 4750 ι,
1214 4686 1293 4749 5).
1328 4684 1392 4739 Ει
1419 4685 1652 4739 Joannes
1696 4685 1796 4737 Ba-

241 4769 379 4834 ptista
407 4789 419 4824 :
454 4772 645 4828 Veniet
673 4773 865 4831 fortior
893 4791 1000 4840 me,
1030 4776 1117 4845 qui
1145 4792 1240 4830 ι’ωε
1271 4776 1500 4845 baptizet
1523 4778 1574 4830 in
1597 4777 1799 4844 Spiritu
1846 4828 1849 4831 γ

239 4869 405 4912 sinet»
431 4874 483 4915 et
518 4864 642 4934 igne
670 4864 821 4935 (Luc.
865 4882 951 4932 ιιι,
984 4868 1092 4932 16).
1138 4866 1204 4922 Ut
1242 4868 1401 4923 homo
1430 4884 1459 4921 a
1489 4868 1700 4922 diabolo
1747 4869 1798 4924 in

239 4946 437 5004 deserto
464 4964 697 5009 tentatus
729 4968 832 5019 est,
867 4966 927 5010 ut
958 4958 1096 5011 Deus
1132 4969 1309 5013 autem
1339 4961 1588 5015 emndem
1618 4962 1802 5016 diabo-

236 5035 331 5093 lutn
356 5042 677 5112 increpavit,
712 5048 828 5115 ipso
869 5049 1079 5103 dicente
1112 5067 1125 5103 :
1156 5050 1302 5106 Vade
1338 5062 1504 5116 retro,
1548 5052 1800 5117 Satanas,

237 5142 331 5183 non
363 5135 589 5191 teutabis
627 5137 908 5192 Domintnn
941 5140 1108 5195 Deum
1146 5150 1293 5195 tuum
1328 5142 1536 5211 (Matth.
1580 5159 1652 5209 tv,
1690 5143 1797 5213 10).

238 5219 296 5273 l.‘t
323 5223 481 5280 homo
508 5230 717 5291 esuriit,
750 5240 808 5284 ut
836 5231 973 5286 Deus
1003 5244 1179 5288 autem
1211 5234 1277 5288 de
1314 5237 1547 5306 quinque
1579 5239 1798 5304 panibus

235 5313 453 5382 quinque
482 5320 648 5373 millia
675 5320 945 5376 hominum
980 5328 1259 5380 saturavit.
1305 5326 1372 5382 Ut
1413 5327 1571 5382 homo
1615 5330 1799 5386 sitiens

232 5417 256 5453 θ
278 5403 613 5465 Samaritana
642 5414 862 5470 muliere
894 5420 1176 5483 pauxillum
1214 5435 1361 5488 aqua:
1398 5422 1576 5477 bibere
1619 5434 1799 5490 postu-

236 5491 383 5561 lavit;
415 5512 471 5553 ut
502 5503 643 5557 Deus
671 5518 849 5558 autem
882 5507 1079 5563 fontem
1110 5527 1261 5579 aqua!
1287 5515 1416 5565 viva:
1444 5524 1659 5568 (clerum
1688 5532 1803 5572 crc-

235 5585 475 5644 dentibns
508 5596 824 5661 propinavit,
856 5598 970 5665 ipso
992 5600 1199 5655 dicente
1235 5620 1248 5655 :
1277 5602 1375 5671 Qui
1400 5603 1593 5661 biberit
1617 5622 1681 5661 ex
1708 5607 1807 5665 hac

236 5686 384 5745 aqua,
417 5682 574 5737 sitiet
595 5684 805 5753 iterum,
828 5689 916 5758 qui
946 5699 1121 5748 autem
1163 5694 1355 5753 biberit
1394 5696 1461 5753 de
1488 5712 1622 5768 aqua
1649 5715 1809 5771 quam

297 5818 319 5840 ‘
343 5817 441 5875 Hic
471 5821 666 5883 desunt
696 5830 975 5886 nonnulla.

3365 357 3470 413 378

1890 477 1989 533 ego
2013 462 2148 517 dabo
2171 464 2241 529 ei,
2276 478 2381 517 non
2413 463 2556 518 sitiet
2606 465 2657 517 in
2712 473 2967 519 mternum
3014 464 3195 534 (Joan.
3244 481 3316 532 tv,
3358 464 3470 535 13).

1899 553 1962 609 Ut
2014 559 2176 609 homo
2228 556 2457 609 amicum
2498 571 2650 610 suum
2703 556 2957 610 Lazarum
3008 557 3178 619 ﬂevit;
3223 564 3278 609 ut
3333 555 3474 609 Deus

1894 658 2073 703 autem
2104 663 2198 714 pro
2220 664 2278 701 se
2308 649 2618 717 patientium
2660 650 2922 718 lacrymas
2960 648 3342 703 inisericordize
3382 662 3475 715 pc-

1896 730 2078 792 nicillo
2105 738 2399 807 absterget,
2429 739 2746 807 Apocalypsi
2774 748 3103 807 protesuinte
3129 757 3141 790 :
3175 738 3240 792 Et
3265 736 3476 790 abster-

1893 838 1980 897 εει
2008 829 2146 881 Deus
2171 843 2383 882 Omnem
2420 829 2705 899 Iacrymam
2739 829 2805 882 ah
2852 829 3021 882 oculis
3059 843 3242 881 eorum
3285 826 3469 896 (Apoc.

1896 935 2009 982 xxi,
2036 917 2111 987 .'t).
2142 918 2207 971 Ut
2236 916 2397 971 homo
2420 919 2736 971 vestimenta
2778 918 2892 986 eius
2924 927 3068 971 sorte
3114 916 3281 970 divisa
3313 922 3470 978 sunt;

1896 1018 1953 1062 ut
1985 1008 2123 1061 Dens
2154 1017 2330 1059 autem
2364 1006 2557 1074 populo
2594 1022 2691 1061 suo
2733 1008 2783 1060 in
2821 1018 3018 1060 Sortem
3066 1017 3258 1058 terram
3293 1019 3475 1071 repro-

1895 1098 2168 1153 missionis
2198 1096 2326 1150 dare
2356 1095 2603 1166 dignatus
2639 1106 2719 1150 est
2742 1137 2756 1161 ,
2799 1096 3076 1150 Psalmisla
3120 1095 3328 1148 dicente
3362 1110 3374 1144 :
3408 1092 3476 1145 Ει.

1894 1190 2054 1259 eiecit
2080 1206 2107 1242 a
2139 1190 2270 1243 facie
2301 1204 2486 1243 eorum
2536 1196 2743 1258 gentes,
2781 1198 2835 1242 et
2876 1197 3022 1242 sorte
3068 1185 3338 1240 distribuit
3369 1184 3475 1237 illis

1896 1293 2095 1338 terram
2130 1283 2181 1336 in
2215 1282 2448 1336 funiculo
2478 1282 2805 1335 limreditatis
2839 1280 3009 1351 (Psal.
3051 1293 3248 1343 vavn,
3273 1276 3382 1344 54).
3407 1276 3479 1331 Ut

1895 1375 2058 1428 homo
2091 1373 2366 1437 dormivit,
2412 1381 2469 1427 ut
2510 1373 2654 1428 Deus
2689 1382 2864 1426 autem
2903 1388 3172 1440 nunquam
3215 1369 3479 1437 corporali

1895 1481 2082 1520 somno
2113 1465 2398 1533 sitluiacnit,
2435 1463 2691 1532 prOpltCIa
2715 1463 2928 1517 dicente
2954 1481 2966 1515 :
2994 1464 3129 1518 Ecce
3152 1480 3258 1518 non
3285 1461 3481 1516 dormi-

1896 1559 2049 1623 tabit,
2102 1574 2272 1626 inque
2313 1555 2638 1621 obdormict,
2688 1554 2775 1623 qui
2825 1554 3059 1607 custodit
3099 1554 3261 1608 lsrael
3301 1550 3475 1620 (Psal.

1895 1667 2021 1714 cxx,
2052 1650 2130 1719 4).
2166 1650 2444 1704 Postremo
2477 1658 2531 1701 ut
2557 1649 2778 1717 plurima
2805 1649 3227 1716 prmtcrmittam,
3249 1647 3479 1700 utliomo

1896 1751 2136 1795 mortuus
2163 1751 2267 1803 est,
2296 1751 2347 1793 ct
2395 1740 2447 1792 in
2502 1738 2788 1806 sepulchro
2838 1738 3041 1806 positus
3092 1737 3379 1806 requievit;
3423 1745 3480 1791 ut

1901 1831 2038 1883 Deus
2071 1840 2245 1885 autem
2272 1830 2427 1883 tertio
2450 1829 2535 1883 die
2576 1844 2860 1898 resurgens
2888 1844 2917 1882 a
2947 1832 3173 1882 mortuis
3207 1847 3220 1880 ι
3253 1828 3480 1897 quadra-

1899 1921 2105 1989 gesimo
2134 1921 2219 1974 die
2242 1921 2308 1973 ad
2332 1920 2525 1975 emittm
2558 1920 2892 1984 conscendit,
2925 1931 2977 1974 et
3008 1932 3126 1988 post
3153 1920 3336 1974 decem
3368 1919 3481 1972 die-

1900 2028 2016 2065 rum
2051 2012 2301 2080 spatium,
2335 2010 2563 2081 Spiritus
2605 2013 2771 2063 sant-ti
2813 2012 3218 2075 (remissionem
3249 2009 3483 2077 discipu-

1899 2103 1965 2158 lis
1996 2103 2163 2157 misit.
2195 2104 2441 2170 Agnosce
2466 2096 2704 2167 tan'dem,
2729 2101 3003 2166 lneretice,
3026 2102 3143 2170 quis
3177 2102 3263 2155 ille
3294 2101 3364 2154 sit
3393 2100 3483 2167 qui

1899 2198 2074 2248 crucis
2106 2195 2354 2262 iniuriam
2387 2196 2629 2263 pertulit,
2655 2205 2703 2248 et
2728 2196 2847 2264 quis
2869 2210 2985 2251 eam
3010 2196 3062 2251 in
3084 2204 3357 2265 assumpto
3383 2196 3481 2247 ho-

1901 2288 2044 2341 mine
2073 2296 2277 2357 pUSIlus
2306 2287 2507 2341 Settlite
2540 2304 2644 2340 non
2676 2288 2861 2353 potuit.

2428 2375 2657 2431 CAPUT
2699 2374 2946 2431 XXXIX.

1905 2469 2004 2525 Ubi
2030 2470 2205 2523 dicunt
2231 2468 2438 2524 Patrem
2461 2469 2513 2522 in
2537 2487 2742 2539 carnem
2771 2487 3082 2533 conversum,
3116 2480 3161 2524 ct
3186 2470 3246 2522 dc
3280 2469 3484 2539 Virgine

2447 2558 2558 2593 cum
2586 2538 2723 2593 Filio
2755 2550 2946 2593 natum.

2174 2630 2228 2685 Si
2272 2630 2364 2684 tibi
2413 2629 2679 2685 dixerint:
2725 2631 2783 2686 Si
2811 2632 2965 2684 Pater
3003 2641 3055 2685 et
3106 2630 3267 2683 Filius
3320 2644 3482 2681 unum

1899 2737 2044 2793 sunt,
2080 2739 2207 2791 ergo
2231 2733 2284 2778 et
2317 2723 2472 2777 Pater
2505 2724 2555 2777 in
2591 2736 2805 2777 carnem
2842 2737 3137 2777 conversus
3162 2764 3177 2790 ,
3225 2721 3290 2775 ad
3328 2721 3485 2790 virgi-

1899 2833 2020 2874 nem
2047 2818 2210 2885 venit,
2240 2824 2295 2871 et
2325 2831 2446 2870 cum
2482 2816 2619 2871 Filio
2647 2826 2801 2869 natus
2827 2818 3089 2893 apparuit.

1976 2910 2280 2980 Responsio.
2332 2907 2440 2961 Nos
2489 2907 2720 2961 Verbum
2774 2906 2949 2961 Patris
2993 2906 3218 2960 dicimus
3266 2920 3483 2959 carnem

1902 3006 2120 3067 factum,
2153 3018 2257 3057 non
2284 3002 2492 3056 Patrem
2524 3002 2579 3056 in
2611 3016 2825 3056 carnem
2858 3017 2979 3057 esse
3026 3016 3364 3065 conversum,
3395 3012 3487 3056 aut

1901 3094 2197 3151 secundum
2231 3109 2326 3148 vos
2353 3094 2403 3146 in
2435 3092 2645 3149 diversa
2679 3102 2977 3156 mutatum,
3026 3093 3352 3162 evangelista
3407 3092 3487 3144 di-

1902 3197 2096 3243 ccnte:
2129 3187 2195 3241 Et
2222 3188 2439 3241 verbum
2473 3201 2599 3240 caro
2641 3186 2837 3240 factum
2878 3198 2953 3241 (ιε’
2985 3227 3000 3251 ,
3043 3196 3097 3242 ει
3143 3186 3401 3240 habitavit
3433 3186 3487 3239 in

1905 3280 2059 3334 nobis
2086 3277 2265 3349 (Joon.
2295 3294 2342 3342 ι,
2377 3278 2495 3347 ﬁt).
2532 3274 2975 3345 Ipsum'Verbum
3017 3278 3175 3332 Pater
3224 3278 3388 3344 misit,
3435 3287 3490 3330 et

1854 3418 1861 3423 .
1905 3370 2114 3425 sanavit
2148 3384 2265 3422 nos.
2292 3368 2468 3436 ipsum
2496 3368 2725 3423 Verbum
2748 3369 3007 3423 eructavit
3035 3384 3102 3423 ex
3140 3368 3323 3424 corde.
3371 3369 3490 3435 Ιιεο

1904 3461 2082 3515 Verbo
2122 3459 2245 3513 cadi
2296 3459 2489 3513 ﬁrmati
2536 3470 2689 3524 sunt,
2737 3477 2961 3529 quorum
3010 3462 3175 3515 virtus
3203 3476 3267 3515 ex
3302 3461 3492 3530 spiritu

1905 3552 2015 3605 mis
2046 3550 2164 3619 eius
2198 3559 2453 3617 perpetuo
2484 3549 2698 3604 fundata
2724 3561 2921 3607 manet.
2951 3552 3068 3621 Ipse
3097 3553 3237 3607 servi
3265 3552 3488 3606 formam

1905 3640 2100 3703 induit,
2128 3640 2179 3691 in
2205 3654 2304 3706 qua
2339 3638 2479 3691 Patri
2509 3640 2765 3694 obediens
2802 3642 2928 3707 fuit,
2965 3653 3017 3697 et
3058 3642 3364 3697 .ludazorum
3395 3659 3490 3712 op-

1904 3729 2119 3799 probria
2153 3729 2442 3782 toleravit:
2476 3730 2615 3784 Deus
2653 3731 2794 3784 enim
2839 3733 2945 3800 imp
2982 3732 3182 3787 ssibilis
3216 3741 3329 3800 est,
3367 3734 3490 3802 quia

1904 3814 2195 3887 curporens
2230 3836 2332 3873 non
2364 3828 2476 3882 est,
2519 3822 2611 3875 sed
2658 3823 2771 3876 sola
2814 3838 2937 3877 caro
2966 3833 3236 3893 assumpta
3276 3825 3493 3893 pertulit

1906 3912 2209 3981 passionem
2240 3928 2357 3978 qua:
2387 3914 2624 3977 angvlit-a
2659 3916 3063 3970 annuntiat-one
3091 3925 3337 3970 contenta
3362 3917 3491 3969 ado-

1905 4005 2034 4059 levit
2072 4004 2123 4056 in
2169 4002 2402 4071 Virgine,
2453 4003 2697 4060 Gabriele
2736 4010 2923 4075 angelo
2976 4009 3186 4063 dicente
3213 4024 3228 4063 :
3258 4008 3489 4077 Spiritus

1904 4106 2123 4149 sanctus
2154 4095 2498 4163 superveniet
2520 4097 2573 4149 iu
2606 4108 2656 4150 te
2676 4138 2691 4162 ,
2728 4108 2781 4151 et
2817 4101 2985 4153 virtus
3015 4100 3274 4153 Altissiini
3303 4101 3486 4155 obum-

1908 4187 2083 4241 brabit
2114 4187 2232 4251 tibi,
2264 4194 2543 4255 propterea
2573 4188 2713 4257 quod
2743 4200 2988 4243 nast3etnr
3028 4205 3090 4243 ex
3130 4198 3182 4243 te
3219 4202 3483 4252 sanctum,

1905 4280 2185 4333 Vocabitur
2217 4278 2381 4333 Filius
2426 4280 2514 4333 Dei
2557 4281 2711 4347 (Luc.
2758 4297 2807 4345 I,
2853 4281 2966 4349 55).
3007 4281 3106 4346 Qui
3152 4283 3293 4335 enirn
3325 4283 3488 4337 Fi'ins

1906 4378 2011 4435 est,
2038 4369 2197 4423 Pater
2229 4370 2412 4436 utique
2447 4385 2550 4423 non
2582 4379 2661 4423 est
2682 4386 2710 4445 ¹ε
2739 4372 2985 4438 quoniam
3021 4388 3174 4425 nemo
3201 4374 3280 4425 sui
3311 4383 3363 4426 et
3393 4373 3490 4425 Pa-

1907 4470 1988 4515 ter
2015 4472 2067 4514 et
2100 4460 2268 4515 Filius
2293 4461 2397 4515 dici
2429 4470 2623 4528 potest.
2651 4461 2712 4513 Et
2736 4460 2778 4514 si
2815 4462 2866 4514 in
2896 4477 3122 4530 persona
3155 4463 3326 4517 Patris
3370 4479 3489 4531 pro-

1907 4555 2067 4624 pheta
2099 4554 2271 4608 dicit:
2309 4552 2577 4606 lnvocabit
2618 4568 2733 4617 me,
2770 4561 2823 4606 et
2866 4555 3147 4608 exaudiam
3177 4570 3321 4621 eum,
3365 4571 3485 4609 cum

1906 4648 2025 4716 ipso
2054 4663 2172 4701 sum
2209 4647 2261 4700 in
2296 4645 2660 4713 tribulatione,
2694 4654 2746 4699 et
2770 4646 2989 4716 eripiam
3026 4664 3145 4703 cum
3186 4647 3356 4720 (Ρθαι.
3399 4665 3486 4714 xc,

1906 4741 2019 4809 15),
2054 4739 2506 4803 disrensationem
2540 4737 2755 4792 unitatis
2782 4739 3018 4793 ostendit
3046 4756 3059 4795 :
3087 4756 3207 4794 nam
3234 4741 3488 4796 divinitas
3516 4743 3533 4757 '

1905 4831 2099 4897 Patris,
2124 4840 2177 4883 et
2202 4830 2351 4893 Filii,
2384 4844 2502 4899 qua:
2532 4844 2634 4883 una
2675 4839 2789 4895 est,
2827 4831 3091 4899 passionis
3131 4832 3259 4888 vitio
3304 4833 3487 4903 subia-

1905 4938 2028 4977 cere
2054 4938 2157 4976 non
2185 4921 2374 4991 potuit.

2082 5025 2109 5042 ,ο
2506 4993 2733 5049 CAPUT
2775 4993 2886 5050 XL.

2082 5025 2109 5042 ρ.
2506 4993 2640 5049 CAP
2691 4993 2733 5047 T
2775 4993 2886 5050 XL.

1911 5084 2009 5139 Ubi
2055 5083 2229 5137 dicunt
2273 5084 2320 5135 F
2325 5083 2469 5138 ilium
2510 5103 2614 5139 non
2646 4993 2843 5141 iubere
2878 5090 3246 5171 prtescicntiam
3283 5091 3485 5159 futuro-

2635 5174 2771 5212 rum.

1977 5247 2031 5302 Si
2074 5244 2306 5303 dixerint
2342 5265 2356 5299 :
2393 5246 2561 5301 Filius
2604 5250 2693 5302 Dei
2731 5266 2834 5304 non
2874 5250 3056 5305 habuit
3099 5251 3497 5319 praescientiam

1906 5339 2228 5403 fututorum,
2264 5354 2360 5406 pro
2387 5354 2454 5392 eo
2502 5340 2645 5407 quod
2687 5341 2958 5397 immundo
3005 5341 3210 5410 spiritui
3246 5341 3437 5395 dixerit
3466 5356 3484 5393 :

1906 5432 2057 5497 Quod
2092 5446 2282 5486 nomen
2311 5443 2391 5485 est
2417 5431 2547 5485 tibi?
2577 5434 2737 5504 393
2773 5444 2826 5488 et
2870 5433 3010 5501 quod
3057 5442 3265 5499 tempus
3297 5442 3378 5486 est
3418 5448 3493 5489 ex.

1910 5537 2017 5593 quo
2046 5522 2092 5576 ei
2126 5523 2226 5577 hoc
2252 5522 2482 5576 accidit?

1983 5612 2293 5679 Responsio.
2323 5614 2514 5669 Filium
2539 5613 2639 5668 ‘Dei
2674 5614 3007 5682 pra-sentiam
3026 5614 3317 5669 futurorum
3342 5616 3501 5685 igne;

1915 5721 2035 5767 rare
2064 5722 2168 5760 non
2204 5722 2365 5776 posse
2400 5722 2464 5761 ex
2499 5707 2673 5761 divina
2705 5706 3020 5763 auctoritate
3052 5722 3301 5777 agnosce,
3341 5696 3503 5771 iure.

1988 5844 2031 5867 "
2058 5844 2125 5900 Et
2157 5845 2238 5901 hic
2263 5859 2467 5915 quoque
2499 5846 2641 5901 deest
2670 5845 2887 5916 aliquid.
