4026 6176
462 378 569 435 579

1773 378 2000 446 VIGILII
2037 378 2402 436 TAI‘SENSIS

3609 383 3719 441 580

464 507 567 548 nua
611 496 864 567 prOphcta
912 498 1124 554 dicente
1163 515 1174 550 :
1207 494 1318 564 Ego
1360 508 1477 548 sum
1511 491 1764 547 Dominus
1792 499 2036 545 scrutans
2065 495 2112 554 Α
2141 500 2260 545 ctus
2288 491 2340 544 in
2388 489 2539 546 caalis
2583 489 2802 560 subjecit
2853 489 2952 545 sibi
2999 489 3216 558 angelos
3245 497 3296 543 et
3320 497 3633 557 potestates,
3666 499 3722 544 ct

463 585 625 638 corda
650 599 701 640 et
726 589 956 656 probans
989 604 1164 650 renes,
1200 597 1255 640 ut
1278 587 1398 640 dem
1427 584 1712 653 unicuique
1741 584 2038 637 secundmn

463 675 576 728 vias
600 676 736 744 ejus,
765 688 818 732 et
848 680 1140 733 secundum
1166 678 1390 732 fructum
1423 676 1720 730 studiorum
1758 675 1872 744 ejus
1904 673 2036 744 (λεν.

463 782 591 832 xvu,
623 770 727 838 l0).
748 771 810 823 Et
829 771 1017 825 Isaias:
1038 771 1291 825 Dominus
1307 770 1453 823 novit
1468 768 1816 838 cogitationes
1830 768 2041 835 sapien-

464 857 617 925 tium,
643 863 891 928 quoniam
911 877 1060 915 vanae
1082 859 1367 930 sunt(lsai.
1389 876 1472 929 ιν,
1496 860 1556 923 8;
1587 857 1728 912 l’sal.
1757 873 1904 920 xcut,
1927 857 2036 926 II).

463 947 658 1003 Paulus
674 961 849 1005 autem
869 952 1141 1020 apostolus
1161 952 1344 1008 eadem
1358 950 1486 1004 dicit
1509 949 1574 1003 ad
1589 949 1839 1003 Hebraeos
1855 966 1866 999 :
1880 946 2040 1000 \‘ivus

459 1045 546 1090 est
568 1038 711 1093 enim
744 1056 923 1095 sermo
953 1041 1043 1096 Dei
1067 1049 1120 1096 et
1149 1040 2038 1109 eflicax,‘etacutiorsnperomnem

459 1127 696 1196 gladium
728 1141 964 1197 acutum,
1007 1140 1061 1185 et
1098 1141 1382 1200 penetrans
1419 1143 1589 1198 usque
1630 1128 1694 1182 ad
1724 1125 2037 1182 divisionem

460 1219 675 1284 animm,
710 1229 762 1276 et
792 1223 1033 1291 spiritus,
1062 1231 1115 1276 et
1140 1220 1521 1290 cogitationum
1543 1260 1559 1284 ,
1599 1229 1652 1274 et
1687 1218 2038 1272 medullarum

461 1313 724 1377 omnium,
759 1324 810 1369 et
839 1315 998 1384 judex
1025 1317 1402 1385 cogitationum
1434 1314 1633 1378 cordis,
1667 1320 1720 1366 et
1749 1326 1849 1365 non
1882 1319 1965 1365 est
1987 1313 2038 1364 in

459 1404 660 1458 seculo
711 1404 908 1459 fabrica
950 1407 1126 1475 aliqua
1180 1404 1489 1459 abscondita
1541 1418 1568 1456 ιι
1610 1411 1899 1472 conspectu
1926 1400 2041 1469 ejus

461 1494 645 1562 (Hebr.
675 1512 747 1561 tv,
781 1496 933 1566 4,5).
968 1497 1056 1550 Ait
1095 1508 1148 1550 et
1190 1497 1301 1564 ipse
1327 1512 1340 1548 :
1364 1494 1494 1550 Cum
1535 1492 1738 1548 venerit
1784 1490 2038 1545 Dominus

459 1597 512 1641 et
537 1587 915 1642 illuminaverit
941 1588 1250 1643 abscondita
1274 1588 1634 1653 tenebrarum,
1653 1593 1705 1638 et
1729 1583 2039 1638 manifestae

457 1678 592 1731 verit
624 1680 972 1749 cogitationes
1000 1678 1206 1746 cordis,
1236 1687 1292 1733 et
1311 1689 1435 1732 tunc
1466 1677 1579 1731 laus
1610 1678 1711 1730 erit
1757 1676 2040 1743 unicuique

456 1783 485 1820 a
522 1769 692 1838 Deo(l
721 1770 839 1825 Cor.
872 1786 943 1836 tv,
972 1770 1049 1841 5).
1077 1771 1138 1823 Ει
1163 1771 1213 1823 iu
1243 1770 1567 1823 Salomone:
1599 1767 1655 1821 Si
1684 1778 1860 1820 autem
1892 1764 2039 1820 dixe-

2144 585 2366 638 virtutes
2413 583 2463 652 (ι
2511 582 2655 640 Petr.
2703 598 2780 648 ιιι,
2825 583 3043 652 20-22).
3078 583 3143 636 Et
3183 583 3374 636 Paulus
3404 591 3714 650 apostolus:

2143 675 2274 729 Cum
2319 676 2658 730 evacuaverit
2702 690 2915 729 omnem
2965 673 3350 743 principatum,
3398 683 3450 728 et
3501 691 3715 730 omnem

2144 776 2482 837 potestatem,
2530 778 2584 822 et
2625 767 2898 832 virtutem,
2943 775 2996 821 et
3034 766 3473 832 dominationem,
3505 777 3718 834 oportet

2142 857 2290 912 illum
2313 872 2556 927 regnare,
2582 858 2751 912 donec
2780 866 2942 926 ponat
2967 872 3154 911 omnes
3184 858 3426 912 inimicos
3456 873 3579 912 suos
3615 860 3716 912 sub

2145 949 2368 1018 pedibus
2417 949 2527 1003 suis
2578 948 2628 1019 (ι
2677 949 2794 1003 Cor.
2846 965 2932 1015 xv,
2964 948 3077 1016 24).
3111 949 3176 1002 Et
3218 949 3281 1002 ad
3309 947 3610 1018 Philippeos
3645 965 3710 1004 s:

2145 1038 2337 1092 Nostra
2371 1041 2511 1093 enim
2541 1041 2878 1094 conversatio
2909 1040 2961 1093 in
2982 1039 3133 1094 ccelis
3153 1050 3273 1094 est:
3299 1039 3439 1094 unde
3476 1041 3714 1094 Salvato-

2142 1144 2255 1184 rem
2307 1141 2675 1197 exspectamus
2724 1131 3002 1184 Dominum
3055 1130 3234 1185 Jesum
3281 1130 3571 1196 Christum,
3621 1134 3714 1201 qui

2145 1220 2543 1289 transligurabit
2571 1236 2765 1290 corpus
2802 1221 3113 1276 humilitatis
3149 1232 3344 1276 nostra:
3374 1224 3713 1278 conformans

2143 1312 2354 1379 corpori
2385 1311 2648 1366 claritatis
2672 1328 2802 1380 sum,
2837 1313 3126 1367 secundum
3169 1328 3319 1366 suam
3362 1315 3711 1379 voluntatem,

2141 1414 2199 1457 ut
2231 1404 2398 1473 possit
2435 1403 2536 1458 sibi
2581 1403 2845 1472 subjicere
2890 1405 3064 1459 oumia
3095 1403 3353 1476 (Philipp.
3385 1421 3461 1468 ιιι,
3491 1405 3600 1475 20).
3639 1406 3714 1460 De

2142 1498 2243 1552 hoc
2285 1498 2400 1569 ipso
2442 1508 2497 1554 et
2542 1499 2708 1553 David
2764 1499 2815 1553 in
2866 1499 3070 1567 psalmo
3114 1499 3442 1568 sexagesimo
3484 1501 3714 1566 septimo

2142 1584 2320 1664 (γεὲε.
2358 1591 2446 1662 19)
2488 1605 2714 1661 agnosce
2757 1591 3058 1646 dicentem:
3093 1591 3344 1644 Ascendit
3395 1590 3446 1643 in
3494 1592 3710 1655 coelum,

2140 1685 2400 1752 captivam
2433 1683 2582 1738 duxit
2611 1682 3001 1751 captivitatem,
3043 1682 3186 1735 dedit
3219 1681 3356 1735 dona
3389 1680 3710 1734 hominibus.

2145 1775 2209 1828 Et
2239 1774 2288 1827 in
2321 1775 2552 1841 Epistula
2597 1774 2750 1829 Iudae
2785 1773 3010 1840 apos'oli
3041 1789 3055 1826 :
3089 1772 3320 1841 Angelos
3361 1786 3588 1840 quoque,
3636 1773 3715 1824 iu-

459 1858 552 1924 ris,
585 1861 776 1914 Nescio
800 1862 960 1924 hunc,
990 1861 1124 1915 svito
1155 1861 1404 1930 quoniam
1443 1859 1696 1912 Dominus
1735 1857 1896 1912 corda
1917 1873 2036 1911 om-
2068 1850 2116 1909 B
2141 1865 2273 1932 quit,
2309 1865 2398 1932 qui
2443 1864 2840 1932 dereliquerat“
2884 1879 3038 1918 suum
3081 1863 3465 1931 principatum,
3511 1862 3714 1916 catenis

457 1948 604 2003 nium
660 1953 805 2003 novit
859 1950 1045 2022 (Eccli.
1105 1966 1254 2016 ιιιιιιι,
1298 1951 1414 2018 9.7).
1454 1950 1520 2005 Et
1553 1951 1625 2005 ibi
1675 1967 1688 2004 :
1733 1950 1882 2004 Oculi
1933 1948 2036 2002 Do-

458 2040 587 2092 mini
643 2040 810 2096 multo
849 2042 1076 2110 amplius
1123 2043 1409 2098 Iucidiores
1443 2051 1568 2097 sunt
1612 2042 1764 2097 Sole:
1803 2042 2036 2096 circum-

457 2132 939 2200 inspiciuntomnes
961 2136 1071 2190 vias
1095 2136 1392 2202 hominum,
1419 2147 1472 2191 et
1489 2136 1807 2206 profundum
1831 2136 2032 2206 abyssi,

455 2235 510 2278 ct
554 2225 826 2280 hominum
865 2227 1025 2281 corda
1071 2230 1369 2294 intuentur,
1398 2238 1454 2284 et
1482 2229 1819 2283 absconditas
1859 2238 2034 2297 partes

455 2313 646 2383 (lbid.,
673 2316 788 2386 9.8).
823 2317 888 2370 Et
912 2319 964 2372 in
990 2319 1292 2388 Regnorum
1316 2336 1329 2374 :
1356 2319 1627 2374 Rccedant
1654 2330 1831 2374 vetera
1853 2319 1921 2373 de
1941 2333 2034 2374 ore

455 2415 652 2471 vestro,
686 2408 936 2475 quoniam
985 2410 1333 2465 scientiarum
1380 2410 1636 2466 Dominus
1680 2419 1764 2466 est
1821 2410 1872 2479 (1
1902 2411 2031 2480 Reg.

457 2511 528 2563 ιι,
580 2499 655 2566 5).
701 2500 763 2553 Ει
805 2500 857 2555 in
911 2501 1330 2558 lllachahazorum
1364 2503 1543 2559 :Deus
1587 2504 1768 2559 mundi
1800 2514 2032 2571 creator,

455 2587 715 2643 formator
755 2590 1021 2661 hominis,
1056 2596 1144 2663 qui
1183 2610 1394 2650 omnem
1442 2604 1711 2649 serutatur
1757 2608 1932 2650 aetum
1981 2604 2036 2650 et

456 2680 747 2747 originem,
797 2684 910 2752 ipse
959 2687 1104 2740 vobis
1144 2687 1385 2757 spiritum
1410 2697 1464 2741 et
1491 2687 1649 2741 vitam
1681 2689 1870 2741 iterum
1911 2702 2035 2742 cum

456 2771 824 2828 misericordia
856 2777 1045 2832 reddet
1067 2777 1153 2846 (11
1183 2777 1358 2833 ΜαεΙι.
1388 2795 1478 2845 vtt,
1516 2779 1631 2849 25).
1660 2779 1724 2833 Ει
1751 2779 2035 2848 Evangeli-

456 2871 587 2918 sta:
643 2865 759 2933 Ipse
805 2878 981 2922 autem
1026 2870 1181 2925 Jesus
1233 2886 1340 2925 non
1388 2872 1644 2927 credebat
1686 2873 2033 2942 semetipsum

456 2954 558 3019 eis.
588 2970 650 3010 co
679 2958 817 3025 quod
851 2959 963 3028 ipse
994 2971 1174 3015 nosset
1217 2976 1435 3026 omnes,
1486 2973 1539 3017 et
1584 2964 1704 3031 quia
1751 2977 1884 3031 opus
1929 2977 2033 3016 non

457 3057 595 3106 erat,
640 3058 698 3100 ut
737 3051 853 3117 quis
907 3052 1270 3106 teStimouium
1317 3054 1618 3123 perhiberet
1663 3054 1729 3108 de
1777 3054 2029 3109 homine:

459 3136 574 3203 ipse
599 3137 738 3190 enim
771 3139 971 3192 sciebat
1000 3141 1123 3208 quid
1148 3151 1290 3196 esset
1314 3143 1364 3194 in
1395 3143 1606 3196 homine
1630 3139 1806 3211 (lu-an.
1839 3159 1892 3208 ιι,
1918 3143 2027 3214 24).

459 3227 525 3280 Et
552 3227 813 3283 Jeremias
841 3230 918 3284 sic
947 3230 1075 3285 d-cit
1107 3250 1119 3284 :
1157 3234 1439 3300 Dominus,
1465 3235 1552 3302 qui
1583 3232 1708 3288 fecit
1743 3234 1935 3288 «telum
1979 3245 2032 3290 et

459 3328 687 3384 terram,
735 3321 865 3376 nihil
904 3324 1172 3380 occultare
1204 3334 1379 3394 potest
1416 3341 1444 3378 a
1471 3341 1576 3391 me,
1611 3325 1730 3394 quia
1762 3341 1860 3396 ego
1897 3326 2033 3381 facio

463 3408 884 3465 misericordiam
917 3412 967 3465 in
997 3414 1183 3479 millia,
1212 3424 1266 3469 et
1297 3415 1463 3470 reddo
1495 3425 1706 3484 peccata
1748 3425 1950 3484 patrum
1982 3417 2032 3471 in

459 3497 601 3553 filios
624 3514 808 3554 eorum
842 3511 961 3569 post
983 3517 1077 3558 eos
1104 3502 1236 3575 (Jer.
1269 3521 1436 3570 xxxii,
1473 3505 1579 3574 l8).
1618 3506 1683 3560 Et
1720 3505 1789 3559 ibi
1817 3523 1829 3559 :
1862 3506 1926 3560 Et
1957 3507 2035 3560 fa-

458 3597 577 3644 ctus
605 3600 687 3645 est
717 3608 895 3648 sermo
926 3594 1136 3650 Domini
1168 3596 1232 3650 ad
1266 3611 1350 3651 me
1377 3598 1558 3652 dicens
1585 3586 1746 3668 :‘Ego
1780 3598 2034 3653 Dominus

461 3683 603 3738 Deus
632 3685 897 3742 universae
923 3689 1139 3755 carnis;
1184 3690 1419 3759 nunquid
1451 3691 1646 3760 aliquid
1684 3706 1713 3745 a
1750 3705 1835 3746 me
1854 3691 2035 3746 occul-

457 3782 598 3828 tatur
622 3774 811 3845 (lbid.,
839 3777 967 3846 27)?
1002 3778 1067 3832 Et
1104 3779 1160 3833 in
1199 3779 1417 3835 Daniele
1445 3797 1457 3832 :
1489 3780 1628 3836 Deus
1668 3789 1898 3836 aeternus
1944 3780 2036 3851 qui

456 3866 786 3921 occultorum
817 3885 876 3923 es
904 3870 1176 3940 cognitor,
1218 3871 1304 3940 qui
1354 3871 1496 3927 nosti
1524 3873 1702 3927 omnia
1746 3881 2033 3942 antequam

457 3969 767 4028 nascantur,
809 3971 862 4016 tu
887 3964 995 4017 scis
1021 3965 1142 4034 quia
1167 3965 1355 4018 falsum
1377 3967 1739 4021 testimonium
1772 3966 1824 4020 hi
1850 3967 2035 4023 dicunt

454 4051 736 4108 adversum
763 4071 848 4111 me
874 4055 1036 4125 (Dan.
1072 4073 1186 4126 xm,
1230 4060 1342 4129 42).
1385 4061 1449 4115 Ει
1487 4061 1772 4128 Apostolus
1807 4061 1874 4115 ad
1921 4061 2034 4116 Ro-

458 4158 645 4199 manos
677 4163 688 4196 :
717 4148 769 4199 In
798 4146 883 4201 die
911 4163 1014 4217 qua
1045 4148 1304 4217 jndicabit
1343 4151 1482 4206 Deus
1522 4151 1728 4206 occulta
1759 4151 2034 4207 hominum

454 4235 746 4289 secundum
778 4238 939 4308 399
965 4239 1305 4309 Evangelium
1340 4255 1512 4295 meum
1541 4255 1639 4310 per
1667 4240 1848 4296 Jesum
1875 4241 2034 4297 Chri-

457 4333 599 4378 stum
631 4327 806 4395 (Rom.
853 4343 912 4394 ιι,
975 4328 1082 4400 16).
1133 4331 1231 4396 Qui
1281 4330 1441 4385 corda
1483 4339 1537 4386 et
1579 4339 1729 4386 actus
1759 4331 2033 4387 hominum

461 4429 849 4486 perscrutatur,
879 4423 1008 4476 etin
1042 4422 1214 4477 lucem
1243 4424 1489 4490 adducet,
1530 4425 1868 4495 praesentiam
1898 4425 2035 4480 futu-

457 4521 639 4564 rerum
671 4510 919 4580 ignorare
948 4528 1051 4566 non
1083 4524 1277 4581 potest.

1041 4605 1265 4662 CAPUT
1305 4606 1440 4660 XLI.

729 4695 828 4750 Ubi
855 4697 1029 4750 dicunt
1057 4695 1252 4751 Filium
1288 4697 1428 4750 Patri
1459 4697 1757 4767 subjectum.

527 4785 584 4842 Si
616 4786 749 4842 forte
774 4788 1066 4855 objecerint
1097 4790 1237 4859 quod
1269 4789 1437 4843 Filius
1458 4788 1730 4856 subjectus
1759 4797 1838 4842 est
1863 4788 2028 4852 Patri,

457 4879 581 4947 quia
613 4879 867 4947 scriptum
897 4891 979 4934 est
1012 4898 1022 4932 :
1054 4881 1201 4934 Tunc
1223 4891 1274 4934 et
1299 4881 1410 4949 ipse
1437 4878 1708 4948 subjectus
1735 4879 1838 4934 erit
1868 4880 1916 4934 ei
1942 4879 2031 4948 qui

456 4970 528 5022 illi
552 4970 727 5024 omnia
760 4971 986 5041 subjecit
1014 4970 1064 5042 (1
1092 4973 1208 5027 Cor.
1241 4989 1329 5038 xv,
1357 4973 1471 5042 28).

527 5059 831 5122 Responsio.
881 5062 952 5117 Ut
983 5071 1159 5116 autem
1196 5062 1496 5132 agnoscatis
1536 5061 1625 5116 Dei
1677 5061 1868 5115 Filium
1913 5061 2028 5115 uni-

453 5167 606 5207 versa
630 5151 730 5205 sibi
758 5153 969 5221 propria
1017 5163 1277 5221 potestate
1322 5153 1643 5215 subdidisse,
1677 5152 1888 5207 Petrum
1934 5167 2028 5205 au-

454 5244 562 5298 dite
589 5245 885 5314 apostolum
917 5245 982 5300 de
1008 5245 1108 5300 hoc
1138 5247 1251 5314 ipso
1294 5246 1450 5299 latius
1481 5245 1874 5312 prmdicantem.
1915 5246 2029 5300 Ali-

454 5335 686 5402 quando,
720 5336 912 5406 inquit,
945 5336 994 5389 in
1017 5335 1205 5390 diebus
1233 5335 1344 5389 Noe
1364 5376 1379 5400 ,
1409 5335 1600 5403 quibus
1628 5334 1803 5390 adhuc
1831 5351 2026 5404 exspe-

453 5428 633 5480 ctabat
656 5427 746 5482 Dei
776 5427 1050 5496 putientia,
1080 5443 1200 5480 cum
1233 5427 1580 5482 labricaretur
1609 5443 1753 5492 arca,
1786 5428 1837 5482 in
1869 5444 2024 5497 quam

456 5517 769 5576 introierunt
801 5523 986 5591 pauci,
1026 5521 1077 5576 id
1115 5532 1199 5576 est
1236 5531 1357 5576 octo
1398 5522 1591 5576 anima:
1635 5529 1835 5575 tantum
1863 5522 2026 5576 salva:

457 5611 607 5666 facta:
637 5623 760 5667 sunt
785 5628 878 5681 per
904 5628 1115 5683 aquam.
1143 5613 1292 5679 Quod
1320 5621 1373 5666 et
1403 5627 1496 5666 vos
1513 5627 1653 5665 nunc
1674 5611 1833 5666 simili
1858 5610 2026 5665 forma

457 5700 706 5771 baptismi
735 5705 912 5757 salvos
939 5705 1083 5771 facit,
1118 5722 1222 5764 non
1263 5705 1439 5760 carnis
1468 5704 1730 5771 depositio
1765 5703 2025 5770 sordium,

457 5798 553 5858 sed
584 5797 923 5856 conscientia:
952 5800 1105 5858 bona:
1132 5799 1479 5872 interrogatio
1517 5801 1570 5858 in
1612 5797 1802 5866 Deum,
1852 5797 2026 5867 profe-

2137 1956 2306 2026 igneis
2335 1957 2522 2026 ligans,
2546 1966 2600 2010 et
2631 1956 2926 2011 tenebrOsis
2957 1954 3259 2009 carceribus
3289 1954 3588 2014 retrudens,
3625 1969 3714 2007 re-

2135 2050 2366 2103 servavit
2391 2049 2564 2102 futuro
2583 2047 2785 2117 judicio
2811 2047 3108 2117 puniendos
3139 2044 3333 2116 (Judw,
3365 2061 3400 2110 ι,
3429 2046 3504 2111 6).
3531 2046 3606 2099 Ex
3631 2045 3715 2098 his

2137 2142 2300 2212 igitur
2319 2157 2548 2211 agnosce
2572 2142 2876 2208 Dominum,
2911 2140 3162 2207 quoniam
3189 2138 3445 2207 subjectio
3469 2138 3582 2192 Filii
3605 2153 3714 2190 non

2134 2245 2218 2289 est
2251 2235 2493 2299 deitatis,
2545 2234 2637 2288 sc'd
2667 2235 2864 2300 carnis,
2905 2231 2990 2287 cui
3015 2231 3139 2286 dum
3168 2231 3222 2284 in
3252 2231 3355 2284 fine
3382 2229 3563 2284 sazculi
3587 2227 3714 2281 sub-

2131 2327 2498 2398 jeCtafuerint
2519 2327 2765 2381 universa
2798 2326 3011 2379 huniani
3034 2325 3243 2394 generis
3273 2325 3419 2385 vitia,
3446 2332 3497 2376 et
3527 2321 3715 2375 absor-

2138 2431 2222 2488 pta
2245 2419 2406 2488 400
2433 2418 2588 2472 fuerit
2620 2432 2762 2472 mors
2782 2417 2832 2469 in
2864 2417 3119 2479 victoria,
3154 2424 3280 2467 tunc
3304 2422 3356 2467 et
3387 2414 3498 2480 ipse
3537 2413 3712 2464 homi-

2137 2511 2220 2564 nis
2251 2509 2416 2563 Filius
2461 2507 2825 2575 subjiciendus
2853 2505 3047 2560 dicitur
3079 2505 3254 2569 Patri,
3284 2519 3389 2557 non
3422 2504 3472 2556 in
3501 2502 3714 2556 deitatis

2136 2611 2347 2667 natura,
2376 2599 2467 2654 sed
2490 2599 2542 2654 in
2567 2598 2796 2654 hominis
2828 2598 3083 2663 assumpti
3115 2596 3431 2651 substantia.

2703 2685 2929 2742 CAPUT
2983 2686 3142 2740 XLII.

2198 2779 2297 2834 Ubi
2322 2781 2517 2845 dicunt,
2545 2780 2678 2834 diem
2699 2780 2891 2850 judicii
2908 2776 3102 2832 Filium
3131 2778 3257 2830 scire
3277 2793 3374 2831 non
3404 2777 3647 2845 potuisse.

2208 2873 2261 2928 Si
2292 2884 2468 2928 autem
2510 2872 2858 2941 opposiierint
2911 2870 3050 2940 quod
3109 2868 3372 2924 FiliuS'in
3430 2867 3714 2935 Evangelio

2136 2964 2375 3018 dixerit:
2428 2965 2501 3018 De
2548 2965 2635 3018 die
2685 2972 2862 3016 autem
2911 2969 2965 3015 et
3005 2960 3134 3014 hora
3181 2973 3339 3014 nemo
3379 2959 3499 3022 scit,
3537 2971 3713 3026 neque

2135 3055 2310 3124 angeli
2325 3058 2602 3120 caelorum,
2619 3070 2790 3125 neque
2812 3054 3000 3118 Filius,
3027 3053 3126 3107 nisi
3147 3051 3304 3106 Pater
3324 3050 3470 3105 solus
3495 3048 3710 3120 (Matth.

2135 3160 2278 3209 xxiv,
2313 3146 2426 3214 36).

2058 3205 2106 3269 ο
2211 3205 2510 3304 Responsa.
2558 3233 2723 3289 Filius
2772 3234 2950 3303 itaque
2980 3248 3086 3286 non
3130 3239 3301 3301 potest
3344 3229 3484 3283 diem
3527 3228 3715 3298 judicii

2139 3329 2385 3397 ignorare
2409 3369 2424 3394 ,
2458 3327 2523 3380 de
2551 3342 2651 3396 qua
2688 3326 2976 3394 discipulos
3011 3337 3136 3378 suos
3167 3329 3292 3375 ante
3330 3321 3474 3374 visus
3512 3329 3593 3374 est
3623 3335 3716 3389 pa-

2136 3427 2286 3474 terna
2316 3418 2684 3472 admonitione
2717 3418 2982 3472 instruere
3018 3431 3031 3468 :
3063 3414 3196 3469 Cum
3229 3411 3489 3477 videritis,
3522 3411 3711 3478 inquit,

2137 3510 2317 3578 praelia
2349 3518 2404 3564 et
2433 3508 2710 3576 opiniones
2736 3507 3061 3575 pra-liorem,
3090 3504 3265 3557 videte
3292 3516 3359 3557 ne
3389 3501 3669 3555 turbemini
3695 3516 3712 3555 ε

2137 3608 2348 3666 oportet
2371 3597 2514 3652 enim
2560 3598 2673 3652 haec
2724 3595 2866 3660 fieri,
2915 3596 3008 3649 sed
3054 3595 3285 3649 nondum
3332 3592 3450 3645 linis
3496 3589 3712 3661 (Matth.

2138 3707 2284 3756 xxrv,
2308 3691 2382 3760 6).
2415 3697 2543 3745 Item
2587 3689 2658 3744 ibi
2688 3707 2700 3740 :
2728 3688 2876 3744 Sicut
2901 3686 3041 3742 enim
3072 3686 3182 3741 exit
3207 3684 3381 3752 fulgur
3396 3681 3462 3736 ab
3483 3681 3713 3747 oriente,

2136 3790 2188 3837 ct
2217 3790 2365 3850 paret
2396 3795 2564 3848 usque
2594 3780 2659 3833 ad
2688 3779 3020 3852 occidentem
3040 3819 3054 3844 ,
3089 3777 3158 3830 ita
3189 3774 3446 3828 adventus
3474 3772 3592 3825 Filii
3615 3770 3715 3824 ho-

2138 3870 2298 3926 minis
2325 3870 2514 3942 (Ibid.,
2537 3869 2743 3939 27).-Et
2765 3869 3092 3924 Zacharias:
3128 3868 3264 3921 Ecce
3306 3865 3484 3920 veniet
3531 3862 3715 3916 Domi—

2138 3979 2238 4019 nus
2267 3978 2435 4028 meus,
2489 3978 2782 4032 omnesque
2824 3963 2992 4016 sancti
3038 3975 3157 4014 cum
3199 3973 3285 4023 eo,
3328 3969 3380 4011 et
3427 3957 3478 4010 in
3507 3955 3596 4009 die
3622 3954 3713 4007 illa

2138 4072 2245 4111 non
2274 4056 2374 4112 erit
2404 4057 2513 4124 lux,
2559 4054 2653 4110 sed
2702 4055 2866 4123 frigus
2912 4064 2964 4108 et
3009 4055 3125 4122 gelu
3155 4069 3166 4103 :
3196 4061 3251 4106 et
3281 4051 3393 4103 dies
3425 4049 3558 4114 haec,
3593 4062 3714 4116 qua:

2137 4157 2260 4202 nota
2308 4156 2390 4203 est
2440 4147 2668 4201 Domino
2709 4147 2895 4216 (Zach.
2941 4161 3048 4213 xtv,
3093 4144 3170 4213 5).
3207 4143 3272 4197 Et
3302 4143 3354 4196 in
3376 4141 3709 4195 Salomone:

2137 4239 2272 4304 Quid
2294 4239 2553 4307 sapientia
2583 4237 2921 4306 locupletius,
2965 4251 3083 4305 qua:
3119 4235 3295 4288 omnia
3325 4231 3614 4302 operatur?
3647 4231 3714 4284 Et

2137 4330 2181 4383 si
2205 4344 2394 4383 sensus
2425 4338 2696 4398 operatur,
2726 4328 2845 4398 quis
2875 4327 3063 4382 horum
3093 4327 3299 4382 videtur
3327 4341 3447 4380 esse
3480 4325 3714 4377 artifex?

2137 4419 2232 4474 sed
2262 4420 2304 4473 si
2330 4420 2591 4489 justitiam
2619 4420 2739 4490 quis
2768 4419 2958 4489 diligit,
2991 4419 3200 4473 labores
3229 4417 3344 4485 ejus
3375 4430 3595 4484 magnas
3619 4415 3716 4467 ha-

2140 4511 2266 4566 bent
2287 4515 2510 4568 virtutes
2537 4530 2548 4565 :
2575 4513 2919 4567 sobrietatem
2939 4512 3077 4567 enim
3105 4509 3504 4578 etprudentiam
3525 4509 3708 4575 docet,

2057 4577 2111 4636 Β
2133 4602 2394 4673 justitiam
2427 4615 2481 4658 et
2508 4607 2759 4659 virtutem
2808 4602 2898 4657 dat
2942 4577 3280 4656 credentibus
3326 4600 3465 4666 sibi,
3515 4599 3711 4669 quibus

2137 4696 2268 4750 nihil
2299 4697 2478 4752 utilius
2505 4706 2585 4750 est
2608 4696 2658 4748 in
2684 4695 2794 4748 vita
2825 4694 3150 4748 hominibus.
3191 4692 3297 4747 Sed
3336 4692 3381 4747 si
3421 4692 3713 4747 multitudi-

2135 4802 2256 4843 nem
2279 4789 2516 4843 scieutire
2541 4789 2660 4857 quis
2688 4786 2981 4850 desiderat,
3013 4794 3191 4839 notam
3220 4784 3370 4838 faciet
3399 4801 3412 4837 :
3442 4783 3546 4836 scit
3568 4799 3708 4851 pra:-

2135 4881 2322 4947 terita,
2353 4891 2411 4935 et
2443 4881 2601 4934 futuri
2643 4895 2881 4949 praesaga
2926 4890 3006 4933 est
3034 4895 3046 4930 :
3080 4879 3182 4933 scit
3209 4877 3468 4932 versutias
3500 4891 3710 4930 sermo-

2134 4986 2284 5034 num,
2317 4981 2371 5025 et
2396 4971 2693 5025 solutiones
2721 4979 3173 5038 argumentorum,
3207 4969 3353 5035 signa
3385 4977 3437 5021 et
3468 4966 3709 5036 prodigia

2132 5062 2235 5116 scit
2263 5071 2544 5130 antequam
2571 5062 2728 5125 fiant,
2773 5070 2827 5116 et
2865 5063 3024 5115 linem
3060 5070 3358 5129 temporum
3394 5068 3449 5111 et
3484 5057 3712 5112 sarculo-

2132 5170 2248 5208 rum
2282 5170 2386 5208 non
2420 5155 2625 5223 ignorat
2651 5155 2806 5226 (Sep.
2848 5170 2960 5220 vin,
2989 5153 3126 5220 5-8).
3165 5155 3231 5207 Et
3277 5153 3446 5207 Lucas
3473 5167 3708 5220 evange-

2134 5247 2251 5300 lista
2280 5265 2292 5299 :
2329 5247 2794 5317 lnterrogaveruut
2814 5261 2935 5301 eum
2959 5245 3232 5310 Pharisaei,
3263 5254 3316 5299 et
3343 5243 3597 5298 dixerunt
3617 5244 3666 5297 ei
3692 5262 3706 5298 :

2133 5339 2355 5404 Quando
2383 5341 2558 5395 veniet
2597 5354 2820 5409 regnum
2844 5338 2968 5392 Dei?
3001 5337 3292 5406 Respondit
3333 5337 3410 5391 eis
3446 5346 3502 5390 et
3537 5335 3705 5389 dixit:

2134 5431 2248 5485 Non
2283 5431 2460 5485 veniet
2490 5447 2708 5499 regnum
2741 5429 2833 5483 Dei
2863 5443 2982 5482 cum
3006 5427 3399 5493 obsrrvatione,
3425 5442 3594 5495 neque
3617 5425 3706 5478 di-

2133 5533 2254 5576 cent
2287 5537 2301 5577 :
2333 5522 2473 5577 Ecce
2519 5521 2624 5588 hic,
2668 5531 2756 5573 aut
2779 5534 2903 5574 ecce
2952 5519 3060 5573 illic
3094 5533 3107 5569 :
3156 5535 3279 5574 cere
3313 5519 3452 5571 enim
3482 5533 3707 5586 regnum

2135 5611 2229 5666 Dei
2261 5613 2396 5666 intra
2424 5627 2519 5666 vos
2549 5621 2647 5666 est.
2683 5610 2747 5664 Et
2773 5609 2846 5663 ait
2874 5608 2940 5662 ad
2970 5608 3259 5678 discipulos
3283 5623 3408 5667 suos
3434 5625 3445 5660 :
3480 5607 3710 5661 \‘enicnt

2134 5703 2268 5770 dies,
2300 5703 2512 5772 quando
2535 5701 2853 5756 desiderctis
2875 5715 3036 5755 unum
3060 5700 3199 5754 diem
3243 5698 3424 5753 videre
3463 5697 3582 5752 Filii
3610 5698 3710 5749 ho-

2135 5796 2324 5862 minis,
2374 5805 2428 5853 ct
2472 5811 2578 5853 non
2609 5792 2855 5851 videbitis
2895 5809 2907 5848 :
2942 5791 3192 5850 etdiccut
3223 5791 3396 5860 vobis,
3428 5789 3564 5846 Ecce
3595 5788 3706 5855 hic,
