3960 6176
261 396 357 453 381

1429 383 1701 442 comm
1741 380 2145 438 VAlllllADUll
2178 362 2311 436 LIB.
2353 377 2393 434 ι.

3420 371 3528 431 383

262 515 357 560 aut
384 518 509 559 ecce
538 501 675 556 illic.
702 500 877 556 Nolite
902 500 998 564 ire,
1020 511 1191 567 neque
1215 496 1491 551 sectemini
1522 512 1535 547 :
1564 508 1683 547 nam
1714 492 1848 547 sicut
1876 496 1927 553 Α
1956 501 2061 545 tem
2094 492 2260 544 :Cum
2283 489 2470 553 oratis,
2495 486 2683 556 inquit,
2714 485 2876 540 nolite
2900 483 3124 540 multum
3147 481 3287 554 loqui
3312 482 3527 554 (Matth.

262 599 442 667 fulgur
461 609 753 650 coruscans
781 593 849 647 de
879 592 1040 654 cmlo,
1072 589 1123 641 in
1153 603 1213 642 ca
1238 586 1395 657 θοι
1425 601 1542 653 qua:
1582 583 1680 636 sub
1713 583 1852 637 coelo

264 700 396 744 sunt
416 687 601 756 fulget,
633 685 706 739 ita
733 684 838 737 erit
866 680 1125 735 adventus
1151 678 1271 731 Filii
1304 674 1535 730 hominis
1565 674 1615 726 in
1638 672 1727 727 die
1755 686 1851 726 sua

266 780 429 849 (Luc.
459 792 588 838 xm,
619 773 839 844 20-25).
872 771 929 827 Si
957 771 1073 825 dies
1107 770 1220 822 hinc
1252 767 1417 835 ipsius
1443 756 1552 830 est,
1585 759 1853 831 quomodo

264 886 371 926 vos
399 884 520 924 eum
559 866 740 921 dicitis
766 865 906 920 scire
951 876 1058 916 non
1102 857 1360 929 potuisse,
1392 854 1472 910 vel
1512 867 1672 923 posse
1709 850 1852 921 quod

264 976 431 1018 suum
449 972 528 1015 est
542 960 568 1014 ἲ
595 974 616 1001 ι

837 1020 1065 1079 CAPUT
1104 1016 1285 1073 XLIII.

268 1142 384 1201 Ubi
423 1142 599 1196 dicunt
642 1136 691 1191 Γ
693 1137 839 1193 ilium
882 1133 1102 1188 Verbum
1146 1127 1419 1182 breviatum
1465 1128 1849 1191 nuncupatum,

905 1205 978 1257 vel
1016 1206 1223 1272 factum.

340 1325 405 1383 Si
430 1333 609 1379 autem
636 1317 887 1382 dixerint,
916 1312 1038 1385 quia
1062 1310 1228 1365 Filius
1256 1308 1309 1362 in
1338 1321 1402 1363 eo
1431 1304 1606 1360 minor
1630 1309 1711 1356 est
1732 1297 1851 1369 quia

262 1420 339 1475 de
396 1431 462 1472 eo
516 1411 770 1485 propheta
825 1405 959 1461 dixit
1008 1420 1024 1459 :
1065 1401 1302 1457 Verbum
1354 1395 1651 1451 breviatum
1698 1390 1854 1447 faciet

263 1511 542 1569 Dominus
570 1507 622 1561 in
654 1502 902 1558 universo
930 1497 1059 1554 orbe
1092 1495 1270 1565 (Rom.
1300 1507 1376 1556 ιι,
1407 1488 1521 1554 28).

344 1594 656 1667 Responsio.
680 1590 912 1648 Verbum
936 1586 1229 1641 breviatum
1254 1578 1391 1650 quod
1422 1575 1677 1631 Dominus
1697 1569 1853 1667 faciet

263 1660 470 1756 super'
496 1697 714 1748 terram,
748 1694 854 1735 non
898 1672 1324 1732 imminutionem
1368 1666 1581 1723 deitatis
1621 1663 1673 1719 in
1720 1660 1853 1715 Filio

266 1752 381 1833 Dei
420 1774 701 1844 significat,
747 1769 843 1825 sed
890 1762 1338 1835 dispensationem
1377 1764 1639 1825 suscepta:
1673 1752 1854 1810 cernis

262 1841 581 1927 annuntiat,
612 1863 664 1915 in
691 1873 795 1929 qua
822 1852 1217 1925 όὶερθιιωιίοιιθ
1247 1864 1352 1903 non
1382 1848 1552 1902 solum
1584 1844 1722 1899 Patri
1754 1841 1850 1900 ho-
1882 1848 1927 1907 Β

266 1958 443 2014 minis
471 1954 659 2017 tilium,
688 1948 783 2004 sed
822 1947 980 2001 etiam
1009 1941 1214 2012 angelis
1247 1939 1469 2009 legimus
1506 1935 1849 2001 minoratum,

266 2048 450 2104 Paulo
474 2042 719 2114 apostolo
747 2044 1077 2109 protestante
1106 2051 1120 2090 :
1145 2032 1280 2087 Eum
1317 2039 1494 2085 autem
1525 2027 1615 2098 qui
1643 2025 1853 2081 modice

267 2149 333 2194 et
356 2136 538 2192 minus
562 2147 718 2205 quam
743 2129 917 2199 angeli
945 2130 1240 2182 minoratns
1267 2130 1370 2189 est,
1402 2120 1643 2175 videmus
1668 2118 1852 2174 Jesum

269 2238 508 2301 propter
530 2224 831 2297 passionem
856 2221 1041 2275 mortis
1061 2217 1227 2288 gloria
1244 2225 1297 2270 et
1316 2214 1519 2269 honore
1543 2222 1852 2268 coronatum

270 2320 443 2392 (Urb.
478 2333 536 2379 ll,
564 2317 644 2384 9).
687 2315 751 2370 Et
792 2313 925 2366 intra
972 2329 985 2363 :
1033 2310 1259 2378 Propter
1299 2322 1456 2377 quam
1499 2320 1710 2361 causam
1748 2321 1852 2360 non

268 2409 629 2466 confunditur
673 2406 863 2459 fratres
905 2416 1001 2456 eos
1048 2414 1265 2465 vocare,
1317 2398 1500 2453 dicens
1537 2415 1552 2453 :
1591 2397 1856 2452 Nuntiabo

270 2515 482 2555 nomen
512 2509 658 2551 tuutn
700 2492 950 2549 fratribus
980 2493 1148 2555 meis;
1181 2491 1233 2544 in
1265 2489 1440 2545 medio
1465 2490 1715 2544 Ecclesia:
1745 2491 1858 2545 lau-

268 2591 423 2645 dabo
455 2601 505 2643 te
534 2586 723 2660 (Ibid.,
758 2584 865 2653 It).
907 2582 989 2637 Et,
1011 2585 1064 2639 in
1094 2581 1300 2643 psalmo
1328 2592 1517 2636 octavo
1546 2582 1719 2651 (Vers.
1752 2582 1806 2654 6)
1838 2600 1854 2638 :

268 2680 557 2738 Ilinorasti
584 2692 707 2733 eum
750 2676 903 2745 paulo
942 2674 1117 2728 minus
1148 2673 1215 2727 ab
1242 2674 1464 2744 angelis,
1494 2673 1658 2743 gloria
1682 2683 1737 2729 et
1763 2675 1859 2729 ho-

270 2786 420 2825 nore
456 2767 727 2826 eoronasti
757 2781 901 2821 eum.
948 2764 1011 2819 Et
1050 2775 1107 2819 ut
1149 2763 1380 2820 Verbum
1409 2765 1503 2820 Dei
1535 2766 1706 2822 Patris
1731 2768 1857 2824 bre-

269 2865 486 2918 viatum
508 2877 612 2916 non
633 2875 754 2916 esse
775 2860 828 2914 in
849 2857 984 2912 Filio
1009 2857 1316 2925 doceamus,
1333 2873 1396 2912 ex
1419 2857 1566 2911 Isaia:
1585 2858 1858 2928 propheta:

272 2956 559 3013 volumine
601 2955 923 3011 sententiam
966 2954 1361 3023 approbamus:
1393 2951 1641 3021 Nunquid
1671 2951 1857 3007 abbre-

269 3055 462 3108 viatus
503 3049 679 3105 factus
721 3057 803 3104 est
836 3062 1017 3104 sermo
1060 3062 1232 3113 meus,
1274 3056 1365 3101 aut
1398 3061 1617 3117 parvus,
1652 3054 1715 3101 ut
1753 3061 1860 3102 non

271 3143 484 3213 possim
511 3139 809 3195 redimere?
846 3146 939 3194 aut
982 3153 1087 3193 non
1116 3146 1198 3193 est
1226 3138 1279 3192 in
1308 3153 1393 3193 me
1422 3139 1593 3193 virtus
1629 3136 1695 3191 ad
1732 3137 1861 3192 libe-

1953 597 2029 645 vi,
2058 582 2140 651 7).
2171 582 2233 634 Et
2264 580 2395 633 infra
2424 578 2562 633 :"os
2585 587 2759 632 autem
2790 592 2908 632 cum
2934 577 3117 640 oratis,
3145 574 3306 628 dit-ite
3330 593 3344 628 :
3374 575 3531 628 Pater

1956 681 2160 734 noster,
2192 671 2279 738 qni
2307 684 2367 724 cs
2397 669 2448 721 in
2480 668 2628 723 cmlis
2657 667 2842 738 (Ibid.,
2871 667 2946 737 9),
2968 677 3071 720 etc.
3098 665 3209 719 Non
3240 667 3379 719 enim
3408 680 3532 733 pro-

1956 765 2112 834 pheta
2139 765 2330 819 Filium
2357 763 2451 817 Dei
2475 764 2525 817 in
2552 762 2650 821 hoc
2672 763 2903 831 capitulo
2927 761 3221 815 minoratus
3238 759 3533 826 designavit

1955 853 2008 907 in
2054 854 2240 919 verbo,
2273 853 2521 920 quoniam
2567 852 2636 906 ita
2690 853 2740 904 in
2792 851 3063 919 prophetis
3112 861 3255 905 retro
3292 859 3532 919 tempore

1953 940 2271 1010 loquebatur
2298 958 2312 995 :
2344 943 2430 1011 qui
2462 943 2621 995 etiam
2654 956 2792 994 nunc
2820 956 2913 1010 per
2938 940 3207 1009 apostolos
3238 950 3292 994 et
3315 952 3532 1007 aposto-

1955 1031 2088 1086 licos
2132 1036 2278 1086 viros
2322 1032 2612 1086 novissimo
2648 1041 2886 1098 tempore
2926 1031 3157 1099 loquitur
3187 1050 3199 1084 :
3234 1031 3345 1100 Ego
3387 1046 3526 1093 sum,

1955 1122 2143 1190 inquit,
2174 1122 2262 1191 qui
2290 1121 2545 1189 IOquebar
2580 1121 2630 1173 in
2666 1135 2850 1174 servos
2879 1135 3024 1174 mens
3053 1119 3340 1188 prophetas
3366 1136 3377 1172 :
3402 1133 3530 1173 ecce

1952 1216 2138 1270 adsum
2169 1214 2379 1285 (Jerem.
2410 1230 2501 1274 vn.
2527 1213 2640 1283 ἓξ).
2672 1213 2734 1266 Et
2760 1212 2897 1265 alios
2925 1212 3177 1279 prepheta
3207 1228 3219 1262 :
3250 1210 3414 1265 Sicuti
3447 1216 3531 1263 est

1953 1306 2021 1360 ab
2050 1305 2222 1371 initio,
2257 1306 2327 1358 ita
2361 1318 2525 1373 usque
2553 1303 2604 1356 in
2633 1302 2907 1362 sa‘culum,
2948 1316 3119 1369 neque
3160 1299 3422 1368 adjectum
3447 1308 3531 1353 est

1952 1403 2022 1466 ei,
2059 1416 2231 1467 neque
2262 1401 2528 1454 minuetur
2562 1399 2659 1463 illi,
2692 1400 2941 1465 quoniam
2986 1404 3099 1466 ipse
3144 1406 3226 1451 ('SI.
3274 1396 3530 1449 Dominus

1952 1499 2211 1546 creatura:
2253 1503 2384 1542 sum.
2429 1488 2563 1542 Ecce
2608 1487 2764 1557 quale
2808 1487 3024 1541 verbum
3065 1487 3356 1541 breviatum
3403 1484 3531 1539 fe‘cit

1954 1577 2213 1635 Dominus
2244 1577 2293 1631 in
2325 1577 2459 1632 orbe
2490 1587 2773 1642 terrarum,
2807 1592 2910 1630 non
2940 1577 3048 1643 qui,
3080 1584 3137 1629 ut
3169 1590 3265 1629 vos
3309 1576 3526 1643 putat?s,

1954 1671 2264 1729 inferiorem
2288 1670 2432 1725 Patri
2457 1670 2728 1725 intimaret
2757 1669 3059 1723 hominibus
3082 1668 3295 1734 Filium,
3323 1665 3417 1722 sed
3439 1664 3529 1736 qui

1956 1765 2306 1825 novissimum
2338 1765 2454 1836 ejus
2476 1764 2813 1818 annuntiaret
2842 1764 3149 1817 adventum.

2516 1852 2741 1909 CAPUT
2780 1853 2961 1907 XLIV.

1996 1949 2093 2007 Ubi
2124 1948 2297 2002 dicunt
2329 1945 2520 2001 Fiiium
2551 1962 2653 1998 non
2683 1946 2745 1998 de
2788 1944 2960 1998 Patris
2995 1943 3269 1996 substantia
3299 1952 3491 1999 natum.

2025 2042 2082 2099 Si
2109 2052 2284 2098 autem
2313 2039 2543 2094 dixerint
2569 2056 2582 2092 :
2608 2038 2800 2092 Filium
2833 2054 2937 2093 non
2960 2037 3026 2092 de
3046 2047 3260 2105 paterna
3285 2036 3530 2090 substan-

1956 2140 2026 2195 tia
2051 2147 2255 2203 natnm,
2283 2134 2377 2191 sed
2406 2133 2473 2190 de
2500 2133 2600 2188 alia
2630 2131 2923 2189 substantia
2953 2138 3283 2198 generatum.

2027 2228 2190 2301 803
2227 2227 2526 2297 Responsio.
2563 2225 2672 2280 Nos
2696 2237 2906 2293 quoque
2925 2221 3013 2291 qui
3044 2221 3196 2275 unius
3222 2216 3530 2274 substantia:

1957 2319 2168 2373 Patrem
2199 2327 2252 2371 et
2290 2316 2482 2371 Filium
2513 2313 2851 2378 confitemur,
2878 2310 2946 2366 de
2982 2310 3276 2366 substantia
3314 2307 3405 2360 Dei
3434 2306 3532 2359 Pa-

1957 2408 2055 2461 tris
2077 2405 2269 2461 Filium
2292 2420 2413 2459 esse
2437 2404 2611 2457 divina
2642 2403 2958 2456 auctoritate
2981 2399 3277 2460 docuimus,
3300 2394 3531 2451 Ieremia

1958 2499 2217 2567 propheta
2247 2496 2457 2551 dicente
2487 2511 2499 2547 :
2529 2494 2700 2560 Super
2731 2501 2938 2546 mentes
2976 2489 3199 2557 accipite
3238 2486 3529 2552 planctum,
3558 2494 3567 2504 ‘

1959 2597 2013 2644 et
2038 2603 2197 2656 super
2225 2586 2445 2642 semitas
2473 2583 2669 2638 deserti
2696 2580 3151 2642 lamentationem,
3179 2576 3297 2642 quia
3319 2572 3532 2627 defece-

1960 2684 2104 2739 runt,
2135 2690 2200 2730 eo
2228 2674 2367 2743 quod
2401 2688 2505 2728 non
2535 2674 2645 2726 sint
2671 2669 2932 2731 homines,
2959 2669 3081 2736 quia
3121 2664 3305 2717 audire
3338 2661 3527 2714 uolue-

1959 2775 2085 2820 runt
2113 2780 2298 2819 vocem
2329 2764 2637 2821 substantia:
2661 2777 2816 2829 mere,
2840 2776 2869 2814 a
2895 2758 3202 2814 volucribus
3222 2755 3340 2809 οωιί
3364 2766 3531 2821 usque

1960 2856 2027 2911 ad
2070 2856 2306 2925 jumenta
2350 2865 2531 2909 mente
2570 2852 2883 2907 exciderunt
2920 2849 3131 2919 (lerem.
3168 2860 3241 2905 ix,
3269 2842 3372 2908 10).
3403 2843 3529 2894 Item

1962 2945 2032 3000 ibi
2061 2962 2073 2998 :
2099 2946 2228 3012 Quis
2256 2944 2402 2999 stetit
2441 2944 2493 2997 in
2521 2942 2813 2997 substantia
2844 2938 3075 3000 Domini,
3108 2947 3158 2990 et
3191 2933 3386 2988 videbit
3414 2948 3532 2986 ver-

1961 3034 2085 3090 bum
2105 3033 2232 3089 Dei?
2259 3035 2377 3102 quis
2398 3047 2580 3087 aurem
2609 3030 2831 3098 pra-ltuit
2856 3037 2909 3081 et
2930 3026 3127 3080 audivit
3144 3023 3354 3095 (Jerem.
3375 3036 3531 3083 um,

1964 3124 2088 3194 18)?
2128 3124 2189 3178 Et
2217 3122 2288 3178 ibi
2328 3138 2343 3177 :
2377 3122 2432 3178 Si
2475 3121 2749 3177 stetissent
2792 3120 2844 3173 in
2891 3116 3181 3172 substantia
3229 3128 3367 3173 mea,
3407 3112 3533 3166 etsi

273 3207 533 3298 randum,
559 3229 695 3285 dicit
732 3230 989 3284 Dominus
1016 3227 1358 3297 omnipotens
1393 3225 1545 3298 (hui.
1579 3242 1631 3291 ι,
1670 3225 1763 3295 2)?
1794 3215 1933 3311 Ei’C
1962 3216 2237 3271 audissent
2262 3215 2421 3270 verba
2444 3229 2583 3277 mea,
2608 3222 2662 3267 et
2683 3213 2728 3267 si
2749 3207 3318 3277 docuisseutpopnlum
3337 3221 3532 3271 meum,

275 3324 478 3378 iterum
502 3337 517 3374 :
544 3320 669 3374 Haec
698 3319 827 3374 dicit
856 3318 1109 3373 Dominus
1137 3318 1279 3372 Deus
1306 3320 1647 3385 omnipotens
1672 3332 1686 3373 :
1710 3315 1860 3371 Nun-

276 3412 413 3481 quid
442 3412 750 3466 abhreviata
773 3418 856 3466 est
883 3424 1068 3464 manus
1091 3424 1231 3474 mea,
1261 3419 1315 3461 ut
1341 3409 1549 3463 salvare
1570 3424 1672 3462 non
1697 3408 1863 3475 possit

284 3505 442 3574 (fsai.
471 3518 577 3567 ur,
606 3501 693 3571 l)?
716 3501 822 3555 Aut
850 3516 954 3554 non
986 3508 1158 3568 potest
1178 3499 1448 3553 vivificare
1468 3513 1560 3552 cor
1584 3497 1859 3551 humilium

281 3605 345 3650 et
367 3591 616 3662 spiritum
646 3589 1018 3644 contritorum.
1049 3588 1115 3642 Et
1143 3598 1199 3642 ut
1228 3587 1501 3641 brachium
1544 3586 1717 3641 Patris
1743 3600 1863 3655 qua:

284 3698 479 3738 manus
497 3691 600 3747 est,
635 3679 827 3734 Filium
868 3694 986 3734 esse
1016 3677 1255 3743 doceret,
1295 3675 1473 3730 intulit
1510 3675 1732 3729 dicens:
1764 3674 1863 3728 Pa-

285 3776 433 3834 ravit
474 3774 736 3830 Dominus
787 3771 1059 3827 brachium
1108 3777 1350 3823 sanctum
1398 3782 1550 3821 suum
1598 3766 1649 3820 in
1696 3765 1863 3820 oculis

286 3866 526 3921 omnium
549 3864 810 3934 gentium,
835 3869 890 3916 et
911 3859 1363 3915 videbuntomnes
1389 3856 1519 3910 fines
1541 3864 1695 3910 terrae
1724 3853 1864 3909 salu-

291 3966 405 4010 tare
426 3956 543 4023 ejus
571 3951 726 4023 (lsai.
757 3965 848 4016 ιιι,
872 3949 981 4019 10).
1008 3948 1137 4002 Nam
1166 3946 1288 4001 etin
1318 3944 1607 3999 novissimo
1625 3951 1864 4009 tempore

290 4046 379 4100 hic
399 4057 593 4099 sensus
618 4055 725 4095 non
755 4039 983 4093 inaniter
1013 4036 1207 4105 poterit
1232 4034 1491 4103 coaptari,
1522 4032 1573 4085 in
1599 4045 1706 4100 quo
1726 4038 1863 4084 tem-

288 4149 421 4203 pore
454 4131 712 4186 Dominus
736 4127 896 4199 ΜΩ
926 4141 1018 4195 pro
1047 4124 1412 4194 redemptione
1443 4131 1623 4177 nostra
1650 4135 1863 4175 carnem

288 4219 638 4290 περιτίθηάο
672 4217 914 4279 advenit,
945 4224 1002 4270 ut
1027 4225 1082 4270 et
1111 4214 1258 4268 illum
1285 4213 1375 4282 qui
1420 4211 1647 4266 habebat
1678 4210 1867 4265 mortis

288 4310 576 4379 imperium
604 4322 700 4362 sua
730 4315 901 4361 morte
927 4306 1247 4367 destrueret,
1276 4312 1330 4356 et
1358 4315 1451 4357 eos
1479 4315 1611 4370 quos
1635 4300 1686 4353 in
1720 4309 1868 4354 tene-

291 4399 402 4454 bris
424 4408 479 4453 et
499 4398 689 4452 umbra
720 4398 908 4450 mortis
936 4395 1172 4464 captivos
1200 4393 1503 4462 subegerat,
1532 4390 1724 4445 virtute
1752 4404 1866 4444 sum

294 4489 546 4557 potentiae
589 4489 643 4542 in
686 4488 803 4557 ipso
856 4502 1019 4557 parvo
1064 4494 1120 4541 et
1164 4486 1355 4554 exiguo
1396 4484 1654 4552 temporis
1691 4481 1867 4550 spatio

295 4576 569 4633 liberaret.
614 4577 693 4631 De
736 4575 837 4630 hoc
880 4576 1039 4630 etiam
1075 4574 1268 4644 exiguo
1308 4582 1547 4639 tempore
1580 4572 1867 4640 discipulos
1896 4582 1944 4641 Ι)

296 4665 613 4731 instruebat,
645 4664 771 4720 dum
811 4677 909 4719 eos
952 4664 1005 4718 in
1055 4663 1249 4727 lucem,
1292 4675 1412 4716 cum
1457 4660 1631 4715 adhuc
1663 4669 1871 4729 tempus

296 4754 576 4818 haberent,
603 4753 852 4808 incedere
883 4751 1231 4822 proponebat.
1266 4749 1444 4815 Pueri,
1474 4749 1663 4819 inquit,
1689 4750 1869 4804 novis-

296 4845 436 4898 sima
466 4842 593 4897 hora
619 4850 733 4911 est;
766 4856 885 4897 cum
911 4843 1081 4896 lucem
1113 4839 1341 4901 habetis,
1366 4837 1632 4892 ambulate
1655 4837 1707 4890 in
1731 4837 1870 4899 luce,

298 4947 369 4986 ne
400 4946 496 4985 vos
526 4932 759 4987 tenebrae
788 4930 1243 4999 comprehendant
1267 4925 1447 4996 (Joau.
1470 4942 1565 4989 xu,
1593 4925 1681 4997 55)
1731 4927 1789 4981 Et
1816 4928 1868 4981 in

298 5018 580 5075 Cauouicis
600 5036 614 5073 :
638 5019 831 5083 Filioli,
859 5019 1145 5074 novissima
1172 5018 1297 5073 hora
1320 5024 1401 5071 est
1422 5015 1472 5085 (1
1497 5015 1649 5070 Joan.
1678 5032 1733 5081 ιι,
1755 5019 1868 5085 18).

303 5109 368 5163 Et
397 5112 538 5163 unde
566 5111 763 5165 scimus
787 5110 909 5178 quia
940 5109 1229 5163 novissima
1262 5108 1390 5161 hora
1415 5117 1494 5160 est
1508 5107 1531 5155 ’ἶ
1569 5107 1687 5172 quia
1721 5107 1869 5162 multi

301 5198 779 5269 pseudopropheta'
801 5200 1045 5254 exierunt
1066 5198 1118 5250 in
1146 5197 1286 5251 hunc
1303 5194 1575 5269 mundum.
1601 5195 1663 5249 Et
1681 5195 1871 5248 Paulus

301 5267 576 5355 apostolus
603 5267 619 5343 ξ
647 5288 880 5355 Tempus
906 5286 1048 5341 enim
1082 5285 1241 5339 breve
1272 5294 1355 5339 est
1380 5281 1432 5354 (l
1464 5267 1582 5336 (ἴον.
1620 5298 1715 5349 vit,
1752 5283 1868 5351 ‘29).

302 5374 371 5429 Et
406 5377 593 5431 iterum
622 5393 635 5429 :
671 5376 913 5431 Praeterit
940 5375 1081 5429 enim
1113 5374 1273 5437 figura
1303 5371 1461 5441 hujus
1481 5371 1663 5427 mundi
1683 5369 1868 5440 (lbid.,

302 5465 429 5535 3f).
448 5466 514 5521 Et
542 5466 732 5520 iterum
760 5480 775 5519 :
797 5465 984 5519 Omnia
1009 5465 1121 5517 hac
1140 5462 1206 5516 ad
1230 5462 1610 5517 correctionem
1636 5468 1870 5512 noster

304 5557 437 5611 facta
478 5565 626 5621 sunt,
666 5556 721 5609 in
749 5569 880 5623 quos
919 5554 1038 5607 finis
1079 5552 1397 5608 szecttlorum
1428 5550 1642 5603 obvenit
1668 5546 1720 5619 (Ι
1752 5547 1870 5601 Cor.

305 5661 357 5710 ι,
388 5645 494 5715 11).
528 5645 661 5699 Nam
706 5652 762 5698 et
802 5642 1058 5699 Dominus
1096 5641 1148 5695 in
1189 5639 1299 5710 ipsa
1329 5639 1579 5694 Oratione
1609 5637 1872 5691 dominica

307 5735 563 5793 breviavit
590 5748 803 5788 omnem
837 5745 1163 5798 sermonem,
1191 5732 1314 5783 dum
1355 5743 1450 5781 nos
1480 5743 1508 5781 a
1542 5727 1875 5796 multiloquio

310 5823 618 5894 prohibens,
645 5820 823 5879 omnia
850 5820 1091 5877 docuerit
1118 5833 1236 5890 qua:
1281 5817 1582 5890 pertineant.
1623 5815 1689 5873 ad
1732 5814 1873 5873 salu—

1962 3316 2253 3360 avertercm
2285 3320 2379 3360 eos
2404 3318 2433 3357 a
2462 3302 2652 3358 studiis
2673 3317 2855 3356 eorum
2880 3298 3124 3369 pessimis
3147 3297 3356 3366 (Jerem.
3383 3309 3531 3356 xuii,

1961 3393 2076 3465 21).
2104 3396 2170 3450 Et
2198 3394 2485 3465 Apostolus
2511 3410 2524 3447 :
2550 3394 2681 3447 Cum
2707 3393 2777 3447 sit
2801 3389 3054 3460 splendor
3080 3387 3262 3456 gloria:
3288 3392 3340 3439 et
3373 3385 3536 3451 figura

1961 3490 2272 3545 substantia:
2299 3489 2415 3558 ejus
2446 3487 2632 3559 (Hebr.
2674 3502 2711 3552 ι,
2752 3486 2828 3554 5).
2881 3484 3009 3537 Item
3060 3480 3216 3549 ipse':
3248 3476 3537 3543 Participes

1962 3581 2103 3637 enim
2132 3582 2222 3636 Dei
2242 3581 2362 3635 facti
2388 3594 2593 3643 sumus,
2623 3578 2827 3633 initium
2850 3574 3162 3632 substantia:
3185 3572 3301 3641 ejus
3328 3571 3538 3625 firmum

1964 3673 2287 3727 retineamus
2319 3672 2506 3740 (Hebr.
2546 3686 2629 3734 ιιι,
2672 3669 2781 3733 li).
2833 3668 2899 3722 Et
2940 3666 2993 3721 in
3039 3664 3368 3719 Salomone:
3401 3661 3540 3716 Sub-

1963 3764 2155 3819 stantia
2184 3778 2299 3817 mea
2325 3761 2553 3817 dulcedo
2585 3774 2700 3814 mea
2730 3767 2812 3813 est
2840 3756 2996 3826 (Sap.
3040 3769 3145 3817 xvi,
3179 3751 3293 3820 il).
3330 3750 3407 3804 Ex
3441 3751 3541 3803 hoc

1966 3853 2178 3907 tandem
2221 3866 2452 3921 agnosce
2490 3850 2740 3919 quoniam
2778 3846 2868 3916 qui
2905 3844 2998 3900 Dei
3036 3842 3210 3898 Patris
3244 3839 3541 3893 substantia

1964 3949 2321 4009 nuncupatur,
2352 3941 2420 3993 ab
2447 3938 2632 3994 eadem
2659 3935 2863 3990 alienus
2891 3948 3012 3989 esse
3041 3946 3145 3986 non
3177 3927 3431 3984 creditur.

2534 4074 2760 4132 CAPUT
2797 4072 2959 4128 XLV.

1971 4192 2069 4249 Ubi
2097 4191 2272 4245 dicunt
2310 4187 2554 4244 minorem
2593 4200 2700 4239 esse
2747 4182 2966 4247 Filium,
2990 4182 3108 4248 quia
3138 4154 3226 4246 per
3254 4191 3367 4230 eum
3401 4173 3542 4228 Patri

2495 4257 2673 4327 gratia:
2700 4258 3009 4323 referuntur.

2037 4362 2091 4417 Si
2130 4361 2223 4416 tibi
2265 4357 2497 4413 dixerint
2531 4374 2546 4412 :
2584 4355 2706 4410 Ideo
2734 4353 2911 4409 minor
2945 4359 3029 4406 est
3068 4349 3257 4415 Filius,
3286 4347 3408 4418 quia
3452 4362 3544 4417 per

1969 4455 2139 4524 ipsum
2173 4451 2279 4504 Deo
2306 4447 2445 4504 Patri
2476 4445 2662 4517 gratiae
2686 4442 3009 4498 referuntur.
3038 4456 3041 4459 λ

2042 4541 2341 4611 Responsio.
2394 4537 2472 4590 Ex
2522 4535 2625 4589 hoe
2669 4532 2866 4602 quippe
2913 4526 3227 4598 apostolico,
3263 4523 3405 4579 unde
3444 4522 3546 4577 hoc

1972 4629 2221 4685 videmini
2250 4642 2448 4697 ponere
2478 4624 2864 4684 testimonium,
2895 4637 2959 4675 ex
2988 4620 3104 4687 ipso
3137 4626 3192 4671 et
3224 4631 3321 4670 nos
3346 4616 3547 4682 absque

1971 4719 2064 4774 filii
2106 4718 2318 4773 nomine
2354 4716 2599 4771 eumdem
2643 4714 2813 4783 ipsum
2859 4722 3229 4778 saepenumero
3266 4707 3375 4760 Deo
3404 4703 3547 4759 Patri

1971 4810 2168 4879 gratias
2198 4808 2447 4863 retulisse
2487 4804 2793 4874 probamus.
2838 4801 2958 4870 ipso
2998 4797 3251 4851 Romana:
3295 4793 3548 4848 Ecclesia:

1973 4900 2284 4954 scribente:
2317 4896 2528 4952 Gratias
2560 4903 2736 4948 autem
2789 4892 2921 4953 Deo,
2973 4887 3162 4958 inquit,
3208 4887 3328 4955 quia
3374 4885 3548 4940 fuistis

1973 4994 2112 5049 servi
2142 4994 2344 5063 peccati
2368 4992 2540 5058 (Rom.
2568 5004 2639 5052 vr,
2670 4986 2780 5056 I7).
2816 4984 2884 5039 Et
2915 4982 3046 5037 infra
3076 5001 3089 5035 :
3119 4979 3346 5035 Liberali
3370 4988 3546 5033 autent

1973 5102 2002 5139 ιι
2030 5096 2269 5154 pet-cato,
2301 5081 2442 5137 servi
2467 5079 2587 5135 facti
2608 5076 2995 5146 estisjustitize.
3024 5075 3091 5129 Et
3114 5075 3179 5128 ad
3204 5071 3544 5127 Corinthios:

1975 5177 2085 5231 Deo
2128 5185 2304 5229 autem
2352 5173 2574 5243 gratias,
2616 5170 2703 5240 qui
2750 5169 2895 5224 dedit
2939 5166 3092 5223 nobis
3137 5165 3412 5220 victoriam
3454 5176 3547 5229 per

1978 5266 2258 5321 Dominum
2290 5271 2529 5318 nostrum
2560 5263 2741 5317 Jcsum
2769 5258 3040 5314 Christum
3074 5256 3125 5329 (1
3156 5256 3271 5310 Cor.
3310 5270 3397 5318 xv,
3429 5249 3546 5320 57).

1974 5360 2104 5415 Item
2140 5358 2207 5410 ibi
2238 5377 2254 5413 :
2285 5356 2393 5410 Deo
2422 5364 2600 5408 autem
2630 5353 2847 5423 gratias,
2881 5352 2967 5420 qui
2997 5362 3210 5416 semper
3237 5360 3331 5399 nos
3359 5343 3546 5397 trium-

1980 5448 2141 5519 pltare
2170 5447 2249 5500 l‘ac
2275 5453 2292 5499 ι
2320 5447 2370 5498 in
2400 5444 2615 5498 Christo
2644 5440 2732 5512 (11
2764 5441 2883 5495 Cor.
2931 5455 2987 5503 ιι,
3032 5437 3143 5507 14).
3178 5435 3241 5488 Ει
3269 5433 3333 5487 ad
3366 5430 3547 5499 Ephe-

1981 5543 2090 5595 sios
2120 5559 2132 5593 :
2160 5539 2324 5607 Hujus
2354 5538 2428 5591 rei
2460 5536 2626 5605 gratia
2672 5535 2827 5588 flecto
2864 5545 3032 5602 genua
3070 5542 3186 5582 mea
3226 5526 3291 5580 ad
3336 5526 3548 5582 Patrem

1977 5630 2182 5686 Domini
2206 5628 2368 5682 nostri
2382 5626 2508 5681 Jesu
2523 5624 2719 5679 Christi
2741 5621 2953 5693 (Ephes.
2971 5634 3048 5683 ιιι,
3070 5616 3178 5686 Ib).
3197 5616 3257 5671 Et
3275 5614 3341 5670 ad
3357 5614 3549 5669 Colos-

1976 5735 2159 5776 scnses
2184 5736 2196 5771 :
2221 5718 2382 5788 404
2404 5713 2694 5772 Confortati
2722 5710 3011 5766 secundum
3045 5706 3336 5777 potentiam
3360 5706 3549 5776 gloriae

1977 5812 2091 5883 ejus
2121 5812 2174 5867 in
2204 5822 2417 5867 omnem
2459 5804 2767 5878 patientiam
2806 5810 2860 5861 et
2896 5800 3347 5874 longanimitatem
3382 5816 3395 5853 :
3429 5812 3555 5854 cum
