3962 6178
377 306 483 362 εὲἶ

1676 294 1902 353 VIGILII
1942 293 2301 349 TAPSENSIS

3524 299 3629 353 εει

387 415 576 487 gaudio
601 412 795 485 gratias
819 420 1032 483 agentes
1059 414 1167 468 Deo
1195 422 1245 467 et
1277 412 1416 467 Patri
1440 412 1571 483 (Coi.
1601 428 1638 476 ι,
1670 412 1778 481 Η).
1806 411 1867 464 Ει
1888 410 1953 463 ad
1982 410 2029 467 A
2059 409 2222 463 Jaeob
2254 409 2391 463 idem
2425 409 2682 465 Dominus
2708 410 2876 465 dixit:
2905 412 3013 479 Ego
3043 426 3155 465 sum
3188 413 3328 466 Dens
3356 412 3442 481 qui
3478 414 3625 466 visus

382 510 717 562 Timotheum
749 526 762 562 :
798 506 1005 561 Gratias
1032 522 1130 575 ago
1165 507 1271 559 Deo
1304 521 1445 571 meo,
1472 506 1554 560 cui
1586 507 1762 559 servio
1792 521 1818 559 a
1853 505 1950 572 pri-

381 599 798 669 tuogenitoribus
838 599 972 654 meis
998 600 1049 652 in
1079 599 1178 652 fide
1203 598 1285 667 (ll
1318 598 1450 652 Tim.
1482 614 1521 667 ι,
1560 601 1636 666 5).
1680 602 1947 667 Agnosee,

374 692 628 760 quoniam
660 691 799 745 sicut
825 691 876 743 in
909 692 1065 746 Patre
1098 699 1153 744 et
1180 690 1231 742 in
1258 690 1390 744 Filio
1421 705 1521 744 una
1550 698 1634 744 est
1667 688 1950 743 credulitas

376 792 435 834 et
458 781 743 844 confeSsio,
765 795 866 849 qua
893 780 1176 834 Christimi
1208 795 1455 834 vocamur
1480 789 1534 834 et
1556 795 1770 840 sumus;
1805 779 1871 832 ita
1899 780 1949 832 in

373 874 456 928 eis
485 872 773 941 gratiarum
807 872 944 927 actio
975 887 1074 926 una
1104 880 1206 937 est,
1234 873 1359 927 dum
1404 874 1630 940 petimus
1662 883 1714 927 ut
1752 872 1949 941 aliquid

379 978 700 1025 tnereamur,
730 963 813 1017 vel
840 978 958 1017 cum
992 978 1087 1031 pro
1120 962 1325 1017 collatis
1359 966 1651 1033 gratiarum
1683 964 1948 1019 actionem

375 1053 740 1122 rependimus.

945 1142 1170 1201 CAPUT
1209 1146 1389 1200 XLVI.

486 1233 584 1288 Ubi
614 1235 734 1287 dicit
762 1233 927 1289 Filius
954 1252 971 1289 :
995 1236 1151 1290 Pater
1180 1239 1301 1291 mihi
1325 1240 1581 1293 constituit
1610 1257 1837 1309 regnum.

448 1323 504 1379 Si
529 1334 703 1379 autem
727 1325 956 1380 dixerint
979 1328 1117 1396 quod
1148 1329 1262 1396 ipse
1297 1329 1464 1383 Filius
1505 1330 1775 1398 discipulis
1798 1332 1950 1386 dixe-

373 1414 447 1469 rit
473 1456 481 1465 .
511 1415 619 1482 Ego
645 1414 799 1468 vobis
826 1417 1114 1484 constituo,
1146 1420 1281 1472 sicut
1322 1419 1448 1473 mihi
1491 1420 1647 1475 Pater
1674 1423 1951 1478 constituit

376 1520 599 1573 regnum
631 1504 785 1575 (Luc.
815 1521 948 1572 χχιι,
980 1505 1093 1575 2'1).

445 1596 743 1666 Responsio.
790 1597 941 1652 Sicut
988 1598 1141 1653 Pater
1181 1599 1311 1654 Filio
1348 1616 1445 1655 suo
1488 1618 1707 1672 regnum
1749 1607 1949 1661 consti-

370 1689 535 1743 tuisse
563 1689 777 1755 diritur,
806 1691 879 1743 ita
906 1690 1072 1744 Filius
1101 1691 1242 1746 Patri
1288 1709 1502 1762 regnum
1538 1697 1820 1753 tradidisse
1850 1698 1947 1753 do-

369 1790 540 1846 cetur,
573 1780 831 1849 Apostolo
870 1783 1254 1838 confirmante:
1290 1786 1663 1857 Ututsqnisque
1685 1798 1861 1846 autem
1891 1793 1942 1847 in
1976 1776 2023 1835 Β
2049 1784 2147 1822 ¹¹¹¹⁸
2192 1779 2450 1823 remum“
2490 1785 2505 1821 ³

264 1936 275 1943 _
370 1885 468 1924 suo
510 1870 717 1936 ordine,
761 1874 876 1925 ait:
910 1872 1112 1927 initium
1160 1874 1424 1941 Christus,
1458 1878 1650 1933 deinde
1691 1882 1779 1949 qui
1819 1891 1945 1938 sunt

373 1960 594 2025 Christi,
619 1964 705 2030 qui
730 1963 779 2016 in
805 1952 1223 2032 adventuuicjns
1255 1978 1547 2036 resurgent.
1578 1970 1775 2026 Deinde
1801 1972 1941 2040 finis,

370 2066 491 2103 cum
538 2052 809 2106 tradiderit
852 2050 1070 2121 regnum
1106 2054 1211 2107 Deo
1251 2055 1415 2122 Patri,
1448 2074 1565 2112 cum
1604 2066 1943 2119 etacuaverit

370 2160 583 2199 omnem
624 2146 978 2214 principatum
1009 2157 1055 2199 et
1089 2163 1301 2200 omnem
1345 2159 1658 2217 potestatem
1690 2164 1742 2209 et
1776 2156 1943 2210 virtu-

370 2245 476 2293 tem
509 2236 558 2304 (Ι
591 2235 710 2291 Cor.
741 2254 830 2303 xv,
879 2238 995 2305 23).
1046 2238 1111 2293 Et
1160 2241 1209 2294 in
1260 2244 1575 2313 Apocalypsi
1608 2264 1619 2295 :
1656 2246 1940 2303 lledemisti

368 2343 468 2381 nos
493 2330 598 2382 Deo
629 2329 681 2382 iu
717 2331 973 2399 sanguine
1005 2342 1112 2397 tuo,
1142 2347 1211 2387 ex
1234 2334 1377 2387 omni
1411 2336 1571 2401 tribu,
1594 2348 1641 2391 et
1672 2337 1866 2408 lingua,
1888 2348 1942 2394 et

367 2433 547 2489 gen'e,
580 2431 634 2476 ct
659 2422 827 2478 fecisti
868 2437 965 2477 nos
1006 2423 1115 2479 Deo
1144 2440 1362 2493 regnum
1394 2426 1577 2498 (Apoc.
1610 2445 1660 2496 ν,
1689 2430 1764 2501 9).
1789 2431 1940 2498 Quod

366 2530 495 2567 vero
528 2530 686 2567 unum
716 2525 874 2584 atque
903 2531 1190 2572 commune
1224 2516 1453 2574 habeant
1485 2521 1640 2575 Pater
1670 2532 1721 2576 et
1753 2522 1939 2587 Filius,

366 2604 430 2655 ad
468 2603 726 2673 Ephesios
755 2606 992 2661 scribens
1022 2608 1209 2676 probat
1235 2611 1545 2678 Apostolus,
1579 2613 1798 2668 dicens:
1832 2616 1942 2671 lIoc

364 2696 507 2748 enim
539 2696 746 2761 scitote,
778 2697 1131 2768 iutelligentes
1154 2701 1294 2768 quod
1327 2702 1499 2756 omnis
1524 2704 1828 2768 fornicator,
1852 2717 1941 2762 aut

364 2787 687 2851 immundus,
720 2799 810 2842 aut
848 2804 1060 2856 avarus,
1092 2793 1231 2860 quod
1264 2801 1344 2847 est
1390 2793 1650 2849 idolorum
1690 2798 1941 2866 servitus,

366 2892 470 2929 n04
492 2877 649 2932 habet
675 2879 1036 2935 harreditatem
1067 2883 1116 2935 in
1143 2898 1306 2951 regno
1327 2884 1524 2939 Christi
1547 2897 1598 2940 et
1618 2886 1937 2959 Dei(Ep/res.

364 2982 418 3029 ν,
449 2968 525 3035 5).
555 2968 684 3023 Cum
718 2971 877 3040 igitur
904 2973 1126 3028 videatis
1169 2991 1329 3029 unum
1371 2990 1490 3032 esse
1519 2994 1738 3046 regnum
1770 2981 1940 3037 Patris

362 3068 417 3113 et
448 3058 585 3126 Filii,
611 3077 707 3116 cur
737 3077 832 3116 vos
865 3064 1027 3134 impio
1064 3065 1311 3134 dogmate
1343 3068 1462 3122 talia
1494 3068 1559 3125 de
1595 3068 1689 3124 illo
1726 3086 1942 3127 asseve—

363 3163 482 3205 rare
505 3154 805 3233 conamini?

906 3242 1132 3301 CAPUT
1175 3246 1381 3302 XLVII.

367 3327 466 3383 Ubi
493 3331 664 3385 dicunt
699 3331 745 3385 F
749 3334 914 3399 ilium,
939 3352 1039 3389 non
1072 3335 1299 3403 Putrem,
1329 3342 1627 3408 apparuisse
1654 3342 1934 3412 prapltetis.

432 3430 592 3502 405
639 3433 695 3487 Si
750 3435 841 3489 tibi
892 3435 1122 3491 dixerint
1165 3453 1179 3489 :
1227 3437 1281 3491 In
1337 3439 1437 3493 hoc
1486 3439 1652 3494 Filius
1701 3456 1728 3493 a
1782 3441 1937 3498 Patre

364 3525 670 3587 agnoscitur
708 3525 929 3579 minoris
972 3541 1092 3582 esse
1138 3527 1367 3596 virtutis,
1400 3529 1521 3598 quia
1567 3530 1714 3586 solus
1749 3531 1937 3601 legitur

364 3612 674 3678 apparuisse
701 3614 995 3681 prephetis.

439 3699 741 3769 Itrsponsio.
772 3704 1228 3769 Quemadmodum
1261 3707 1425 3763 Filius
1453 3711 1706 3779 apostolis
1731 3728 1793 3767 ac
1818 3730 1937 3783 pro-

365 3791 540 3859 phetis
570 3796 880 3862 apparuisse
917 3797 1097 3851 divina
1129 3799 1440 3854 auctoritate
1473 3802 1745 3869 probatur,
1782 3806 1851 3858 ita
1884 3817 1938 3860 et

364 3881 575 3935 Patrem
599 3887 906 3951 apparuisse
933 3886 1117 3941 iisdem
1145 3888 1337 3944 litteris
1360 3891 1633 3960 educetur,
1664 3896 1938 3952 Ezechiele

366 3972 621 4040 prepheta
653 3973 861 4029 dicente
893 3993 903 4028 :
937 3975 1001 4029 Et
1031 3978 1162 4031 facta
1189 3988 1270 4033 est
1298 3994 1459 4049 super
1493 3998 1579 4038 me
1610 4000 1795 4041 manus
1835 3986 1938 4039 Do-

366 4062 518 4125 tnini,
546 4076 599 4117 et
639 4066 710 4120 ait
747 4067 811 4121 ad
842 4083 928 4123 me
959 4086 972 4123 :
1006 4069 1195 4140 Surge,
1225 4074 1479 4141 egredere
1510 4078 1560 4130 in
1591 4092 1854 4144 campum,
1885 4088 1939 4134 et

364 4153 435 4208 ibi
465 4156 649 4225 loquar
678 4157 743 4211 ad
789 4168 860 4213 te.
907 4160 970 4214 Et
1011 4162 1261 4227 surrexit,
1296 4175 1346 4218 et
1385 4167 1514 4220 exiit
1546 4184 1561 4220 :
1592 4177 1647 4222 et
1680 4184 1804 4224 ecce
1832 4170 1940 4223 illic

364 4245 617 4315 majestas
666 4249 871 4304 Domini
922 4252 1114 4319 stabat,
1151 4254 1288 4309 sicut
1334 4257 1582 4326 majestas
1628 4260 1742 4328 ejus
1781 4277 1938 4329 quem

363 4337 472 4390 vidi
500 4339 563 4393 ad
595 4339 808 4396 ﬂuvium
831 4342 1040 4398 Chobar
1063 4344 1271 4413 (Ezech.
1298 4350 1502 4421 ιιι,·22).
1530 4352 1598 4405 Ει
1619 4353 1669 4406 in
1689 4353 1936 4409 Daniele:

366 4426 644 4493 Videbam,
667 4440 718 4484 et
747 4447 871 4487 ecce
898 4435 1048 4502 quasi
1078 4436 1232 4492 sedes
1255 4442 1438 4506 posita:
1460 4451 1602 4506 sunt,
1624 4451 1678 4497 et
1699 4455 1937 4500 vetustus

365 4517 571 4573 dierum
616 4522 865 4591 sedebat,
918 4534 968 4580 et
1020 4529 1330 4584 vestimenta
1380 4533 1496 4602 ejus
1535 4536 1757 4591 candida
1799 4540 1937 4595 sicut

364 4610 477 4677 nix,
505 4618 559 4665 et
578 4613 749 4681 capilli
772 4615 958 4683 capitis
980 4616 1096 4686 ejus
1124 4630 1179 4674 ut
1201 4620 1314 4677 lana
1343 4625 1532 4678 munda
1556 4624 1715 4696 (Dan.
1739 4644 1826 4694 vn,
1855 4630 1931 4699 9).

365 4700 434 4753 Et
461 4708 517 4753 ut
545 4701 750 4757 Patrem
784 4704 943 4761 fuisse
963 4706 1177 4764 doceret
1198 4726 1352 4781 quem
1374 4714 1598 4782 viderat,
1625 4728 1935 4785 prosecutus

365 4799 447 4843 est
476 4790 657 4845 dicens
686 4810 700 4848 :
733 4794 985 4851 Videbam
1018 4797 1067 4851 in
1097 4801 1210 4853 visu
1244 4803 1433 4865 noctis,
1465 4813 1519 4857 et
1542 4820 1667 4859 ecce
1698 4806 1747 4859 in
1778 4809 1933 4862 nubi-

366 4878 463 4932 bus
506 4882 623 4934 (το)Ιί
674 4886 822 4950 quasi
871 4874 1009 4941 filius
1039 4886 1268 4944 hominis
1298 4892 1559 4955 veniebat,
1589 4903 1643 4948 et
1673 4911 1838 4963 usque
1867 4897 1932 4951 ad

365 4979 629 5023 vetustum
660 4972 863 5027 dierum
897 4978 1131 5043 pervenit
1161 4979 1344 5049 (lbid.,
1388 4979 1495 5053 15).
1528 4983 1593 5038 Et
1630 4985 1679 5039 in
1718 4988 1936 5042 Actibus

368 5063 751 5129 apostolorum,
769 5064 834 5117 de
857 5067 1026 5132 primo
1049 5082 1281 5139 martyre
1305 5070 1574 5141 Stephano
1593 5076 1659 5129 ita
1679 5076 1934 5133 refertur:

367 5150 484 5217 Ipse
523 5163 701 5205 autem
739 5170 856 5206 cum
898 5164 1041 5210 esset
1073 5159 1254 5225 plenus
1285 5160 1482 5229 Spiritu
1530 5173 1734 5229 sancto,
1768 5167 1938 5220 inten-

368 5242 498 5293 dens
529 5240 579 5293 in
611 5242 828 5308 coelum,
864 5244 995 5298 vidit
1022 5248 1242 5315 gloriam
1278 5250 1387 5313 Dei,
1420 5260 1473 5305 et
1501 5252 1678 5308 Jesum
1710 5264 1937 5311 stantem

368 5334 433 5386 ad
464 5334 735 5388 dexteram
767 5336 855 5390 Dei
890 5338 1024 5405 (Act.
1050 5355 1142 5401 vtt,
1173 5342 1286 5406 55).
1318 5342 1386 5396 Ει
1415 5344 1664 5401 Dominus
1691 5348 1740 5401 iu
1768 5348 1940 5403 Evan-

369 5424 506 5490 gelio
537 5424 684 5479 Isaia:
717 5431 1008 5496 prophetae,
1042 5430 1179 5497 quod
1227 5431 1319 5485 Dei
1363 5433 1533 5489 Patris
1566 5436 1785 5504 gloriam
1819 5455 1940 5506 pro-

290 5570 299 5574 ,
374 5516 501 5580 priis
540 5519 809 5574 obtutibus
845 5522 1238 5588 conspexisset,
1286 5526 1507 5590 priebnit
1555 5528 1935 5598 testimonium,

371 5601 554 5658 dicens
586 5622 599 5658 :
634 5608 754 5662 llaec
778 5609 917 5662 dixit
947 5611 1128 5676 Isaias,
1154 5614 1365 5681 quando
1398 5616 1526 5670 vidit
1554 5619 1774 5684 gloriam
1801 5622 1936 5687 ejus,

374 5701 429 5748 et
458 5693 662 5750 locutus
689 5709 767 5754 est
797 5699 861 5755 de
891 5717 954 5756 eo
982 5700 1157 5773 (Joan.
1197 5719 1288 5768 xu,
1324 5704 1433 5776 41).
1469 5707 1533 5762 Et
1567 5708 1616 5762 iu
1648 5708 1838 5767 Genesi
1872 5713 1935 5769 ad

2054 515 2169 555 sum
2201 500 2289 554 tibi
2323 501 2374 554 in
2407 502 2523 555 loco
2553 501 2668 566 Dei,
2695 502 2781 556 ubi
2814 503 3007 557 unxisti
3039 504 3163 556 mihi
3194 503 3417 570 lapidem
3448 514 3501 557 et
3533 521 3622 557 vo.

2053 590 2171 645 visti
2198 591 2324 643 mihi
2348 601 2525 644 votum
2550 574 2698 662 (Cen.
2721 607 2867 657 χχχι,
2890 593 2996 664 I5).
3023 595 3085 647 Et
3109 595 3158 647 in
3181 594 3317 647 libro
3338 595 3579 649 Judicnm
3605 612 3619 648 :

2051 681 2180 736 Cum
2203 682 2376 737 adhuc
2398 695 2536 737 esset
2561 684 2773 738 Gedeon
2800 685 2850 737 in
2872 684 3083 755 C0pher
3104 686 3266 754 patris
3292 687 3379 739 filii
3409 687 3621 753 IIesdri,

2053 772 2259 827 loeutus
2306 780 2389 826 est
2438 782 2591 827 nocte
2632 773 2719 828 illa
2762 774 3037 841 Dominus,
3084 776 3268 829 dice:s
3309 794 3319 827 :
3362 776 3522 841 Vade,
3566 783 3624 830 et

2052 874 2230 920 everte
2276 881 2422 918 aram
2474 865 2627 932 Baal,
2670 883 2824 934 quam
2868 866 3149 921 rediticavit
3191 879 3339 935 pater
3383 878 3536 933 tuus,
3568 879 3617 924 et

2051 957 2225 1010 locum
2249 955 2337 1022 qui
2366 963 2449 1009 est
2475 970 2635 1023 super
2663 957 2802 1009 illam
2829 956 3012 1009 exrid:
3037 974 3048 1008 ε
3077 966 3129 1010 et
3149 957 3433 1012 tediftcabis
3455 960 3623 1014 a’tare

2054 1044 2164 1100 Deo
2195 1055 2283 1098 tuo
2322 1045 2408 1114 qui
2439 1044 2583 1097 visus
2608 1054 2691 1100 est
2722 1046 2812 1099 tibi
2862 1046 2912 1099 in
2960 1048 3155 1101 vertice
3184 1049 3379 1102 montis
3409 1050 3615 1104 Macoth

2051 1135 2104 1189 in
2135 1135 2471 1190 ordinatione
2502 1134 2695 1205 (Judic.
2733 1151 2805 1199 vr,
2849 1135 2963 1203 21).
2995 1136 3120 1191 Item
3146 1137 3197 1191 in
3221 1139 3414 1193 Genesi
3441 1139 3506 1194 ad
3530 1140 3612 1195 Ja-

2050 1224 2183 1279 Cob:
2211 1225 2349 1279 Dixit
2372 1234 2546 1279 autem
2581 1224 2719 1280 Deus
2740 1226 2805 1281 ad
2834 1227 2994 1282 Jaeob
3019 1246 3030 1279 :
3060 1229 3303 1283 Asccnde
3333 1230 3381 1282 in
3409 1230 3610 1296 Bethel,

2048 1327 2104 1372 et
2134 1317 2309 1370 habita
2338 1316 2404 1371 ibi
2426 1358 2438 1377 .
2469 1327 2519 1371 et
2552 1316 2630 1370 fac
2664 1317 2733 1371 ibi
2764 1319 2932 1373 altare
2976 1319 3083 1373 Deo
3111 1322 3196 1386 qni
3230 1322 3370 1375 visus
3411 1332 3489 1375 est
3521 1323 3615 1377 tibi

2050 1404 2100 1458 iu
2148 1407 2255 1469 via,
2298 1421 2418 1459 enm
2472 1406 2682 1476 fugeres
2729 1422 2754 1458 a
2795 1407 2956 1478 ωε
2992 1408 3125 1463 facie
3158 1410 3295 1464 Esau
3338 1411 3511 1466 fratris
3542 1414 3614 1467 tui

2050 1497 2205 1565 (Gen.
2232 1493 2498 1568 xxva).
2537 1499 2705 1554 Unum
2739 1500 2828 1553 tibi
2854 1501 2991 1568 quod
3024 1502 3252 1556 volucris
3276 1503 3409 1571 elige
3435 1519 3464 1557 e
3484 1505 3607 1557 duo.

2049 1590 2148 1645 bus
2173 1606 2185 1640 :
2210 1597 2300 1641 aut
2324 1589 2716 1661 Patremdicito
2738 1592 3043 1659 apparuisse
3064 1595 3317 1660 pergenti,
3346 1604 3393 1647 et
3420 1594 3611 1648 Fil’um

2048 1681 2363 1745 revertenti;
2398 1689 2487 1733 aut
2519 1680 2707 1734 Filium
2739 1680 2977 1749 fugienti,
3007 1692 3058 1736 et
3096 1686 3301 1738 Patrem
3348 1685 3608 1739 nihilomi-

2552 1786 2865 1839 quocuuque
2913 1773 3054 1825 enim
3107 1772 3329 1842 teipsum
3366 1776 3608 1843 verteris,

2045 1859 2303 1915 evadendi
2328 1863 2533 1931 c0piam
2561 1878 2663 1915 non
2693 1862 2930 1916 habebis.
3066 1887 3087 1900 -

2587 1945 2811 1999 CAPUT
2848 1944 3074 2001 XLVIII.

2050 2033 2149 2089 Ubi
2175 2036 2236 2087 de
2258 2036 2454 2104 syllaba
2476 2045 2524 2088 et
2547 2045 2852 2099 causentur;
2873 2038 2993 2105 quia
3014 2040 3198 2091 dictum
3221 2050 3291 2093 est
3312 2041 3574 2101 discipulis
3594 2056 3613 2095 .'

2118 2105 2218 2181 Iule,
2248 2105 2500 2181 baptizate
2530 2116 2707 2181 gentes
2737 2108 2788 2159 in
2829 2110 3028 2161 nomine
3056 2109 3247 2176 Patris,
3285 2122 3333 2164 et
3376 2109 3523 2181 Filii,
3565 2123 3613 2167 et

2118 2175 2342 2245 Spiritus
2377 2176 2561 2230 sancti.

2114 2267 2170 2319 Si
2216 2275 2391 2320 autem
2437 2266 2672 2321 dixerint
2717 2268 2854 2334 quod
2902 2269 3104 2337 syllaba
3141 2282 3210 2335 et,
3253 2287 3347 2340 pro
3381 2289 3443 2326 eo
3474 2275 3610 2342 quod

2046 2355 2209 2410 Filzus
2234 2357 2509 2425 discipulis
2535 2357 2767 2415 dixerit:
2803 2361 3133 2429 Baptizantes
3177 2363 3227 2415 in
3265 2365 3476 2418 nomine
3519 2366 3601 2417 Pa-

2046 2446 2161 2510 tris,
2191 2456 2244 2500 et
2269 2446 2411 2512 Filii,
2446 2456 2499 2502 et
2528 2447 2756 2517 Spiritus
2782 2452 2973 2518 sancti,
3000 2451 3139 2506 inter
3161 2462 3409 2521 utrosque
3430 2454 3610 2509 dividit

2043 2536 2259 2606 (Matth.
2292 2554 2473 2603 xxvut,
2507 2539 2617 2608 19).

2116 2630 2417 2699 IIeSponsio.
2449 2632 2505 2688 Si
2537 2634 2679 2688 enim
2726 2622 2839 2689 haec
2887 2636 3108 2706 syllaba,
3146 2654 3263 2705 qua:
3307 2640 3472 2707 magis
3517 2656 3613 2708 pro

2043 2721 2423 2787 conjunctione
2470 2733 2578 2778 tam
2616 2726 2899 2780 verborum
2948 2744 3105 2796 quam
3145 2732 3303 2783 etiam
3338 2732 3609 2787 nominum

2043 2814 2277 2879 ponitur,
2319 2830 2350 2867 a
2387 2814 2547 2870 Patre
2595 2815 2806 2883 Filium,
2848 2828 2903 2874 ct
2944 2819 3194 2887 Spiritum
3248 2833 3512 2890 sanctum,
3556 2833 3607 2879 ut

2042 2902 2242 2969 dicitis,
2282 2917 2516 2975 separat,
2560 2923 2779 2965 necesse
2823 2920 2905 2965 est
2949 2921 3006 2965 ut
3054 2930 3245 2969 noruen
3288 2916 3375 2970 Dei
3417 2918 3605 2986 Patris,

2042 3010 2197 3063 quem
2228 2997 2451 3052 Genesis
2494 3000 2645 3054 tertia
2692 3003 3011 3070 repetitione
3056 3006 3154 3059 sub
3188 3007 3343 3060 trium
3391 3011 3610 3075 patriar.

2042 3087 2259 3140 charum
2282 3089 2559 3153 vocabulo,
2593 3090 2643 3144 id
2672 3099 2755 3147 est
2782 3094 3070 3159 Abraham,
3099 3107 3153 3150 et
3184 3098 3345 3162 Isaac,
3370 3111 3424 3154 et
3445 3100 3609 3155 Jacob

2041 3179 2269 3248 positum
2295 3179 2540 3248 legimus.
2568 3182 2618 3236 in
2641 3186 2928 3253 semetipso
2950 3188 3187 3242 videatur
3208 3205 3324 3245 esse
3348 3193 3606 3259 divisum;

2038 3278 2128 3321 aut
2160 3271 2209 3323 in
2246 3271 2401 3323 unius
2448 3271 2538 3325 Dei
2588 3275 2868 3341 vocabulo,
2908 3278 3047 3346 quod
3091 3279 3194 3334 diei
3226 3280 3376 3337 nefas
3405 3294 3508 3349 est,
3537 3285 3610 3340 sit

2040 3359 2268 3416 divisus.
2300 3363 2471 3427 Absit,
2501 3366 2751 3430 quoniam
2781 3382 2885 3422 non
2913 3369 3169 3426 dividitur
3197 3374 3333 3441 quod
3366 3392 3524 3429 unum
3555 3379 3608 3431 in

2037 3450 2249 3506 dcitatis
2296 3452 2594 3509 substantia
2645 3459 3052 3527 comprobatur,
3098 3462 3212 3531 ipso
3262 3464 3484 3520 Domino
3527 3468 3608 3522 di-

2037 3553 2191 3599 eeote
2223 3563 2235 3597 :
2267 3545 2378 3613 Ego
2419 3561 2537 3601 sum
2580 3548 2719 3604 Deus
2760 3551 3048 3617 Abraham,
3079 3565 3134 3609 et
3176 3556 3316 3611 Deus
3355 3558 3520 3625 Isaac,
3552 3568 3609 3615 et

2038 3637 2177 3693 D'ns
2218 3639 2383 3693 Jacob
2415 3640 2611 3711 (Exod.
2650 3658 2728 3708 ιιι,
2762 3644 2837 3715 6).
2880 3646 2993 3716 Ipse
3024 3649 3210 3703 iterum
3246 3652 3311 3705 ad
3344 3652 3556 3722 Moysen
3590 3673 3604 3707 :

2037 3730 2093 3783 Si
2125 3738 2197 3795 te,
2231 3730 2416 3796 inquit,
2460 3733 2903 3802 interrogaverat
2929 3738 3197 3793 dicentes:
3233 3742 3380 3807 Quod
3413 3759 3605 3799 nomen

2038 3830 2115 3873 est
2150 3821 2261 3873 illi?
2290 3821 2434 3877 dices
2463 3823 2528 3877 ad
2552 3839 2646 3878 eos
2678 3842 2693 3880 :
2728 3826 2863 3882 Deus
2889 3829 3173 3896 Abraham,
3198 3843 3248 3885 et
3284 3833 3419 3888 Deus
3441 3835 3603 3901 Isaae,

2038 3920 2091 3964 et
2120 3911 2256 3965 Deus
2286 3913 2451 3966 Jacoh
2481 3916 2625 3970 misit
2654 3930 2738 3973 me
2768 3919 2834 3972 ad
2863 3935 2987 3984 vos;
3023 3922 3121 3976 hoc
3144 3925 3270 3976 mihi
3304 3943 3494 3981 nomen
3524 3938 3610 3983 est

2040 4000 2089 4053 in
2120 4000 2504 4068 sempiternnin
2540 4005 2726 4073 (lbid.,
2760 4010 2872 4078 15).
2908 4010 3066 4067 Vides
3093 4015 3342 4079 quoniam
3385 4034 3477 4083 per
3503 4020 3612 4088 syl-

2041 4089 2214 4143 labam
2247 4102 2292 4145 et
2319 4109 2422 4146 non
2455 4094 2709 4151 dividitur
2734 4099 2874 4166 quod
2906 4117 3065 4155 unum
3094 4118 3209 4157 esse
3234 4107 3605 4172 cognoscitur:

2039 4187 2094 4232 et
2123 4180 2244 4234 ideo
2273 4181 2438 4236 Filios
2474 4195 2528 4238 et
2571 4184 2799 4252 Spiritus
2836 4199 3051 4245 sanctus
3090 4206 3185 4259 pro
3218 4192 3316 4247 hac
3343 4196 3542 4265 syllaba
3579 4212 3610 4251 a

2039 4266 2195 4324 Patre
2232 4286 2340 4324 non
2386 4281 2509 4326 sunt
2555 4273 2731 4344 divisi,
2765 4278 2852 4346 qui
2888 4280 3103 4336 sibimet
3139 4292 3348 4350 natura,
3385 4284 3607 4355 deitate,

2040 4362 2275 4427 potentia
2299 4361 2559 4418 docentur
2586 4378 2706 4421 esse
2731 4368 3022 4436 conjuncti.

2600 4454 2826 4514 CAPUT
2859 4460 3043 4515 XLIX.

2083 4541 2183 4595 Ubi
2204 4542 2378 4595 dicunt
2402 4560 2421 4597 :
2448 4544 2606 4600 Pater
2626 4550 2764 4615 prius
2788 4561 2834 4603 et
2866 4562 3035 4618 postea
3067 4552 3237 4609 Filius
3262 4558 3575 4614 nominatur.

2109 4630 2267 4702 407
2305 4632 2358 4689 Si
2402 4635 2494 4688 tibi
2543 4637 2918 4695 dixerint:0b
2966 4641 3067 4697 hoc
3112 4644 3276 4698 Filius
3318 4648 3459 4702 Patri
3506 4666 3613 4703 non

2040 4735 2364 4791 corriguntur,
2400 4727 2519 4791 quia
2548 4728 2597 4781 in
2634 4729 2922 4799 Scripturis
2949 4734 3144 4789 divinis
3174 4737 3319 4805 prius
3359 4739 3531 4807 Pater,
3558 4751 3615 4797 et

2040 4822 2223 4881 postea
2257 4812 2422 4867 Filius
2449 4818 2771 4873 nominatur.

2114 4903 2413 4971 Responsio.
2459 4906 2651 4963 Paulus
2680 4913 2970 4978 apostolus,
3002 4918 3237 4984 gentium
3284 4923 3533 4984 magister
3560 4932 3617 4977 et

2039 4990 2245 5057 doetor,
2273 5009 2377 5047 non
2407 4996 2527 5064 quia
2568 4998 2777 5054 Patrem
2825 5004 2975 5071 prius
3005 5008 3316 5074 nominavit,
3354 5011 3489 5065 Filio
3519 5013 3614 5065 dc-

2039 5083 2259 5148 rogavit,
2310 5085 2394 5138 vel
2448 5085 2589 5141 Patri
2631 5089 2934 5145 inferiorem
2978 5096 3249 5163 ostendit;
3299 5114 3420 5153 cum
3466 5103 3615 5170 prius

2041 5175 2231 5230 Filium
2280 5186 2334 5233 et
2381 5179 2635 5249 Spiritum
2681 5193 2921 5239 sanctum
2961 5202 2989 5239 a
3021 5188 3176 5243 Patre
3215 5191 3390 5245 denuo
3435 5194 3615 5247 nomi-

2042 5276 2241 5330 nasset,
2273 5266 2415 5322 Patri
2460 5270 2640 5338 urique
2679 5288 2777 5326 nec
2816 5275 3062 5344 injuriam
3103 5280 3244 5347 fecit,
3277 5298 3447 5349 neque
3478 5284 3615 5339 Filio

2041 5364 2093 5409 et
2135 5355 2353 5423 Spiritui
2404 5369 2589 5414 Sancto
2630 5362 2930 5418 inferiorem
2976 5366 3137 5422 fuisse
3167 5372 3461 5438 perdocuit,
3496 5374 3614 5441 ipso

2042 5445 2297 5504 Romanae
2339 5449 2594 5505 Ecclesia:
2647 5456 3065 5522 comprobante:
3092 5460 3269 5515 Habeo
3300 5463 3457 5531 igitur
3494 5466 3614 5531 glo—

2044 5536 2176 5589 riam
2210 5538 2260 5591 in
2292 5539 2509 5595 Christo
2534 5541 2659 5597 Jesu
2692 5544 2755 5597 ad
2790 5545 2951 5599 Deum
2981 5547 3154 5616 (Rom.
3189 5566 3279 5616 xv,
3308 5550 3415 5623 17).
3451 5553 3517 5605 Et
3546 5554 3617 5609 ad

2043 5624 2546 5685 Thessalonicenses
2586 5648 2600 5684 :
2639 5632 2852 5703 Itaque,
2898 5639 3120 5703 fratres,
3157 5650 3295 5696 state
3339 5654 3392 5697 et
3436 5652 3618 5701 tenete

2046 5718 2353 5775 traditiones
2383 5735 2512 5790 quas
2543 5722 2826 5796 didicistis,
2852 5726 2963 5783 sive
2993 5745 3085 5799 per
3113 5732 3351 5801 verbum,
3380 5735 3491 5791 sive
3519 5752 3616 5806 per
