4026 6176
296 325 396 380 385

1419 319 1682 376 CONTRA
1727 315 2129 373 \‘ARIMADUM
2176 318 2301 372 LIB.
2342 317 2390 374 1.

3434 328 3537 383 386

300 434 588 504 Epistolam
611 442 845 487 nostram
873 450 886 486 :
912 432 1028 502 lpse
1050 439 1222 484 autem
1248 431 1500 484 Dominus
1527 430 1681 485 Jesus
1705 430 1857 483 Chri-
1887 434 1935 491 Α
1963 428 2027 480 ad
2068 430 2390 495 agnitionem
2439 427 2678 483 veritatis
2722 430 2905 485 venire
2953 430 3003 501 (1
3034 430 3169 485 Tim.
3199 447 3257 497 ιι,
3290 432 3364 502 5).
3411 435 3537 489 Item

297 540 425 586 Slus,
442 535 495 577 et
519 524 677 589 Deus,
696 534 747 578 et
769 524 923 577 Pater
945 535 1127 577 noeter
1147 524 1232 593 qui
1255 522 1440 576 ddi-xit
1463 537 1557 575 nos
1580 519 1664 591 (Il
1686 521 1861 575 Thess.

299 632 354 678 tt,
396 616 502 685 Η).
558 615 626 668 Et
667 616 718 668 in
762 613 1119 683 Apocalypsi:
1147 615 1209 666 Et
1254 613 1381 678 vidi,
1413 622 1467 666 et
1513 629 1639 666 ecce
1688 616 1865 679 Agnus

296 710 469 763 stabat
500 722 662 776 super
692 714 922 760 montem
956 707 1103 769 Sion,
1149 714 1346 759 etcum
1381 704 1470 757 illo
1496 715 1705 758 centum
1737 717 1867 772 qna-

298 800 539 866 draginta
582 808 810 865 quatuor
862 796 1046 861 millia,
1092 795 1349 848 habentes
1399 810 1590 847 nomen
1646 792 1761 861 ejus
1814 802 1868 845 et

299 901 495 940 nomen
548 884 717 938 Patris
758 882 875 951 ejus
922 883 1101 951 (.tpoc.
1151 897 1259 947 xlv,
1297 880 1370 950 i).
1421 883 1485 934 Et
1530 883 1582 933 in
1636 880 1866 947 EpiStola

299 976 681 1043 Joanniszeri
726 983 880 1043 negat
911 974 1121 1037 Filium,
1148 988 1247 1028 nec
1292 974 1502 1027 Patrem
1548 972 1723 1025 habet.
1768 970 1867 1038 Qui

299 1068 583 1124 conﬁtetur
606 1067 819 1132 Filium,
838 1075 892 1120 et
914 1064 1101 1119 Filium
1124 1073 1178 1118 et
1202 1064 1411 1117 Patrem
1444 1063 1603 1116 habet
1629 1061 1678 1132 (I
1708 1060 1866 1115 Joan.

302 1177 356 1226 ιι,
379 1162 497 1229 25).
530 1160 661 1213 Item
691 1157 761 1211 ibi
786 1174 799 1209 :
826 1155 975 1223 Quod
1002 1156 1046 1209 si
1079 1155 1129 1209 in
1154 1156 1317 1209 verbo
1341 1152 1667 1214 rnauseritis,
1691 1161 1743 1206 et
1770 1165 1870 1205 vos

300 1254 350 1307 in
380 1252 517 1305 Filio
548 1259 601 1304 et
632 1249 783 1302 Patre
812 1246 1092 1299 manebitis
1123 1242 1311 1313 (lbid.,
1340 1244 1451 1311 24).
1484 1245 1608 1296 Item
1642 1242 1871 1308 Aposto-

300 1347 416 1401 lus:
449 1345 562 1398 Hoc
605 1356 781 1397 autem
830 1343 1049 1404 scitote,
1094 1339 1455 1407 intelligentes
1499 1338 1637 1404 quod
1696 1336 1871 1390 omnis

299 1437 615 1499 fornicator,
638 1442 728 1486 aut
758 1434 1080 1497 immundus,
1113 1441 1202 1485 aut
1226 1446 1439 1497 avarus,
1469 1432 1607 1500 quod
1648 1439 1728 1485 cst
1759 1429 1871 1482 ido-

296 1527 470 1583 lorum
525 1524 783 1585 servitus,
829 1536 933 1576 non
981 1520 1142 1575 habet
1184 1520 1549 1575 [nereditatem
1600 1520 1651 1572 in
1707 1530 1872 1586 regno

296 1617 496 1671 Christi
524 1624 580 1671 et
610 1616 697 1669 Dei
730 1613 940 1684 (Ephes.
972 1627 1023 1675 v,
1051 1612 1131 1679 5).
1162 1612 1298 1667 Ecce
1344 1609 1535 1664 Filium
1567 1609 1729 1676 priori
1754 1608 1873 1661 loco

296 1723 323 1762 a
354 1708 517 1762 Patre
539 1706 867 1760 ostendimus
897 1704 1245 1757 nominatum.
1275 1702 1412 1758 Audi
1433 1704 1592 1757 etiam
1616 1700 1868 1769 Spiritum

1964 517 2074 571 ibi:
2102 517 2296 571 Fidelis
2322 526 2495 571 autem
2530 520 2686 583 Deus,
2711 521 2798 589 qui
2842 538 2938 577 nos
2974 523 3192 577 vocavit
3219 524 3270 577 in
3312 528 3534 594 gratiam

1964 609 2119 663 isiam
2174 610 2224 662 in
2268 626 2365 678 qua
2406 621 2626 673 stamus,
2670 620 2724 666 et
2766 614 3057 681 gloriamur
3102 616 3153 669 in
3204 632 3298 683 spe
3345 617 3533 686 gloria:

1968 699 2195 758 ﬁliorum
2233 702 2319 753 Dei
2353 700 2530 771 (Rom.
2564 718 2614 767 ν,
2637 703 2714 773 ‘2).
2740 705 2869 758 item
2900 707 2965 759 ibi
2996 725 3006 758 :
3032 705 3323 762 Conl'urtati
3352 724 3543 763 secun—

1967 792 2092 846 dum
2146 803 2459 861 potestarem
2502 796 2683 864 gloria:
2731 801 2868 865 ejus,
2901 799 2953 852 in
2996 801 3140 855 omni
3187 803 3436 871 patientia
3489 814 3543 859 et

1969 882 2393 949 longanimitate,
2422 885 2473 937 in
2505 886 2696 953 gaudio
2734 892 2929 956 gratias
2975 902 3191 957 agentes
3230 890 3391 963 409
3432 894 3541 948 Deo

1968 982 2021 1027 et
2054 973 2212 1036 Patri,
2237 974 2324 1042 qui
2358 976 2561 1029 vocavit
2590 992 2687 1031 nos
2719 979 2771 1032 in
2802 980 3111 1037 societatem
3142 986 3300 1039 sortis
3329 997 3543 1043 sant-to-

1969 1076 2085 1114 runt
2112 1060 2247 1129 (Col.
2277 1079 2314 1126 ι,
2351 1063 2460 1129 Η).
2488 1064 2541 1119 Si
2572 1080 2667 1133 per
2691 1067 2900 1122 Patrem
2934 1071 2984 1124 in
3015 1074 3185 1140 gratia
3216 1073 3333 1130 Filii
3375 1078 3456 1132 sui
3488 1088 3543 1134 et

1970 1150 2022 1204 in
2048 1150 2333 1220 adoptione
2358 1152 2585 1208 ﬁliorum
2613 1170 2883 1224 vocamur,
2914 1170 2967 1214 ut
3001 1176 3125 1217 vere
3154 1164 3245 1218 ﬁlii
3272 1180 3389 1222 esse
3418 1184 3544 1238 pos-

1971 1240 2157 1307 simus,
2191 1251 2243 1295 et
2270 1242 2335 1296 ad
2370 1243 2579 1299 Patren
2613 1260 2707 1314 per
2734 1248 2923 1302 Filium
2956 1254 3312 1320 pervenimus,
3342 1274 3459 1327 quae
3490 1259 3543 1314 in

1973 1332 2051 1382 eis
2073 1328 2322 1384 distantia
2354 1334 2546 1399 poterit
2585 1335 2903 1413 approbari?
2929 1338 3055 1394 dum
3096 1357 3230 1411 quos
3259 1356 3414 1399 vocat
3440 1347 3544 1401 Pa-

1972 1424 2075 1481 ter,
2108 1417 2272 1471 Filius
2298 1421 2575 1489 suscipiet,
2608 1435 2660 1477 et
2688 1440 2821 1493 quos
2851 1439 3003 1482 vocat
3030 1430 3215 1498 Filius,
3247 1436 3356 1502 pari
3382 1440 3542 1493 etiam

1973 1506 2130 1559 modo
2158 1507 2366 1562 Patrem
2413 1512 2682 1581 suscipere
2712 1530 2866 1583 posse
2895 1521 3070 1576 nullus
3109 1524 3213 1577 nisi
3244 1526 3547 1585 incredulus

1972 1599 2159 1654 abnuit
2188 1601 2270 1655 vel
2298 1600 2507 1655 refellit.

2592 1691 2815 1749 CAPUT
2852 1695 2932 1750 ιι.

296 1808 542 1854 sanctum
565 1813 593 1851 a
618 1798 772 1852 Pam,
813 1806 866 1851 cl
906 1795 1043 1850 Filio
1082 1794 1241 1865 priori
1284 1795 1401 1848 loco
1431 1803 1684 1848 “malum.
1726 1793 1865 1847 [dem
1900 1790 1946 1849 Β
2036 1777 2133 1831 Ubi
2159 1779 2350 1845 dicunt,
2374 1781 2493 1849 quia
2523 1780 2620 1834 soli
2652 1780 2799 1835 Patri
2828 1786 3141 1855 sacriﬁcium
3172 1791 3485 1850 immolatur.
3546 1848 3549 1851 λ

299 1890 364 1944 ad
406 1886 907 1958 EphesioszUnum
950 1900 1162 1954 corpus,
1193 1893 1246 1938 et
1286 1900 1421 1937 unus
1466 1884 1695 1953 Spiritus
1735 1882 1873 1937 sicut

299 1983 470 2037 vocati
496 1981 628 2036 estis
655 1981 707 2034 in
739 1995 842 2033 una
879 1992 973 2047 spe
1004 1975 1295 2031 vocationis
1338 1985 1527 2030 vestra:
1554 1993 1564 2026 :
1593 1989 1728 2028 unus
1764 1974 1871 2027 Do-

298 2073 497 2137 minus,
525 2086 629 2125 una
663 2071 813 2136 ﬁdes,
846 2085 1004 2123 unum
1030 2069 1311 2136 baptisma,
1346 2082 1478 2120 unus
1511 2066 1649 2120 Deus
1678 2075 1731 2119 et
1771 2065 1871 2119 Pa-

305 2176 385 2220 ter
428 2164 671 2219 omnium
702 2160 913 2231 (Ephes.
950 2176 1019 2223 tv,
1053 2158 1130 2229 4).
1177 2157 1423 2227 Nunquid
1467 2158 1586 2226 quia
1626 2157 1876 2210 dixerunt

300 2255 525 2325 apostoli
553 2271 566 2307 :
592 2253 701 2307 Nos
725 2261 886 2306 testes
913 2265 1115 2311 sumus,
1144 2259 1193 2304 et
1219 2249 1446 2318 Spiritus
1475 2257 1688 2301 sanctus
1716 2263 1873 2317 quem

298 2349 443 2403 dedit
472 2347 618 2400 Deus
639 2343 974 2399 credentibus
1004 2342 1104 2397 sibi
1137 2343 1272 2411 (Act.
1299 2357 1350 2406 v,
1374 2341 1490 2411 3‘2),
1520 2340 1716 2395 idcirco
1742 2348 1872 2409 apo-

299 2440 419 2493 stoli
454 2438 680 2507 Spiritui
710 2444 893 2490 sancto
926 2436 1131 2504 priores
1159 2432 1368 2488 dicendi
1411 2433 1569 2488 sunt?
1614 2434 1715 2488 Aut
1751 2435 1873 2503 quia

303 2532 562 2586 Dominus
609 2530 663 2583 in
712 2529 997 2598 Evangelio
1024 2542 1052 2580 a
1086 2525 1285 2593 Spiritu
1320 2535 1504 2578 sancto
1535 2540 1722 2594 aquam
1771 2527 1876 2594 pri-

299 2623 461 2677 mitus
492 2621 810 2682 nominavit,
839 2634 961 2673 cum
990 2617 1277 2673 Nicodetno
1309 2616 1536 2686 principi
1566 2616 1873 2671 Judarorum

300 2715 574 2766 intimaret
612 2710 773 2781 408
814 2710 1133 2764 sacramenti
1179 2709 1509 2779 baptismatis
1540 2710 1875 2780 mysterium,

296 2806 364 2860 ob
395 2805 499 2859 hoc
529 2820 721 2873 aquam
767 2803 983 2873 Spiritui
1034 2811 1221 2857 sancto
1263 2802 1559 2870 praetulisse
1596 2802 1876 2872 cognosci-

298 2898 421 2950 tur?
453 2896 509 2951 Si
538 2896 681 2964 quis,
723 2896 909 2963 inquit,
944 2909 1047 2948 non
1093 2906 1312 2948 renatus
1359 2893 1515 2948 fuerit
1559 2907 1623 2947 ex
1661 2908 1793 2961 aqua
1825 2902 1879 2946 et

298 2987 499 3053 Spiritu
540 2994 746 3050 sancto,
791 2999 895 3038 non
939 2992 1112 3053 potest
1156 2983 1356 3038 intrare
1410 2985 1461 3037 in
1511 2998 1729 3053 rcgnutn
1784 2983 1876 3037 Dei

226 3138 227 3141 η
299 3080 475 3145 (Joan.
511 3093 590 3141 ιιι,
611 3077 687 3144 5).
724 3077 784 3129 Et
818 3078 997 3145 utique
1023 3074 1199 3129 nullus
1229 3073 1385 3128 estin
1417 3090 1455 3127 ri
1478 3075 1574 3127 bus
1606 3074 1873 3142 humanis,

298 3171 386 3238 qui
435 3185 630 3233 amant
685 3176 870 3221 sancto
919 3165 1137 3235 Spiritui
1198 3165 1361 3234 possit
1413 3180 1747 3234 prmponerc,
1791 3164 1871 3219 vel
1900 3158 1945 3221 C

300 3261 630 3330 coa‘qualem
677 3259 895 3327 Spiritui
929 3258 1191 3327 judicare,
1221 3271 1340 3311 cum
1370 3272 1476 3309 nin
1505 3258 1570 3310 ab
1596 3271 1728 3325 aqua
1759 3255 1876 3324 Spi-

302 3352 463 3403 ritum
512 3358 776 3415 sancttnn,
810 3349 902 3401 St'd
951 3362 1143 3416 aquam
1172 3362 1199 3401 a
1234 3347 1432 3416 Spiritu
1475 3354 1661 3401 sancto
1698 3346 1877 3416 puriﬁ-

302 3445 410 3497 cari
441 3442 739 3497 certissime
770 3440 1092 3495 noverimus.
1780 3440 1781 3443 “

926 3538 1149 3593 CAPUT
1190 3538 1249 3592 L.

412 3641 513 3694 Ubi
534 3640 709 3692 dicunt
733 3657 752 3693 :
773 3638 937 3692 Nemo
958 3640 1092 3693 venit
1111 3641 1176 3691 ad
1208 3638 1414 3693 Patrem
1437 3640 1537 3693 nisi
1557 3656 1645 3711 per
1671 3655 1767 3694 me.

374 3732 432 3787 Si
476 3730 712 3787 dixerint
745 3731 886 3798 quod
937 3731 1191 3785 Dominus
1238 3731 1290 3784 in
1331 3732 1616 3801 Evangelio
1646 3733 1877 3788 dixerit:

306 3823 473 3877 Nemo
502 3822 731 3874 venitad
762 3821 964 3876 Patrem
996 3822 1095 3875 nisi
1127 3837 1218 3890 per
1243 3837 1327 3876 me
1352 3822 1530 3892 (Joan.
1561 3839 1667 3888 xrv,
1694 3822 1772 3892 6).

374 3913 682 3981 Responsio.
729 3911 779 3964 lu
819 3914 986 3981 gratia
1034 3912 1156 3965 ﬁdei
1205 3927 1305 3966 una
1353 3923 1436 3968 est
1481 3914 1625 3968 Patri
1663 3925 1717 3969 et
1748 3914 1881 3969 Filio

306 4003 539 4067 vocatio,
572 4001 819 4070 quoniam
849 4002 987 4056 sicut
1027 4019 1119 4070 per
1151 4002 1342 4056 Filium
1373 4003 1437 4057 ad
1470 4005 1677 4058 Patrem
1714 4005 1881 4058 adiu-

307 4095 499 4155 cimur,
533 4093 605 4146 ita
651 4107 745 4160 per
787 4093 997 4146 Patrem
1043 4094 1093 4146 in
1136 4093 1255 4147 Filii
1301 4095 1625 4162 agnitionem
1656 4095 1880 4147 attrahi-

308 4201 450 4249 mur,
481 4185 599 4251 ipso
645 4184 866 4238 Domino
893 4183 943 4238 in
989 4184 1273 4255 Evangelio
1319 4196 1646 4254 prhestante
1670 4206 1683 4240 :
1711 4187 1881 4243 Nolite

306 4290 645 4330 murmurare
671 4275 891 4330 invicem
917 4292 932 4331 :
958 4291 1113 4331 uerno
1135 4286 1307 4345 potest
1336 4278 1521 4334 venire
1548 4279 1612 4331 ad
1647 4295 1750 4343 me,
1781 4280 1881 4333 nisi

309 4367 467 4421 Pater
492 4366 584 4436 qui
622 4382 708 4421 me
754 4367 921 4434 misit,
952 4372 1171 4424 traxerit
1207 4386 1328 4424 eum
1367 4371 1433 4425 ad
1471 4387 1556 4424 me
1594 4370 1772 4441 (Joan.
1804 4386 1879 4441 VI,

311 4456 421 4520 Η).
473 4456 539 4511 Ει
585 4456 780 4511 Paulus
824 4458 888 4511 ad
933 4459 1440 4516 Thessalonitenses
1484 4480 1498 4516 :
1540 4462 1645 4516 Nos
1682 4472 1878 4527 autem,

313 4546 500 4615 inquit,
535 4546 792 4601 debemus
820 4551 1017 4617 gratias
1046 4565 1204 4625 agere
1228 4551 1336 4606 Deo
1361 4567 1572 4620 semper
1597 4568 1689 4620 pro
1713 4555 1881 4618 vobis,

316 4636 506 4691 fratres
534 4637 692 4692 electi
722 4655 748 4691 a
781 4638 914 4704 Deo,
946 4639 1067 4708 quin
1096 4643 1303 4696 vocarit
1349 4657 1446 4697 nos
1483 4644 1551 4697 ab
1589 4644 1737 4698 initio
1785 4659 1884 4698 sac-

314 4732 419 4783 culi
449 4729 501 4783 in
534 4732 788 4797 salutem,
821 4733 873 4784 in
915 4732 1389 4788 sanctiﬁcationem
1439 4737 1656 4804 spiritus
1683 4746 1735 4791 et
1765 4737 1886 4791 [ι.ιυί

315 4820 553 4873 veritatis
582 4821 634 4874 in
662 4837 767 4890 quo
798 4824 1005 4875 vocavit
1029 4837 1124 4876 nos
1153 4840 1246 4893 per
1276 4826 1617 4893 Evangeiium
1645 4836 1885 4883 nostrum

320 4909 372 4961 in
422 4909 761 4978 adoptionem
814 4912 997 4980 gloria!
1046 4912 1254 4967 Domini
1304 4920 1467 4969 nostri
1518 4916 1647 4972 Jcsu
1697 4918 1893 4973 Christi

323 4999 404 5068 (II
444 5000 622 5054 Thess.
656 5017 712 5065 ιι,
760 5003 875 5072 12).
927 5005 1054 5058 ltem
1104 5006 1171 5059 ibi
1214 5023 1227 5060 ;
1266 5007 1490 5064 Oramus
1536 5025 1749 5080 semper
1798 5027 1894 5081 pro

320 5091 491 5159 vobis,
527 5102 583 5144 ttt
609 5108 702 5146 vos
731 5093 925 5163 dirigat
976 5099 1251 5152 vocatione
1279 5114 1371 5152 sua
1408 5100 1564 5167 Deus,
1596 5112 1650 5155 et
1677 5102 1894 5171 impleat

321 5196 535 5237 omnem
582 5184 906 5240 voluntatem
948 5186 1219 5257 bonitatis,
1250 5200 1303 5243 et
1338 5204 1469 5258 opus
1519 5192 1640 5248 fidei
1692 5195 1743 5248 in
1786 5197 1892 5248 vir-

322 5281 453 5339 tute,
481 5285 531 5329 et
560 5275 883 5331 clarilicefur
914 5292 1104 5333 nomen
1140 5281 1347 5336 Domini
1378 5286 1541 5339 nostri
1585 5286 1707 5341 Jeeu
1739 5288 1892 5342 Chri-

320 5364 388 5413 sti
411 5363 463 5416 in
489 5364 658 5429 vobis,
683 5373 738 5419 et
758 5381 855 5419 vos
879 5368 929 5420 in
959 5368 1048 5423 illo
1077 5369 1160 5440 (Il
1179 5371 1356 5427 Thess.
1376 5389 1411 5439 t,
1438 5375 1549 5446 Η).
1578 5376 1641 5430 Ει
1666 5378 1887 5433 iterum:

324 5448 392 5505 Ut
420 5451 705 5507 ambuletis
735 5455 891 5524 digne
933 5456 1060 5523 Deo,
1090 5461 1179 5529 qui
1210 5477 1303 5515 vns
1338 5467 1546 5518 vocavit
1574 5464 1625 5520 in
1670 5481 1888 5537 regnum

323 5555 477 5596 suum
505 5552 561 5598 et
583 5546 805 5613 gloriam
829 5545 881 5616 (1
910 5546 1085 5603 Thess.
1111 5565 1169 5615 ιι,
1200 5550 1309 5622 12).
1335 5553 1402 5608 Ει
1429 5555 1495 5609 ad
1523 5546 1890 5613 Timotheum:

324 5630 437 5686 Hoc
466 5634 607 5688 enim
638 5637 832 5692 bonum
872 5648 925 5694 et
958 5652 1233 5710 acceptum
1276 5653 1357 5699 est
1394 5660 1571 5701 coram
1616 5648 1894 5706 Salvatore

322 5732 505 5780 nostro
538 5725 667 5795 Deo,
698 5729 787 5798 qui
817 5744 1000 5789 omnes
1044 5734 1287 5790 homines
1333 5737 1441 5793 vult
1469 5739 1643 5795 salvos
1673 5740 1805 5810 ﬁcti,
1840 5752 1893 5800 et

2045 1867 2100 1922 Si
2147 1882 2270 1922 vero
2313 1868 2568 1932 dixerint,
2599 1872 2651 1923 in
2696 1873 2796 1927 hoc
2844 1876 2999 1931 Pater
3044 1880 3178 1934 Filio
3217 1886 3387 1954 major
3428 1904 3548 1946 esse

1973 1956 2219 2024 ducetur,
2248 1958 2367 2026 quia
2401 1959 2473 2012 illi
2500 1960 2596 2014 soli
2630 1962 2944 2019 sacriﬁcium
2982 1967 3305 2027 immolatur.

2045 2045 2350 2113 Responsio.
2397 2046 2462 2102 Ut
2508 2063 2657 2103 vana:
2709 2054 3058 2121 propositioni
3110 2070 3299 2114 vestrae
3351 2063 3549 2134 absque

1975 2135 2082 2189 ulla
2110 2136 2402 2193 subtilitate
2448 2146 2540 2192 aut
2578 2146 2964 2210 compositione
3008 2148 3286 2204 verborum
3322 2167 3350 2205 a
3390 2158 3549 2211 nobis

1976 2236 2286 2295 competens
2329 2240 2383 2282 et
2421 2243 2712 2298 congruum
2744 2234 2996 2289 reddatur
3024 2252 3336 2308 responsum
3363 2260 3375 2295 :
3404 2244 3553 2302 Sicut

1976 2313 2143 2383 Patri,
2178 2318 2246 2370 ita
2275 2317 2433 2371 etiam
2467 2318 2602 2373 Filio
2649 2336 2754 2374 non
2802 2324 2973 2377 solum
3003 2326 3317 2384 Christianis
3351 2344 3553 2406 tempo-

1977 2407 2145 2474 ribus,
2176 2422 2360 2461 verum
2412 2408 2572 2463 etiam
2610 2425 2638 2463 a
2680 2414 2838 2481 prisci
2885 2418 3139 2485 temporis
3188 2423 3553 2481 sacerdotibus

1977 2497 2155 2552 multis
2194 2500 2461 2566 variisque
2487 2501 2660 2555 modis
2690 2505 2976 2570 probamus
3020 2511 3338 2566 sacriﬁcium
3388 2515 3552 2572 fuisse

1975 2590 2231 2657 oblatum,
2262 2592 2478 2648 Daniele
2508 2596 2764 2665 prOpbeta
2813 2598 3025 2655 (licente
3049 2618 3063 2655 :
3088 2602 3199 2658 Non
3252 2616 3334 2659 est
3374 2606 3546 2677 locus,

1983 2683 2225 2752 inquiunt
2257 2694 2363 2740 tres
2396 2689 2564 2753 pueri,
2595 2690 2659 2742 ad
2689 2692 3095 2747 sacriﬁcandum
3128 2698 3326 2750 nomini
3355 2710 3465 2765 tuo,
3497 2710 3552 2756 et

1979 2773 2221 2828 invenire
2252 2776 2694 2845 miscricordiam,
2721 2780 2811 2833 sed
2858 2780 2909 2834 in
2955 2783 3127 2838 anima
3158 2788 3425 2855 et‘spit'itu
3453 2788 3554 2844 hu-

1978 2864 2220 2917 militatis
2251 2868 2602 2935 suscipiamur
2650 2870 2783 2923 sicut
2833 2871 2885 2924 in
2930 2872 3385 2931 bolocaustomate
3413 2883 3554 2935 arie-

1979 2964 2088 3009 tum
2120 2964 2173 3010 et
2204 2966 2493 3022 taurorum,
2520 2970 2570 3013 et
2603 2960 2943 3017 multitudine
2970 2979 3224 3033 agnorum
3255 2969 3546 3039 pinguium,

1978 3047 2048 3099 ita
2087 3046 2175 3099 ﬁat
2202 3048 2517 3101 sarcriﬁcium
2549 3058 2787 3105 uestrum
2817 3052 2865 3106 in
2896 3065 3181 3124 conspectu
3231 3067 3319 3111 tuo
3366 3060 3545 3129 hodie,

1979 3145 2033 3189 ut
2065 3137 2266 3204 placeat
2312 3137 2402 3191 tibi
2451 3138 2610 3208 (Dan.
2659 3155 2735 3208 ιιι,
2783 3143 2897 3213 58).
2946 3143 3014 3199 Ει
3060 3155 3117 3200 ιιι
3145 3146 3335 3202 Filium
3387 3150 3553 3210 fuisse

1977 3243 2256 3298 agnoscas,
2288 3230 2371 3283 cui
2398 3230 2453 3282 lii
2482 3240 2590 3285 tres
2618 3232 2765 3300 pueri
2813 3236 3131 3291 sacriﬁcium
3171 3252 3229 3293 se
3272 3237 3397 3294 fassi
3427 3251 3554 3299 Sunt

1977 3318 2236 3374 obtulisse
2256 3335 2271 3384 ;
2294 3334 2359 3374 ex
2392 3320 2557 3388 ipsius
2585 3324 2723 3391 regis
2753 3339 2815 3379 ac
2846 3330 3080 3397 tyranni,
3110 3333 3198 3398 qui
3230 3347 3324 3388 eos
3355 3334 3408 3389 in
3440 3335 3554 3391 for-

1978 3422 2162 3461 nacem
2209 3407 2344 3474 ignis
2388 3411 2525 3464 mitti
2574 3424 2919 3484 prece-perat,
2948 3417 3285 3477 confessione
3313 3424 3551 3490 addisce,

1977 3496 2068 3566 qui
2097 3512 2154 3549 se
2181 3511 2301 3550 cum
2335 3499 2503 3553 tribus
2552 3516 2795 3570 quartum
2828 3506 2878 3559 in
2913 3507 3027 3575 ipso
3057 3515 3329 3567 aesmantis
3358 3516 3550 3570 camini

1981 3589 2231 3645 incendio
2280 3594 2545 3649 sociatum
2606 3598 2834 3667 prodidit
2897 3605 3240 3672 conspexisse
3281 3625 3294 3659 :
3335 3608 3551 3677 Nonne,

1982 3678 2170 3748 inquit,
2206 3691 2313 3735 tres
2359 3684 2501 3738 viros
2542 3686 2782 3741 misimus
2829 3688 2880 3741 in
2924 3689 3190 3748 fornacem
3226 3698 3453 3753 vinctos.
3486 3701 3550 3754 Et

1980 3770 2229 3826 dixerunt
2254 3777 2301 3828 ei
2328 3792 2340 3827 :
2369 3776 2505 3830 Vere
2532 3792 2644 3830 rex.
2674 3779 2738 3831 Et
2764 3778 2898 3832 dixit
2924 3796 2937 3832 :
2962 3781 3097 3837 Ecce
3125 3798 3224 3852 ego
3253 3787 3408 3841 video
3428 3805 3551 3856 qua-

1983 3867 2102 3913 tuor
2146 3864 2293 3917 viros
2334 3864 2537 3919 solutos
2570 3875 2624 3919 et
2653 3866 3055 3924 deambulantes
3085 3871 3136 3925 in
3165 3874 3340 3928 medio
3380 3878 3554 3944 ignis,

1981 3959 2036 4004 et
2064 3954 2338 4019 corruptio
2364 3955 2503 4008 nulla
2528 3964 2609 4008 est
2640 3951 2689 4008 iri
2720 3958 2818 4023 eis,
2849 3967 2902 4012 et
2927 3971 3173 4028 aspecuts
3200 3964 3370 4031 quarti
3405 3967 3553 4019 simi-

1982 4039 2048 4093 lis
2077 4049 2160 4093 est
2200 4042 2335 4095 Filio
2362 4042 2454 4098 Dei
2487 4044 2672 4111 (lbid.,
2699 4046 2789 4111 9i,
2820 4046 2932 4116 92).
2965 4047 3089 4103 ltern
3122 4051 3215 4105 Dei
3264 4053 3429 4109 Filius
3464 4072 3559 4125 per

1982 4131 2295 4199 prophetam
2341 4133 2576 4201 loquitur
2616 4134 2800 4188 dicens
2827 4154 2839 4188 :
2870 4137 2949 4190 Ab
2980 4147 3097 4193 ortu
3126 4142 3254 4194 solis
3293 4157 3460 4212 usque
3488 4148 3552 4199 ad

1984 4235 2229 4275 occasum
2271 4225 2584 4279 sacriﬁcium
2626 4225 2848 4281 oﬁ'ertur
2875 4228 3076 4283 nomini
3103 4245 3242 4299 meo,
3273 4241 3326 4285 et
3355 4234 3555 4288 oblatio

1985 4310 2204 4375 munda,
2233 4312 2354 4380 quia
2385 4328 2631 4382 magnum
2664 4327 2745 4371 est
2771 4332 2961 4372 nomen
2995 4333 3172 4375 meum
3206 4320 3257 4373 in
3284 4325 3552 4391 gentibus,

1985 4398 2112 4452 dicit
2145 4401 2394 4457 Dom'nus
2430 4404 2683 4473 (Malaclt.
2718 4423 2754 4470 ι,
2792 4406 2900 4476 il).
2954 4407 3017 4462 Et
3052 4409 3212 4463 David
3244 4412 3294 4464 in
3337 4415 3557 4481 psabnis

1986 4487 2148 4559 £10
2185 4492 2255 4545 ait
2287 4509 2300 4546 :
2336 4492 2391 4546 In
2447 4495 2647 4562 templo
2699 4506 2807 4559 tuo,
2837 4496 3153 4565 Jerusalem,
3183 4500 3274 4554 tibi
3330 4504 3561 4558 oﬁerunt

1992 4592 2143 4645 rcges
2174 4595 2390 4635 munera
2424 4582 2595 4652 (Prol.
2626 4600 2783 4647 vatt,
2815 4587 2927 4652 50).
2978 4587 3042 4641 Et
3081 4600 3135 4642 ut
3181 4590 3295 4647 lucc
3330 4591 3396 4647 de
3426 4594 3561 4648 Filio

1995 4668 2086 4722 Dei
2128 4682 2187 4723 se
2226 4670 2425 4726 dixisse
2468 4674 2705 4739 doceret,
2737 4677 2789 4730 in
2821 4679 2926 4732 alio
2963 4681 3170 4749 psalmo
3199 4683 3448 4751 loquitur,
3480 4685 3563 4739 di-

1993 4771 2119 4811 cens
2145 4775 2159 4811 :
2186 4758 2358 4829 Reges
2383 4762 2598 4816 Tharsis
2619 4774 2673 4819 et
2698 4766 2881 4819 insulae
2904 4784 3115 4824 munt-ra
3137 4770 3380 4835 olferent,
3408 4787 3562 4841 reges

1998 4847 2230 4901 Arabum
2262 4860 2314 4903 et
2341 4849 2476 4903 Saba
2519 4853 2655 4905 dona
2699 4854 2979 4921 adducent,
3013 4866 3067 4913 et
3116 4860 3413 4914 adorabunt
3439 4878 3562 4917 eum

1998 4950 2183 4990 omnes
2216 4953 2369 5007 reges
2415 4949 2592 5005 terra),
2622 4958 2807 4997 omnes
2837 4956 3025 5014 gentes
3055 4951 3289 5005 servient
3310 4954 3356 5007 ei
3391 4952 3562 5023 (Psal.

1999 5043 2148 5091 uxr,
2183 5028 2292 5098 10).
2336 5030 2402 5084 Et
2450 5040 2507 5084 ut
2544 5033 2659 5088 hinc
2704 5036 2887 5090 omnia
2930 5042 3176 5109 superius
3208 5042 3503 5112 designata,
3532 5059 3565 5099 a

1999 5115 2155 5171 Patre
2188 5117 2318 5171 Filio
2348 5118 2435 5173 Dei
2464 5120 2749 5176 doceamus
2782 5126 2943 5181 fuisse
2969 5130 3144 5182 oblata
3164 5171 3179 5194 ,
3209 5131 3261 5184 in
3292 5132 3565 5186 nativitato

1995 5204 2232 5274 ejusdem
2282 5205 2397 5261 Filii
2434 5209 2523 5263 Dei
2555 5224 2672 5279 qua:
2712 5216 3002 5269 secundum
3045 5230 3257 5271 carnem
3299 5220 3431 5273 facta
3458 5228 3563 5287 est,

1998 5295 2283 5362 probamus
2314 5297 2475 5353 luisse
2505 5302 2789 5370 completa,
2817 5304 3101 5374 Evangelia
3142 5309 3521 5375 comprobante
3546 5329 3560 5363 :

1997 5384 2147 5451 Quod
2178 5401 2297 5440 cum
2336 5397 2489 5444 natus
2534 5401 2681 5446 esset
2727 5393 2880 5448 Jesus
2910 5395 2965 5448 in
2997 5394 3263 5448 Bethleem
3310 5395 3478 5461 Judm,
3512 5399 3564 5453 in

1998 5474 2183 5530 diebus
2214 5477 2441 5534 Herodis
2467 5484 2625 5551 regis,
2657 5498 2783 5538 ecce
2810 5484 2945 5554 magi
2977 5483 3043 5537 ab
3070 5484 3284 5537 Oriente
3307 5499 3567 5541 venerunt

1994 5564 2400 5638 Jerosolymam,
2443 5572 2843 5629 dicenteszUbi
2886 5584 2967 5631 est
3012 5575 3100 5644 qui
3148 5586 3302 5630 natus
3344 5587 3429 5632 est
3473 5596 3565 5636 rex

1994 5655 2295 5711 Iudaeorum
2329 5659 2539 5731 (Matth.
2582 5677 2638 5730 tt,
2688 5664 2776 5732 1)?
2805 5665 2871 5718 Et
2914 5663 3045 5718 infra
3073 5681 3086 5719 :
3115 5665 3180 5719 Et
3224 5666 3480 5723 intrantes
3511 5671 3565 5725 in

1996 5745 2234 5817 domum,
2264 5748 2579 5805 invenerunt
2609 5758 2832 5821 puerum
2861 5760 2912 5810 et
2938 5753 3157 5811 Mariam
3180 5764 3404 5814 matrem
3428 5758 3561 5826 ejus,
