3960 6176
296 241 396 299 389

1458 225 1724 301 covini
1758 246 2164 309 vannmnun
2204 255 2331 310 un.
2358 257 2398 312 ι.

3442 272 3549 330 390

294 362 545 405 evaenare
575 346 800 402 nitimini
829 355 1242 415 sacramentum,
1274 357 1331 405 ut
1358 359 1478 419 post
1512 356 1867 410 resurrectio-
1894 366 1941 425 Α
1972 360 2160 417 iterum
2188 381 2201 419 :
2225 364 2377 419 Tune
2424 365 2677 423 videbunt
2726 369 2915 427 Filium
2965 372 3197 432 hominis
3240 379 3542 439 venientem

294 460 409 498 nem
450 458 478 496 a
524 443 749 497 mortuis
797 443 1001 497 nullum
1050 444 1101 498 in
1151 458 1217 499 eo
1266 446 1498 502 credatis
1545 452 1867 509 remansisse

296 536 633 588 humanitatis
676 534 930 588 indicium
958 554 973 590 :
999 549 1102 588 non
1132 536 1543 593 considerantes
1586 556 1706 595 eum
1750 552 1870 611 post

292 643 406 682 eam
438 626 797 681 venerabilem
832 626 1133 694 passionem
1169 627 1266 682 hac
1296 643 1426 683 voce
1456 631 1746 701 discipulos
1782 648 1870 687 ar-

292 726 533 786 guentem
561 734 573 768 :
601 715 737 783 Quid
779 716 973 769 turbati
1002 719 1160 783 estis,
1193 730 1245 772 et
1287 721 1643 789 cogitationes
1672 738 1866 779 ascen-

291 810 418 861 dunt
463 808 515 860 in
564 806 726 861 corde
770 806 988 861 vestro?
1020 806 1232 875 Palpate
1274 818 1327 862 et
1378 810 1583 875 videte,
1614 813 1865 881 quoniam

290 897 504 966 spiritus
531 910 749 950 carnem
777 906 832 950 et
855 911 972 950 ossa
1013 910 1119 949 non
1174 897 1335 952 habet
1380 899 1517 955 sicut
1562 917 1647 956 me
1677 903 1867 959 videtis

291 989 483 1042 habere
526 987 678 1057 (Luc.
713 1003 864 1049 xxiv,
895 987 1003 1056 59).
1042 987 1105 1041 Et
1147 987 1341 1043 iterum
1370 989 1537 1044 :Cum
1568 1004 1710 1047 esset
1737 1009 1865 1064 ergo

288 1092 407 1133 sero
431 1077 516 1131 die
542 1078 630 1130 illa
664 1092 766 1130 una
799 1076 1162 1142 Sabbatorum,
1195 1086 1249 1132 et
1297 1078 1436 1134 l'ores
1461 1091 1643 1137 essent
1669 1084 1866 1141 clausae

288 1168 375 1222 ubi
404 1178 557 1223 erant
590 1167 861 1235 discipuli,
894 1178 1110 1236 propter
1136 1180 1334 1224 metum
1364 1173 1696 1241 Judznorum,
1720 1178 1865 1234 venit

286 1257 436 1312 Jesus
464 1268 514 1314 et
544 1261 688 1312 stetit
713 1259 764 1312 in
792 1258 967 1311 medio
998 1272 1206 1327 eorum,
1236 1269 1289 1313 et
1326 1262 1458 1316 dixit
1490 1264 1570 1319 eis
1593 1282 1608 1321 ;
1632 1265 1735 1321 Pax
1765 1284 1861 1321 vo-

286 1348 382 1403 bis.
418 1350 483 1403 Et
513 1348 613 1403 hoc
638 1365 756 1403 cum
787 1349 1044 1412 dixisset,
1076 1351 1313 1405 ostendit
1357 1354 1435 1408 eis
1481 1370 1667 1411 manus
1695 1367 1747 1411 et
1780 1358 1861 1412 la-

285 1440 598 1510 tuszgavisi
638 1448 762 1494 sunt
810 1454 937 1509 ergo
980 1441 1226 1509 discipuli
1253 1443 1385 1498 ‘viso
1426 1445 1650 1501 Domino
1680 1447 1858 1520 (Joan.

280 1547 378 1598 xx,
410 1531 520 1601 l9).
568 1531 636 1585 Et
678 1529 1061 1585 iterumzpost
1105 1530 1219 1585 dies
1247 1542 1370 1588 octo
1413 1545 1567 1590 erant
1611 1537 1860 1607 discipuli

279 1623 449 1691 intus,
472 1632 522 1677 et
550 1621 787 1677 Thomas
817 1636 936 1676 cum
964 1622 1075 1686 eis;
1104 1621 1250 1703 venit
1276 1622 1428 1679 Jesus
1456 1626 1634 1694 jannis
1665 1629 1860 1685 clausis

1972 451 2023 506 in
2054 454 2282 507 nubibus
2310 457 2454 523 caeli,
2485 473 2605 512 cum
2638 461 2829 517 virtute
2869 479 3060 533 magna
3103 476 3158 521 et
3201 469 3389 538 gloria,
3419 481 3547 528 tunc

1969 547 2139 600 mittet
2171 549 2388 617 angelos
2418 566 2544 605 suos
2592 552 2641 605 in
2690 555 2812 609 tuba
2862 571 3074 625 magna,
3107 569 3157 613 et
3203 564 3547 632 congregabit

1966 636 2169 691 electos
2196 653 2322 692 suos
2344 656 2372 694 a
2403 653 2630 710 quatuor
2673 646 2865 713 ventis,
2899 663 2926 700 a
2957 663 3167 705 summo
3196 662 3350 709 terra:
3379 670 3549 725 usque

1966 725 2032 778 ad
2062 740 2329 782 summum
2359 732 2479 786 οωιὶ
2503 732 2716 803 (Matth.
2741 753 2887 803 xxtv,
2912 739 3023 806 50).
3069 743 3132 795 Et
3155 743 3344 799 iterum
3374 765 3384 799 :
3410 745 3545 802 Cum

1965 816 2172 870 venerit
2204 815 2366 873 Filius
2395 820 2645 887 hominis,
2671 835 2721 879 ct
2750 840 2934 882 omnes
2955 831 3125 899 angeli
3157 847 3276 889 cum
3304 850 3387 902 eo,
3417 845 3545 893 tunc

1965 896 2171 961 sedebit
2194 922 2355 976 super
2383 912 2563 966 sedem
2588 917 2883 981 majestatis
2905 896 3117 988 suauvet
3142 928 3546 997 congregaban-

1966 1006 2052 1053 tur
2097 1010 2220 1056 ante
2268 1017 2386 1059 cum
2417 1020 2603 1061 omnes
2642 1023 2863 1079 gentes,
2898 1022 2951 1067 et
2989 1019 3288 1085 segregabit
3335 1035 3429 1075 eos
3475 1022 3544 1075 ah

1966 1089 2227 1156 invicem,
2257 1093 2392 1148 sicut
2430 1106 2611 1165 pastor
2655 1110 2899 1170 segregat
2948 1118 3111 1171 agnos
3150 1107 3217 1159 ab
3262 1108 3457 1178 htcdis,
3488 1120 3543 1165 et

1964 1191 2162 1237 Statuet
2197 1199 2360 1253 agnos
2397 1187 2461 1239 ad
2503 1189 2774 1243 dexteram
2814 1208 2987 1260 suam,
3030 1194 3210 1249 hmdos
3254 1208 3428 1253 autem
3472 1201 3539 1255 ad

1964 1273 2235 1328 sinistram
2290 1276 2510 1342 (Matth.
2561 1295 2699 1346 xxv,
2747 1282 2868 1352 51).
2918 1284 2983 1339 Et
3031 1288 3543 1353 Apos'olus:Canct

1963 1365 2104 1417 enim
2153 1366 2298 1432 tuba,
2329 1375 2383 1420 et
2428 1371 2620 1423 mortui
2668 1384 2949 1444 resurgcnt
3002 1377 3315 1448 incorrupti,
3342 1390 3395 1436 et
3443 1398 3542 1439 nos

1964 1452 2363 1511 immutabimur
2400 1457 2455 1528 (I
2490 1459 2609 1514 Cor.
2645 1477 2737 1530 xv,
2771 1465 2885 1526 52).
2932 1468 2996 1521 Et
3026 1467 3221 1524 Isaias:
3249 1472 3384 1527 Ecce
3427 1477 3541 1543 ipso

1964 1543 2216 1601 Dominus
2247 1548 2297 1601 in
2321 1548 2579 1617 judicium
2612 1554 2789 1610 veniet
2816 1571 2935 1610 cum
2970 1561 3274 1617 senioribus
3301 1576 3354 1619 et
3385 1567 3537 1635 prin-

1961 1633 2168 1703 cipibus
2209 1638 2321 1692 suis
2371 1642 2598 1698 reddere
2644 1646 2930 1703 vindictam
2960 1650 3013 1705 in
3043 1651 3142 1717 ira,
3176 1655 3229 1709 in
3269 1633 3537 1717 nam—mam

278 1725 330 1770 et
365 1717 517 1770 stetit
557 1714 610 1769 in
634 1713 832 1783 ~medio
874 1728 1083 1778 eorum,
1107 1723 1164 1767 et
1208 1714 1343 1768 dixit
1388 1717 1465 1771 eis
1492 1735 1504 1771 :
1531 1717 1636 1772 Pax
1686 1721 1857 1775 vobis.
1891 1722 1937 1783 B
1965 1722 2100 1791 ignis
2131 1724 2282 1793 (lsai.
2316 1744 2394 1793 Ill,
2426 1729 2536 1799 M).
2572 1733 2646 1789 Ex
2680 1735 2761 1791 his
2793 1738 3005 1793 tandem
3033 1713 3322 1811 agnoscere
3350 1713 3536 1818 debes,

278 1806 484 1861 Deinde
509 1805 638 1860 dicit
664 1804 883 1859 Thomte
907 1822 920 1858 :
944 1802 1085 1858 quer
1110 1803 1329 1874 digitum
1373 1814 1516 1860 tuum
1544 1806 1708 1879 414
1732 1809 1853 1877 huc,

277 1905 329 1953 et
356 1897 482 1953 vide
506 1910 692 1951 manus
720 1910 884 1961 meas,
913 1905 967 1952 et
1002 1898 1152 1951 mitte
1200 1913 1413 1952 manum
1451 1908 1593 1953 tuam
1638 1901 1691 1956 in
1721 1904 1858 1958 latus

276 2007 480 2059 meum,
498 2000 553 2046 et
577 1989 684 2044 noli
704 2005 826 2045 esse
847 1989 1178 2053 incredulus.
1209 1991 1302 2045 sed
1337 1990 1505 2045 ﬁdelis
1524 1990 1710 2063 (Ibid.,
1736 1995 1853 2065 26).

278 2083 340 2137 Et
371 2082 569 2137 iterum
598 2081 781 2135 :Mane
810 2090 987 2135 autem
1022 2079 1182 2144 facto,
1214 2082 1361 2135 stetit
1388 2081 1542 2137 Iesus
1573 2085 1623 2138 in
1657 2085 1855 2152 littore,

276 2187 379 2226 non
431 2181 608 2225 tamen
660 2179 993 2240 agnoverunt
1038 2169 1283 2239 discipuli
1332 2172 1451 2240 quia
1500 2171 1655 2228 Jesus
1699 2185 1853 2230 erat:

276 2262 404 2317 dixit
434 2279 563 2332 ergo
605 2263 683 2317 eis
721 2260 911 2316 Iesus:
938 2260 1115 2322 Pueri,
1153 2260 1387 2330 nunquid
1440 2262 1852 2332 pulmentarium

275 2352 525 2407 habetis?
558 2354 625 2406 At
667 2351 739 2405 illi
770 2351 1076 2405 obtulerunt
1123 2350 1172 2405 ei
1221 2359 1422 2421 partem
1465 2352 1627 2421 piscis
1666 2355 1771 2409 assi
1800 2363 1856 2410 et

274 2444 453 2501 favum
474 2444 670 2501 mellis.
696 2444 759 2498 Et
784 2458 906 2498 eum
930 2442 1275 2499 manducaret
1300 2459 1479 2498 coram
1508 2445 1609 2511 eis,
1633 2460 1852 2504 sumens

271 2534 526 2603 reliquias
554 2534 699 2589 dedit
725 2534 805 2589 eis
833 2532 1012 2605 (Joan.
1055 2550 1163 2597 xxt,
1198 2535 1274 2605 4).
1320 2535 1384 2589 Et
1414 2536 1465 2589 in
1496 2535 1849 2608 Apocalypsi:

273 2626 334 2680 Et
361 2625 620 2681 videbunt
664 2641 786 2680 eum
824 2639 1009 2679 omnes
1042 2636 1255 2695 gentes,
1286 2627 1372 2695 qui
1414 2641 1534 2681 eum
1568 2631 1851 2684 crucillxe-

267 2726 411 2783 runt,
447 2726 500 2772 et
540 2701 791 2786 plangent
834 2730 894 2771 se
942 2730 1103 2784 super
1147 2731 1267 2770 eum
1297 2716 1482 2786 (.lpoc.
1512 2733 1551 2784 ι,
1593 2717 1669 2789 7).
1705 2719 1762 2773 Et
1797 2720 1849 2774 in

268 2810 492 2863 Actibus
522 2806 883 2877 apostolorum
910 2822 925 2861 :
954 2805 1066 2860 Viri
1114 2805 1338 2871 Galilazi,
1369 2806 1495 2876 quid
1523 2808 1674 2863 statis
1703 2810 1851 2879 aspi-

265 2901 473 2954 cientes
524 2899 574 2952 in
619 2897 855 2953 caelum?
887 2895 978 2950 llic
1014 2896 1169 2950 Jesus
1211 2896 1300 2966 qui
1343 2906 1651 2968 assumptus
1699 2909 1782 2954 est
1816 2915 1847 2955 a

265 2992 444 3056 vobis,
470 2991 549 3046 sic
575 2992 754 3044 veniet
781 2988 1227 3057 quemadmodum
1255 2988 1459 3045 vidistis
1486 3006 1606 3044 eum
1630 3000 1845 3048 euntem

1961 1816 2213 1882 quoniam
2254 1819 2340 1887 qui
2377 1821 2638 1878 adversus
2690 1837 2877 1895 gentes
2924 1829 2976 1883 in
3010 1833 3269 1900 judicium
3307 1816 3534 1909 congre;

1959 1907 2160 1998 garidas
2181 1911 2399 1978 angelos
2422 1912 2624 1984 dirigit,
2638 1916 2823 1988 utique
2840 1921 3281 1993 archangelorum
3294 1907 3537 1998 jussimte

1960 1996 2141 2051 venire
2170 2014 2274 2053 non
2306 2003 2493 2070 possit.

2519 2093 2745 2153 CAPUT
2782 2099 2965 2160 LVIII.

2103 2179 2202 2235 Ubi
2227 2183 2402 2238 dicunt
2427 2188 2590 2241 solum
2620 2189 2823 2247 Patrem
2843 2214 2875 2249 ιι
2898 2198 3133 2266 ﬁdelibus
3162 2204 3391 2263 adorari.

2027 2271 2083 2328 Si
2115 2283 2289 2328 autem
2334 2277 2604 2336 dixerint:
2640 2284 2692 2336 In
2721 2284 2823 2341 hoc
2861 2288 3001 2345 Patri
3048 2293 3213 2351 Filius
3245 2312 3350 2353 non
3380 2315 3523 2355 eoa:-

1955 2374 2167 2432 quatur,
2198 2367 2323 2435 quia
2350 2371 2493 2433 solus
2522 2372 2677 2428 Pater
2710 2390 2738 2428 a
2770 2377 3017 2435 fidelibus
3044 2384 3315 2443 adorator.

2028 2452 2329 2526 Responsio.
2362 2460 2415 2515 Si
2444 2476 2721 2531 grassante
2749 2468 2967 2537 perﬁdia
2993 2474 3187 2528 mentis
3219 2479 3400 2532 oculos
3423 2496 3529 2537 non

1954 2547 2249 2616 amitteres,
2270 2566 2591 2620 agnosceres
2613 2558 2728 2613 sine
2749 2560 2910 2615 dubio
2936 2565 3186 2633 quoniam
3209 2569 3344 2624 sicut
3361 2571 3412 2624 in
3430 2571 3499 2626 Pa
3514 2603 3531 2614 -

1955 2642 2037 2689 tre
2068 2635 2255 2704 Filius,
2291 2640 2358 2694 ita
2381 2642 2535 2698 Pater
2557 2644 2608 2698 in
2635 2645 2769 2701 Filio
2795 2648 3069 2718 adoratur,
3102 2653 3235 2708 Isaia
3269 2660 3527 2727 propheta

1953 2723 2203 2781 dicente;
2236 2728 2324 2783 Sic
2352 2730 2483 2785 dicit
2516 2734 2768 2790 Dominus
2802 2736 2940 2792 Deus
2969 2739 3237 2797 Sabaoth:
3288 2723 3524 2799 Labora-

1951 2815 2027 2869 vit
2046 2815 2330 2887 Egyptus,
2355 2830 2408 2876 et
2439 2837 2705 2879 mercatus
2727 2834 2810 2882 est
2834 2829 3120 2902 Ethiopas
3144 2850 3158 2897 ;
3183 2833 3397 2891 Sabaim
3422 2838 3523 2893 viri

1950 2910 2145 2963 excelsi
2170 2911 2235 2964 ad
2261 2920 2310 2966 te
2343 2914 2662 2978 transibunt,
2694 2924 2749 2971 et
2771 2919 2842 2973 tui
2870 2930 3025 2975 erunt
3054 2924 3217 2990 servi,
3245 2934 3300 2980 et
3330 2937 3447 2996 post
3472 2939 3525 2983 te

1950 3008 2241 3065 sequentur
2258 3002 2459 3072 alligati
2484 3004 2728 3073 vinculis,
2751 3017 2804 3062 et
2825 3008 3142 3080 adorabunt,
3166 3024 3219 3069 et
3245 3024 3296 3071 te
3325 3018 3523 3088 depre-

266 3082 315 3137 in
354 3086 555 3138 caelum
587 3081 727 3153 (Act.
762 3097 800 3146 t,
835 3080 943 3149 ll).
992 3080 1122 3134 Item
1164 3080 1234 3134 ibi
1261 3097 1275 3133 :
1303 3081 1454 3135 Dedit
1501 3096 1622 3136 eum
1674 3085 1843 3139 mani-
1871 3086 1919 3149 ο
1950 3087 2211 3144 cabuntur
2262 3090 2414 3161 (lsai.
2469 3109 2593 3162 xm,
2627 3095 2739 3166 14).
2771 3097 2841 3153 Ει
2872 3099 2924 3153 in
2955 3101 3316 3174 Apocalypsi:
3446 3109 3523 3163 vi-

264 3175 457 3229 lestum
489 3174 605 3230 fieri
643 3173 795 3229 nobis
839 3172 1084 3237 testibus,
1116 3171 1205 3243 qui
1252 3173 1614 3243 prazdestinati
1661 3190 1844 3231 sumus

264 3268 450 3334 aDeo,
481 3267 569 3336 qui
612 3266 771 3319 simul
821 3262 1285 3328 manducavimus,
1315 3273 1370 3318 et
1414 3264 1712 3317 conversati
1755 3280 1842 3318 su-

263 3371 377 3410 mus
412 3370 507 3423 per
538 3354 653 3409 dies
682 3351 1032 3423 quadraginta
1060 3364 1180 3404 cum
1223 3365 1310 3415 eo,
1338 3358 1615 3420 postquam
1659 3367 1842 3407 resur-

265 3446 395 3499 rexit
422 3460 451 3497 a
494 3444 722 3499 mortuis
750 3444 883 3513 (Act.
917 3457 970 3506 x,
1000 3439 1114 3511 40).
1159 3439 1439 3508 liespicitis
1474 3442 1723 3511 quoniam
1752 3442 1841 3512 qui

266 3550 355 3603 per
382 3535 738 3605 quadraginta
760 3534 875 3588 dies
904 3533 1109 3585 intrans
1129 3539 1184 3585 et
1205 3530 1388 3585 exiens
1416 3545 1536 3585 cum
1567 3532 1843 3603 discipulis

264 3641 612 3685 conversatus
650 3638 752 3689 est.
784 3627 1035 3690 comedit,
1079 3634 1155 3680 et.
1180 3624 1431 3694 reliquias
1483 3639 1722 3695 sumens,
1753 3627 1843 3680 iis-

264 3720 379 3775 dem
434 3717 804 3774 benedicendo
832 3717 1090 3786 porrexit,
1119 3715 1502 3786 cicatricesque
1531 3731 1593 3770 ac
1620 3717 1839 3771 vulnera

264 3810 312 3864 in
341 3827 465 3865 vero
496 3824 725 3878 corpore
763 3819 1088 3870 monstrans,
1113 3805 1430 3876 discipulum
1474 3822 1631 3863 suum
1658 3809 1727 3862 ab
1758 3809 1840 3863 in-

262 3901 590 3956 credulitatis
630 3899 756 3953 vitio
802 3897 1158 3953 liberavitzin
1203 3912 1367 3952 carne
1403 3912 1526 3953 eum
1574 3899 1838 3953 veraciter

261 3991 644 4057 resurrexisse,
674 4005 780 4044 non
807 3989 905 4043 nisi
948 3988 1363 4043 ﬂanichzcorum
1389 4000 1442 4043 et
1472 4000 1647 4043 veSIra
1688 3999 1836 4044 secta

260 4099 363 4137 non
394 4084 504 4139 reci
512 4086 607 4152 pit.

835 4171 1059 4227 CAPUT
1098 4170 1254 4225 LVII.

265 4286 357 4341 Ubi
383 4288 562 4339 dicunt
610 4282 807 4337 Filium
833 4286 884 4337 in
919 4286 1070 4355 jussu
1099 4291 1147 4336 et
1175 4298 1292 4336 voce
1324 4282 1650 4354 archangeli,
1693 4292 1739 4338 et
1784 4283 1838 4337 in

611 4355 732 4408 tuba
756 4354 850 4408 Dei
877 4354 939 4409 de
960 4354 1082 4408 caelo
1112 4356 1491 4408 descensurum.

1946 3181 2077 3250 ginti
2101 3195 2329 3253 quatuor
2370 3186 2611 3241 seniores
2648 3189 2988 3258 procidentes
3018 3203 3143 3248 ante
3172 3196 3355 3252 sedem
3384 3200 3514 3254 ado-

1945 3282 2199 3329 raverunt
2227 3276 2491 3332 viventem
2539 3280 2591 3333 in
2622 3280 2816 3334 smcula
2846 3282 3164 3338 smculorum
3205 3286 3392 3358 (Apoc.
3424 3303 3477 3343 tv
3500 3327 3519 3354 ,

1948 3361 2059 3432 14).
2102 3363 2231 3420 Item
2277 3367 2351 3422 ibi
2383 3383 2398 3420 :
2435 3368 2501 3422 Et
2523 3368 2628 3422 vidi
2661 3369 2825 3425 alium
2871 3373 3119 3442 angelum
3161 3377 3430 3433 volantem
3462 3378 3520 3435 in

1946 3454 2122 3509 medio
2172 3456 2350 3525 caelo,
2398 3458 2681 3516 habentem
2724 3462 3066 3533 Evangelium
3115 3475 3414 3536 aeternum,
3462 3479 3521 3527 ut

1945 3548 2333 3617 evangelitaret
2362 3552 2724 3611 habitantibus
2746 3570 2907 3625 super
2932 3566 3149 3626 terram,
3175 3559 3360 3617 dicens
3382 3579 3518 3622 voce

1944 3650 2128 3705 magna
2156 3657 2169 3692 :
2212 3639 2421 3698 Timete
2463 3643 2627 3716 416
2665 3646 2939 3715 Deum,'et
2959 3648 3082 3705 date
3113 3652 3187 3707 illi
3218 3652 3474 3710 honorem
3497 3697 3519 3726 ,

1941 3732 2067 3802 quia
2094 3733 2238 3789 venit
2267 3735 2395 3790 hora
2422 3736 2607 3806 judieii
2652 3740 2769 3809 ejus
2795 3781 2810 3807 ,
2863 3740 3086 3799 adorato
3115 3758 3239 3799 eum
3268 3748 3357 3817 qui
3391 3749 3516 3804 fecit

1942 3822 2136 3877 malum
2167 3836 2221 3878 et
2261 3834 2456 3881 terram
2480 3868 2494 3893 ,
2553 3844 2700 3885 mare
2737 3839 2792 3886 et
2816 3830 2991 3887 fontes
3018 3848 3273 3903 aquarum
3333 3837 3518 3909 (Apoc.

1942 3928 2053 3975 xtv,
2074 3914 2149 3983 6).
2179 3916 2245 3970 Et
2267 3918 2537 3987 inpsalmo
2563 3924 2958 3989 septuagesimo
2985 3926 3157 3993 primo
3186 3925 3361 3997 (Vm.
3396 3928 3511 3999 ll).

1944 4003 2010 4056 Et
2037 4005 2334 4060 adorabunt
2373 4021 2495 4061 eum
2519 4023 2705 4064 omnes
2736 4011 2869 4066 lines
2891 4021 3047 4067 terrae
3070 4054 3084 4078 ,
3116 4030 3303 4071 omnes
3323 4028 3516 4087 gentes

1940 4096 2177 4150 servient
2202 4097 2270 4152 ei.
2307 4099 2371 4152 Et
2398 4100 2450 4153 in
2481 4103 2820 4180 sexagesimo
2846 4104 3032 4173 quinto
3066 4106 3241 4176 (Vera.
3269 4108 3355 4180 4):
3389 4111 3518 4165 0m-

1941 4189 2022 4242 nis
2048 4199 2187 4243 terra
2216 4190 2403 4245 adoret
2436 4178 2592 4262 te,‘et
2614 4195 2805 4263 psallat
2828 4194 2940 4250 tibi.
2971 4197 3041 4251 Et
3073 4198 3124 4253 in
3177 4178 3466 4272 Evangelia
3492 4219 3506 4257 :

1941 4278 2260 4334 Invenerunt
2307 4296 2526 4351 puerum
2555 4292 2611 4338 et
2636 4284 2854 4339 Mariam
2884 4295 3108 4341 matrem
3134 4289 3283 4358 ejus,
3308 4299 3363 4345 et
3389 4306 3513 4361 pro-

1942 4374 2181 4431 cidentes
2205 4376 2563 4433 adoraverunt
2586 4393 2706 4433 eum
2728 4377 2941 4449 (Matth.
2970 4396 3027 4446 ιι,
3052 4381 3165 4451 Η).
3192 4383 3258 4438 Et
3278 4383 3509 4459 Esdras:

330 4498 387 4553 Si
418 4496 513 4552 tibi
537 4494 832 4563 obiecerim
857 4492 984 4548 mud
1015 4492 1156 4564 quod
1188 4491 1474 4563 Αροειοιυε
1501 4491 1633 4547 dixit
1661 4509 1677 4549 ε
1704 4492 1835 4548 Nam
1863 4450 1915 4512 Ῑ)
1941 4468 2297 4564 TnDomEnus
2328 4471 2467 4525 Deus
2493 4472 2639 4564 solus
2671 4473 2758 4542 qui
2783 4472 2955 4529 fecisti
2987 4450 3203 4541 emtum,
3226 4485 3282 4531 et
3313 4454 3511 4534 caelum

256 4586 371 4655 ipse
415 4586 670 4641 Dominus
719 4584 770 4639 in
803 4583 957 4652 jussu
1005 4584 1329 4653 archangeli,
1363 4591 1417 4638 et
1466 4582 1520 4637 in
1569 4582 1693 4638 tuba
1740 4583 1835 4639 Dci

256 4680 548 4735 descendet
571 4679 638 4735 de
664 4678 803 4732 C(BIO
836 4675 888 4748 (1
919 4676 1095 4730 Thrax.
1128 4692 1200 4744 tv,
1231 4675 1346 4744 15).

329 4772 634 4841 Responsio.
677 4769 979 4838 Equumne
1026 4768 1179 4822 vobis
1222 4768 1432 4822 videtur
1476 4774 1531 4821 ut
1581 4767 1667 4822 cui
1709 4775 1832 4823 ante

254 4864 561 4933 passionem
592 4864 643 4916 in
674 4876 836 4917 carne
881 4861 1055 4915 adhuc
1104 4861 1293 4928 posito,
1327 4860 1505 4930 angeli
1549 4860 1829 4915 servitium

253 4954 624 5021 reddiderunt,
648 4953 714 5007 de
737 4953 886 5007 caelis
909 4952 961 5006 in
982 4951 1234 5020 judicium
1256 4951 1499 5016 veniens,
1519 4949 1830 5021 angelorum

250 5046 482 5115 imperio
520 5043 909 5114 compellatur?
940 5042 1111 5107 Absit,
1140 5041 1258 5110 quia
1292 5042 1502 5111 propria
1533 5040 1709 5095 veniet
1737 5055 1833 5109 po-

250 5145 469 5199 testate,
502 5144 557 5190 ut
575 5136 734 5206 justis
778 5135 1071 5204 praemium,
1103 5142 1156 5188 et
1187 5134 1417 5203 injustis,
1456 5148 1576 5187 cum
1618 5132 1831 5187 diabolo

248 5243 417 5297 quem
445 5228 608 5282 secuti
639 5235 790 5289 sunt,
821 5225 1013 5280 tribuat
1042 5235 1300 5280 aeternum
1346 5223 1683 5292 supplicium,
1715 5224 1831 5292 ipso

247 5317 301 5370 in
334 5317 624 5385 Evangelio
653 5324 982 5386 protestante
1004 5331 1018 5367 :
1043 5313 1174 5368 Cum
1206 5314 1414 5369 venerit
1455 5314 1620 5368 Filius
1660 5314 1832 5369 homi-

244 5410 330 5463 nis
359 5408 525 5482 5.15
552 5410 604 5464 in
636 5409 918 5478 majestate
938 5422 1055 5473 sua,
1086 5416 1211 5462 tunc
1240 5408 1413 5462 mittet
1442 5406 1659 5477 angelos
1682 5421 1828 5471 suos,

243 5508 297 5553 et
322 5500 579 5568 colligant
600 5498 669 5553 de
695 5513 859 5568 regno
887 5499 1003 5564 ejus
1024 5496 1201 5549 omnia
1231 5496 1501 5562 scandala,
1532 5505 1587 5551 et
1616 5511 1708 5550 eos
1739 5494 1830 5564 qui

243 5572 538 5657 θυέτω-πω.-
569 5591 924 5659 iniquitatem,
946 5600 997 5644 et
1021 5588 1196 5642 mittet
1216 5603 1309 5642 eos
1340 5588 1391 5642 in
1424 5588 1635 5643 camino
1660 5586 1825 5656 ignis:

245 5682 312 5737 ibi
342 5682 457 5738 erit
479 5683 635 5740 ﬂetus
656 5693 709 5739 et
736 5682 932 5739 stridor
962 5680 1197 5737 dentium
1228 5678 1438 5751 (.llatth.
1463 5696 1580 5748 xm,
1613 5679 1727 5750 il).
1764 5679 1829 5734 Et

1938 4558 2218 4626 caelorum,
2250 4569 2300 4615 et
2330 4574 2518 4623 omnes
2565 4563 2789 4616 virtutes
2835 4576 3043 4628 eorum,
3067 4571 3286 4633 terram,
3308 4574 3364 4621 et
3390 4581 3513 4637 quae

1937 4650 1993 4705 in
2020 4665 2081 4704 ea
2108 4687 2122 4714 ,
2153 4659 2206 4705 ct
2229 4667 2395 4718 mare,
2428 4662 2481 4707 et
2511 4668 2631 4723 qua:
2659 4654 2711 4708 in
2743 4668 2808 4709 eo
2834 4662 2977 4717 sunt,
3006 4664 3059 4709 et
3083 4654 3364 4710 vivilicaSIi
3393 4670 3511 4711 om-

1937 4744 2045 4811 nia,
2083 4755 2135 4799 et
2162 4745 2386 4801 virtutes
2416 4746 2536 4801 caeli
2569 4755 2619 4800 te
2648 4746 2872 4801 adorant
2897 4745 2984 4816 (II
3014 4745 3170 4802 Eulr.
3200 4762 3276 4815 tx,
3299 4748 3375 4818 6).
3406 4747 3509 4816 Qui

1936 4835 2076 4890 enim
2104 4834 2356 4889 adorator
2377 4842 2434 4889 ut
2459 4836 2635 4901 Pater,
2667 4845 2721 4890 et
2740 4835 2920 4890 divino
2945 4836 3246 4915 cumulatur
3268 4835 3498 4907 honore,

1935 4924 2053 4995 quis
2077 4940 2199 4979 eum
2222 4925 2351 4980 dicit
2379 4926 2519 4980 Patri
2560 4926 2826 4995 cotequari
2854 4941 2958 4981 non
2987 4927 3187 4997 posse?

2521 5035 2747 5093 CAPUT
2785 5037 2919 5094 LIX.

2117 5126 2214 5181 Ubi
2252 5127 2424 5180 dicunt
2462 5125 2659 5181 Filium
2691 5128 2836 5183 Patri
2863 5131 3052 5201 gratias
3076 5134 3324 5189 retulisse.

2006 5217 2060 5274 Si
2090 5227 2264 5274 autem
2299 5221 2389 5274 tibi
2417 5219 2679 5276 dixerint:
2703 5221 2829 5277 Ideo
2856 5225 3029 5279 minor
3058 5236 3139 5280 est
3169 5226 3353 5290 Filius,
3376 5225 3501 5293 quia

1932 5310 2049 5379 ipse
2070 5310 2211 5365 Patri
2240 5314 2439 5378 gratias
2462 5314 2637 5383 egisse
2668 5314 3001 5384 perhibetur,
3031 5330 3127 5385 per
3152 5330 3311 5384 quem
3339 5314 3499 5370 disci-

1932 5401 2041 5469 puli
2065 5402 2263 5471 gratias
2294 5404 2612 5462 retulerunt.

2004 5496 2310 5565 Responsio.
2351 5498 2811 5566 Quemadmodum
2845 5498 3007 5552 Filius
3037 5497 3087 5551 in
3119 5497 3375 5565 assumpti
3405 5497 3502 5554 bo-

1932 5585 2093 5641 minis
2115 5586 2281 5643 forma
2310 5603 2406 5657 pro
2435 5588 2588 5643 nobis
2611 5592 2807 5657 gratias
2839 5589 2969 5655 egit,
3000 5586 3069 5638 ita
3095 5585 3248 5640 Pater
3271 5586 3495 5644 odorem

1933 5676 2053 5733 Filii
2092 5679 2170 5735 sui
2212 5687 2266 5733 et
2305 5691 2415 5734 sua:
2460 5677 2662 5740 notitia:
2684 5678 2736 5732 in
2762 5675 2905 5731 omni
2936 5675 3053 5728 loco
3093 5688 3187 5741 per
3222 5677 3499 5743 apostolos
