4026 6176
483 269 578 358 an

1807 247 2028 334 v:r.u.n
2064 268 2434 332 rarsnusrs

3635 253 3734 311 se:

480 373 825 466 innotescere
848 401 994 471 fecit,
1019 388 1184 456 Paulo
1208 397 1450 452 dicente:
1477 391 1684 446 Gratias
1702 389 1909 458 agimus
1933 387 2061 451 Deo,
2093 388 2144 448 Α
2169 398 2272 452 que
2298 379 2558 440 constitit,
2586 374 2780 446 quibus
2809 380 2964 427 terra:
2995 369 3236 440 partibus
3265 365 3439 437 potuit
3467 364 3520 419 in
3553 379 3730 434 regem

478 497 690 569 quinos
716 492 1045 559 triumphare
1075 487 1200 542 facit
1229 489 1282 542 in
1313 483 1547 548 Christo,
1573 487 1626 532 et
1666 477 1887 532 odorem
1917 474 2052 528 noti-

483 591 570 643 tite
595 603 705 642 sum
736 584 1038 639 manifestat
1063 596 1156 649 per
1184 594 1280 632 nos
1309 577 1363 631 in
1387 575 1530 628 omni
1560 573 1699 636 loco,
1725 569 1848 640 quia
1873 569 2050 624 bonus

481 683 616 736 odor
652 678 852 734 Christi
883 689 1068 730 sumus
1092 675 1144 727 in
1189 671 1269 724 his
1293 670 1380 738 qui
1407 665 1542 721 salvi
1589 665 1755 728 fiunt,
1787 673 1842 718 et
1879 662 1931 714 in
1974 659 2059 713 his

482 777 571 844 qui
597 779 818 842 pereunt
846 768 929 837 (II
964 767 1082 820 Cor.
1127 779 1184 827 ιι,
1232 764 1340 831 Μ).
1381 759 1513 813 Nam
1543 757 1681 826 quod
1712 770 1813 810 una
1842 752 2060 810 eadem-

483 842 586 930 que
613 864 680 915 sit
708 859 873 928 gratia
916 856 1088 910 Patris
1116 865 1169 906 et
1201 852 1341 912 Filii,
1372 865 1464 917 per
1495 861 1653 916 quam
1681 859 1774 898 nos
1802 842 2059 897 liberatos

483 967 603 1008 esse
624 951 762 1004 idem
781 945 1251 1015 docetApostolus,
1273 943 1372 995 hoc
1396 938 1552 994 modo
1575 938 1829 998 insinuat,
1845 933 2058 987 dicens:

482 1046 679 1100 Omnes
702 1029 846 1096 enim
875 1041 1252 1106 peccaverunt,
1283 1042 1335 1086 et
1365 1038 1523 1099 egent
1548 1026 1716 1096 gloria
1742 1023 1872 1088 Dei,
1903 1020 2062 1092 jusﬁ-

491 1133 628 1188 licati
657 1131 824 1202 gratis
868 1143 965 1197 per
1010 1126 1234 1195 gratiam
1265 1121 1462 1189 ipsius,
1493 1133 1588 1188 per
1639 1113 2061 1182 redemptionem

483 1241 601 1293 qua:
636 1233 716 1278 est
756 1223 807 1274 in
841 1219 1056 1273 Christo
1093 1215 1220 1270 Jesu
1249 1213 1426 1283 (Rom.
1457 1225 1547 1271 ιιι,
1579 1207 1692 1278 25).
1731 1205 1796 1260 Ει
1827 1206 2018 1258 iterum
2045 1217 2060 1256 :

483 1317 538 1372 Si
569 1315 708 1370 enim
740 1311 808 1365 ob
836 1311 990 1363 unius
1018 1306 1271 1362 delictum
1304 1301 1453 1357 multi
1484 1299 1678 1354 mortui
1710 1304 1866 1360 sunt,
1895 1296 2065 1346 multo

485 1407 650 1475 magis
678 1405 842 1473 gratia
891 1400 1006 1463 Dei,
1037 1407 1090 1453 et
1119 1396 1318 1451 donum
1349 1395 1402 1448 in
1445 1391 1617 1462 gratia
1648 1389 1806 1442 unius
1833 1385 2065 1439 hominis

405 1502 408 1504 ’
484 1497 608 1550 .icsu
653 1491 848 1546 Christi
896 1488 1076 1542 mu'tis
1105 1483 1404 1539 abundavit
1433 1483 1610 1554 (Rom.
1643 1495 1697 1542 v,
1726 1478 1839 1546 15).
1877 1478 1940 1530 iit
1969 1475 2067 1530 itc-

485 1601 634 1641 rum:
664 1580 997 1650 Stipendium
1029 1578 1230 1648 peccati
1257 1589 1420 1637 mors,
1447 1573 1612 1643 gratia
1640 1578 1818 1624 autem
1848 1568 1938 1622 Dei
1958 1567 2066 1621 vita

489 1685 687 1730 :rterna
712 1674 764 1727 in
787 1671 998 1726 Christo
1026 1669 1153 1722 .icsu
1186 1665 1409 1720 Domino
1437 1673 1618 1716 nostro
1647 1661 1820 1730 (Rom.
1846 1673 1922 1720 τι,
1943 1657 2059 1724 25).

2164 471 2414 528 constitui
2442 469 2530 537 qui
2554 466 2713 529 cmio,
2729 473 2906 530 terrae,
2931 462 3141 532 abyssis
3163 456 3478 513 naturaliter
3501 454 3735 510 noscitur

2161 562 2424 618 dominari
2453 561 2475 614 ‘t

2754 621 2980 678 CAPUT
3021 620 3154 675 LXI.

2204 745 2300 802 Ubi
2328 744 2501 798 dicunt
2535 739 2727 793 Filium
2754 739 3048 806 inferiorem
3081 734 3238 788 Patre
3265 750 3372 788 esse
3400 742 3446 788 et
3477 733 3699 802 potentia

2805 817 2852 861 et
2887 822 3094 860 natura.

2236 929 2291 986 Si
2321 941 2448 982 vero
2476 924 2714 980 dixerint
2739 921 2806 976 de
2838 920 2996 984 Filio,
3022 917 3116 988 qui
3145 918 3284 973 sicut
3303 913 3525 971 inferior
3545 925 3627 970 est
3649 931 3748 970 na-

2165 1031 2302 1086 tura,
2331 1020 2400 1072 ita
2432 1015 2651 1071 inferior
2674 1021 2757 1068 est
2779 1019 2831 1066 et
2857 1009 3116 1079 potentia.

2238 1109 2543 1180 Responsio.
2579 1104 2805 1158 Inferior
2827 1110 3037 1164 natura,
3069 1113 3096 1151 a
3127 1097 3284 1153 Patre
3313 1095 3481 1151 Filius
3508 1110 3612 1150 non
3635 1104 3744 1162 est,

2165 1200 2287 1264 quia
2315 1202 2453 1254 Deus
2483 1196 2551 1251 de
2582 1195 2712 1257 Deo,
2741 1206 2804 1246 ac
2838 1189 3108 1260 perfectus
3135 1188 3200 1241 de
3228 1185 3489 1255 perfecto,
3516 1194 3571 1238 et
3600 1196 3746 1238 totus

2165 1294 2232 1350 de
2256 1299 2364 1347 toto
2390 1289 2557 1345 Filius
2587 1296 2740 1341 natus
2783 1291 2886 1348 est,
2917 1296 3024 1336 non
3058 1277 3338 1348 inmqualis
3363 1279 3574 1347 genitus
3601 1290 3629 1328 a
3658 1277 3744 1345 gi-

2167 1394 2362 1456 gnente
2405 1379 2697 1450 processit,
2724 1372 2819 1429 sed
2845 1370 3135 1441 eomqnalis
3178 1380 3397 1437 prorsus
3427 1368 3495 1421 de
3520 1376 3747 1435 paterno

2168 1486 2319 1531 utero
2342 1481 2498 1527 natus
2526 1468 2710 1531 exivit,
2733 1475 2789 1520 ut
2817 1472 2871 1519 et
2904 1471 3140 1530 paterna:
3168 1459 3493 1529 aequalitatis
3513 1457 3746 1528 plenitu-

2168 1567 2343 1622 dinem
2378 1561 2692 1632 possideret,
2719 1565 2774 1612 et
2797 1553 3139 1610 nihilominus
3159 1556 3225 1606 ab
3238 1552 3604 1620 omnipotente
3625 1565 3750 1604 om-

2170 1656 2524 1728 nipotentiam
2571 1652 2859 1714 obtineret,
2885 1647 3127 1716 apostolo
3161 1645 3328 1700 Paulo
3376 1653 3748 1714 protestante:

493 1771 558 1824 Et
578 1769 801 1822 iterum:
849 1764 1009 1818 Miser
1029 1773 1128 1830 ego
1158 1760 1339 1823 homo,
1369 1755 1488 1824 quis
1516 1768 1600 1807 me
1625 1751 1784 1823 (“17
1812 1748 2070 1804 liberabit
2100 1747 2146 1807 Β
2175 1753 2416 1821 Quicum
2451 1750 2502 1803 in
2534 1747 2701 1802 forma
2735 1745 2833 1800 Dei
2881 1754 3023 1798 esset
3052 1742 3374 1798 constitutus
3397 1779 3412 1806 ,
3468 1755 3570 1794 non
3605 1741 3751 1808 rapi~

488 1860 554 1913 de
577 1871 804 1924 corpore
830 1851 1018 1906 mortis
1047 1848 1246 1918 hujus?
1277 1845 1456 1900 Gratia
1474 1843 1563 1898 Dei
1595 1857 1690 1911 per
1712 1841 1890 1894 Jesum
1919 1837 2070 1893 Chri-

490 1959 631 2003 stum
661 1947 944 2000 Dominum
975 1949 1217 1994 nostrum
1243 1935 1421 2006 (Rom.
1449 1949 1542 2000 vti,
1573 1933 1667 2000 ﬁt,
1698 1932 1817 1999 25').
1849 1929 1979 1984 Nam
2013 1935 2071 1982 et

491 2039 668 2104 Patri,
699 2043 928 2103 excepto
977 2032 1190 2086 nomine
1223 2027 1364 2089 Filii,
1409 2025 1656 2094 discipuli
1695 2027 2070 2091 smpenumero

495 2129 692 2200 gratias
713 2124 1024 2179 retulerunt.
1051 2121 1106 2176 Si
1134 2116 1566 2190 prosecutionem
1600 2125 1837 2170 nostram
1864 2127 1890 2164 a
1917 2112 2070 2166 nobis

496 2217 739 2288 superius
767 2229 862 2285 pro
906 2213 1006 2266 hac
1040 2225 1096 2264 re
1125 2210 1386 2280 prolatam
1417 2208 1758 2262 considerare
1788 2203 2022 2258 volueris
2051 2241 2067 2266 ,

497 2312 614 2366 sine
639 2308 815 2377 aliqua
844 2303 1190 2373 ambiguitate
1212 2313 1493 2369 agnosces.

1095 2412 1318 2468 CAPUT
1359 2412 1470 2466 LX.

677 2511 773 2566 L'bi
803 2509 975 2563 dicunt
1026 2505 1217 2559 Filium
1248 2505 1298 2556 in
1333 2503 1458 2556 Sion
1492 2508 1657 2554 monte
1681 2516 1712 2552 a
1740 2497 1898 2554 Patre

1011 2593 1181 2646 regem
1220 2575 1570 2627 constitutum.

567 2691 623 2748 Si
671 2691 764 2745 tibi
810 2688 1158 2759 opposuerim
1200 2685 1340 2756 quod
1401 2699 1496 2764 per
1552 2683 1866 2754 prophetam
1909 2679 2076 2734 Filius

499 2784 695 2841 dixerit
721 2801 734 2838 :
770 2783 880 2855 Ego
905 2792 1082 2836 autem
1110 2779 1436 2835 constitutus
1460 2792 1578 2831 sum
1606 2791 1698 2831 rex
1730 2777 1796 2830 ab
1825 2787 1891 2829 eo
1914 2785 2077 2842 super

499 2878 626 2934 Sion
657 2882 891 2929 montem
924 2882 1166 2926 sanctum
1194 2872 1309 2940 ejus
1333 2865 1507 2941 (Psal.
1540 2883 1599 2936 ιι,
1641 2867 1723 2938 6).

566 2967 768 3036 Respon
801 2967 869 3018 io.
904 2962 1072 3018 Filius
1102 2964 1155 3016 in
1185 2963 1286 3016 hoc
1316 2962 1458 3031 quod
1509 2953 1736 3014 Verbum
1766 2955 1940 3012 Patris
1967 2959 2072 3020 est,

496 3069 550 3115 et
581 3060 722 3115 Deus
751 3071 975 3111 manens
1001 3055 1054 3108 in
1083 3055 1194 3108 Deo
1225 3062 1332 3116 est,
1382 3051 1696 3106 naturaliter
1739 3065 1860 3102 cum
1918 3047 2096 3100 Patre.

499 3150 649 3220 regni
679 3149 884 3203 obtinet
913 3144 1279 3200 dominatum:
1315 3143 1368 3196 In
1410 3157 1475 3196 eo
1502 3157 1632 3194 vero
1663 3140 1801 3209 quod
1842 3137 2074 3192 Verbum

501 3257 627 3296 caro
656 3247 851 3294 factum
881 3245 963 3292 est
991 3247 1043 3291 et
1073 3235 1334 3289 habitavit
1356 3233 1409 3286 in
1438 3233 1613 3298 nobis,
1643 3242 1698 3286 et
1721 3245 1896 3300 regem
1927 3230 2076 3285 illum

504 3335 729 3405 legimus
755 3333 1133 3395 constitutum,
1179 3337 1230 3381 et
1260 3326 1420 3396 paulo
1448 3325 1623 3378 minus
1651 3323 1718 3377 ab
1741 3322 1948 3394 angelis
1979 3323 2079 3377 mi-

503 3434 769 3489 uoratnm,
787 3421 1065 3475 Psalmista
1092 3418 1337 3472 dicente:
1355 3414 1492 3482 Quid
1517 3425 1599 3469 est
1623 3415 1781 3468 homo
1798 3413 1940 3484 quod
1966 3427 2073 3467 mc-

499 3531 617 3570 mor
645 3527 704 3568 es
732 3513 868 3583 ejus,
891 3521 980 3565 aut
1004 3509 1169 3563 Filius
1200 3508 1433 3562 hominis
1456 3506 1710 3576 quoniam
1733 3505 1917 3558 visitas
1931 3504 2079 3559 eum?

501 3609 740 3672 Minnisti
762 3605 918 3676 paulo
948 3602 1212 3667 minusab
1232 3599 1458 3670 angelis,
1483 3599 1652 3667 gloria
1679 3608 1733 3652 et
1756 3597 1959 3651 honore
1987 3611 2080 3650 eo-

499 3699 697 3772 ronasti
725 3712 866 3759 eum.
883 3706 935 3750 et
960 3693 1282 3750 constituisti
1305 3708 1428 3747 eum
1454 3706 1615 3760 super
1639 3704 1801 3760 opera
1825 3704 2076 3742 manuum

501 3798 708 3841 tuaium
735 3785 921 3860 .(Psat.
952 3800 1062 3850 vni,
1088 3786 1138 3848 5,
1168 3785 1250 3853 7).
1281 3782 1335 3836 Si
1365 3782 1506 3836 enim
1540 3792 1688 3834 recto
1712 3777 2078 3848 intelligentia:

501 3894 665 3931 sensu
697 3876 1030 3944 evangelicas
1067 3873 1370 3942 Scripturas
1400 3871 1678 3935 seruteris,
1713 3869 1952 3923 invenies
1984 3867 2075 3921 Fi-

509 3971 638 4022 lium
661 3983 689 4021 a
721 3967 874 4021 Patre
906 3980 1086 4035 regem
1101 3980 1204 4018 non
1220 3963 1565 4018 constitutum
1579 3975 1721 4024 esse,
1747 3960 1838 4014 sed
1867 3967 2074 4025 natum,

504 4061 840 4130 Evangelista
866 4061 1106 4113 dicente:
1140 4057 1272 4112 Cum
1299 4071 1428 4123 ergo
1472 4064 1625 4107 natus
1653 4061 1798 4107 esset
1835 4051 1991 4106 Jcsus
2024 4052 2074 4103 in

500 4155 771 4210 Bethleem
825 4152 996 4213 .lndm,
1045 4151 1096 4204 in
1153 4148 1369 4203 civitate
1424 4145 1610 4210 Dat-id,
1655 4159 1782 4199 ecce
1823 4144 1959 4213 magi
2009 4142 2076 4196 ab

499 4247 717 4300 Oriente
743 4251 1000 4298 venerunt
1021 4241 1406 4310 Jerosolymam
1432 4238 1698 4292 dicentes:
1734 4234 1830 4289 Ubi
1858 4245 1962 4299 est,
1988 4233 2075 4303 qui

500 4350 656 4408 natus
683 4345 764 4391 est
791 4349 879 4389 rex
922 4333 1229 4388 .lntlteorum
1260 4328 1474 4399 (Matth.
1499 4345 1557 4395 ιι,
1582 4330 1634 4394 1,
1663 4326 1754 4396 9.)?
1784 4327 1992 4379 Etcum
2026 4325 2074 4379 ei

501 4425 706 4479 Pilatus
726 4424 955 4478 diceret:
985 4421 1062 4476 Tn
1087 4437 1145 4476 cs
1169 4436 1263 4475 rex
1288 4418 1636 4489 Judacorum‘t
1656 4416 2070 4486 Responditilli:

504 4523 561 4576 In
591 4523 690 4575 hoc
706 4531 859 4573 natus
881 4533 1019 4572 sum.
1036 4517 1123 4582 Et,
1149 4517 1386 4586 Regnum
1418 4531 1592 4568 meum
1613 4517 1654 4566 si
1678 4513 1861 4567 dehoc
1878 4511 2080 4565 mundo

502 4621 677 4677 esset,
707 4610 932 4670 ministri
975 4610 1075 4663 tnei
1103 4615 1372 4662 certarent
1401 4621 1493 4674 pro
1525 4619 1630 4671 me,
1654 4611 1729 4658 'ne
1751 4603 1950 4658 Judaeis
1977 4611 2083 4657 tra-

502 4703 661 4757 derer
692 4699 868 4772 (Joan.
911 4716 1058 4764 xvut,
1092 4698 1180 4763 56,
1205 4697 1318 4766 57).
1350 4696 1479 4750 Nam
1500 4737 1515 4762 ,
1549 4697 1687 4749 sicut
1711 4709 1806 4748 vos
1830 4692 2083 4747 concedi-

507 4793 575 4876 tis
595 4834 610 4859 ,
653 4802 778 4848 tunc
819 4791 987 4846 Filius
1016 4795 1065 4845 in
1093 4797 1266 4844 morte
1297 4789 1444 4857 regni
1475 4788 1699 4852 adeptus
1740 4797 1820 4840 est
1853 4796 2086 4854 potesta-

507 4895 644 4938 tem:
673 4901 800 4956 ergo
826 4895 1107 4954 antequam
1171 4899 1264 4938 rex
1301 4884 1488 4937 fuisset
1515 4899 1542 4936 a
1580 4885 1733 4937 Patre
1767 4879 1931 4937 Filius
1954 4899 2087 4939 con-

506 4977 753 5040 stitutus,
785 4977 988 5031 nullam
1037 4976 1088 5030 in
1120 4976 1239 5031 sinu
1292 4975 1464 5028 Patris
1510 4975 1904 5028 communionis
1931 4976 2077 5044 regni

508 5069 692 5122 habuit
717 5066 1047 5139 dign'tatem.
1101 5066 1158 5122 Si
1209 5067 1276 5120 ita
1328 5078 1439 5129 est,
1473 5064 1923 5133 quemadmodum
1958 5079 2082 5134 pro-

508 5159 664 5227 pheta
689 5173 865 5229 regem
890 5158 1172 5211 illumante
1195 5156 1388 5210 smcula
1419 5157 1582 5218 fuisse
1607 5154 1904 5224 significat,
1923 5167 2084 5221 quem

505 5250 696 5302 saltem
712 5248 763 5301 in
790 5245 967 5300 medio
984 5257 1140 5301 terras
1167 5245 1330 5316 n13
1353 5257 1695 5314 Operaturum
1713 5258 1836 5297 esse
1857 5245 1907 5296 in
1920 5257 2085 5298 carne

508 5355 742 5412 prmsaga
788 5339 1166 5396 vaticinatione
1205 5338 1554 5408 pronuntiat:
1592 5339 1729 5391 Deus
1763 5347 1938 5390 autem
1987 5350 2082 5390 rex

508 5446 712 5496 noster,
753 5432 942 5501 inquit,
975 5439 1226 5501 operatus
1256 5439 1337 5484 cst
1378 5428 1606 5481 salutem
1640 5428 1691 5480 in
1723 5426 1899 5480 medio
1927 5435 2084 5481 terrae

513 5526 685 5594 (Psaf.
725 5524 1054 5594 Lxxin,19.)?
1083 5523 1180 5577 llic
1205 5522 1346 5577 enim
1379 5534 1406 5573 a
1433 5519 1544 5574 Deo
1573 5518 1731 5572 Patre
1755 5532 1848 5571 rex
1880 5517 2087 5571 conSti-

508 5626 652 5669 tutus
680 5625 792 5681 est,
819 5617 905 5686 qui
937 5631 1055 5669 cum
1085 5615 1225 5675 Deus
1274 5621 1442 5677 esset,
1477 5611 1637 5665 homo
1688 5624 1783 5679 pro
1831 5609 1984 5664 nobis
2013 5622 2080 5663 ex

511 5706 726 5793 Virgine
756 5710 898 5764 nasci
943 5710 1186 5779 dignatus
1215 5715 1329 5764 est:
1362 5718 1481 5760 nam
1513 5703 1600 5773 qui
1632 5715 1752 5757 cum
1782 5700 1939 5756 Patre
1968 5699 2084 5756 ubi-

2171 1858 2293 1898 nam
2323 1842 2611 1896 arbitratus
2641 1847 2723 1891 est
2748 1851 2868 1890 esse
2896 1849 2956 1889 se
2977 1833 3233 1904 aequalem
3265 1834 3391 1897 Deo,
3424 1832 3518 1886 sed
3546 1839 3751 1885 semet-

2173 1939 2344 2006 ipsum
2375 1931 2692 1995 exinanivit,
2749 1929 2973 1982 formam
3025 1926 3169 1980 servi
3214 1925 3483 1992 accipiens
3513 1921 3740 1993 (Philip.

2172 2043 2234 2092 ιι,
2263 2025 2340 2096 (ἰ).
2375 2023 2504 2078 Nam
2538 2030 2591 2076 ct
2619 2021 3042 2088 omnipotentem
3075 2031 3194 2071 eum
3223 2030 3343 2070 esse
3367 2023 3425 2068 ut
3459 2014 3614 2067 Pater
3641 2021 3752 2078 est,

2173 2134 2276 2173 non
2305 2119 2551 2174 humanae
2576 2113 2848 2183 sapientia:
2877 2109 3075 2172 verbis,
3108 2107 3201 2161 scd
3232 2107 3423 2160 divinis
3447 2106 3738 2159 astruimus

2173 2209 2538 2272 (locum-uuis,
2587 2204 2848 2259 Zacharia
2882 2201 3141 2272 propheta
3179 2199 3428 2254 dicente:
3470 2197 3595 2251 Ilrcc
3623 2197 3760 2250 dicit

2170 2303 2405 2376 Domina
2484 2298 2860 2366 omnipotens:
2909 2293 3035 2347 POst
3082 2290 3343 2345 honorem
3395 2289 3542 2342 misit
3572 2303 3656 2340 me
3681 2272 3754 2339 ad

2174 2402 2360 2465 gentes
2391 2404 2508 2458 qam
2535 2403 2630 2442 vos
2648 2387 3035 2456 prazdaverunt,
3078 2383 3328 2452 quoniam
3346 2381 3434 2450 qui
3465 2378 3635 2449 tangit
3657 2393 3757 2433 vos

2175 2485 2314 2538 sicut
2357 2481 2446 2550 qui
2486 2480 2652 2548 tangit
2693 2477 2942 2546 pupillam
2971 2474 3112 2529 oculi
3143 2473 3261 2542 ejus
3289 2489 3302 2525 :
3335 2473 3584 2541 quoniam
3621 2485 3754 2525 ecce

2175 2587 2274 2642 ego
2304 2571 2484 2641 injicio
2534 2584 2747 2624 manum
2779 2582 2943 2638 super
2972 2581 3066 2620 eos
3105 2566 3193 2634 qui
3227 2563 3600 2634 prmdaverunt
3626 2577 3757 2627 vos,

2180 2676 2237 2722 ct
2258 2673 2416 2720 erunt
2446 2663 2498 2716 in
2543 2661 2780 2731 praedam
2813 2660 2901 2729 qui
2930 2657 3308 2728 prwdaverunt
3337 2670 3464 2719 vos;
3491 2663 3546 2708 et
3587 2657 3763 2706 scient

2178 2756 2298 2827 quia
2333 2754 2587 2809 Dominus
2617 2753 2756 2806 Deus
2785 2751 3130 2819 omnipotens
3162 2747 3307 2801 misit
3336 2761 3422 2801 me
3453 2745 3640 2818 (Zach.
3675 2759 3714 2796 ιι
3741 2782 3762 2809 ,

2180 2848 2236 2915 8)
2301 2845 2439 2900 Ecce
2464 2844 2532 2897 ab
2568 2841 2938 2911 omnipotente
2969 2839 3306 2908 omnipotens
3338 2838 3585 2891 mittitur.
3625 2835 3762 2901 Qun:

2180 2937 2318 2991 intra
2350 2937 2645 2989 mittentem
2664 2940 2720 2987 et
2748 2931 2968 2986 missum
3002 2928 3331 2998 inmqualitas
3353 2925 3763 2994 comprobatur?

2181 3027 2288 3083 Sed
2336 3026 2382 3080 si
2431 3025 2544 3079 hanc
2569 3022 2886 3092 insipientia:
2925 3030 3028 3074 tua:
3070 3019 3244 3073 adhuc
3273 3032 3433 3086 parva
3474 3016 3760 3080 videntur,

2105 3105 2150 3169 (ἶ
2181 3118 2616 3189 omnipotentiam
2657 3115 2771 3185 ejus
2816 3115 2902 3185 qui
2936 3112 3129 3167 missus
3167 3119 3343 3166 estex
3385 3108 3763 3178 subsequenti-

2184 3213 2282 3268 bus
2304 3213 2449 3267 disce
2470 3251 2484 3277 ,
2514 3224 2631 3280 qtae
2668 3221 2810 3262 nunc
2840 3205 2970 3260 mihi
3011 3203 3208 3257 videris
3236 3202 3504 3270 ignorare,
3537 3201 3758 3267 Apoca-

2182 3303 2317 3374 lypsi
2364 3303 2602 3357 dicente:
2633 3298 2746 3367 Ego
2778 3320 2811 3351 α
2838 3310 2957 3352 sum
2986 3301 3040 3348 et
3069 3317 3106 3348 ω
3128 3337 3142 3362 ,
3189 3292 3319 3346 dicit
3365 3289 3622 3343 Dominus
3667 3287 3763 3357 qui

2182 3404 2317 3459 erat,
2345 3402 2396 3447 et
2437 3392 2654 3462 quiest,
2689 3396 2744 3442 et
2789 3386 2952 3458 419
2981 3382 3071 3454 qui
3094 3392 3351 3437 venturus
3377 3390 3460 3435 est
3504 3379 3760 3454 omnipo-
3849 3398 3862 3408 -

2185 3495 2301 3542 tens
2328 3485 2514 3554 (Apoc.
2545 3499 2581 3546 ι,
2616 3482 2693 3548 8).
2730 3479 2795 3533 Et
2821 3477 2983 3531 David
3001 3479 3049 3531 in
3067 3474 3329 3530 Psalmis:
3361 3471 3518 3526 Posui
3543 3471 3764 3540 adjuto-

2182 3576 2319 3629 rium
2366 3589 2527 3642 super
2560 3580 2831 3639 potentem
2872 3565 3045 3638 (Psal.
3093 3577 3362 3628 Lxxxvut,
3391 3561 3510 3628 20).
3554 3560 3621 3614 Et
3654 3560 3763 3613 i'e-

2183 3682 2334 3722 rum:
2371 3665 2564 3719 Potens
2599 3676 2679 3724 es,
2715 3659 2957 3723 Domine,
2989 3665 3047 3710 et
3074 3653 3270 3709 veritas
3300 3661 3386 3706 tua
3430 3650 3483 3704 in
3529 3649 3760 3704 circuitu

2184 3767 2273 3812 tuo
2315 3755 2501 3829 (lbid.,
2547 3751 2625 3824 9).
2677 3751 2860 3820 Itaque
2916 3761 3057 3802 nunc
3095 3727 3377 3810 convenit,
3411 3750 3468 3794 ut
3499 3749 3756 3806 tanquam

2185 3828 2377 3917 pravus
2399 3845 2585 3900 doctor
2606 3843 2855 3897 ostendas
2876 3853 2993 3907 qua:
3010 3838 3060 3890 in
3089 3831 3478 3904 omnipotentia
3502 3828 3677 3885 Patris
3699 3839 3759 3883 et

2184 3937 2304 3992 Filii
2337 3937 2502 4006 possit
2523 3949 2644 3989 esse
2673 3929 2947 3987 distantia.

2764 4037 2986 4096 CAPUT
3027 4037 3184 4092 LX".

2257 4157 2354 4213 Ubi
2383 4159 2562 4212 dicunt
2586 4172 2604 4208 :
2626 4153 2858 4208 lubenti:
2888 4162 2932 4205 et
2953 4152 3180 4220 facientis
3207 4157 3425 4219 potestas
3453 4160 3556 4198 una
3587 4159 3688 4196 non

2809 4232 2969 4292 potest
3000 4238 3123 4275 esse.

2253 4342 2308 4396 Si
2333 4349 2509 4394 autem
2544 4337 2636 4392 tibi
2659 4336 2814 4391 solita
2833 4335 3065 4388 vanitate
3087 4330 3322 4386 dixerint
3349 4330 3559 4384 Patrem
3587 4336 3642 4381 et
3671 4327 3764 4381 Fi-

2183 4435 2310 4488 liutn
2346 4447 2504 4485 unum
2533 4443 2653 4484 esse
2679 4442 2783 4481 non
2813 4438 2968 4494 posse
2989 4466 3004 4492 ,
3030 4423 3152 4494 quia
3173 4419 3409 4491 iubentis
3428 4427 3482 4474 et
3518 4417 3768 4473 facientis

2194 4533 2429 4596 potestas
2450 4536 2551 4575 una
2580 4534 2682 4573 non
2714 4524 2890 4588 potest
2913 4529 3052 4569 esse.

2268 4611 2566 4680 Responsio.
2592 4609 2869 4676 Nunquam
2901 4607 3060 4673 plane
3087 4616 3184 4657 nos
3201 4600 3380 4670 aliquo
3407 4597 3600 4653 divina:
3615 4595 3771 4651 Scri-

2197 4699 2364 4770 ptura:
2401 4700 2520 4754 loco
2550 4700 2772 4768 legimus
2804 4698 3011 4751 Patrem
3055 4694 3251 4748 dixisse
3283 4691 3418 4746 Filio
3439 4689 3588 4743 :-Fac
3618 4687 3763 4757 quod

2196 4795 2288 4850 tibi
2308 4795 2468 4864 jnheo
2487 4792 2568 4846 vel
2597 4789 2872 4860 pra-cipio,
2885 4784 3189 4857 utjubentis
3201 4781 3567 4836 auctoritatem
3581 4790 3770 4834 osten-

2197 4885 2379 4940 deret:
2411 4884 2493 4936 vel
2533 4881 2725 4934 Filium
2758 4876 3137 4948 respondisse:
3174 4872 3355 4937 Facio,
3387 4878 3447 4921 ut
3480 4869 3771 4936 obtempe-

2189 4976 2357 5030 rantis
2376 4969 2459 5026 vel
2491 4970 2730 5024 facientis
2744 4982 3024 5038 personam
3043 4962 3391 5016 nihilominus
3417 4961 3768 5028 approbaret.

2188 5065 2290 5121 Sed
2315 5065 2564 5134 quoniam
2580 5063 2778 5132 saepius
2801 5061 2898 5115 ista
2917 5055 3268 5128 prOponendo
3297 5053 3475 5106 minus
3504 5049 3766 5118 pudorem

2189 5157 2582 5225 cognoscimus,
2627 5167 2745 5222 qua:
2797 5166 2894 5204 nos
2929 5149 3038 5218 jam
3095 5145 3342 5212 superius
3396 5142 3463 5194 de
3493 5137 3768 5193 communi

2191 5259 2352 5314 opera
2383 5244 2556 5298 Patris
2578 5252 2630 5297 et
2651 5240 2768 5303 Filii
2808 5255 2914 5294 non
2948 5251 3110 5308 pauca
3151 5234 3354 5287 dixisse
3385 5229 3729 5283 meminimus
3750 5265 3767 5290 ,

2191 5351 2253 5393 ea
2283 5352 2424 5392 nunc
2446 5336 2634 5391 iterum
2659 5333 2874 5388 insnlsis
2890 5329 3156 5385 menibus
3179 5327 3285 5381 tuis
3318 5324 3562 5393 cogimur
3596 5321 3770 5386 int-ul-

2189 5443 2335 5494 care,
2365 5443 2484 5499 qua:
2532 5428 2679 5496 quasi
2729 5425 2955 5492 sapienti
2996 5419 3404 5476 credideramus
3425 5414 3592 5469 semel
3623 5412 3770 5463 dicta

2191 5534 2349 5590 posse
2393 5517 2676 5571 sufficere:
2720 5513 2973 5570 Ausculta
3023 5511 3210 5581 igitur,
3243 5517 3296 5563 et
3324 5518 3589 5576 agnosces
3636 5517 3776 5567 quo-

2190 5609 2330 5663 niam
2363 5621 2496 5677 opus
2520 5606 2712 5671 Patris,
2757 5613 2837 5661 est
2868 5603 3020 5668 Filii,
3051 5602 3173 5671 quia
3201 5612 3378 5668 neque
3406 5595 3618 5649 Patrem
3645 5593 3772 5646 sine

2191 5698 2347 5769 Filio,
2401 5712 2572 5766 neque
2620 5694 2812 5752 Filium
2863 5692 2980 5750 sine
3011 5691 3170 5748 Patre
3216 5682 3773 5758 quidquam-legimus
