3960 6176
261 274 353 330 393

1445 258 1718 314 CONTRA
1761 253 2167 312 VARIHADUM
2206 251 2338 307 LIB.
2380 251 2417 306 I.

3412 247 3510 299 391

259 391 559 454 operatum;
593 379 710 448 ipso
739 376 792 430 in
818 374 1103 444 Evangelio
1127 379 1482 442 protestante:
1511 372 1666 426 Pater
1682 385 1831 427 meus
1859 378 1910 435 Α
1935 368 2068 422 dixit
2096 367 2160 420 ad
2192 381 2302 426 me.
2337 365 2499 419 Filius
2532 377 2680 417 mens
2730 376 2787 417 es
2819 372 2893 428 tu,
2919 375 3018 427 ego
3051 360 3210 415 hodie
3263 363 3421 428 genui
3455 374 3508 417 te

262 487 422 542 usque
450 469 615 524 modo
640 472 916 536 operatur,
946 473 1002 518 et
1027 477 1124 532 ego
1150 475 1345 531 operor
1369 460 1553 530 (Joan.
1601 476 1632 513 v
1652 501 1668 524 ,
1715 461 1827 529 17).

262 564 335 622 Et,
367 561 528 614 Pater
557 558 610 611 in
636 570 720 609 me
745 568 969 608 manens
991 551 1117 605 facit
1145 564 1306 618 opera
1359 548 1538 618 (Joan.
1580 563 1690 614 xlv,
1718 546 1828 617 10).

265 654 344 717 Ει,
369 649 425 706 Si
455 648 587 702 mihi
617 661 723 699 non
750 643 912 698 vultis
934 641 1174 707 credere,
1201 639 1288 694 vel
1315 637 1561 705 Operibus
1589 635 1790 690 credite
1811 676 1827 700 ,

263 756 314 798 ut
341 737 648 810 agnoscatis
672 734 794 803 quia
837 747 934 801 ego
957 732 1010 784 in
1039 731 1228 792 Patre,
1272 736 1326 780 et
1367 727 1522 780 Pater
1547 724 1601 778 in
1629 739 1714 778 me
1751 733 1832 779 est

265 834 433 904 (Joan.
459 849 514 894 ι,
545 828 659 897 38).
694 827 781 892 Ει,
813 823 925 894 Ego
957 830 1010 876 et
1039 821 1196 875 Pater
1210 818 1276 872 ad
1307 831 1428 872 eum
1459 814 1756 879 veniemus,
1779 822 1834 867 et

264 925 595 981 mansionem
623 916 764 986 apud
806 930 928 969 eum
957 911 1214 966 faciemus
1245 906 1425 979 (Joan.
1457 921 1565 972 xlv,
1589 904 1707 975 9.5).
1736 904 1832 968 Et,

267 1021 546 1076 Faciamus
593 1012 864 1066 hominem
897 1008 960 1060 ad
1002 1005 1285 1072 imaginem
1332 1013 1388 1055 et
1428 997 1832 1054 similitudinem

267 1115 498 1166 nostram
555 1100 709 1170 (Gen.
743 1115 793 1163 ι,
815 1097 928 1166 '26).
966 1096 1048 1157 Et,
1085 1091 1504 1151 Descendamus,
1528 1096 1581 1142 et
1609 1086 1835 1141 contun-

266 1199 446 1252 damus
491 1192 706 1261 linguas
745 1201 933 1242 eorum
963 1183 1117 1254 (Gen.
1139 1197 1210 1243 xi,
1241 1180 1316 1249 7).
1348 1178 1477 1232 Cum
1503 1192 1568 1230 ex
1597 1176 1697 1229 hoc
1726 1191 1832 1228 non

269 1286 469 1350 nescias
503 1295 669 1334 unum
706 1292 839 1345 opus
866 1289 983 1328 esse
1010 1271 1184 1326 Patris
1211 1279 1265 1323 et
1293 1267 1412 1322 Filii
1435 1309 1449 1331 ,
1477 1281 1572 1319 cur
1600 1264 1715 1332 ipse
1737 1264 1837 1317 Pa-

269 1392 394 1433 trem
413 1374 560 1428 Filio
581 1370 860 1440 iubentem
889 1365 1083 1420 astu-uis
1102 1404 1117 1429 ,
1144 1372 1198 1417 et
1221 1360 1414 1416 Filium
1446 1357 1727 1414 facientem
1750 1357 1836 1410 vel

270 1464 603 1521 obedientem
623 1456 891 1514 ostendis?

827 1563 1052 1621 CAPUT
1091 1559 1273 1616 LXIII.

371 1674 474 1730 Ubi
500 1673 680 1725 dicunt
719 1666 914 1720 Filium
958 1663 1108 1717 Patri
1138 1677 1239 1715 non
1269 1675 1376 1714 esse
1405 1667 1731 1712 coarternnm.

1937 458 2108 530 (Psal.
2139 474 2172 512 tt
2195 499 2210 522 ,
2237 459 2315 526 7).
2366 459 2430 511 Et
2473 460 2524 509 in
2575 455 2892 525 Evangelia,
2930 454 3055 509 dum
3085 455 3225 508 idem
3257 453 3421 508 Filius
3451 454 3507 508 in
3595 447 3608 465 ⁸

1935 547 2172 602 Jordane
2219 546 2608 614 baptizaretur,
2640 561 2742 599 vox
2775 545 2945 599 Patris
2994 545 3226 598 intonuit
3269 543 3496 599 dicens:

1937 637 2036 692 Ilic
2058 647 2140 690 est
2169 636 2335 690 Filius
2368 652 2516 691 meus
2547 635 2945 700 dilectissimus,
2987 635 3037 688 in
3070 649 3175 702 quo
3202 635 3338 689 bene
3361 647 3511 687 com-

1942 727 2116 795 placui
2149 726 2300 793 (Luc.
2342 742 2420 792 tn,
2451 726 2568 796 2‘2).
2613 725 2678 779 Et
2709 726 2758 778 in
2783 735 2962 779 monte
2993 726 3162 779 tribus
3200 723 3509 792 discipulis:

1936 817 2033 870 Hic
2077 824 2160 872 est
2213 815 2380 869 Filius
2433 831 2582 870 meus
2628 815 3046 881 dilectissimus,
3105 815 3275 883 ipsum
3328 813 3510 866 audite

1938 905 2149 977 (Matth.
2175 921 2306 971 xvn,
2331 906 2408 975 5).
2440 905 2580 960 Audi
2609 906 2817 960 Patrem
2842 907 2907 959 de
2930 921 2987 958 se
3025 905 3274 972 genuisse
3300 904 3511 972 propria

1936 1011 2068 1051 voce
2089 1005 2399 1058 testantem,
2423 996 2545 1048 audi
2574 996 2762 1048 Filium
2793 995 3082 1047 nativitatis
3099 1011 3210 1048 sua:
3229 995 3510 1061 originem,

1938 1089 2081 1143 unde
2104 1088 2184 1143 vel
2215 1103 2284 1142 ex
2318 1102 2421 1156 quo
2451 1086 2792 1139 inenarrabili
2824 1095 2944 1138 ortu
2973 1087 3063 1150 sit,
3090 1085 3508 1138 demonstrasse.

1942 1181 2134 1234 Desine
2164 1179 2418 1232 facturam
2437 1177 2644 1240 dicere,
2675 1176 2936 1230 caelorum
2966 1190 3028 1230 ac
3057 1174 3260 1239 mundi,
3293 1183 3348 1228 et
3367 1188 3512 1227 crea-

1941 1281 2175 1325 turartnn
2200 1270 2438 1324 omnium
2471 1268 2825 1322 conditorem.

2505 1380 2730 1436 CAPUT
2790 1379 2950 1434 LXV.

1947 1495 2041 1549 Ubt
2071 1497 2242 1549 dicunt
2274 1511 2291 1547 :
2319 1494 2460 1548 Sicut
2496 1493 2645 1544 Pater
2671 1493 2813 1544 habet
2855 1492 3007 1543 vitam
3054 1491 3104 1540 in
3136 1490 3419 1556 semetipso,
3449 1489 3524 1540 i'a

2146 1577 2192 1618 ct
2223 1564 2361 1618 Filio
2385 1565 2519 1615 dedit
2550 1565 2703 1616 vitam
2742 1561 2922 1614 habere
2951 1563 3004 1612 in
3027 1560 3315 1629 semetipso.

2015 1673 2070 1727 Si
2099 1673 2194 1726 tibi
2232 1671 2580 1740 opposuerint
2604 1669 2745 1738 quod
2781 1669 2949 1722 Filius
2974 1667 3171 1721 dixerit
3203 1683 3218 1718 :
3249 1667 3400 1719 Sicut
3429 1667 3520 1722 lia-

335 1773 503 1844 420
533 1770 591 1825 Si
621 1768 713 1823 tibi
751 1764 1004 1828 dixerint,
1046 1761 1178 1828 Quia
1225 1769 1457 1813 aeternus
1511 1770 1616 1809 non
1647 1751 1840 1806 dieitur
1875 1748 1917 1807 Β
1945 1761 2033 1814 bet
2059 1761 2216 1815 Pater
2243 1763 2405 1814 vitam
2449 1760 2500 1811 in
2549 1758 2856 1825 semetipso,
2889 1757 2966 1810 sic
2993 1755 3138 1809 dedit
3187 1754 3326 1810 Filio
3355 1757 3516 1811 vitam

273 1864 462 1926 Filius,
491 1861 634 1915 sicut
665 1858 820 1911 Pater
850 1864 1082 1908 internus
1104 1851 1316 1905 dicitur.

343 1949 648 2021 Responsio.
690 1946 760 2002 Ut
793 1953 969 1998 autem
995 1952 1247 2004 :eternns,
1277 1945 1336 1991 ut
1359 1935 1520 1990 Pater
1548 1942 1648 2000 est,
1680 1932 1846 1987 Filius

276 2046 640 2114 approbetur,
699 2042 753 2094 in
804 2039 1006 2110 psalmo
1055 2037 1347 2091 centesimo
1401 2041 1588 2087 Octavo
1635 2031 1848 2085 decimo

280 2136 460 2204 (γετί.
491 2133 586 2201 89)
622 2128 952 2184 manifestius
981 2125 1301 2180 declaratur.
1321 2122 1377 2175 In
1421 2130 1699 2182 aeternum,
1747 2119 1848 2172 Do-

286 2224 565 2289 mine,ait,
585 2221 804 2274 verbum
822 2229 966 2271 tuum
991 2215 1331 2283 permanetin
1354 2212 1510 2265 coelo.
1537 2209 1845 2264 Etinlsaia:

284 2313 472 2367 Omnis
503 2324 632 2365 caro
647 2309 822 2363 fenum
843 2347 858 2369 ,
887 2315 939 2360 et
968 2304 1139 2358 omnis
1170 2304 1332 2372 gloria
1354 2300 1582 2354 hominis
1603 2298 1850 2353 sicutﬂos

282 2400 385 2456 feni
410 2418 424 2450 :
450 2399 596 2452 aruit
613 2398 791 2452 fenum
811 2405 864 2451 et
878 2395 998 2459 flos,
1013 2395 1232 2448 verbum
1250 2403 1426 2445 autem
1452 2391 1658 2443 Domini
1674 2397 1854 2444 manet

281 2494 326 2546 in
355 2500 627 2546 aeternum
659 2487 810 2558 (Isai.
836 2502 920 2551 ιι,
945 2487 1020 2553 6).
1057 2483 1183 2538 Item
1217 2482 1325 2537 ibi:
1360 2482 1468 2550 Ego
1499 2496 1618 2535 sum
1649 2481 1852 2549 primus

278 2590 328 2635 et
347 2595 452 2647 ego
475 2580 530 2632 in
573 2586 856 2639 aeternum,
878 2588 1068 2627 manus
1103 2587 1219 2626 mea
1252 2571 1490 2623 fundavit
1520 2579 1715 2623 terram
1738 2611 1751 2633 ,
1798 2576 1852 2622 et

285 2670 507 2723 dextera
535 2681 656 2720 mea
678 2663 925 2718 solidavit
943 2661 1135 2716 cmlum
1159 2658 1312 2728 (Isai.
1341 2674 1518 2722 XLVIII,
1546 2658 1655 2726 12).
1687 2657 1853 2711 Filius

280 2758 457 2826 itaque
487 2771 588 2808 nec
620 2755 672 2808 in
700 2763 956 2807 aeternum
987 2749 1129 2804 Patri
1150 2748 1421 2803 dissimilis
1445 2747 1728 2810 invenitur,
1755 2759 1854 2799 nec

280 2845 520 2915 potentia
564 2842 784 2898 inferior
812 2840 1132 2910 approbatur
1168 2855 1184 2892 :
1239 2838 1493 2906 quoniam
1525 2835 1612 2904 qui
1657 2834 1854 2888 deitate

281 2952 556 3007 unumque
577 2945 700 2990 sunt
719 2934 956 3004 potentia
976 2973 994 3000 ,
1015 2931 1315 2987 tetemitate
1335 2929 1586 2998 distingui
1611 2941 1714 2981 non
1733 2942 1854 2996 pos-

281 3038 424 3093 sunt,
455 3027 554 3083 sed
579 3040 753 3094 neque
791 3023 956 3078 Filius
989 3029 1140 3076 caret
1174 3021 1475 3074 aeternitate
1499 3028 1732 3084 natura,
1763 3017 1854 3087 qui

1950 1854 2146 1908 habere
2177 1855 2230 1906 in
2259 1851 2549 1919 semetipso
2580 1849 2756 1920 (Joan.
2790 1865 2844 1915 γ,
2872 1848 2987 1915 26).

2021 1943 2322 2014 Responsio.
2360 1943 2416 1996 Si
2463 1941 2629 1996 Filius
2658 1950 2780 1994 ante
2811 1940 2989 1994 mundi
3022 1939 3301 1994 exordium
3345 1939 3396 1991 in
3427 1939 3518 1992 Pa-

1949 2043 2030 2088 tre
2064 2046 2285 2087 manens
2315 2031 2478 2085 vitam
2520 2046 2626 2084 non
2658 2030 2861 2093 habuit,
2891 2030 3158 2098 quomodo
3197 2040 3382 2082 auctor
3405 2031 3520 2082 vita:

1948 2124 2162 2188 dicitur,
2185 2131 2240 2177 et
2275 2123 2383 2175 vita
2415 2131 2614 2176 aeterna
2645 2121 2932 2189 probatur?
2961 2119 3294 2184 Postulastis,
3329 2120 3404 2172 ait
3429 2119 3522 2173 Pe<

1949 2224 2062 2268 trus
2099 2212 2390 2282 apostolus,
2420 2211 2590 2265 virum
2634 2211 2964 2265 homicidam
2995 2211 3184 2265 donari
3213 2212 3384 2274 vobis,
3431 2227 3522 2264 au-

1950 2317 2152 2360 ctorem
2181 2321 2310 2360 vero
2341 2305 2459 2360 vitae
2492 2304 2837 2359 interfecistis
2876 2306 3263 2373 suspendentes
3310 2306 3363 2358 in
3386 2305 3523 2374 ligno

1950 2397 2090 2464 (Act.
2116 2412 2170 2450 ιιι
2196 2438 2213 2460 ,
2258 2396 2368 2462 14).
2404 2396 2469 2449 Et
2509 2395 2742 2449 Joannes
2787 2396 3056 2464 apostolus
3089 2415 3098 2447 :
3138 2397 3234 2450 Hic
3262 2407 3340 2450 est
3373 2413 3523 2452 verus

1953 2485 2113 2551 Deus,
2146 2495 2198 2540 et
2227 2487 2334 2539 vita
2363 2497 2559 2540 atterna
2582 2484 2637 2555 (Ι
2667 2486 2822 2540 Joan.
2857 2501 2908 2554 v,
2939 2487 3055 2553 20).
3102 2487 3166 2540 Et
3195 2490 3309 2555 ipse
3350 2489 3522 2542 Durni-

1954 2594 2051 2632 nus
2077 2579 2142 2632 ad
2170 2579 2425 2632 Martham
2460 2597 2472 2633 :
2509 2579 2620 2648 Ego
2646 2594 2760 2633 sum
2789 2581 3111 2634 resurrectio
3141 2589 3194 2634 et
3213 2580 3320 2632 vita
3343 2580 3520 2649 (loon.

1956 2684 2045 2731 xi,
2080 2669 2192 2737 25).
2225 2669 2354 2723 Item
2383 2671 2452 2722 ibi
2483 2687 2494 2720 :
2538 2671 2648 2738 Ego
2677 2685 2791 2723 sum
2826 2671 2972 2738 panis
2996 2675 3141 2736 vitae,
3172 2674 3264 2740 qui
3292 2672 3357 2725 de
3387 2675 3522 2728 cmln

1951 2759 2111 2829 522
2139 2761 2387 2814 descendi
2412 2759 2589 2831 (Joan.
2618 2775 2702 2825 vi,
2733 2762 2842 2829 51).
2877 2762 2940 2815 Ει
2977 2763 3048 2816 ad
3087 2764 3292 2818 Patrem
3329 2783 3342 2817 :
3377 2766 3525 2822 Sicut

1953 2851 2184 2904 dilexisti
2216 2864 2324 2913 me,
2366 2861 2422 2903 et
2463 2865 2561 2918 ego
2590 2850 2749 2904 dilexi
2778 2865 2871 2904 eos
2894 2849 3074 2918 (Joan.
3125 2869 3212 2915 xv,
3252 2855 3327 2916 9).
3365 2855 3430 2909 Et
3451 2859 3526 2910 vi.

1954 2947 2059 2992 tam
2090 2947 2342 2992 aeternam
2391 2938 2461 2992 do
2496 2939 2576 2992 eis
2602 2938 2778 3008 (Joan.
2811 2955 2864 3002 χ,
2909 2939 3024 3006 28).
3067 2941 3134 2994 Et
3157 2943 3385 2998 iterum:
3419 2947 3526 3014 Ego

1954 3027 2073 3081 veni
2101 3037 2158 3080 ut
2184 3028 2347 3080 vitam
2389 3027 2636 3082 habeant.
2679 3027 2833 3082 Sicut
2857 3029 3002 3081 enim
3034 3030 3086 3082 in
3119 3029 3275 3099 hujus
3303 3035 3526 3096 nominis

280 3134 498 3176 omnem
522 3119 578 3172 in
607 3130 668 3172 se
687 3114 900 3171 deitatis
922 3111 1301 3183 plenitudinem
1317 3110 1538 3164 docetur
1562 3109 1847 3178 possidere.

1961 3118 2350 3186 nuncupatione
2382 3117 2489 3170 vita
2519 3131 2549 3170 a
2575 3118 2677 3171 vita
2711 3132 2812 3170 non
2841 3125 3016 3186 potest
3043 3117 3229 3185 dividi,
3263 3123 3331 3174 ita
3363 3121 3529 3177 Filius

847 3225 1071 3283 CAPUT
1111 3223 1290 3278 LXIV.

284 3332 377 3388 Ubi
395 3332 582 3384 dicunt
606 3327 812 3381 Patrem
835 3323 882 3378 F
885 3324 1029 3378 ilium
1051 3324 1250 3394 fecisse.
1307 3320 1356 3374 F
1360 3323 1500 3375 ilium
1526 3337 1640 3375 vero
1663 3321 1852 3373 omnia.

349 3435 408 3489 Si
440 3431 704 3498 dixerint,
739 3427 898 3482 Pater
929 3426 1121 3482 Filium
1151 3425 1291 3488 fecit,
1319 3425 1482 3478 Filius
1507 3439 1630 3478 vero
1653 3423 1850 3477 omnia.

354 3521 672 3594 Responsio.
716 3519 770 3573 In
818 3517 1031 3572 deitatis
1059 3525 1267 3580 natura,
1297 3516 1348 3569 in
1384 3529 1485 3583 qua
1515 3515 1668 3569 Pater
1693 3523 1744 3568 ct
1771 3513 1856 3567 Fi-

289 3618 387 3671 lius
410 3629 581 3670 unum
616 3621 760 3676 sunt,
791 3609 982 3664 Filium
1010 3621 1274 3676 nunquam
1304 3606 1520 3675 legimus
1546 3621 1572 3659 a
1603 3607 1758 3659 Patre
1787 3605 1857 3658 fa-

281 3719 425 3761 ctum
449 3705 641 3770 fuisse,
670 3701 763 3756 sed
788 3697 1184 3770 genitum.Nam
1205 3699 1248 3751 si
1270 3698 1320 3750 in
1345 3696 1443 3750 hoc
1458 3697 1597 3764 quod
1624 3696 1852 3751 Verbum

294 3799 471 3853 Patris
502 3804 610 3861 est,
644 3794 839 3846 factum
870 3790 1106 3844 astruitis
1137 3789 1344 3852 Filium,
1375 3803 1706 3858 nequaquam
1730 3804 1856 3856 ergo

289 3889 434 3945 Deus
466 3887 631 3942 Pater
684 3882 1060 3952 perfectionem
1091 3880 1401 3935 substantia:
1431 3895 1543 3935 suae
1570 3879 1622 3934 in
1661 3889 1856 3934 semct-

283 3983 397 4050 ipso
450 3977 692 4044 habebit,
726 3976 816 4046 qui
843 3973 1074 4029 Verbum
1100 3973 1416 4042 perfectum,
1441 3983 1494 4027 et
1515 3972 1713 4042 jugiter
1739 3986 1857 4041 pcr-

281 4081 511 4129 manens
538 4078 662 4125 ante
692 4067 812 4123 Filii
841 4067 921 4120 sui
966 4065 1298 4120 nativitatem
1323 4066 1374 4119 in
1420 4080 1479 4119 se
1520 4064 1721 4118 habere
1749 4078 1853 4117 non

279 4166 474 4233 potuit.
528 4159 635 4216 Sed
667 4173 764 4212 nos
790 4157 878 4226 qui
910 4156 1102 4210 Filium
1132 4156 1201 4210 de
1245 4154 1401 4210 Patre
1433 4154 1776 4209 ineiI'abiliter
1804 4166 1858 4208 et

279 4256 394 4308 sine
421 4251 578 4307 initio
594 4248 860 4303 credimus
882 4255 1085 4310 natum,
1113 4261 1212 4300 nec
1241 4245 1479 4314 perfidiae
1503 4259 1719 4308 vessraa,
1740 4244 1858 4297 uni-

280 4354 445 4398 tatem
476 4343 602 4397 ﬁdei
630 4341 992 4403 vindicantes,
1024 4337 1262 4392 cedimus
1278 4337 1596 4403 resistendo,
1626 4350 1858 4392 necver—

281 4439 416 4491 stitia
464 4449 811 4503 superamur,
843 4440 898 4485 ut
924 4433 1203 4486 veritatem
1251 4429 1407 4500 421
1440 4440 1675 4498 βείω-[ιω
1713 4429 1851 4483 nati-

281 4528 461 4581 vitatis
483 4527 814 4592 denegemus
835 4525 883 4576 in
911 4521 1064 4586 Filio,
1090 4521 1242 4590 cujus
1266 4521 1592 4574 nativitatem
1620 4536 1719 4575 nec
1742 4523 1854 4588 ipse

280 4616 442 4670 Pater
465 4616 553 4684 qui
575 4613 784 4683 genuit,
820 4613 1002 4676 tacuit,
1027 4625 1124 4665 nec
1153 4611 1266 4679 ipse
1295 4609 1462 4664 Filius
1491 4613 1577 4677 qui
1606 4611 1674 4666 de
1697 4611 1855 4665 Patre

277 4720 438 4762 natus
467 4718 548 4763 est
573 4749 587 4772 ,
637 4721 731 4760 sua
764 4705 1143 4773 przedicatione
1173 4703 1420 4771 reticuit,
1453 4703 1570 4771 ipso
1599 4703 1808 4757 dicente
1837 4721 1848 4755 :

276 4800 363 4853 Sic
391 4800 538 4852 enim
563 4800 702 4851 Deus
725 4796 912 4849 dilexit
933 4796 1073 4849 hunc
1097 4794 1350 4849 mundum
1403 4804 1459 4847 ut
1483 4794 1673 4849 Filium
1697 4811 1852 4848 suum

278 4889 620 4957 unigenitum
655 4885 808 4939 daret
833 4899 928 4953 pro
957 4899 1021 4937 eo
1047 4884 1229 4955 (Joan.
1263 4899 1342 4950 ιιι,
1378 4883 1490 4953 16).
1522 4883 1587 4938 Εῐ
1618 4885 1808 4938 iterum
1836 4904 1847 4936 :

275 4976 599 5046 Unigenitus
630 4975 794 5029 Filius
837 4976 923 5044 qui
955 4982 1038 5029 est
1068 4974 1120 5027 in
1145 4975 1265 5027 sinu
1294 4975 1485 5041 Patris,
1518 4975 1633 5044 ipse
1660 4989 1848 5029 narra-

274 5068 353 5121 vit
383 5065 567 5134 (Joan.
598 5082 638 5131 ι,
670 5067 784 5133 18).
820 5066 883 5119 Et
910 5064 1110 5120 Iudaeis
1132 5066 1246 5134 ipse
1281 5066 1538 5120 Dominus
1563 5065 1730 5119 dicit:
1763 5065 1850 5119 In-

268 5156 575 5226 dignamini
604 5156 754 5220 mihi,
776 5156 900 5221 quia
919 5155 1025 5208 dixi
1051 5154 1222 5218 iobis,
1239 5154 1402 5209 Filius
1421 5156 1511 5208 Dei
1538 5168 1654 5209 sum
1671 5152 1849 5224 (Joan.

268 5263 366 5312 vlt,
402 5246 523 5313 215).
553 5246 620 5300 Et
663 5246 888 5300 iterum:
927 5247 1037 5316 Ego
1059 5245 1124 5299 de
1154 5245 1310 5300 Patre
1349 5245 1508 5308 exivi,
1538 5254 1591 5299 ct
1637 5246 1757 5299 veni
1800 5246 1852 5299 in

269 5339 420 5392 hunc
449 5337 708 5390 mundum
742 5336 918 5403 (Joan.
952 5352 1069 5402 xvr,
1097 5336 1212 5404 28).
1243 5335 1310 5389 Et
1357 5336 1517 5389 David
1548 5337 1600 5389 in
1628 5351 1850 5402 persona

270 5429 364 5484 Dei
395 5427 579 5482 Patris
608 5427 657 5479 in
691 5427 914 5480 Psalmis
941 5428 1112 5492 canit,
1142 5437 1195 5480 et
1223 5426 1391 5481 dicit:
1440 5427 1713 5481 Eructavit
1759 5443 1853 5482 cor

267 5533 459 5574 meum
485 5520 709 5572 verbum
737 5519 934 5572 bonum
967 5517 1138 5590 (Psal.
1172 5535 1318 5586 thv,
1345 5519 1423 5582 2).
1455 5519 1584 5573 Item
1609 5520 1760 5588 ipse:
1796 5521 1849 5573 ln

265 5609 662 5680 splendoribus
689 5620 992 5664 sanctorum
1017 5626 1083 5665 ex
1122 5621 1276 5665 utero
1307 5620 1428 5665 ante
1458 5610 1736 5665 luciferum
1763 5627 1853 5680 ge-

266 5702 358 5758 nui
410 5708 473 5758 te
507 5699 671 5771 (Psat.
719 5716 837 5765 crx,
868 5701 944 5768 ὅ).
980 5701 1106 5756 Item
1154 5702 1268 5771 ipse
1295 5702 1360 5758 de
1391 5701 1553 5758 Filio:
1590 5701 1847 5759 Dominus

564 5795 837 5857 ΡΑτιιοι.
881 5792 1074 5857 LXII.

1959 3223 1988 3260 a
2020 3205 2174 3260 Patre
2215 3206 2270 3260 in
2315 3207 2604 3260 divinitatis
2651 3207 2947 3261 substantia
2998 3223 3104 3262 non
3151 3218 3327 3278 potest
3375 3228 3528 3282 sepa-

1957 3297 2064 3352 rari
2097 3314 2109 3350 :
2143 3311 2263 3350 nam
2289 3305 2346 3350 et
2372 3297 2528 3350 Pater
2551 3311 2654 3350 non
2680 3298 2837 3352 aliam
2871 3298 3030 3352 vitam
3053 3314 3209 3368 quam
3235 3315 3352 3355 eam
3375 3319 3529 3373 quam

1958 3387 2010 3440 in
2038 3402 2097 3442 se
2115 3387 2274 3442 habet
2319 3401 2620 3442 manentem
2656 3387 2788 3443 Filio
2827 3391 3009 3455 dedit;
3047 3391 3140 3445 sed
3167 3407 3324 3461 quam
3354 3395 3530 3462 habet,

1957 3478 2126 3546 ipsam
2153 3477 2333 3542 dedit;
2360 3486 2415 3532 et
2441 3491 2634 3546 quanta
2663 3480 2712 3532 in
2748 3496 2812 3532 eo
2842 3491 2944 3545 est,
2976 3490 3177 3535 tantam
3202 3482 3368 3549 dedit,
3397 3497 3451 3541 et
3481 3489 3531 3542 in

1959 3569 2060 3624 hoc
2081 3569 2214 3638 ipse,
2246 3570 2384 3638 quod
2404 3568 2576 3622 -vitam
2604 3569 2812 3624 dederit
2842 3570 2996 3635 Filio,
3032 3585 3138 3625 non
3165 3573 3365 3628 amisit.

2524 3678 2747 3735 CAPUT
2793 3681 2972 3737 LXVI.

1962 3789 2057 3843 Ubi
2094 3789 2269 3842 dicunt
2321 3788 2488 3842 solum
2535 3787 2742 3912 Patrlffln
2785 3794 2943 3848 lucem
2985 3795 3215 3850 habitare
3255 3793 3528 3851 inaccessi-

2685 3877 2822 3912 tem.

2685 3877 2822 3914 Hem.

2029 3975 2084 4029 Si
2135 3975 2226 4028 tibi
2274 3975 2619 4043 opposuerint
2652 3973 2791 4043 quod
2823 3975 2890 4028 de
2935 3977 3089 4031 Patre
3125 3979 3295 4031 solum
3327 3979 3524 4034 dictum

1958 4063 2046 4131 sit,
2078 4065 2164 4133 qui
2195 4064 2339 4117 solus
2386 4063 2544 4118 habet
2592 4064 3068 4128 immortalitatem,
3100 4077 3155 4122 et
3185 4067 3354 4121 luccm
3386 4069 3527 4122 habt-

1960 4163 2037 4208 tat
2063 4153 2487 4206 inaccessibilem
2522 4153 2570 4223 (I
2605 4151 2736 4205 Tim.
2774 4169 2858 4217 vt,
2891 4154 3002 4222 Its).

2032 4249 2329 4318 Responsio.
2371 4247 2485 4302 Non
2508 4249 2676 4302 solum
2699 4247 2853 4301 Pater
2879 4249 2992 4302 sine
3023 4249 3154 4302 Filio
3185 4250 3353 4305 lucem
3387 4252 3530 4306 inac-

1959 4344 2260 4400 cessibilem
2292 4343 2514 4408 habitat,
2554 4343 2672 4410 quia
2703 4342 2788 4396 ubi
2820 4342 2977 4396 Pater
3016 4351 3119 4408 est,
3153 4344 3224 4398 ibi
3255 4346 3414 4399 etiam
3448 4347 3531 4400 Fi-

1962 4436 2088 4490 lium
2120 4449 2239 4489 esse
2267 4433 2600 4488 indubitabili
2642 4431 2745 4485 ﬁde
2787 4431 3110 4486 credendum
3155 4442 3255 4488 est.
3304 4435 3434 4490 Nam
3482 4438 3527 4491 si

1970 4527 2117 4581 solus
2164 4525 2320 4579 Pater
2349 4524 2462 4578 sine
2496 4522 2629 4576 Filio
2652 4562 2665 4585 ,
2700 4523 2839 4590 quod
2872 4522 2975 4576 dici
3023 4524 3169 4577 nefas
3205 4534 3287 4578 est
3312 4567 3327 4592 ,
3359 4526 3530 4581 lucent

1964 4618 2166 4670 habitat
2189 4615 2629 4679 inaccessibilem,
2663 4628 2882 4667 necesse
2909 4623 2989 4667 est
3042 4624 3099 4667 ut
3149 4628 3532 4685 sequestratant

1962 4709 2117 4763 Pater
2165 4707 2356 4761 habeat
2384 4721 2412 4760 a
2444 4707 2580 4761 Filio
2629 4706 2958 4760 mansionem
2993 4724 3004 4757 :
3039 4707 3178 4776 quod
3220 4709 3263 4763 si
3311 4711 3378 4763 ita
3429 4723 3530 4777 est,

1959 4813 2188 4867 quonam
2216 4796 2374 4851 modo
2409 4797 2523 4866 ipse
2553 4796 2717 4850 Filius
2746 4797 2810 4850 ad
2844 4796 3116 4852 dexteram
3158 4797 3328 4853 Patris
3355 4811 3535 4854 astans

1959 4903 1988 4940 a
2017 4888 2172 4942 beato
2201 4899 2436 4957 martyre
2472 4885 2745 4955 Stephano
2776 4887 2948 4954 potuit
2980 4887 3215 4956 conspici
3257 4888 3391 4958 (Act.
3429 4907 3531 4953 vn,

1957 4977 2068 5047 56),
2102 4979 2145 5032 si
2173 4979 2328 5032 Pater
2357 4977 2648 5032 secundum
2681 4992 2776 5030 vos
2807 4978 2926 5032 aliis
2953 4978 3149 5033 dicitur
3172 4979 3386 5034 sedibus
3407 4996 3532 5034 θοι»-

1956 5069 2148 5123 tineri?
2179 5068 2330 5121 Absit
2377 5067 2477 5121 hoc
2516 5082 2544 5119 a
2576 5082 2735 5120 sensu
2781 5068 3038 5132 ﬁdelium.
3083 5069 3299 5124 Christo
3332 5071 3382 5122 in
3414 5073 3532 5140 upi-

1959 5168 2065 5212 tate
2095 5157 2213 5211 fidei
2245 5157 2671 5210 adhaerentium?
2712 5158 2970 5222 Quoniam
3019 5161 3155 5212 sicut
3196 5174 3299 5211 non
3346 5166 3428 5210 est
3480 5161 3530 5210 in

1961 5249 2097 5304 Filio
2133 5263 2252 5301 CIIIII
2292 5247 2439 5300 solus
2468 5247 2622 5301 Pater
2664 5247 2858 5301 dicitur
2908 5248 3079 5300 lucem
3114 5245 3529 5299 inaccessibiletn

1961 5341 2220 5406 habitare,
2254 5339 2327 5392 ita
2353 5354 2459 5393 non
2489 5339 2688 5392 sufficit
2718 5339 2881 5405 Patri,
2914 5353 3032 5392 cum
3073 5335 3362 5402 Sapientia,
3413 5352 3531 5401 qua:

1955 5442 2036 5484 est
2063 5430 2247 5493 Filius,
2275 5445 2461 5498 gyrum
2497 5431 2617 5485 caeli
2666 5430 2778 5483 sola
2825 5429 3020 5481 dicitur
3064 5427 3289 5479 circuire
3337 5423 3523 5493 (Eccli.

1955 5536 2100 5585 xxnv,
2132 5520 2207 5590 8).
2231 5519 2384 5585 Quod
2407 5520 2586 5588 itaque
2613 5535 2732 5573 cum
2763 5519 2831 5571 sit
2862 5515 3138 5571 invisibilis
3159 5523 3214 5569 et
3241 5517 3525 5584 ingenitus,

1955 5615 2007 5666 in
2040 5614 2178 5669 Filio
2209 5615 2353 5669 visus
2383 5615 2620 5681 Apostoli
2650 5612 2953 5667 testimonio
2976 5610 3376 5676 comprobatur,
3397 5623 3450 5664 et
3475 5611 3527 5666 in

1957 5707 2120 5776 Filio,
2164 5724 2193 5764 a
2220 5723 2280 5766 se
2326 5707 2662 5764 ineﬂabiliter
2699 5706 2897 5777 genito,
2932 5704 3196 5762 mansisse
3226 5721 3288 5762 ac
3317 5705 3523 5777 requie.

2948 5796 3021 5860 13
