3962 6178
422 306 528 363 ῗθῦ

1744 296 1963 353 \‘IGILII
2004 295 2367 360 TAPSENSIS

3566 302 3667 358 ’598

426 421 563 473 visse
586 420 991 480 monstraretur,
1036 414 1150 483 ipso
1189 411 1324 467 Filio
1355 411 1406 465 in
1437 409 1695 480 propheta
1724 410 1933 465 dicente
1966 424 1981 465 ι
2015 414 2066 470 Λ
2092 410 2257 466 Paulo
2282 413 2524 482 apostolo
2552 418 2837 467 attestaute
2867 430 2879 467 :
2907 414 2961 467 In
2988 413 3176 470 diebus
3204 416 3382 471 carnis
3410 428 3544 483 suat,
3584 418 3668 471 in-

427 508 528 576 Qui
559 505 741 575 genuit
770 518 856 558 me
881 544 895 569 ,
927 502 1185 573 requievit
1216 502 1268 556 in
1299 500 1639 557 tabernaculo
1659 515 1779 555 meo
1804 496 1996 569 (Eccti.

430 598 522 665 24,
557 598 668 667 12).
702 597 768 650 Ει
788 599 841 651 in
866 593 1155 664 Evangelia
1183 609 1197 645 :
1224 594 1380 647 Pater
1402 590 1458 647 in
1503 606 1591 647 me
1630 604 1849 646 manens
1875 588 2002 645 facit

426 706 590 762 opera
637 691 750 746 haec
790 687 970 761 (Joan.
1003 703 1116 753 xiv,
1151 686 1265 757 10).
1299 685 1365 741 Et
1411 701 1426 741 :
1476 685 1643 739 Deum
1686 698 1843 739 nemo
1869 682 2001 737 vidit

425 798 656 852 unquam
696 782 797 836 nisi
823 780 1125 851 unigenitus
1158 779 1323 833 Filius
1360 776 1449 846 qui
1476 787 1552 831 est
1586 777 1637 830 in
1682 777 1801 830 sinu
1830 775 2033 830 Patris~

428 871 604 944 (Joan.
631 888 676 937 I,
714 871 822 941 18).
856 871 910 924 In
939 872 1057 925 sinu
1102 869 1272 923 Patris
1311 877 1426 922 erat
1456 866 1624 921 Filius
1650 866 1719 921 ab
1744 864 1915 931 Initio,
1946 874 2000 919 et

428 979 494 1017 ex
526 962 687 1017 corde
715 961 891 1015 Patris
915 961 1131 1015 verbum
1172 959 1367 1014 bonum
1394 967 1687 1013 eruetatum
1717 968 1837 1021 est;
1866 971 2000 1025 quo-

428 1055 587 1110 modo
616 1054 773 1126 423
805 1069 907 1109 non
937 1055 988 1108 in
1018 1054 1179 1108 corde
1223 1061 1444 1122 paterno
1487 1068 1607 1107 cum
1647 1052 1833 1107 eodem
1865 1066 1996 1107 con-

427 1147 641 1211 sistens,
696 1146 866 1198 Iucem
916 1144 1339 1199 inziccessibilem
1392 1144 1657 1198 habitasse
1702 1142 1998 1197 credendus

430 1236 553 1291 est?
582 1232 825 1304 Nunquid
855 1231 1014 1287 Pater
1042 1234 1245 1303 absque
1291 1232 1395 1287 ulla
1438 1233 1555 1286 luce
1583 1234 1633 1285 in
1665 1232 1801 1286 Filio
1830 1233 1999 1300 potuit

428 1339 789 1390 commanere,
823 1333 913 1376 aut
952 1324 1004 1376 in
1037 1323 1378 1377 tabernaculo
1403 1321 1522 1376 Filii
1550 1323 1664 1375 sine
1692 1321 1878 1375 eadem
1905 1334 1999 1390 pu-

431 1417 528 1471 tuit
555 1416 907 1484 requiescere,
944 1426 1065 1467 cum
1096 1412 1236 1465 idem
1262 1411 1427 1466 Filius
1452 1410 1651 1464 candor
1680 1410 1749 1464 sit
1784 1420 1999 1465 aeterna:

430 1507 582 1571 lucis,
608 1515 663 1561 et
688 1504 962 1574 speculum
984 1503 1099 1557 sine
1130 1502 1335 1557 macula
1351 1500 1567 1557 deitatis
1597 1501 1755 1571 (Sap.
1774 1500 1997 1570 vn,26),

426 1612 583 1666 quam
614 1597 864 1651 Salomon
895 1608 1055 1662 super
1079 1594 1304 1649 salutem
1346 1608 1496 1648 suam
1541 1594 1792 1649 dilexisse
1816 1594 1951 1649 dixit
1981 1612 1994 1646 :

429 1686 486 1741 In
513 1686 668 1756 cujus
713 1686 893 1754 Specie
921 1699 1133 1753 semper
1161 1684 1416 1739 delectari
1451 1686 1680 1755 gestivit.
1713 1685 1881 1755 Super
1907 1699 1995 1740 su-

2098 501 2233 570 quit,
2264 503 2534 557 orationes
2560 512 2615 557 et
2643 517 2830 573 preces
2859 504 2926 558 ad
2970 504 3156 569 Deum,
3186 506 3280 575 qui
3316 515 3524 575 poterat
3560 509 3671 562 sal-

2099 605 2223 645 vare
2244 608 2365 647 eum
2397 607 2427 647 a
2455 604 2646 658 morte,
2672 609 2792 648 eum
2812 595 3046 649 clamore
3071 595 3190 650 forti
3215 606 3269 651 et
3298 598 3547 667 lacrymis
3574 600 3672 653 oh-

2102 683 2239 749 tulit,
2263 684 2542 738 exauditus
2572 694 2653 740 est
2684 694 2899 755 propter
2918 688 3188 754 timorem,
3217 688 3532 745 manifestus
3556 690 3669 745 exi-

2100 783 2246 828 stens
2274 772 2461 839 Filius,
2508 790 2574 830 ex
2620 776 2685 831 iis
2708 790 2827 844 quas
2857 791 3042 845 passus
3069 786 3153 832 est
3180 778 3365 833 didicit
3407 780 3663 835 obedieno

2102 862 2250 927 tiam,
2280 864 2369 932 qui
2416 863 2680 933 perfectus
2725 864 2895 920 Iactus
2920 875 3004 920 est
3029 867 3276 923 omnibus
3298 867 3671 924 obedientibns

2098 951 2231 1018 sibi,
2264 961 2320 1009 et
2344 962 2528 1009 auctor
2551 954 2737 1010 salutis
2763 964 2977 1011 :eterna:
3005 965 3058 1010 et
3088 960 3458 1025 pronuntiatus
3498 975 3527 1013 a
3560 960 3670 1014 Deo

2101 1044 2344 1113 princeps
2385 1046 2720 1101 sacerdotum
2767 1046 2954 1115 (Hebr.
2998 1064 3051 1113 v,
3096 1049 3173 1109 7).
3210 1049 3339 1103 Item
3387 1051 3458 1103 ibi
3493 1067 3506 1103 :
3547 1050 3671 1106 Ser—

2102 1149 2191 1189 mo
2239 1144 2415 1190 autem
2446 1136 2745 1204 iurationis,
2788 1137 2879 1205 qui
2912 1149 3028 1205 post
3067 1139 3233 1208 legem
3252 1150 3353 1205 est,
3375 1140 3568 1195 Filium
3615 1142 3668 1196 in

2101 1236 2357 1281 aeternum
2406 1227 2695 1298 perfectum
2725 1228 2907 1299 (Hebr.
2939 1246 3009 1285 vtt
3031 1275 3044 1299 ,
3092 1232 3206 1303 28).
3241 1233 3368 1287 Item
3399 1235 3468 1290 ibi
3506 1252 3518 1287 :
3566 1235 3672 1289 Ha-

2099 1317 2286 1372 bentes
2328 1333 2455 1387 ergo
2500 1320 2793 1389 principem
2838 1320 3178 1376 sacerdotum
3221 1323 3312 1393 qui
3371 1327 3667 1393 penetrarit

2100 1410 2285 1475 caelos,
2332 1410 2513 1465 Jesnm
2545 1410 2737 1466 Filium
2777 1412 2874 1467 Dei
2907 1413 3087 1482 (Hebr.
3133 1429 3212 1480 tv,
3241 1415 3349 1485 M).
3383 1416 3511 1471 Item
3543 1417 3613 1472 ibi
3652 1433 3667 1469 :

2097 1500 2387 1555 Curramus
2431 1501 2499 1554 ad
2548 1501 2874 1572 propositum
2925 1505 3077 1560 nobis
3126 1506 3401 1573 praemium
3449 1507 3668 1575 agonia,

2098 1590 2447 1659 respicientes
2489 1590 2556 1646 ad
2608 1593 2900 1661 principem
2970 1602 3028 1648 et
3068 1595 3418 1664 perfectorem
3485 1596 3668 1651 Iesum

2098 1680 2283 1753 (Hebr.
2311 1696 2415 1748 xn,
2445 1682 2528 1751 2).
2556 1681 2625 1736 Et
2645 1684 2835 1738 iterum
2860 1699 2877 1739 :
2911 1685 3093 1739 Donec
3116 1698 3458 1741 occurramus
3485 1700 3670 1748 euntes

429 1779 594 1833 lutem
622 1786 677 1831 et
717 1778 975 1846 speciem,
1025 1777 1214 1846 inquit,
1250 1775 1412 1831 dilexi
1457 1790 1599 1842 eam,
1633 1783 1687 1829 et
1730 1791 1828 1845 pro
1876 1779 1993 1831 luce
2025 1771 2072 1831 B
2097 1771 2151 1825 in
2200 1773 2455 1828 unitatem
2503 1773 2628 1829 ﬁdei
2658 1780 2716 1829 et
2758 1774 3082 1843 agnitionem
3130 1775 3248 1831 Filii
3286 1776 3380 1832 Dei
3419 1775 3471 1831 in
3500 1777 3667 1833 virum

434 1867 685 1936 praposui
718 1866 914 1922 habere
951 1880 1091 1932 eam,
1147 1867 1394 1936 quoniam
1444 1867 1871 1936 inexstinguibile
1917 1877 2001 1922 est

432 1962 613 2016 lumen
644 1960 761 2030 ejus
782 1958 969 2031 (119511.,
1002 1959 1091 2029 I0)
1111 1960 1133 2013 ἲ
1156 1959 1302 2014 Hane
1322 1959 1483 2028 igitur
1503 1960 1672 2013 lucem
1696 1957 1857 2013 David
1881 1972 2000 2027 pro-

426 2051 584 2119 pheta
630 2049 967 2113 desiderans,
1020 2050 1210 2103 anxius
1260 2048 1575 2118 proclamat,
1625 2048 1740 2102 haec
1772 2047 1995 2103 dicens:

424 2139 621 2195 Emitte
653 2140 825 2196 lucem
854 2146 1019 2207 tuam,
1070 2147 1125 2193 et
1146 2140 1422 2194 veritatem
1472 2146 1615 2193 tuam
1654 2137 1825 2207 (Paul.
1857 2152 1996 2202 χιιι,

436 2232 517 2302 5).
570 2232 640 2286 Ει
690 2232 931 2286 iterum:
986 2231 1043 2285 In
1095 2231 1292 2286 lumine
1349 2242 1437 2285 tuo
1483 2230 1778 2284 videbimus
1822 2230 1999 2284 lumen

427 2326 596 2393 (ρωι.
645 2341 805 2391 xxxv,
844 2324 953 2395 I0).
1004 2324 1058 2378 In
1111 2325 1265 2393 hujus
1312 2325 1471 2394 igitur
1520 2309 1732 2378 luminis
1760 2322 1999 2377 claritate

425 2418 589 2473 Filius
617 2417 852 2486 seipsum
885 2417 936 2469 iu
968 2424 1148 2470 monte
1188 2415 1361 2470 tribus
1403 2413 1681 2482 discipulis
1710 2422 2000 2483 praesten-

423 2508 519 2573 dit,
550 2515 606 2560 et
628 2515 768 2561 metu
795 2506 983 2561 mortis
1010 2504 1296 2575 perterriti,
1329 2503 1576 2572 prostrati
1603 2502 1655 2556 in
1688 2501 1903 2566 faciem,
1938 2502 1998 2555 Ii-

423 2615 546 2655 nem
575 2599 675 2654 sibi
711 2599 834 2653 vitat
865 2598 1054 2653 adesse
1093 2605 1398 2653 senserunt.
1443 2596 1610 2657 lianc,
1643 2594 1877 2664 inquam,
1912 2592 1992 2647 Iu-

423 2704 542 2745 cem
590 2690 644 2742 in
674 2703 733 2743 se
773 2688 1145 2742 demonstrans
1171 2685 1339 2741 Filius
1366 2684 1745 2755 proclamabat,
1775 2682 1899 2738 dum
1942 2691 2000 2736 ut

422 2782 477 2835 in
520 2778 705 2835 eadem
752 2778 1061 2833 incederent
1090 2791 1216 2832 suos
1256 2776 1547 2847 discipulos
1593 2774 1994 2844 prrenionebat:

422 2870 557 2924 Dum
590 2871 761 2925 lucem
790 2868 1023 2933 habetis,
1049 2868 1239 2938 inquit,
1271 2867 1540 2922 ambulate
1575 2867 1628 2921 in
1671 2866 1791 2921 luce
1818 2864 1995 2935 (Joan.

422 2975 527 3026 xtt,
554 2960 668 3024 35).
693 2959 757 3013 Et
785 2960 979 3013 iterum
1007 2972 1021 3011 :
1060 2958 1168 3027 Ego
1194 2971 1312 3012 sum
1350 2958 1437 3011 lux
1469 2955 1623 3026 hujus
1661 2955 1865 3020 mundi,
1906 2955 1998 3025 qui

421 3052 663 3120 acquitur
706 3063 813 3115 me,
843 3064 947 3102 non
973 3048 1213 3104 ambulat
1252 3048 1305 3103 in
1338 3046 1597 3113 tenebris,
1640 3046 1736 3102 sed
1786 3046 1999 3101 habebit

2102 1862 2413 1931 perlectum,
2462 1864 2514 1918 in
2547 1878 2849 1920 mensuram
2875 1866 3048 1920 aetatis
3095 1866 3439 1935 plenitudinis
3466 1868 3667 1924 Christi

2103 1952 2318 2023 (Ephes.
2344 1969 2417 2019 tv,
2474 1955 2583 2014 I3).
2634 1954 2891 2022 Recense,
2923 1970 3124 2023 quaeso,
3153 1971 3271 2026 qua:
3313 1960 3556 2028 superius
3603 1961 3669 2012 de

2100 2043 2429 2113 perfectione
2456 2053 2510 2100 et
2536 2045 2833 2115 principatu
2871 2046 2988 2101 Filii
3040 2056 3166 2102 sunt
3217 2051 3409 2117 posita,
3460 2058 3514 2104 et
3558 2050 3670 2104 noli

2100 2137 2319 2192 ulterius
2366 2138 2417 2192 iu
2463 2148 2607 2194 tuam
2649 2138 2943 2208 perniciem
2986 2139 3231 2196 meditari
3271 2139 3493 2197 subdole
3517 2143 3670 2197 vani-

2070 2226 2280 2279 'tatenn.

2638 2304 2863 2361 CAPUT
2904 2305 3128 2362 LXVIII.

2104 2415 2200 2471 Ubi
2220 2418 2391 2470 dicunt
2415 2433 2434 2471 :
2476 2416 2622 2472 Sicut
2673 2434 2751 2471 me
2777 2420 2920 2495 misit
2959 2421 3095 2475 vivus
3144 2420 3319 2489 Pater,
3361 2432 3408 2477 et
3431 2439 3521 2495 ego
3557 2425 3670 2479 sitm

2646 2500 2847 2559 prapter
2880 2489 3112 2546 Patrem.

2170 2594 2224 2650 Si
2245 2605 2419 2651 autem
2450 2597 2679 2652 dixerint
2710 2599 2764 2652 in
2813 2599 2913 2654 hoe
2940 2601 3200 2656 minorem
3230 2616 3353 2657 esse
3390 2603 3547 2659 Patre
3573 2604 3668 2660 Fi-

2098 2687 2242 2752 lium,
2276 2687 2398 2758 quia
2425 2686 2540 2756 ipse
2566 2687 2698 2742 dixit
2727 2706 2739 2743 :
2766 2689 2916 2745 Sicut
2935 2705 3021 2746 me
3051 2692 3199 2748 misit
3230 2692 3383 2748 vivus
3408 2693 3584 2762 Pater,
3613 2704 3669 2750 et

2098 2793 2198 2851 ego
2228 2780 2346 2833 vivo
2378 2790 2593 2850 propter
2632 2781 2860 2838 Patrem.

2167 2872 2328 2946 425
2356 2872 2658 2944 Responsio.
2693 2874 2817 2930 llaec
2846 2887 2935 2931 res
2957 2890 3067 2931 non
3097 2876 3514 2948 inaequalitatem
3550 2877 3670 2934 Filii

2100 2965 2319 3034 indicat,
2340 2966 2430 3019 sed
2449 2966 2664 3036 plenam
2694 2967 2748 3021 in
2781 2967 2872 3023 illo
2891 2969 3185 3025 divinitatis
3209 2970 3557 3027 mbaunthna
3570 2971 3670 3025 de-

2101 3064 2382 3120 monstrat,
2424 3069 2493 3111 eo
2520 3058 2659 3125 quod
2706 3056 2875 3111 Filius
2916 3072 3021 3112 non
3068 3074 3099 3113 ι
3140 3061 3452 3131 semetipso,
3498 3076 3671 3131 neque

422 3142 600 3195 lumen
630 3142 751 3194 vitae
776 3150 989 3194 aeternae
1018 3140 1199 3210 (Jean.
1222 3154 1348 3207 vnt,
1382 3138 1491 3209 η).
1526 3138 1593 3192 Ει
1620 3137 1993 3207 Evangelista:
2024 3132 2071 3193 C
2100 3160 2165 3200 ex
2193 3145 2381 3216 nihilo,
2411 3151 2505 3203 sed
2554 3163 2586 3203 a
2617 3150 2774 3205 Patre
2793 3151 3077 3218 sumam,
3108 3152 3249 3222 quod
3274 3163 3358 3207 θοι
3401 3166 3671 3208 suam...

422 3232 551 3287 Erat
572 3233 661 3285 lux
692 3246 836 3300 vera,
868 3232 1057 3300 inquit,
1106 3246 1225 3301 qua:
1254 3230 1517 3285 illuminat
1552 3243 1770 3284 omnem
1826 3229 1997 3284 norni-

423 3339 545 3379 nem
590 3324 891 3378 venientem
946 3324 1000 3377 in
1030 3322 1172 3377 hunc
1198 3321 1453 3376 mundum
1481 3319 1664 3379 tJoatt.
1717 3334 1768 3386 ι,
1811 3319 1891 3387 9).
1936 3318 1995 3375 Si

423 3417 538 3468 haec
567 3415 681 3479 lux,
713 3429 831 3484 quae
859 3413 1201 3469 credentibus
1238 3410 1587 3481 promittitur,
1620 3410 1673 3464 in
1719 3410 1855 3464 Filio
1874 3423 1998 3466 esse

422 3508 697 3575 probatur,
746 3514 801 3559 et
844 3518 963 3559 cum
979 3516 1185 3558 aeterno
1229 3510 1430 3557 aeterna
1476 3515 1598 3557 esse
1625 3500 1835 3565 dicitur,
1863 3514 1997 3569 quo.

423 3598 582 3653 modo
636 3610 667 3650 a
728 3595 879 3651 vobis
940 3592 1383 3648 abinaccessibili
1443 3592 1559 3647 luce
1607 3591 1780 3649 Patris
1829 3590 1996 3645 Filius

419 3688 757 3757 separatur?
824 3685 880 3740 Si
957 3682 1098 3738 enim
1144 3682 1313 3738 Filius
1376 3683 1518 3736 Deus
1557 3696 1719 3737 verus
1776 3690 1830 3737 et
1882 3682 1991 3737 vita

420 3787 639 3843 aeterna,
671 3778 784 3832 sine
813 3776 974 3831 dubio
998 3776 1051 3829 in
1085 3776 1181 3830 bac
1205 3774 1324 3829 luce
1366 3774 1524 3829 simul
1550 3788 1670 3828 cum
1712 3773 1869 3828 Patre
1899 3772 1994 3828 Ita-

423 3869 597 3923 bi‘tare
623 3866 919 3922 credendus
944 3874 1046 3933 est,
1079 3880 1234 3934 quam
1265 3865 1443 3920 nullus
1465 3863 1623 3919 modo
1650 3864 1701 3919 in
1724 3864 1823 3919 hoc
1852 3878 1994 3918 mor-

419 3958 516 4014 tali
538 3971 763 4027 corpore
788 3956 1128 4022 constitutus,
1161 3965 1330 4025 potest
1353 3956 1686 4025 aliquatenus
1713 3956 1989 4018 contueri;

420 4047 515 4104 sed
543 4047 668 4103 dum
708 4047 1031 4118 apparuerit,
1084 4057 1211 4101 tune
1239 4061 1364 4101 vere
1421 4048 1561 4100 illam
1589 4046 1789 4105 videbit
1837 4046 1994 4103 sicuti

421 4152 525 4208 est,
548 4142 637 4211 qui
667 4140 782 4210 ejus
820 4141 1195 4209 conspectibus
1225 4138 1414 4209 dignus
1441 4140 1600 4196 fuerit
1624 4141 1860 4211 coaptari
1897 4158 1907 4191 :
1939 4148 1993 4195 et

421 4249 526 4288 non
558 4235 697 4291 sicut
727 4232 931 4303 Moyses
974 4233 1260 4303 exterique
1290 4232 1562 4302 prephetaa
1593 4247 1686 4300 per
1714 4231 1991 4299 aenigmata

419 4336 473 4380 et
496 4325 740 4394 ﬁguram,
765 4325 858 4379 sed
912 4325 1080 4394 ipsam
1110 4324 1371 4377 veraciter
1414 4323 1465 4377 in
1516 4322 1649 4378 Filio
1699 4324 1989 4378 secundum

419 4416 735 4485 Apostolnm
764 4413 1101 4467 contuebitur
1135 4415 1344 4469 deitatis
1372 4415 1742 4470 substantiam.
1786 4414 1915 4469 Nam
1941 4414 1988 4469 si

2097 3244 2153 3290 et
2188 3237 2453 3306 singulare
2484 3241 2697 3295 unitatis
2742 3240 2996 3296 indicium
3027 3259 3041 3294 :
3077 3241 3271 3297 Vivere
3296 3242 3439 3297 enim
3468 3242 3666 3308 Patris,

2097 3328 2221 3395 quid
2271 3336 2356 3384 est
2400 3329 2543 3384 aliud
2585 3330 2685 3385 nisi
2724 3331 2881 3387 esse?
2927 3343 2981 3389 et
3007 3332 3187 3400 vivere
3226 3332 3416 3389 Filium
3447 3343 3666 3404 propter

2100 3417 2330 3483 Patrem,
2382 3420 2505 3487 quid
2540 3421 2683 3477 aliud
2726 3431 2809 3477 est
2847 3436 3003 3493 quam
3036 3423 3088 3477 in
3130 3423 3286 3482 Patre
3328 3423 3671 3479 subsistere?

2098 3507 2238 3577 Ergo
2266 3511 2405 3565 sicut
2428 3524 2512 3566 me
2534 3512 2678 3567 misit
2704 3515 2858 3569 vivus
2878 3512 3058 3581 Pater,
3082 3513 3175 3579 ait,
3200 3524 3255 3569 et
3272 3527 3371 3583 ego
3400 3512 3520 3568 vivo
3543 3528 3671 3584 pro-

2098 3606 2214 3667 pter
2237 3599 2447 3656 Patrem
2484 3598 2660 3670 (Joan.
2693 3616 2767 3669 vt,
2793 3600 2920 3671 57):
2957 3612 3136 3672 posset
3164 3604 3348 3675 utique
3372 3603 3571 3669 dicere,
3604 3603 3671 3659 Et

2099 3705 2198 3759 ego
2225 3691 2344 3746 vivo
2366 3706 2459 3763 per
2489 3690 2723 3760 Patrem,
2755 3694 2797 3748 si
2829 3695 3061 3764 aliquam
3095 3694 3147 3748 in
3186 3707 3246 3749 se
3277 3692 3542 3749 inferioris
3566 3706 3669 3761 po-

2096 3778 2275 3833 tentiae
2322 3779 2685 3841 diversitatem
2725 3782 2886 3837 vellet
2917 3780 3233 3847 ostendere,
3277 3781 3528 3849 quoniam
3577 3779 3669 3849 qui

2096 3882 2192 3937 per
2215 3869 2442 3925 alterum
2477 3869 2625 3941 vivit,
2652 3886 2745 3941 per
2768 3872 2999 3940 seipsutn
3032 3871 3215 3940 utique
3246 3866 3427 3924 vivere
3448 3868 3668 3927 minime

2098 3964 2296 4032 possit;
2329 3964 2419 4033 qui
2447 3980 2575 4019 vero
2621 3974 2836 4036 propter
2876 3965 3041 4023 alium
3073 3963 3222 4031 vivit,
3254 3963 3368 4033 ipse
3398 3960 3563 4032 magis
3591 3962 3671 4014 vi-

2095 4053 2269 4109 ventis
2318 4067 2474 4108 causa
2504 4055 2707 4109 existit.
2740 4054 2888 4113 Sicut
2929 4054 3072 4111 enim
3109 4067 3205 4123 per
3237 4053 3465 4110 viventis
3494 4051 3669 4106 Patris

2094 4141 2405 4196 missionem
2437 4144 2634 4198 mundo
2677 4143 2908 4197 innotuit
2946 4141 3137 4209 Filius,
3186 4140 3255 4196 ita
3285 4157 3377 4211 per
3397 4141 3665 4194 viventem

2097 4231 2310 4299 Filiutn,
2344 4230 2519 4287 Patris
2542 4248 2734 4288 nomen
2767 4232 2965 4289 mundo
2993 4241 3050 4288 et
3077 4232 3385 4286 hominibus
3410 4229 3666 4297 innotuit,

2093 4321 2215 4375 dum
2246 4336 2350 4375 non
2383 4334 2598 4392 propter
2664 4323 2875 4378 Patrem
2920 4323 3272 4390 semetipsum
3303 4322 3488 4375 vivere
3517 4334 3668 4373 eom-

2096 4412 2357 4480 probavii,
2391 4412 2620 4467 dicendo
2659 4430 2671 4465 ε
2703 4411 2897 4468 Notum
2930 4411 3029 4468 feci
3057 4414 3136 4468 eis
3179 4426 3373 4466 nomen
3409 4420 3577 4473 tuum,
3610 4419 3667 4465 et

421 4506 563 4561 hunc
582 4504 935 4573 eumdemque
965 4505 1236 4573 prepheta:
1260 4505 1622 4561 teStimonium
1651 4515 1982 4577 sequentem,
2013 4496 2067 4557 Ι)
2094 4513 2278 4560 nutum
2308 4505 2517 4570 faciam,
2539 4514 2593 4559 et
2613 4502 2943 4558 manifestavi
2969 4517 3162 4557 nomen
3191 4511 3335 4556 tuum
3362 4499 3667 4554 hominibus

416 4612 611 4652 sereno
648 4599 840 4650 mentis
880 4596 1071 4650 intuitu
1106 4596 1422 4665 investigare
1453 4597 1705 4665 volueris,
1749 4598 1988 4653 invenies

417 4689 613 4744 Filium
640 4704 744 4743 non
775 4703 1107 4758 nuncupasse
1145 4689 1211 4744 ab
1254 4689 1352 4743 hac
1398 4690 1512 4744 luce
1563 4690 1735 4744 Patris
1776 4693 1989 4759 penitus

415 4780 653 4849 separari
671 4821 685 4842 .
708 4781 952 4847 quoniam
974 4795 1095 4835 cum
1118 4780 1292 4834 solum
1320 4779 1513 4835 Filium
1540 4780 1740 4834 dixerit
1769 4781 1818 4833 in
1846 4790 1986 4834 terra

421 4886 541 4926 cum
576 4870 879 4926 hominibus
907 4880 1300 4937 conversatum,
1338 4870 1546 4926 Patrem
1572 4870 1638 4925 ab
1661 4870 1751 4924 illo
1779 4886 1881 4925 non
1912 4870 1987 4923 fe-

415 4963 551 5018 cerit
575 4962 831 5025 alienum.

970 5030 1192 5087 CAPUT
1233 5032 1435 5087 LXVII.

486 5145 583 5201 Ubi
610 5146 782 5199 dicunt
812 5143 1007 5198 Filium
1036 5155 1089 5198 ut
1120 5144 1327 5200 Patrem
1355 5164 1453 5200 non
1482 5163 1588 5202 esse
1616 5151 1910 5216 perfectum.

480 5262 643 5335 424
678 5262 733 5319 Si
771 5261 1004 5317 dixerint
1047 5259 1187 5330 quod
1229 5259 1488 5329 propheta
1525 5259 1593 5315 de
1638 5259 1775 5314 Filio
1805 5260 1984 5313 dicere

412 5358 583 5425 putuit
612 5372 625 5408 :
656 5352 1245 5423 Imperfectumaneum
1273 5350 1523 5406 viderunt
1548 5351 1690 5406 oculi
1721 5352 1814 5417 tui,
1843 5359 1899 5406 et
1929 5353 1979 5405 in

411 5447 544 5501 libro
570 5456 663 5501 tuo
691 5460 876 5500 omnes
902 5443 1203 5499 scribentur
1228 5440 1400 5509 (Psal.
1431 5457 1666 5495 cxxxvttt
1685 5483 1698 5507 ,
1735 5443 1845 5510 I5).

480 5539 779 5605 Responsio.
805 5539 883 5602 Si,
904 5528 1354 5605 quemadmodum
1373 5533 1506 5588 dixit
1530 5533 1836 5602 Apostolus,
1858 5532 1975 5602 lege

412 5627 608 5680 Christi
638 5628 869 5697 legitime
922 5628 1145 5683 utereris
1172 5666 1186 5691 ,
1217 5639 1535 5695 agnosceres
1579 5625 1757 5692 utique
1781 5624 1973 5679 Filium
2028 5694 2033 5697 ἓ

411 5731 463 5776 ct
488 5722 781 5787 principem
820 5722 1015 5776 divinis
1046 5722 1256 5777 Litteris
1303 5721 1489 5783 astrui,
1548 5728 1602 5775 et
1653 5718 1971 5786 perfectum,

2099 4594 2275 4665 (Joan.
2322 4611 2455 4661 xvn,
2486 4595 2564 4666 6).
2616 4595 2713 4662 Qui
2745 4596 2888 4649 enim
2936 4595 2987 4648 in
3027 4594 3313 4648 revelando
3343 4607 3401 4647 se
3432 4592 3667 4646 invicem

2099 4702 2251 4756 pares
2276 4696 2423 4753 sunt,
2456 4690 2688 4757 potentia
2722 4688 2904 4757 utique
2934 4685 3166 4755 impares
3219 4698 3341 4740 esse
3385 4697 3491 4739 non
3538 4697 3667 4753 pos-

2093 4789 2235 4833 sunt.

2645 4853 2875 4909 CAPUT
2914 4853 3099 4909 LXIX.

2206 4968 2301 5023 Ubi
2333 4969 2505 5023 dicunt
2527 4969 2577 5020 in
2609 4965 2743 5021 Filio
2781 4966 2988 5021 Patrem
3018 4967 3175 5036 fuisse
3200 4966 3556 5035 compositum.

2163 5078 2220 5133 Si
2254 5079 2404 5131 vobis
2432 5077 2669 5132 dixerint
2700 5092 2715 5132 :
2771 5076 2828 5133 Si
2856 5076 2997 5131 Deus
3026 5077 3080 5130 in
3112 5076 3221 5129 Deo
3255 5084 3361 5141 est,
3394 5072 3445 5127 id
3474 5084 3557 5129 est
3585 5072 3669 5126 in-

2092 5182 2173 5225 tra
2232 5169 2427 5225 Filium
2480 5169 2659 5237 Pater,
2707 5170 2842 5225 alter
2881 5183 3009 5240 ergo
3041 5170 3093 5223 in
3122 5169 3293 5223 altero
3335 5170 3667 5236 compositus

2091 5274 2223 5319 crat.

2168 5359 2469 5425 Responsio.
2501 5356 2608 5411 Nos
2659 5369 2868 5425 quoque
2930 5354 3051 5408 ideo
3092 5352 3360 5408 credimus
3388 5352 3440 5406 in
3502 5350 3660 5415 Filio,

2090 5450 2213 5517 quin
2244 5448 2398 5503 Pater
2430 5448 2480 5499 in
2506 5448 2620 5513 ipso
2643 5458 2746 5512 εει,
2775 5444 2898 5513 qnia
2921 5444 3032 5511 ipse
3062 5444 3135 5497 ait
3160 5460 3172 5494 :
3202 5443 3355 5497 Pater
3387 5442 3443 5495 in
3473 5454 3577 5501 me,
3602 5449 3661 5493 et

2089 5552 2187 5605 ego
2221 5536 2271 5591 in
2317 5536 2471 5589 Patre
2501 5533 2680 5605 (Joan.
2714 5551 2767 5601 x,
2800 5534 2911 5603 '58).
2951 5533 3080 5587 Item
3111 5532 3277 5587 Paulo
3321 5531 3565 5601 apostolo
3596 5532 3669 5585 ob

2092 5628 2191 5683 hoc
2220 5626 2489 5682 credimus
2519 5624 2843 5692 praedicanti,
2878 5625 2998 5690 quia
3027 5624 3141 5692 ipse
3166 5623 3303 5678 dixit
3331 5642 3341 5675 :
3374 5621 3517 5677 Deus
3547 5628 3671 5675 erat

2090 5722 2142 5775 in
2163 5721 2373 5776 Christo
2398 5720 2651 5775 mundum
2681 5718 3035 5776 reconcilians
3057 5719 3163 5775 sibi
3193 5716 3275 5789 (11
3310 5716 3432 5773 Cor.
3459 5732 3512 5783 ν,
3546 5716 3666 5785 19).
