4026 6176
356 305 456 362 397

355 420 475 477 ldeo
498 422 647 478 Isaia:
670 426 945 495 prophetat
972 429 1329 492 Christianum
1352 444 1819 501 accommodamus
1839 462 1929 501 au—

352 513 543 577 ditum,
564 514 689 583 quia
721 517 1147 587 inseparabiliter
1174 508 1336 579 unitis
1359 530 1648 597 praedicare
1676 550 1833 590 orsus
1849 545 1934 591 est

351 614 777 671 sacramentum,
806 608 936 663 dum
985 609 1039 665 in
1081 612 1221 668 Filio
1264 616 1474 672 Patrem
1505 634 1718 689 semper
1768 640 1929 679 unum

352 697 515 752 Deum
542 697 711 754 fuisse
738 705 988 769 asseruit,
1016 716 1212 775 prater
1230 724 1389 779 quem
1413 713 1640 769 alterum
1675 732 1776 770 non
1809 732 1930 772 esse

352 788 615 853 pmdixit.
666 788 722 844 ln
758 805 810 845 te
857 802 940 848 est
966 794 1131 863 Deus,
1168 797 1267 863 ait,
1306 809 1364 854 et
1408 804 1825 859 nesciebamus:
1873 816 1928 861 tu

345 878 488 928 enim
530 876 673 932 Deus
711 881 1032 938 seculorum
1075 885 1321 941 Salvator
1349 887 1504 955 (Isai.
1560 908 1648 959 Lv,
1690 895 1801 962 14).
1827 895 1924 950 Sa.

345 967 579 1024 lomonis
612 970 776 1025 etiam
800 973 1096 1041 prophetia:
1127 974 1333 1032 idcirco
1363 978 1728 1037 indubitanter
1753 984 1929 1039 credi-

344 1072 488 1124 mus,
519 1061 775 1128 quoniam
828 1063 882 1117 in
930 1064 1276 1122 tabernaculo
1316 1068 1481 1142 £26
1521 1073 1776 1143 unigeniti
1806 1076 1926 1131 Filii

344 1147 513 1203 Deum
537 1152 836 1220 ingenitum
850 1157 1178 1223 requievisse
1196 1173 1262 1214 eo
1277 1171 1629 1219 annuntiante
1647 1168 1926 1237 cognosci-

341 1253 460 1293 mus
489 1257 503 1292 :
530 1240 634 1307 Qui
663 1245 849 1311 genuit
874 1247 1175 1317 me,inquit,
1198 1251 1466 1320 requievit
1495 1255 1548 1307 in
1579 1256 1923 1314 tabernaculo

341 1330 689 1401 tneoJEccli.
712 1350 863 1400 utr,
897 1336 1007 1407 12).
1037 1339 1178 1394 Deus
1206 1340 1387 1410 igitur,
1414 1344 1503 1413 qui
1534 1346 1794 1414 simplicis
1817 1363 1917 1402 tia-

339 1428 471 1474 tura:
502 1431 616 1486 est,
649 1423 702 1477 in
730 1425 902 1480 altero
929 1431 1266 1496 compositus
1296 1445 1403 1489 non
1432 1443 1534 1501 est,
1564 1435 1687 1503 quia
1731 1452 1922 1493 secun-

338 1509 465 1564 dum
499 1511 718 1567 deitatis
748 1524 954 1571 natura:
975 1517 1352 1583 substantiam,
1381 1537 1519 1576 unus
1539 1524 1592 1577 in
1616 1525 1752 1580 Filio
1778 1527 1921 1582 Deus

333 1606 439 1663 est,
484 1599 543 1654 in
593 1602 787 1669 quibus
814 1605 975 1660 etiam
1007 1607 1054 1660 si
1076 1606 1196 1662 duae
1218 1623 1460 1677 persona:
1486 1621 1543 1666 et
1581 1616 1794 1669 nomina
1826 1616 1921 1671 de-

333 1692 635 1767 signantur,
680 1710 782 1750 una
816 1706 996 1753 tamen
1027 1698 1081 1753 in
1105 1699 1188 1755 eis
1231 1709 1318 1756 est
1341 1702 1512 1757 divini
1550 1706 1785 1762 nominis
1810 1709 1920 1761 vir-

334 1790 449 1843 tus;
482 1783 742 1851 quoniam
771 1787 861 1854 qui
916 1798 1106 1843 natura
1160 1805 1321 1845 unum
1349 1803 1494 1857 sunt,
1527 1795 1808 1850 divinitate
1834 1794 1921 1850 di-
1946 1829 1992 1888 Β
2022 1813 2172 1878 Quod
2206 1830 2269 1870 ve

333 1874 467 1925 versi
489 1888 611 1927 esse
638 1889 746 1929 non
778 1887 1023 1944 possunt.

891 1998 1117 2057 CAPUT
1156 2001 1317 2057 LXX.

406 2105 501 2162 Ubi
530 2109 737 2173 dicunt,
768 2109 976 2165 Patrem
1016 2130 1077 2167 ea:
1103 2132 1201 2183 quo
1229 2117 1421 2197 omnia,
1450 2128 1497 2172 et
1530 2118 1726 2173 Filium
1751 2140 1839 2191 per

939 2199 1087 2251 quem
1116 2201 1309 2238 omnia.

398 2297 450 2351 Si
489 2307 673 2353 autem
700 2300 937 2356 dixerint
969 2321 981 2356 :
1017 2304 1070 2360 Si
1097 2305 1257 2364 Pater
1286 2315 1339 2363 et
1362 2306 1527 2364 Filius
1555 2327 1715 2366 unum
1762 2327 1905 2380 sunt,

326 2390 597 2456 quomodo
626 2390 783 2445 Pater
812 2394 949 2448 alter
977 2404 1057 2448 est
1087 2412 1152 2450 ex
1181 2412 1287 2467 quo
1315 2409 1440 2454 sunt
1463 2403 1663 2471 omnia,
1696 2406 1908 2461 etalter

326 2479 511 2544 Filius,
547 2498 645 2549 per
671 2499 833 2553 quem
860 2496 985 2541 sunt
1010 2488 1233 2542 omnia?

392 2571 704 2641 Responsio.
738 2576 959 2645 Expelle
987 2580 1199 2634 tandem
1240 2596 1269 2635 a
1293 2583 1539 2640 sensibus
1568 2586 1669 2643 tuis
1691 2602 1750 2644 ea
1785 2605 1905 2661 qum

323 2663 412 2719 tibi
449 2680 479 2717 a
512 2666 599 2719 via
640 2668 884 2723 veritatis
927 2673 1128 2728 erranti
1161 2673 1382 2731 ha-resis
1412 2680 1604 2734 Ariana
1648 2682 1901 2751 inculcat,

322 2764 376 2807 et
404 2770 705 2823 cognoscas
744 2760 865 2827 quia
912 2760 1047 2815 sicut
1077 2762 1144 2817 de
1175 2764 1341 2833 Filio,
1373 2767 1445 2820 ita
1473 2770 1629 2823 etiam
1654 2773 1719 2826 de
1748 2771 1904 2830 Patre

321 2844 521 2899 dictum
552 2846 827 2913 Scriptura
854 2862 1036 2906 sancta
1067 2869 1474 2927 commemorat,
1512 2863 1763 2931 quoniam
1795 2865 1904 2920 sic—

319 2944 372 2987 ut
403 2951 500 3004 per
542 2936 735 2991 Filium
769 2942 984 3006 omnia,
1019 2943 1091 2998 ita
1123 2960 1215 3013 per
1245 2946 1452 3003 Patrem
1487 2952 1731 3008 universa
1785 2969 1903 3010 cre-

315 3026 515 3080 duntur
543 3043 664 3084 esse
693 3032 951 3099 periecta.
980 3034 1083 3089 Sed
1138 3038 1181 3091 si
1225 3038 1327 3092 hoc
1356 3042 1617 3097 m'norem
1650 3044 1788 3099 Patri
1813 3046 1901 3116 ju-

314 3116 461 3169 dicas
500 3118 717 3189 Filium,
752 3124 876 3191 quia
918 3124 1051 3178 dixit
1084 3128 1374 3194 Apostolus
1405 3147 1417 3184 :
1450 3131 1597 3187 Unus
1640 3135 1775 3190 Deus
1804 3137 1901 3193 Pa-

315 3217 414 3275 ter,
441 3226 509 3263 ex
557 3226 663 3279 quo
685 3215 883 3277 omnia,
912 3223 963 3272 et
990 3232 1128 3272 unus
1170 3218 1426 3277 Dominus
1454 3221 1609 3278 Jesus
1632 3225 1898 3296 Christus,
1933 3204 1977 3266 C

314 3312 404 3367 per
442 3316 608 3370 quem
633 3303 807 3358 omnia
839 3302 892 3377 (I
915 3304 1033 3360 Cor.
1060 3322 1176 3376 vm,
1216 3308 1299 3379 6),
1335 3310 1619 3383 diligenter
1649 3319 1898 3374 universa

312 3405 424 3457 qua
458 3390 528 3443 ab
570 3390 829 3460 Apostolo
858 3395 999 3450 dicta
1028 3408 1153 3453 sunt
1195 3399 1361 3456 debes
1385 3402 1705 3460 advertere:
1738 3419 1791 3462 et
1820 3409 1902 3463 in-

312 3481 491 3535 venies
521 3482 682 3536 etiam
722 3483 931 3539 Patrem
962 3487 1029 3543 ab
1084 3488 1241 3558 hujus
1272 3493 1454 3556 cperis
1503 3499 1900 3567 nuncupatione

312 3570 543 3625 alienum
571 3588 678 3627 non
709 3589 848 3640 esse,
880 3578 1067 3634 eodem
1109 3578 1366 3651 Apostolo
1398 3585 1735 3643 afﬁrmante:
1769 3588 1898 3645 Fra-

313 3674 437 3731 tres,
471 3663 635 3730 Deus,
668 3665 857 3735 inquit,
890 3684 985 3737 per
1024 3686 1183 3740 quem
1212 3674 1390 3728 vocati
1421 3678 1551 3731 estis
1585 3677 1639 3732 in
1676 3696 1776 3734 una
1804 3697 1897 3751 spe

312 3757 606 3811 voeationis
646 3770 838 3814 vestrae
886 3759 1101 3833 (Ephes.
1154 3781 1232 3834 tv,
1265 3766 1345 3837 ιι).
1382 3768 1446 3823 Ει
1472 3770 1707 3826 iterum:
1756 3774 1893 3841 Quo-

310 3849 447 3902 niam
508 3864 575 3905 ει
610 3852 746 3920 ipso,
778 3863 833 3908 et
874 3870 967 3922 per
1009 3855 1182 3924 ipsum
1214 3868 1265 3913 et
1294 3858 1346 3912 in
1402 3861 1518 3930 ipso
1551 3872 1673 3917 sunt
1715 3866 1895 3921 omnia

311 3937 490 4008 (Rom.
524 3954 601 4005 ιι,
646 3941 758 4011 56).
806 3942 880 3998 De
916 3960 1022 4013 quo
1046 3947 1147 4000 hoc
1178 3948 1377 4002 dictum
1411 3952 1683 4018 opinaris?
1711 3969 1895 4023 quaeso

309 4030 575 4096 responde
602 4046 617 4084 :
653 4032 708 4087 Si
747 4031 813 4088 de
846 4032 1003 4089 Patre
1029 4036 1144 4090 hzec
1174 4038 1300 4093 dicit
1329 4042 1634 4109 Apostolus,
1663 4043 1892 4113 respice,

308 4126 425 4187 quia
454 4134 527 4174 ex
563 4122 699 4189 ipso,
755 4132 810 4177 et
839 4138 931 4192 per
978 4126 1171 4193 ipsum,
1203 4136 1257 4181 et
1302 4128 1353 4183 in
1385 4130 1500 4199 ipso
1540 4143 1663 4186 sunt
1692 4135 1891 4191 omnia.

308 4209 360 4263 Si
390 4224 527 4263 vero
568 4211 637 4266 de
669 4212 828 4280 Filio,
860 4215 972 4285 pari
1004 4218 1163 4270 etiam
1197 4219 1354 4273 modo
1382 4220 1550 4276 debes
1589 4222 1891 4290 advertere,

308 4303 564 4368 quoniam
590 4319 657 4358 ex
685 4306 824 4375 ipso,
848 4316 901 4361 et
924 4323 1017 4376 per
1041 4309 1238 4380 ipsum,
1266 4321 1320 4366 et
1341 4312 1394 4366 in
1418 4314 1532 4382 ipso
1547 4325 1671 4369 sunt
1691 4316 1889 4371 omnia.

306 4392 637 4464 Quocunque
682 4409 997 4465 argumento
1044 4402 1306 4458 unitatem
1335 4404 1508 4459 Patris
1547 4414 1600 4460 ct
1632 4407 1751 4462 Filii
1791 4424 1889 4463 vo-

310 4486 471 4541 lu‘eris
503 4488 1160 4558 impugnare,sermonum
1197 4506 1405 4551 tuorum
1436 4500 1716 4555 sententiis
1745 4504 1888 4556 vide-

312 4572 449 4631 beris
475 4579 782 4647 subjacere.

874 4662 1100 4719 CAPUT
1139 4662 1322 4721 LXXI.

308 4766 406 4823 Ubi
434 4771 615 4826 dicunt
638 4788 659 4829 :
691 4773 937 4855 SinPa'ter
961 4787 1007 4831 et
1037 4777 1207 4832 Filius
1251 4799 1384 4855 unus
1416 4781 1573 4850 Deus,
1599 4800 1715 4855 ergo
1746 4787 1889 4854 prius

744 4844 988 4914 Verbum,
1013 4857 1060 4902 et
1085 4860 1258 4918 postea
1291 4851 1449 4906 Deus.

370 4951 541 5025 427
565 4954 623 5011 Si
650 4955 744 5010 tibi
768 4957 1045 5015 dixerunt:
1071 4961 1125 5015 Si
1147 4961 1364 5018 Pateret
1384 4963 1715 5018 Filiusunum
1740 4977 1884 5033 sunt,

301 5061 430 5119 ergo
462 5050 616 5115 prius
642 5050 897 5118 Verbum,
930 5062 984 5108 et
1020 5066 1205 5123 poswa
1258 5056 1398 5110 Deus
1429 5068 1511 5113 est
1539 5058 1730 5125 dictus,
1755 5060 1878 5130 quia

297 5140 563 5208 scriptum
594 5153 677 5196 est
709 5161 719 5195 :
754 5144 808 5198 ln
837 5146 1097 5216 principio
1126 5158 1241 5203 erat
1272 5149 1529 5219 Verbum,
1566 5162 1619 5207 et
1648 5154 1881 5209 Verbum

293 5239 408 5282 erat
436 5232 579 5298 apud
610 5232 802 5300 Deum,
825 5246 879 5291 et
910 5236 1050 5292 Deus
1077 5247 1196 5294 erat
1224 5239 1456 5295 Verbum
1488 5240 1666 5311 (Joan.
1697 5260 1736 5311 ι,
1762 5246 1835 5316 l).

364 5321 682 5391 Responsio.
733 5327 791 5383 Si
832 5331 1126 5386 secundum
1175 5332 1535 5389 differentiam
1581 5339 1877 5393 communis

294 5423 507 5471 natura:
541 5418 701 5474 Pater
737 5431 794 5475 et
838 5422 1005 5478 Filius
1033 5441 1169 5481 unus
1201 5427 1341 5483 Deus
1379 5444 1483 5483 non
1512 5429 1724 5500 dicitur,
1770 5432 1876 5485 duo

292 5520 422 5575 ergo
465 5522 497 5561 a
550 5512 703 5566 vobis
730 5513 803 5567 dii
834 5524 1021 5570 natura
1063 5517 1369 5586 dissimiles,
1395 5531 1447 5576 et
1476 5523 1709 5591 potentia
1752 5524 1879 5576 ina:—

292 5598 507 5668 qnales,
537 5603 824 5669 gentilium
872 5621 1020 5663 more
1045 5611 1297 5666 coluntur
1341 5624 1526 5667 contra
1573 5614 1703 5667 illud
1734 5614 1876 5683 quod

292 5681 501 5742 dictum
530 5701 618 5746 est
649 5707 665 5748 :
695 5695 856 5760 Audi,
891 5699 1072 5765 Israel,
1106 5700 1362 5756 Dominus
1393 5702 1529 5757 Deus
1558 5712 1698 5769 tuus,
1733 5681 1875 5759 Deus

293 5790 436 5839 unus
463 5790 546 5838 est
579 5780 760 5855 (Deut.
793 5787 960 5857 vt,4).
994 5787 1101 5843 Nos
1124 5790 1321 5846 deinde
1352 5808 1455 5846 non
1493 5793 1722 5849 Verbum
1746 5805 1870 5850 ante

1517 326 1782 386 CONTRA
1828 331 2233 391 VARIMADUM
2273 337 2399 393 LIB.
2434 340 2473 394 Ι.

3510 362 3612 417 598

1960 451 2015 512 Α
2044 449 2227 515 Deum,
2260 467 2364 506 non
2401 454 2567 509 Deum
2593 468 2715 512 ante
2746 459 2992 529 Verbum,
3026 464 3120 518 sed
3151 474 3434 536 utrumque
3454 473 3609 528 simul

2036 554 2197 593 unum
2245 542 2410 596 Deum
2463 545 2514 598 in
2544 557 2741 601 nostra:
2783 553 2901 606 liilei
2961 554 3296 621 professione
3348 559 3608 622 fatemur:

2033 628 2155 695 quia
2191 629 2396 684 Patrem
2427 642 2479 687 et
2506 634 2692 690 Filium
2723 641 2864 693 nulla
2889 642 2957 696 ab
2985 643 3216 700 invicem
3251 653 3505 718 temporis
3533 654 3612 707 iu-

2033 720 2251 772 tervalla
2308 721 2637 793 distinguunt
2685 747 2697 782 :
2735 742 2787 784 et
2832 733 2917 786 ubi
2969 750 3141 804 neque
3175 747 3405 808 tempus,
3434 759 3609 813 neque

2030 809 2244 876 aliquod
2293 827 2621 872 momentum
2668 825 2920 890 temporis
2955 827 3242 897 invenitur,
3288 834 3359 887 ita
3390 851 3489 891 nec
3515 854 3610 893 an-

2031 902 2196 955 terius
2227 908 2576 974 posteriusve,
2607 914 2748 980 quod
2777 915 2959 970 dicere
2997 918 3144 973 nefas
3171 929 3278 989 est,
3312 924 3603 984 invenitur.

2028 992 2135 1046 Nos
2176 1010 2390 1065 quoque
2419 1001 2627 1055 uniCum
2657 1003 2750 1057 Dei
2791 1005 2978 1061 Filium
3010 1024 3116 1063 non
3145 1015 3316 1068 solum
3353 1015 3604 1088 Verbum,

2027 1085 2120 1138 sed
2137 1095 2191 1140 et
2221 1088 2559 1155 splendorem
2587 1094 2946 1165 virtutemque
2973 1098 3237 1168 Patris,et
3266 1085 3601 1179 sapientiam,

2026 1177 2317 1234 secundum
2377 1180 2675 1239 divinarum
2706 1186 3106 1257 Scripturarum
3155 1195 3365 1264 eloquia
3405 1217 3605 1257 nuncu-

2029 1282 2238 1335 pamus.
2275 1273 2340 1326 Et
2386 1277 2723 1346 sacrilegium
2747 1289 2831 1336 est
2856 1281 3035 1338 dicere
3061 1285 3272 1342 Patrem
3301 1292 3468 1347 lucem
3490 1296 3606 1352 sine

2028 1359 2341 1427 splendore,
2397 1374 2487 1419 aut
2527 1366 2717 1424 fortem
2746 1372 2865 1427 sine
2900 1374 3115 1439 virtute,
3148 1388 3240 1432 ant
3287 1382 3601 1449 sapientiam

2023 1450 2311 1519 aliquando
2342 1457 2459 1512 sine
2506 1460 2763 1526 sapientia
2793 1479 2887 1518 sua
2930 1466 3114 1534 fuisse,
3168 1472 3319 1540 cujus
3366 1478 3598 1545 perfecta

2024 1539 2277 1597 divinitas
2317 1546 2451 1600 nihil
2501 1550 2568 1602 ad
2616 1550 3000 1618 perfectionem
3042 1574 3192 1613 suam
3238 1564 3598 1626 accidentibus

2023 1632 2183 1685 rebus
2224 1636 2537 1705 assumpsit,
2571 1654 2729 1707 quem
2764 1644 2815 1697 in
2844 1651 3135 1717 semetipso
3165 1656 3438 1714 continere
3480 1676 3598 1730 qua:

2020 1734 2116 1774 sua
2152 1733 2295 1789 sunt,
2330 1726 2605 1784 rationalis
2636 1732 2958 1793 universitas
2988 1742 3256 1799 credendo
3304 1726 3592 1819 cognoscit.

2276 1832 2333 1869 ro
2366 1818 2703 1889 Evangelista
2741 1825 2897 1881 Verbi
2924 1832 3280 1898 appellatione
3311 1818 3387 1894 uti
3412 1843 3593 1911 primi-

2019 1916 2103 1960 tus
2129 1910 2314 1976 voluit,
2366 1913 2623 1968 unitatem
2678 1918 2971 1977 divinitatis
3024 1926 3324 1985 evidentius
3360 1933 3593 2009 declara-

2015 1997 2090 2052 vit
2134 2016 2147 2051 :
2203 1999 2395 2063 Filium
2435 2014 2561 2059 ante
2591 2007 2804 2063 Patrem
2851 2015 3152 2083 nominans,
3191 2036 3297 2075 non
3344 1997 3595 2092 temporis

2013 2096 2105 2140 aut
2130 2087 2346 2145 honoris
2375 2095 2685 2150 relationem
2711 2101 2986 2170 assignans
3019 2122 3031 2156 :
3065 2110 3312 2176 quoniam
3344 2114 3429 2170 ubi
3470 2116 3595 2173 Ver-

2013 2177 2137 2232 bum
2177 2181 2314 2248 apud
2357 2182 2543 2249 Deum,
2578 2198 2629 2241 et
2662 2189 2798 2245 Deus
2834 2193 3062 2249 Verbum
3104 2197 3269 2255 fuisse
3314 2216 3585 2276 narratur,

2013 2283 2111 2322 nec
2153 2270 2289 2327 Deus
2325 2274 2515 2339 Verbo,
2546 2295 2642 2332 nec
2675 2280 2903 2337 Verbum
2932 2286 3038 2341 Deo
3069 2297 3423 2359 praeponitur.

2566 2412 2791 2470 CAPUT
2830 2417 3037 2476 LXXII.

2015 2514 2111 2571 Ubi
2141 2518 2353 2613 dicanti:
2384 2522 2443 2577 Si
2483 2522 2641 2579 Pater
2664 2541 2708 2581 et
2738 2527 2910 2613 Fiﬁus
2936 2551 3066 2588 unus
3112 2536 3268 2613 Deus,
3295 2545 3435 2608 prius
3463 2561 3583 2613 ergo

2285 2591 2445 2659 Deus,
2494 2607 2540 2649 et
2583 2609 2756 2666 postea
2801 2600 2958 2658 Pater
3006 2616 3079 2659 est
3117 2591 3303 2663 dictu-3..

2076 2719 2239 2794 428
2273 2722 2331 2778 Si
2357 2726 2452 2782 tibi
2478 2727 2746 2787 dixerint:
2779 2734 2833 2788 Si
2864 2736 3023 2793 Pater
3048 2750 3101 2793 et
3132 2739 3300 2797 Filius
3329 2761 3462 2799 unus
3490 2758 3578 2803 est

2009 2809 2171 2880 Deus,
2205 2830 2335 2883 ergo
2377 2828 2531 2873 antea
2582 2821 2724 2878 Deus
2753 2836 2869 2881 erat
2893 2836 2950 2883 et
2976 2841 3162 2898 postea
3192 2834 3459 2903 gignendo
3488 2839 3585 2895 Pa-

2008 2912 2089 2955 ter
2115 2912 2196 2957 est
2226 2904 2420 2961 dictus.

2079 2996 2377 3065 Responsio.
2410 3001 2463 3057 Si
2495 3017 2624 3071 ergo
2653 3008 2943 3063 secundum
2977 3027 3074 3069 vos
3102 3015 3275 3083 primo
3305 3017 3445 3075 Deus
3474 3025 3584 3078 siu-
3668 3009 3679 3017 ’

2005 3088 2264 3155 gulariter
2295 3090 2657 3160 subsistendo,
2692 3106 2744 3151 ct
2776 3109 2957 3167 postea
2991 3101 3150 3158 Pater
3192 3118 3273 3161 est
3293 3108 3465 3165 dictus
3496 3113 3584 3168 Fi-

2010 3179 2138 3235 lium
2178 3184 2508 3252 generando,
2537 3202 2665 3269 ergo
2710 3189 2886 3256 ipsum
2928 3192 3103 3251 Patris
3151 3212 3342 3254 nomen
3386 3218 3583 3271 nequa-

2006 3284 2165 3338 quam
2192 3276 2296 3328 erit
2322 3283 2601 3343 mternum,
2630 3264 2776 3347 quod
2803 3282 2869 3337 ad
2889 3298 2999 3339 sua:
3024 3288 3395 3356 appellationis
3419 3264 3580 3351 voca-

2006 3357 2187 3417 bulum
2216 3380 2280 3419 ex
2318 3376 2557 3434 tempore
2583 3373 2815 3440 sumpsit
2852 3376 3083 3432 initium.
3114 3380 3171 3436 Si
3202 3387 3493 3442 secundum
3528 3401 3580 3446 te

2004 3448 2074 3504 ita
2107 3461 2190 3507 est
2232 3457 2503 3511 mutabilis
2542 3470 2596 3513 et
2636 3461 2898 3531 proﬁciet,
2930 3469 3032 3523 erit
3061 3474 3330 3531 mutabilis
3359 3477 3576 3549 deinde,

2003 3546 2127 3612 quia
2168 3563 2233 3601 ex
2263 3549 2356 3602 Dei
2386 3553 2601 3607 nomine
2645 3554 2697 3608 in
2730 3556 2900 3612 Patris
2924 3567 3372 3634 nuncupationem
3401 3581 3581 3628 trans-

2000 3633 2113 3688 ivit.
2162 3635 2452 3695 Proliciens
2488 3657 2636 3712 ergo,
2666 3646 2789 3713 quia
2818 3662 2938 3703 cum
2968 3665 3026 3706 se
3053 3633 3117 3706 in,
3132 3654 3224 3710 Dei
3247 3660 3461 3716 nomine
3488 3679 3579 3732 po.

2001 3723 2161 3779 situm
2193 3729 2370 3784 minus
2421 3732 2718 3801 perfectum
2777 3737 3005 3805 videret,
3057 3744 3122 3797 ad
3153 3749 3421 3805 eumulum
3463 3767 3575 3809 suae

2002 3815 2342 3883 perfectionis
2388 3826 2784 3883 conticientium
2837 3833 2996 3886 modo
3025 3834 3199 3891 Patris
3224 3837 3325 3892 sibi
3376 3855 3571 3909 nomen

1998 3904 2213 3973 adjecit.
2247 3909 2377 3975 Quis
2405 3924 2584 3969 autem
2618 3928 2668 3971 te
2699 3933 2805 3974 non
2837 3921 3033 3989 videat,
3066 3924 3209 3992 quod
3240 3906 3443 3982 idcirco
3473 3930 3575 3989 hoc

2000 3999 2116 4053 loco
2155 4001 2248 4056 illo
2274 4005 2513 4071 Apostoli
2547 4025 2672 4067 usus
2705 4028 2763 4069 es
2793 4017 3117 4085 tesﬁmonio,
3171 4029 3230 4075 ut
3255 4023 3376 4091 quia
3406 4026 3569 4082 dixit:

2000 4086 2139 4143 Deus
2157 4102 2210 4145 et
2242 4093 2397 4149 Pater
2417 4097 2626 4155 Domini
2654 4106 2818 4160 nostri
2843 4106 2968 4162 Jesu
2986 4109 3182 4165 Christi
3211 4086 3309 4165 scit
3338 4114 3425 4185 (Il
3448 4117 3567 4171 Cor.

1997 4190 2057 4242 ll,
2085 4178 2198 4248 3i),
2228 4182 2422 4240 exinde
2449 4196 2501 4241 te
2532 4190 2771 4250 voluisse
2798 4198 3086 4254 ostendere
3108 4178 3417 4271 dignitatem
3453 4208 3567 4271 Dei.

1996 4274 2315 4330 antecedere
2356 4277 2529 4334 Patris
2554 4281 2837 4341 aliectum?
2861 4290 3200 4360 Etlicetjam
3238 4294 3466 4362 plurima
3502 4300 3569 4353 de

1995 4378 2080 4431 eo,
2111 4367 2252 4436 quod
2283 4385 2425 4426 nunc
2464 4385 2708 4443 repetere
2738 4382 2975 4449 voluisti,
3006 4389 3255 4455 superius
3283 4390 3424 4446 dicta
3457 4408 3569 4449 me-

1995 4455 2266 4521 minimus,
2310 4464 2638 4529 superlluum
2694 4472 2904 4529 videtur
2936 4491 2997 4530 ea
3045 4478 3240 4535 iterum
3300 4496 3565 4557 repetere,

1915 4573 1968 4631 Β
1994 4558 2110 4611 qua:
2139 4549 2305 4603 semel
2338 4549 2477 4606 dicta
2500 4556 2567 4609 ad
2610 4558 3013 4619 instructionem
3043 4568 3329 4637 legentium
3362 4549 3576 4648 possint,

1996 4636 2271 4705 proﬁcere.
2296 4639 2399 4695 Sed
2419 4659 2484 4699 ne
2506 4661 2602 4703 nos
2621 4636 3387 4729 imperitiazarguasproposita
3404 4666 3567 4722 decli-

1993 4744 2169 4793 nasse,
2201 4731 2340 4788 scire
2362 4743 2414 4790 te
2437 4742 2686 4796 convenit
2725 4745 2971 4800 eumdem
2997 4750 3295 4815 apostolum
3321 4753 3567 4821 Ephesiis

1992 4823 2440 4891 conscribentem,
2457 4828 2647 4885 Filium
2675 4844 2727 4887 et
2744 4834 2953 4890 Patrem
2972 4839 3215 4906 primitus
3236 4844 3567 4914 nominasse,

1992 4920 2045 4963 ct
2073 4923 2255 4978 postea
2285 4915 2496 4973 deitatis
2518 4921 2632 4990 rjus
2655 4926 2968 4981 vocabulum
3001 4930 3299 4989 indidisse:
3331 4936 3563 5005 Gratias,

1989 5003 2184 5070 inquit,
2216 5016 2434 5075 agentes
2479 5026 2693 5080 semper
2721 5030 2817 5083 pro
2847 5019 3096 5076 omnibus
3129 5023 3182 5077 in
3222 5029 3440 5080 nomine
3469 5003 3564 5081 Do?

1991 5094 2120 5149 mini
2151 5100 2320 5153 nostri
2358 5101 2482 5157 Jesu
2513 5102 2731 5171 Christi,
2767 5107 2908 5163 Patri
2937 5118 2991 5165 et
3021 5112 3132 5167 Deo
3163 5114 3388 5183 subjecti
3426 5117 3561 5169 invi-

1988 5199 2105 5239 cem
2131 5185 2185 5240 in
2218 5188 2406 5245 timore
2450 5192 2645 5248 Christi
2680 5193 2893 5267 (Epltes.
2924 5216 2976 5264 v,
3022 5201 3134 5271 ΞΟ).
3167 5203 3300 5258 Cum
3332 5219 3457 5272 ergo
3490 5206 3561 5257 vi-

1987 5278 2116 5334 deas
2168 5282 2478 5349 Apostolum
2534 5285 2821 5357 aliquando
2881 5290 2993 5355 Dei,
3045 5292 3329 5361 aliquando
3380 5294 3552 5347 Patris

1985 5371 2339 5438 appellatione
2396 5376 2641 5443 primitus
2682 5380 2779 5449 uti,
2817 5382 3152 5450 apertissime
3198 5383 3355 5436 docet
3391 5383 3556 5437 divini

1989 5460 2304 5530 paternique
2332 5466 2563 5520 nominis
2595 5469 2911 5525 vocabulum
2943 5474 3329 5540 sempiternum
3369 5473 3554 5543 fuisse,

1986 5560 2039 5603 et
2070 5549 2258 5604 Filium
2290 5555 2616 5623 sempiterno
2652 5558 2793 5615 Patri
2829 5561 3314 5629 ronsempiternum
3337 5578 3480 5634 esse,
3501 5578 3554 5623 et

1984 5659 2106 5699 cum
2128 5646 2317 5703 eodem
2338 5645 2536 5718 jugiter
2564 5666 2900 5720 permanere.
