3960 6176
431 338 532 395 599

956 441 1178 498 CAPUT
1221 440 1449 495 LXXIII.

430 603 524 657 Ubi
579 602 788 654 dicunt:
837 597 1005 651 Filius
1042 609 1085 651 et
1114 596 1289 660 Pater,
1322 610 1449 647 unus
1492 609 1592 647 non
1618 592 1801 643 dicitur
1833 580 1997 653 Deus,

492 672 579 742 qui
608 682 724 723 ante
750 681 975 737 tenipora
1006 684 1068 721 ea:
1100 666 1275 730 Patre,
1308 680 1369 719 ea:
1404 662 1610 731 Virgine
1640 672 1810 730 postea
1844 672 1991 714 natus

491 751 588 795 (Si.

490 894 654 964 5.29
688 891 743 946 Si
772 888 1114 943 tibidixerint
1144 905 1154 939 :
1180 888 1386 952 Quomo
1408 886 1457 938 io
1496 883 1586 952 qui
1608 891 1731 937 ante
1752 891 1989 948 tempora

431 1000 496 1039 cx
553 985 709 1037 i’atre
751 989 924 1041 natus,
957 986 1010 1032 et
1053 992 1117 1030 ex
1161 975 1380 1044 Virgine
1410 982 1593 1043 postea
1633 972 1829 1040 editus,
1860 982 1981 1024 cum

424 1075 751 1144 sempiterno
776 1079 831 1126 et
856 1068 1091 1138 ingenito
1112 1067 1266 1122 Patre
1290 1079 1425 1121 unus
1447 1065 1549 1120 erit
1574 1063 1749 1118 Deus?

507 1205 807 1275 Responsio.
838 1203 955 1259 Alia
980 1211 1064 1256 est
1101 1199 1248 1255 verbi
1293 1208 1501 1261 natura,
1528 1196 1617 1266 qui
1649 1192 1990 1262 impassibilis

425 1312 670 1364 manens,
702 1296 850 1349 nullo
881 1292 1111 1347 tristitiae
1135 1290 1435 1345 concutitur
1466 1296 1606 1341 metu
1637 1301 1650 1338 :
1680 1294 1731 1338 et
1762 1283 1865 1337 alia
1896 1296 1991 1337 no-

426 1394 521 1444 stri
541 1386 756 1458 generis
778 1384 973 1447 anima,
998 1395 1100 1451 qua
1130 1380 1199 1434 de
1231 1379 1405 1441 nobis,
1434 1375 1487 1430 id
1518 1384 1598 1430 est
1622 1374 1689 1429 de
1714 1382 1903 1437 matre,
1932 1379 1991 1425 ut

426 1490 720 1559 perlectum
755 1483 1065 1539 ostenderet
1101 1481 1391 1543 hominem,
1421 1478 1695 1546 suscipere
1726 1476 1992 1529 hominem

424 1589 669 1657 dignatus
697 1590 780 1639 est
806 1581 991 1637 Filius.
1018 1580 1093 1635 De
1117 1592 1217 1649 qua
1240 1577 1398 1632 etiam
1426 1574 1635 1630 dicebat
1661 1590 1674 1628 :
1696 1573 1887 1628 Tristis
1911 1582 1991 1628 est

425 1692 601 1743 anima
634 1701 749 1742 mea
779 1699 946 1754 usque
985 1682 1051 1736 ad
1092 1692 1317 1735 mortem
1345 1677 1561 1751 (Matth.
1586 1690 1734 1740 xxvi,
1764 1675 1876 1748 58).
1928 1677 1993 1731 Et

428 1788 548 1842 ideo
579 1786 809 1857 gemina,
840 1784 894 1839 id
930 1790 1013 1836 est
1046 1779 1225 1835 divina
1263 1788 1421 1846 atque
1446 1776 1676 1830 humana
1718 1776 1993 1842 nativitas,

433 1929 665 1948 υ-μ-

1686 327 1912 385 VIGILII
1952 325 2321 382 TAPSENSIS

2014 446 2062 501 Α
2094 436 2361 490 diversum
2401 448 2430 487 a
2459 435 2616 488 Patre
2663 432 2854 486 Filium
2898 448 3003 486 non
3032 434 3291 501 probavit,
3321 433 3573 503 quoniam
3606 436 3654 486 in

3566 321 3663 378 ιοο

2098 524 2189 577 illo
2226 539 2289 577 ex
2328 534 2566 592 paterna:
2598 533 2797 577 natura:
2826 525 3121 577 substantia
3151 531 3382 592 quantus
3402 532 3484 576 est
3521 538 3663 576 man-

2096 615 2189 679 sit,
2216 624 2271 667 et
2299 614 2353 666 in
2386 614 2486 667 hac
2526 627 2629 677 qua
2674 614 2741 667 de
2776 613 2990 682 Virgine
3022 624 3205 679 pomea
3236 621 3321 666 est
3347 611 3525 666 editus
3553 626 3657 663 non

2097 702 2472 769 mutavit,ipso
2498 702 2550 755 in
2584 702 2873 771 Evangelio
2900 709 3230 770 pmtestante
3254 717 3267 751 :
3302 700 3413 768 Ego
3439 708 3494 753 et
3511 699 3667 752 Pater

2097 808 2260 846 unum
2291 807 2474 847 sumus
2504 792 2681 863 (Joan.
2712 811 2765 858 x,
2796 792 2920 863 ‘50);
2952 802 3028 858 et,
3053 792 3170 848 Sint
3210 792 3265 846 in
3297 791 3451 844 nobis
3481 806 3669 853 unum,

2097 883 2242 937 sicut
2268 897 2452 938 sumus
2474 893 2526 937 tu
2549 884 2601 939 in
2632 901 2740 949 me,
2786 893 2838 938 et
2862 898 2961 953 ego
3008 886 3060 937 in
3108 893 3162 937 te
3188 880 3368 951 (Joan.
3400 896 3530 942 xvtt,
3552 880 3667 945 2|).

2101 971 2238 1027 Nam
2271 974 2399 1029 illud
2424 977 2565 1046 quod
2593 976 2665 1031 ait
2694 992 2709 1031 :
2749 977 3073 1031 Potestatem
3100 973 3271 1028 habeo
3292 972 3525 1041 ponendi
3555 974 3673 1023 ani-

2100 1082 2243 1122 mam
2279 1082 2472 1133 meam,
2508 1079 2561 1123 et
2602 1077 2915 1137 potestatem
2965 1068 3136 1123 habeo
3186 1067 3376 1121 iterum
3425 1066 3675 1121 sumendi

2095 1174 2215 1213 eam
2243 1156 2419 1228 (Joan.
2451 1174 2504 1225 x,
2531 1161 2641 1227 18),
2662 1159 2923 1213 divinitati
2947 1159 3065 1228 ejus
3085 1156 3393 1211 omnimodo
3406 1157 3673 1225 congruit,

2095 1251 2350 1318 quoniam
2400 1254 2574 1305 nullus
2610 1252 2811 1320 absque
2840 1252 2959 1320 ejus
2985 1250 3266 1305 divinitate
3297 1248 3564 1317 reperitur
3588 1247 3677 1300 lo-

2097 1353 2194 1393 cus
2218 1340 2307 1394 ubi
2344 1340 2411 1395 ab
2457 1340 2550 1395 illo
2586 1342 2781 1397 debeat
2809 1342 2954 1410 poni,
2989 1340 3070 1396 vel
3099 1340 3239 1395 unde
3270 1340 3440 1409 possi.
3479 1339 3679 1391 ’ωε-ωτι

2111 1426 2271 1482 sumi.
2304 1429 2593 1500 ingenitum
2620 1431 2758 1485 sicut
2791 1432 2945 1486 Pater
2966 1442 3047 1485 est
3074 1431 3263 1485 Filium
3286 1444 3389 1483 non
3425 1429 3677 1493 fatemur,

2108 1517 2360 1585 quoniam
2392 1520 2436 1573 si
2468 1522 2604 1575 sicut
2632 1522 2788 1576 Pater
2814 1523 3077 1591 ingenitus
3100 1532 3205 1587 est,
3237 1521 3505 1588 ingenitus
3533 1519 3680 1573 diea-

2103 1615 2191 1661 tur
2212 1615 2266 1661 et
2293 1607 2330 1661 F
2336 1608 2475 1676 ilius,
2502 1619 2627 1664 tune
2644 1613 2811 1681 magis
2842 1628 3003 1666 unum
3030 1626 3151 1667 esse
3173 1626 3278 1665 non
3302 1612 3538 1681 possint:
3556 1611 3681 1679 quia

2109 1698 2477 1766 unusquisque
2502 1700 2552 1754 in
2568 1702 2777 1769 propria
2804 1712 2987 1756 natura
3007 1702 3325 1769 consistens,
3351 1702 3681 1756 communio-

2101 1800 2223 1840 nem
2249 1787 2559 1844 substsntiaz
2584 1805 2703 1845 cum
2724 1791 2893 1846 altero
2916 1807 3021 1847 non
3050 1790 3287 1847 haberet.

668 1920 3648 1947 *ΗΜ-ὥ

1533 1991 1873 2073 LIBER
1933 1993 2579 2084 SECUNDUS.

1200 2145 1370 2199 QUOD
1403 2143 1683 2190 SPIRITUS
1714 2142 1989 2188 SANCTUS
2020 2146 2118 2188 Sl’l‘
2149 2147 2306 2192 UNUS
2340 2151 2498 2198 DEUS
2529 2156 2656 2200 CUM
2686 2159 2905 2201 ΡΔΤΒΕ.

1796 2276 2056 2291 -ἦ

951 2338 1176 2395 CAPUT
1216 2338 1504 2394 PRIMUM.

440 2481 536 2536 Ubi
577 2480 770 2545 dicunt,
821 2476 1046 2543 Patrem,
1096 2484 1145 2529 et
1177 2473 1370 2528 Filium
1413 2482 1459 2545 et
1491 2473 1745 2545 Spiritum
1772 2482 2002 2545 sanctum

511 2566 612 2602 non
630 2564 736 2601 esse
758 2543 913 2601 unum
933 2545 1097 2601 Deum
1131 2547 1254 2616 quia
1271 2543 1491 2613 propriis
1515 2543 1799 2597 nominibus
1825 2543 2006 2597 distin-

503 2629 747 2688 guuntur.

504 2751 665 2823 430
711 2750 766 2806 Si
811 2748 903 2805 tibi
941 2748 1175 2803 dixerint
1210 2765 1222 2801 :
1255 2748 1387 2815 Quia
1446 2748 1606 2804 Pater
1631 2756 1686 2803 et
1734 2748 1902 2803 Filius
1954 2757 2010 2804 et

438 2844 669 2912 Spiritus
689 2852 903 2896 sanctus
919 2839 989 2895 ob
1018 2839 1118 2894 hoc
1147 2855 1308 2894 unum
1338 2853 1443 2895 non
1467 2849 1612 2904 sunt,
1635 2840 1759 2910 quia
1780 2840 2009 2911 propriis

447 2934 751 2990 nominibus
779 2932 1194 2999 distinguuntur.

515 3036 815 3107 Responsio.
850 3033 906 3090 Si
948 3032 1017 3087 ob
1048 3032 1149 3088 hoc
1195 3033 1336 3103 quod
1373 3033 1530 3089 Pater
1556 3033 1719 3103 Deus,
1751 3040 1805 3089 et
1842 3031 2010 3088 Filius

441 3130 596 3185 .lesus
640 3125 910 3191 Christus,
941 3134 992 3178 et
1020 3123 1248 3193 Spiritus
1277 3133 1492 3178 sanctus
1523 3122 1832 3178 Paracietus
1877 3139 2009 3176 nun-

439 3227 685 3288 cupatur,
704 3230 864 3269 unum
894 3228 1014 3270 esse
1040 3229 1145 3267 non
1175 3222 1433 3282 possunt:
1461 3228 1565 3268 non
1588 3229 1717 3282 ergo
1746 3213 2011 3282 relinque-

441 3317 532 3363 tttr
584 3308 738 3371 Filio,
780 3307 864 3361 vel
916 3304 1134 3373 Spiritui
1165 3312 1369 3369 sancto,
1401 3314 1456 3358 ut
1496 3304 1710 3359 deitatls
1752 3304 2012 3361 voeabula

442 3404 834 3466 nuncupentur.
867 3394 924 3450 Si
953 3395 1022 3447 ita
1054 3402 1156 3460 est,
1186 3393 1272 3448 ubi
1305 3403 1385 3448 est
1414 3393 1564 3461 illud,
1609 3394 1751 3464 quod
1782 3393 1849 3449 de
1878 3393 2010 3448 Filio

441 3490 573 3544 dixit
599 3484 920 3556 Apostolus?
949 3484 1184 3550 Quorum
1219 3491 1417 3553 patres,
1451 3498 1516 3537 ex
1545 3484 1736 3554 quibus
1764 3481 2010 3539 Christus

440 3578 732 3634 secundum
772 3589 1009 3638 carnem,
1037 3574 1126 3643 qui
1159 3582 1240 3628 est
1277 3588 1437 3642 super
1465 3576 1641 3629 omnia
1672 3574 1816 3631 Deus
1842 3574 2008 3630 bene-

442 3669 615 3723 dictus
644 3667 698 3721 in
726 3666 919 3721 sazcula
953 3663 1126 3734 (Rom.
1164 3680 1236 3729 tx,
1268 3664 1343 3733 5).
1376 3666 1481 3719 Aut
1498 3680 1591 3720 cur
1617 3664 1875 3724 Jeremias
1908 3666 2010 3722 tale

441 3760 520 3815 illi
576 3758 802 3828 praabuit
844 3755 1234 3821 testimonium,
1271 3764 1328 3809 ut
1356 3769 1477 3811 eum
1528 3756 1732 3813 diceret
1762 3759 1925 3812 Deum
1957 3761 2011 3812 in

442 3862 585 3909 terra
607 3863 727 3906 cum
752 3846 1053 3904 hominibus
1081 3846 1493 3903 conversatum?
1535 3847 1633 3903 llic
1663 3848 1800 3902 Dens
1830 3856 2011 3902 no~tcr

443 3942 637 4011 inquit,
665 3949 720 3996 et
744 3953 849 3994 non
877 3938 1227 4008 applicabitur
1247 3939 1387 3994 alter
1414 3938 1479 3992 ad
1508 3952 1628 3992 eum
1660 3936 1905 4007 (Barnch.
1933 3954 2010 4005 ut,

446 4032 564 4102 36).
599 4032 664 4086 Et
686 4038 805 4101 post
836 4029 1106 4100 paululum
1137 4028 1310 4083 dixit:
1340 4028 1465 4083 Post
1507 4030 1619 4082 haec
1669 4028 1721 4082 in
1752 4027 1908 4083 terris
1930 4029 2007 4083 vi-

448 4139 542 4180 sus
585 4134 689 4189 est,
741 4131 940 4177 etcum
973 4121 1275 4175 hominibus
1314 4129 1660 4175 conversatus
1700 4128 1780 4175 est
1825 4119 2011 4191 (Ibid.,

449 4216 570 4283 38).
604 4216 667 4269 Et
697 4214 887 4268 iterum
932 4214 1216 4282 ApOslqus
1241 4211 1318 4265 ait
1350 4229 1362 4263 :
1400 4211 1781 4279 Exspectantes
1807 4211 2013 4266 beatam

447 4322 621 4376 spem,
654 4315 707 4362 et
734 4305 1018 4361 adventum
1063 4303 1244 4375 gloria:
1263 4303 1435 4371 magni
1467 4303 1578 4366 Dei,
1606 4301 1895 4357 Salvatoris
1917 4317 2013 4357 no-

448 4397 547 4454 stri
575 4396 700 4451 Jesu
723 4393 918 4450 Christi
947 4394 1073 4466 (Tit.
1110 4409 1169 4460 tt,
1198 4395 1308 4461 15).
1341 4391 1394 4447 Si
1426 4406 1552 4459 ergo
1582 4390 1737 4446 Pater
1766 4392 1902 4445 Deus
1929 4392 2015 4445 di-

449 4488 605 4551 citur,
631 4496 683 4541 et
713 4484 877 4539 Filius
906 4484 1093 4539 eodem
1122 4492 1204 4538 est
1230 4482 1489 4537 vocabulo
1512 4491 1859 4549 nuncupatus,
1886 4495 2018 4550 quo-

452 4576 612 4632 modo
653 4589 757 4629 non
788 4590 949 4630 unum
994 4587 1185 4628 nomen
1230 4582 1313 4627 est
1344 4572 1518 4628 Patris
1563 4585 1615 4631 et
1645 4575 1788 4642 Filii,
1821 4574 1909 4644 qui
1952 4574 2019 4627 ab

453 4668 677 4721 invicem
711 4666 763 4718 in
789 4666 899 4735 ipsa
939 4666 1155 4720 deitatis
1196 4666 1585 4732 nuncupatione
1636 4682 1740 4721 non
1767 4675 1890 4720 sunt
1935 4665 2018 4719 di-

455 4756 587 4811 visi?
612 4755 839 4825 Spiritus
865 4757 1009 4812 enim
1036 4764 1252 4810 sanctus
1277 4756 1343 4810 ab
1375 4756 1473 4809 hoc
1503 4756 1714 4811 deitatis
1761 4756 2021 4811 vocabulo

454 4847 660 4902 alienus
688 4860 793 4901 non
823 4861 942 4901 e-se
975 4858 1319 4913 monstratur,
1344 4861 1463 4899 cum
1506 4846 1572 4899 ab
1615 4847 1854 4914 apostolo
1882 4847 2021 4901 Deus

456 4949 511 4994 et
536 4939 794 4993 Dominus
820 4938 976 5008 431
1007 4938 1147 4992 idem
1178 4939 1407 5008 Spiritus
1433 4947 1648 4991 sanctus
1676 4938 1970 5006 appellatur
2007 4957 2017 4991 :

458 5032 689 5101 Spiritus
736 5029 875 5082 Deos
928 5036 1031 5092 est,
1077 5030 1245 5099 inquit
1297 5028 1474 5098 (Joan.
1511 5043 1587 5095 tv,
1621 5026 1733 5098 '24).
1774 5026 1937 5082 Filius
1966 5028 2016 5082 in

460 5121 744 5193 Evangelia
772 5120 937 5174 dixit:
966 5120 1115 5184 Quod
1148 5130 1328 5175 natum
1347 5130 1429 5175 est
1455 5120 1521 5175 de
1549 5135 1731 5185 carne,
1764 5135 1889 5175 caro
1913 5130 2018 5186 εει,

460 5219 580 5289 quia
608 5216 675 5270 de
704 5226 866 5268 carne
889 5220 1065 5265 natum
1096 5220 1179 5265 est
1212 5229 1225 5263 :
1255 5221 1306 5265 et
1332 5213 1471 5280 quod
1504 5223 1683 5266 natum
1705 5211 1872 5266 estde
1902 5212 2008 5279 Spi-

462 5312 588 5375 ritu,
614 5305 830 5374 spiritus
854 5314 953 5368 εει,
983 5302 1106 5372 quia
1125 5300 1264 5355 Deus
1285 5299 1509 5368 Spiritus
1531 5312 1614 5359 est
1642 5302 1820 5371 (Joan.
1843 5318 1919 5367 ιιι,
1940 5304 2020 5371 ϐ).

464 5401 741 5472 Superﬂue
785 5399 944 5468 igitur
972 5395 1178 5450 voluisti
1211 5396 1509 5449 communia
1549 5397 1763 5451 nomina
1818 5396 2027 5450 unicui-

465 5509 567 5562 que
580 5506 816 5563 persona:
837 5489 1051 5559 speciali
1072 5486 1300 5557 quadam
1312 5484 1681 5541 distributione
1697 5501 1759 5553 pa
1768 5487 2026 5549 rtiri,cum

466 5580 805 5651 inseparabili
856 5577 1224 5649 appellationis
1281 5587 1478 5645 genere
1531 5587 1697 5629 sacra:
1753 5574 2030 5628 Trinitatis

466 5684 698 5737 congrue
725 5685 1071 5741 supernarum
1103 5681 1311 5739 quoque
1336 5665 1589 5721 virtutum
1614 5665 1878 5734 prteconia
1907 5678 2032 5719 con-

470 5767 748 5812 testantur.

2036 3714 2083 3779 ϐ

2059 2276 2367 2295 ⁸-⁸-ᾑῂ

2740 2350 2961 2406 CAPUT
3000 2350 3062 2405 II.

2108 2477 2205 2532 Ubi
2244 2480 2429 2534 dicitur
2466 2497 2484 2534 :
2514 2480 2639 2536 Cum
2664 2480 2857 2550 abiero,
2904 2480 3099 2535 mittam
3167 2479 3305 2534 vobis
3334 2477 3687 2535 Paraetaum.

2183 2614 2242 2670 Si
2276 2615 2368 2672 tibi
2404 2616 2473 2672 de
2500 2616 2731 2686 Spiritus
2771 2616 2939 2672 sancti
2990 2631 3216 2687 persona
3246 2616 3517 2685 dixerint,
3544 2619 3691 2688 quod

2108 2708 2223 2775 ipse
2252 2707 2503 2764 Dominus
2544 2710 2637 2765 Dei
2671 2708 2831 2764 Filius
2860 2709 3089 2765 dixerit:
3126 2710 3261 2765 Cum
3311 2711 3515 2777 abiero,
3561 2713 3690 2766 mit~

2111 2809 2215 2854 tam
2246 2798 2399 2855 vobis
2428 2801 2763 2856 Paracletutn
2790 2800 3040 2870 Spiritum
3071 2799 3327 2867 veritatis,
3354 2811 3407 2856 et
3429 2803 3543 2871 ipse
3572 2817 3682 2856 vos

2109 2891 2322 2947 docebit
2370 2906 2583 2948 omnem
2637 2894 2911 2949 veritatem
2960 2891 3139 2963 (Joan.
3197 2908 3296 2960 xv,
3344 2891 3458 2959 26;
3524 2889 3692 2947 Joau.

2110 2998 2221 3050 xvi,
2251 2984 2358 3053 15).

2186 3078 2485 3150 Responsio.
2546 3078 2664 3149 Ipse
2712 3087 2763 3135 te
2802 3079 3012 3135 divinus
3050 3077 3185 3134 ordo
3210 3076 3475 3135 dictorum
3504 3077 3696 3137 debuit

2112 3167 2339 3224 edocere
2353 3168 2494 3239 quod
2523 3170 2760 3239 perﬁdia:
2785 3184 2968 3226 errore
2993 3177 3243 3233 caecatos,
3264 3182 3368 3223 non
3399 3167 3690 3239 permitte-

2114 3260 2191 3316 ris
2217 3274 2409 3315 serena
2453 3262 2647 3316 mentis
2675 3261 2969 3317 intentione
2999 3260 3306 3331 prospicere
3330 3277 3344 3314 :
3372 3259 3513 3330 quod
3543 3262 3697 3314 enim

2115 3359 2220 3404 tam
2244 3351 2405 3419 pium,
2435 3359 2652 3423 tamque
2675 3351 2998 3407 conveniens
3025 3351 3207 3421 generi
3240 3350 3473 3405 humano
3501 3350 3693 3406 subsi-

2115 3443 2259 3498 dium
2307 3444 2557 3500 divinitas
2604 3446 2775 3515 p0tuit
2828 3460 3141 3515 procurare,
3185 3459 3343 3515 quam
3386 3452 3444 3498 ut
3483 3443 3528 3499 is
3593 3443 3697 3514 qui

2115 3535 2347 3605 seipsum
2375 3539 2652 3592 veritatem
2674 3551 2796 3593 esse
2818 3537 3081 3607 prmdixit,
3105 3536 3361 3605 Spiritum
3383 3536 3545 3591 etiam
3566 3549 3697 3589 san-

2116 3637 2259 3685 ctum
2282 3630 2558 3687 veritatem
2596 3645 2714 3687 esse
2741 3645 2838 3687 sua
2868 3630 3251 3701 praedicatione
3277 3628 3569 3701 signaverit
3589 3629 3617 3682 ?
3642 3628 3699 3684 ιιι

2117 3735 2223 3791 quo
2267 3722 2311 3775 si
2357 3722 2649 3777 secundum
2681 3736 2778 3777 vos
2814 3726 3015 3779 veritas
3053 3737 3158 3777 non
3191 3720 3394 3785 inisset,
3436 3721 3522 3776 vel
3551 3720 3697 3776 infe-

2115 3812 2312 3866 riorem
2339 3827 2367 3866 a
2392 3812 2527 3868 Filio
2543 3814 2890 3869 substantiam
2922 3813 3239 3883 possideret,
3265 3813 3490 3866 veniens
3508 3811 3695 3882 utique

2116 3916 2332 3971 omnem
2362 3902 2637 3959 veritatem
2667 3904 2957 3972 discipulos
2997 3919 3106 3958 non
3132 3903 3372 3957 doceret.
3427 3900 3534 3958 Sed
3567 3903 3700 3973 quia

2118 4006 2224 4047 una
2262 4003 2344 4048 est
2372 3993 2543 4049 deitas
2570 4005 2626 4050 et
2655 3997 2887 4065 potentia
2921 3996 2972 4049 in
3023 3997 3291 4063 utrisque,
3324 3992 3530 4051 idcirco
3570 4008 3699 4063 qua

2120 4081 2287 4136 Filius
2316 4082 2489 4149 docet,
2523 4098 2585 4139 ea
2617 4085 2729 4153 ipse
2759 4095 2814 4141 et
2839 4086 3070 4154 Spiritus
3093 4088 3331 4142 noscitur
3350 4086 3607 4149 edocere,
3642 4094 3699 4139 ct

2118 4172 2173 4226 in
2215 4171 2317 4229 hoc
2340 4172 2565 4243 Spiritus
2591 4186 2809 4229 sanctus
2840 4176 3060 4231 inferior
3092 4178 3227 4231 Filio
3256 4194 3361 4232 non
3389 4184 3572 4247 potest
3595 4191 3694 4245 ap-

2119 4263 2326 4330 pellari,
2355 4263 2440 4319 vel
2480 4264 2584 4318 dici
2611 4281 2624 4316 :
2654 4265 2903 4333 quoniam
2938 4266 3075 4321 sicut
3101 4266 3215 4336 ipse
3237 4266 3498 4334 Spiritum
3526 4264 3701 4323 disci-

2120 4354 2257 4423 polis
2296 4355 2457 4419 misit,
2490 4354 2559 4408 ita
2606 4370 2664 4410 se
2699 4370 2727 4410 a
2748 4357 2949 4424 Spiritu
2978 4366 3161 4411 saneto
3192 4359 3411 4412 missum
3447 4354 3687 4423 prOphe-

2120 4446 2225 4501 tica
2271 4445 2670 4499 annuntiatione
2702 4445 3008 4514 praedocuit,
3058 4446 3176 4515 ipso
3228 4446 3358 4501 isaia
3390 4445 3650 4515 loquente
3683 4462 3699 4499 :

2119 4536 2349 4605 Spiritus
2390 4536 2596 4590 Domini
2623 4551 2785 4605 super
2813 4550 2916 4601 me,
2959 4545 3174 4605 propter
3218 4536 3359 4606 quod
3392 4537 3544 4592 unxit
3576 4552 3699 4602 me,

2122 4627 2487 4696 evangelizare
2512 4626 2829 4697 pauperibus
2852 4628 2993 4683 misit
3019 4642 3126 4695 me,
3157 4628 3451 4697 pnedicare
3471 4627 3703 4697 captivis

2123 4717 2514 4783 remissionem,
2554 4728 2609 4773 et
2641 4718 2797 4774 caecis
2837 4719 3007 4773 visum
3038 4718 3190 4790 (Isai.
3223 4735 3329 4784 ιιι,
3364 4720 3440 4789 i),
3474 4728 3588 4773 etc.
3632 4720 3703 4774 Et

2126 4808 2461 4879 Evangelista
2502 4810 2571 4863 ita
2600 4809 2666 4865 de
2695 4824 2759 4865 eo
2798 4811 3076 4863 annuntiat
3104 4828 3115 4862 :
3176 4810 3291 4877 Ipse
3322 4825 3500 4864 autem
3534 4810 3695 4864 Jesus

2125 4901 2235 4953 ait:
2278 4901 2568 4970 Regressus
2608 4910 2691 4975 est
2738 4900 2792 4956 in
2833 4902 3026 4956 virtute
3058 4901 3287 4970 Spiritus
3325 4901 3377 4955 in
3421 4899 3701 4956 Galilaeam

2125 4991 2279 5061 (Luc.
2310 4981 2397 5057 ἰν,
2445 4993 2554 5059 M).
2585 4993 2685 5059 Qui
2724 4992 2774 5047 in
2811 4993 3006 5061 Spiritu
3053 4994 3384 5063 regrediens,
3435 4994 3696 5047 virtutum

2049 5067 2100 5126 D
2126 5098 2284 5149 opera
2324 5084 2625 5145 exercebat,
2659 5083 2964 5139 inferiorem
2992 5100 3021 5138 a
3054 5099 3114 5140 se
3147 5084 3407 5153 Spiritum
3445 5093 3695 5140 sanetum

2128 5174 2290 5228 luisse
2319 5175 2631 5228 annuntiare
2659 5191 2762 5229 non
2792 5186 2986 5243 potest.

2740 5287 2963 5343 CAPUT
3005 5287 3087 5341 ill.

2211 5399 2306 5453 Ubi
2335 5401 2519 5454 dicitur
2544 5419 2563 5455 ι
2590 5400 2699 5471 Ego
2733 5400 2978 5484 Dominus
3003 5401 3219 5483 ﬁrmans
3249 5402 3554 5465 tonitruum,
3582 5409 3632 5453 et

2684 5488 2859 5525 creatis
2886 5482 3140 5538 spiritum.

2207 5580 2366 5651 5.32
2388 5580 2443 5635 Si
2467 5582 2557 5636 tibi
2586 5582 2953 5651 propheticum
2992 5580 3290 5648 objecerint
3319 5580 3706 5643 testimonium,

2138 5685 2244 5738 quo
2270 5669 2464 5723 dictum
2491 5680 2598 5725 est:
2636 5671 2745 5740 Ego
2770 5671 3026 5735 Dominus
3056 5673 3272 5728 ﬁrmans
3295 5671 3608 5733 tonitruum,
3658 5681 3715 5727 et

2139 5774 2328 5815 creans
2344 5761 2585 5831 spiritum
2620 5762 2819 5831 (Amos.
2854 5778 2925 5829 tv,
2962 5762 3073 5832 i3).
