3960 6176
314 330 403 387 601
1436 326 1659 382 CONTR
1677 333 1706 382 λ
1746 327 1867 382 νλιι

1974 327 2153 384 ADUM
2194 328 2319 384 LIB.
2363 331 2423 386 Il.

3444 343 3549 399 ΑΜ

376 440 681 515 Responsio,
729 438 993 509 Propheta
1048 437 1161 492 hinc
1204 412 1407 505 dicens,
1454 454 1562 494 non
1612 441 1871 509 Spiritum
1901 443 1948 499 A
1975 440 2285 508 suhjicietur
2310 444 2515 510 alienae,
2548 444 2707 501 Petro
2736 449 2980 517 apostolo
3010 449 3353 506 affirmante:
3396 454 3545 511 Ninu-

308 542 545 589 sancttim
572 539 883 585 creaturam
942 528 1181 584 ostendit
1220 544 1360 593 esse,
1394 531 1486 584 sed
1519 542 1754 596 ventum,
1788 534 1876 601 qui

306 624 356 677 in
385 621 749 693 commotione
795 621 938 674 aeris
984 620 1178 688 szepius
1223 621 1484 684 exoritur,
1526 636 1685 691 quem
1717 622 1876 677 etiam

307 713 504 782 fulgura
526 721 580 766 et
602 712 838 765 tonitrua
867 711 1167 779 praecedere
1187 713 1624 781 comprobantur,
1645 714 1876 769 Jeremia

306 806 515 860 dicente
540 820 556 856 :
585 804 822 872 Spiritus
851 804 905 857 in
931 803 1073 857 omni
1103 806 1323 872 regione
1349 804 1522 873 spirat
1543 804 1594 859 in
1621 806 1877 873 nubibus,

305 897 384 950 cui
437 910 563 949 cum
615 896 936 963 imperatum
976 894 1134 948 fuerit
1180 896 1548 962 perambulare
1591 912 1685 964 per
1709 905 1876 952 totum

304 989 510 1050 orbem,
557 988 768 1057 perlicit
791 987 931 1055 quod
979 987 1294 1054 imperatum
1326 996 1430 1051 est,
1471 987 1679 1058 fulgura
1712 989 1876 1045 etiam

304 1082 535 1149 desuper
587 1080 774 1146 missa,
825 1088 884 1132 ut
926 1080 1242 1132 comburant
1308 1088 1520 1135 montes
1581 1090 1638 1135 et
1690 1080 1874 1148 silvas,

305 1173 501 1227 iaciunt
556 1172 700 1242 quod
757 1180 1079 1241 pne-ceptum
1150 1181 1235 1230 est
1306 1173 1559 1243 (Boruch.
1616 1188 1665 1226 vt
1694 1215 1709 1240 ,
1758 1175 1872 1243 60).

304 1267 422 1320 Ilaec
452 1276 635 1319 autem
661 1280 835 1333 neque
862 1266 916 1319 in
945 1266 1143 1334 specie,
1174 1281 1346 1336 neque
1375 1268 1426 1322 in
1457 1269 1655 1323 virtute
1686 1270 1760 1323 illi
1782 1270 1873 1323 uni

302 1356 557 1423 simitan’t,
594 1355 735 1410 unde
772 1370 943 1425 neque
993 1355 1405 1411 existimandum
1452 1366 1556 1425 est,
1598 1374 1769 1429 neque
1798 1360 1875 1414 di-

303 1449 527 1505 cendum
561 1458 649 1523 est
682 1448 803 1504 illos
827 1448 980 1517 deos,
1012 1464 1131 1504 cum
1166 1466 1269 1505 nou
1298 1453 1505 1520 possint
1533 1470 1705 1523 neque
1738 1454 1876 1522 judi—

302 1515 720 1611 ciumjudicare,
748 1556 921 1610 neque
938 1541 1239 1597 hominibus
1263 1542 1599 1611 benefacere,
1623 1548 1743 1615 quia
1766 1562 1871 1601 non

302 1642 421 1686 sunt
445 1632 543 1687 dii.
572 1632 663 1687 'Et
691 1633 745 1685 in
775 1632 1085 1688 Ezechiele:
1119 1634 1242 1690 Ilzec
1263 1636 1389 1690 dicit
1419 1636 1699 1693 Dominus:
1724 1638 1874 1693 Indu-

303 1740 415 1778 cam
460 1724 710 1794 spiritum
760 1724 1103 1779 extollentem
1158 1741 1279 1780 cum
1327 1727 1599 1781 iracundia
1633 1744 1767 1793 mea,
1816 1730 1869 1784 in

304 1816 760 1871 consummatione
792 1816 1029 1884 peribitis
1062 1833 1180 1882 vos,
1211 1827 1264 1873 et
1290 1833 1447 1888 quem
1490 1820 1753 1874 unxistis:
1790 1836 1874 1876 re-
1905 1798 1950 1857 Β

307 1907 621 1960 relabuntur
648 1904 990 1961 fundamenta
1015 1907 1148 1976 ejus,
1178 1918 1233 1963 et
1254 1909 1739 1981 corrueut(Ezech.
1757 1927 1870 1979 xm,

310 2000 413 2069 I5).
441 2000 505 2053 Et
532 1998 696 2054 Jonas
730 1999 1025 2069 propheta:
1060 1999 1124 2054 Et
1148 2000 1687 2057 Dominussuseitavit
1714 2003 1874 2073 Spiri-

309 2102 413 2144 tum
459 2092 513 2144 in
545 2091 701 2157 mari,
724 2099 778 2145 et
815 2092 949 2145 facta
975 2101 1056 2146 est
1094 2101 1381 2158 tempestas
1408 2108 1599 2164 magna
1624 2095 1678 2148 in
1708 2096 1867 2161 mari,

308 2181 374 2234 ita
407 2190 465 2234 ut
524 2180 675 2235 navis
725 2181 1022 2248 operiretur
1056 2181 1304 2236 ﬂuctibus
1354 2182 1501 2253 (Jon.
1550 2200 1589 2248 I,
1631 2185 1705 2254 4).
1740 2185 1867 2240 item

308 2273 372 2327 ibi
398 2292 414 2329 :
447 2275 515 2329 Et
534 2274 727 2330 factum
754 2276 807 2329 in
824 2275 1056 2331 crastino
1079 2278 1285 2332 oriente
1307 2279 1443 2341 sole,
1466 2280 1871 2348 prazcepitDeus

307 2365 509 2432 spiritui
544 2367 789 2432 ustionis,
817 2375 872 2420 et
897 2365 1155 2436 percussit
1185 2368 1263 2422 sol
1291 2382 1455 2435 super
1506 2378 1663 2438 caput
1697 2368 1869 2437 Jonm,

306 2463 356 2507 et
378 2455 647 2509 :estuabat
676 2453 824 2526 (Jan.
872 2470 945 2518 tv,
975 2457 1055 2524 8).
1103 2457 1231 2510 Item
1260 2460 1312 2511 in
1352 2457 1620 2514 Psalmis:
1657 2458 1711 2514 In
1748 2460 1873 2528 Spi-

307 2544 403 2596 ritu
425 2544 660 2600 violento
687 2555 934 2602 conteres
963 2560 1125 2601 naves
1151 2547 1371 2603 'l‘barsis
1399 2547 1571 2619 (Psal.
1606 2565 1766 2617 mn,
1787 2553 1867 2621 8).

306 2633 428 2688 Item
456 2635 531 2690 ibi
573 2651 586 2688 :
621 2634 773 2689 Pluet
814 2650 976 2705 super
1002 2646 1308 2707 peccatores
1346 2638 1562 2707 laqueos
1595 2640 1733 2709 ignis
1769 2657 1781 2691 :
1815 2651 1871 2697 et

303 2723 529 2793 Spiritus
575 2726 826 2793 procellae
854 2741 975 2796 pars
1016 2727 1197 2781 calicis
1227 2743 1436 2784 eorum.
1477 2729 1651 2802 (Psat.
1698 2747 1752 2795 ι,
1782 2732 1860 2802 7).

304 2813 429 2870 Item
473 2816 584 2871 ibi:
616 2816 811 2872 Statuit
835 2818 1056 2887 spiritus
1080 2820 1351 2888 procellae,
1391 2830 1445 2875 et
1471 2822 1690 2878 exaltati
1730 2834 1857 2879 sunt

305 2904 491 2959 ﬂuetus
510 2904 626 2973 ejus
652 2904 823 2977 (Psal.
856 2907 1100 2976 cv|,25).
1130 2907 1258 2971 Item
1312 2910 1383 2964 ibi
1409 2928 1423 2962 :
1455 2910 1615 2980 Ignis,
1636 2913 1865 2982 grando,

304 2994 410 3056 nix,
450 2994 673 3063 glacies,
699 2995 920 3065 spiritus
955 2998 1220 3066 procellze,
1250 3015 1369 3069 qua;
1410 2999 1615 3057 faciunt
1645 3004 1869 3061 verbum

303 3086 413 3152 ejus
434 3085 611 3155 (Psal.
645 3102 865 3152 CXLVIII,
901 3086 982 3160 8).
1026 3089 1157 3144 Nam
1182 3092 1304 3161 quia
1334 3102 1545 3148 creator
1568 3103 1651 3150 est
1679 3106 1733 3150 et
1761 3112 1867 3151 non

1980 544 2136 595 quam
2167 530 2394 586 humana
2425 534 2719 600 voluntate,
2751 538 2943 607 inquit,
2978 538 3252 607 prophetia
3279 542 3437 595 allata
3466 553 3551 598 est

1978 619 2294 685 aliquando,
2338 624 2432 677 sed
2460 639 2489 677 a
2518 625 2716 694 Spiritu
2747 638 2933 682 sancto
2962 629 3149 697 repleti
3199 631 3551 701 loquebantur

1981 712 2222 768 homines
2242 714 2328 779 (11
2353 714 2468 770 Pet.
2500 733 2538 782 ι,
2557 718 2671 787 21).
2729 718 2797 773 Ει
2822 721 2871 773 in
2899 721 3184 777 Salomone
3209 740 3219 773 :
3246 723 3361 777 Non
3390 733 3473 777 est
3498 726 3550 779 in

1979 801 2208 857 hominis
2229 815 2490 873 potestate
2508 808 2727 874 spiritus
2749 819 2806 863 ut
2830 796 3098 878 prohiberi
3123 812 3307 880 possit,
3327 813 3423 868 sed
3453 830 3551 869 nec

1976 891 2256 958 subjicitur
2286 894 2387 959 illi,
2419 899 2665 965 quoniam
2710 903 2948 957 mortalis
2984 912 3065 958 est
3104 904 3295 971 (Eccli.
3327 923 3438 969 VIII,
3467 909 3545 972 8).

1981 979 2048 1033 Et
2069 981 2122 1034 in
2148 982 2569 1040 Machabaeorum
2596 1003 2610 1040 :
2633 989 2910 1045 Eliodorus
2931 1002 3107 1045 autem
3130 994 3270 1061 quod
3293 1004 3554 1050 statuerat

1978 1071 2285 1140 perficiebat
2320 1075 2509 1129 eodem
2562 1076 2680 1130 loco
2730 1092 2848 1131 eum
2894 1081 3209 1135 satellitibus
3255 1084 3366 1137 suis
3410 1085 3551 1137 circa

1975 1159 2220 1213 mrarium
2248 1176 2506 1230 praesens,
2537 1165 2629 1217 sed
2656 1166 2887 1233 Spiritus
2916 1169 3274 1237 otnuipotens,
3299 1182 3352 1225 et
3379 1176 3552 1228 omnis

1978 1253 2251 1317 potestatis
2289 1268 2532 1322 magnam
2565 1256 2691 1312 fecit
2731 1261 3062 1315 ascensionis
3101 1262 3420 1318 evidentiam
3465 1265 3551 1335 (II

1978 1338 2150 1393 Much.
2184 1358 2261 1405 ιιι,
2291 1343 2402 1412 23).
2442 1345 2498 1400 Si
2530 1346 2671 1399 enim
2700 1363 2851 1402 mens
2883 1359 3053 1405 vestra
3090 1352 3325 1406 interiori
3356 1354 3555 1410 lumine

1976 1430 2314 1499 luSIraretur,
2347 1450 2615 1504 nunquam
2658 1454 2688 1490 a
2722 1439 2871 1493 vobis
2901 1440 2967 1495 de
2994 1442 3223 1511 Spiritus
3254 1446 3421 1499 sancti
3464 1463 3553 1515 po-

1975 1525 2135 1578 tentia
2169 1525 2287 1579 talia
2329 1527 2694 1593 proferrentur
2727 1546 2740 1585 :
2768 1534 3013 1600 quoniam
3043 1536 3129 1602 qui
3161 1536 3464 1604 prOphetas,
3496 1547 3553 1593 ut

1942 1632 2197 1675 rventura
2248 1621 2629 1691 praedicarent,
2688 1626 2887 1681 virtute
2939 1628 3149 1698 propria
3209 1630 3549 1700 adimplevit,

1975 1715 2247 1783 prophetis
2276 1713 2455 1785 utique
2483 1717 2752 1786 subjectus
2778 1733 2897 1774 esse
2927 1735 3029 1775 non
3064 1723 3255 1791 potuit.

2600 1825 2824 1882 CAPUT
2863 1827 2929 1881 γ.

1981 1911 2077 1966 Ubi
2106 1914 2306 1981 dicunt,
2335 1914 2589 1983 Spiritum
2615 1926 2845 1987 sanctum
2878 1917 2929 1970 in
2962 1925 3324 1987 perscrutanda
3362 1927 3551 1980 nescire

2573 2002 2685 2054 qua:
2712 1986 2807 2039 Dei
2838 1988 2959 2041 sint.

2040 2071 2203 2144 434
2239 2072 2297 2129 Si
2325 2074 2417 2129 tibi
2447 2075 2680 2130 dixerint
2714 2091 2729 2130 :
2772 2077 2896 2133 Ideo
2922 2078 3151 2147 Spiritus
3185 2094 3400 2139 sanctus
3434 2100 3552 2153 per-

1972 2171 2237 2216 scrutatur
2261 2178 2452 2219 arcana
2472 2208 2487 2231 ,
2524 2168 2644 2236 quia
2674 2169 2815 2238 quod
2846 2180 3049 2225 certum
3083 2182 3164 2227 est
3198 2176 3423 2243 nesciat,
3456 2179 3552 2233 sed

1973 2253 2113 2322 quod
2144 2254 2320 2310 minus
2344 2258 2513 2322 novit,
2541 2261 2832 2315 scrutando
2858 2277 3016 2318 nosse
3043 2264 3332 2322 desiderat.

2045 2343 2346 2415 Responsio.
2391 2348 2621 2417 Spiritus
2657 2361 2875 2407 sanctus
2916 2354 2968 2408 in
3008 2359 3408 2423 perscrutandis
3436 2376 3554 2429 quas

1974 2436 2066 2492 Dei
2097 2448 2253 2503 sunt,
2284 2440 2424 2495 Patri
2456 2442 2538 2497 vel
2571 2442 2707 2499 Filio
2738 2444 2960 2500 inferior
2990 2464 3095 2501 non
3128 2450 3400 2519 probatur,
3432 2453 3552 2521 quia

1972 2535 2027 2580 et
2056 2528 2166 2596 ipsa
2193 2529 2446 2586 divinitas
2472 2532 2598 2588 dum
2626 2549 2688 2589 ea
2719 2551 2836 2604 qua:
2865 2547 2987 2591 sunt
3010 2539 3240 2607 Spiritus
3266 2543 3347 2596 sui
3399 2558 3550 2596 scru-

1975 2627 2134 2684 tatur,
2165 2636 2195 2675 a
2230 2622 2379 2678 nullo
2408 2622 2833 2681 Christianorum
2867 2628 3095 2684 inferior
3118 2640 3304 2688 sancto
3330 2633 3554 2701 Spiritui

1968 2708 2269 2778 judicatur,
2301 2712 2567 2782 Propheta
2605 2716 2814 2772 dicente
2856 2735 2872 2773 :
2917 2720 3201 2776 Meditatus
3246 2738 3364 2777 sum
3398 2732 3555 2780 nocte

1971 2813 2093 2853 cum
2125 2801 2290 2858 corde
2320 2818 2474 2871 meo,
2510 2807 2869 2862 exercitabam
2900 2818 2955 2864 et
2996 2814 3373 2880 perserutabar
3400 2815 3555 2880 Spiri<

1971 2896 2083 2944 tum
2108 2905 2285 2945 meum
2312 2890 2484 2960 (Prol.
2512 2909 2689 2959 Lxxvr,
2709 2895 2789 2965 7).
2824 2895 2891 2950 Et
2922 2899 3205 2965 Apostolus
3231 2917 3244 2953 :
3268 2901 3435 2956 Nemo
3456 2904 3555 2958 scit
3590 2926 3603 2939 α

1970 2991 2091 3045 quze
2127 2988 2255 3034 sunt
2291 2978 2520 3034 hominis
2565 2981 2667 3036 nisi
2708 2984 2928 3052 spiritus
2965 2985 3195 3041 hominis
3233 2991 3320 3058 qui
3354 2990 3405 3044 in
3440 2992 3556 3060 ipso

1971 3072 2073 3119 est.
2126 3064 2203 3121 Ita
2241 3082 2361 3137 qua:
2387 3067 2483 3123 Dei
2523 3079 2648 3125 sunt
2678 3087 2835 3127 nemo
2872 3075 3020 3130 novit
3055 3076 3157 3131 nisi
3180 3078 3420 3147 Spiritus
3462 3083 3554 3138 Dei

302 3151 561 3243 ere-itura,
594 3188 651 3232 ut
680 3193 775 3233 vos
796 3151 972 3234 dicitis
997 3218 1014 3246 ,
1044 3151 1275 3251 Spiriius
1302 3193 1544 3252 sanctus,
1576 3185 1677 3242 hoc
1708 3188 1869 3243 modo
1892 3159 1939 3222 Ο
1973 3151 2024 3252 (_’
2047 3153 2169 3252 θέτ’
2192 3170 2250 3223 ¹¹’
2270 3155 2380 3227 ﬂ)“
2409 3158 2567 3226 Andi’
2600 3159 2872 3227 hmelice’
2896 3165 3145 3232 quoniam
3167 3182 3284 3237 qua:
3311 3170 3401 3224 Dei
3430 3182 3554 3229 ⁸¹¹¹¹²

302 3272 541 3336 doeeuir,
577 3271 740 3326 David
770 3272 1028 3343 propheta
1071 3274 1282 3330 dicente
1312 3293 1328 3329 :
1355 3277 1582 3334 Auferes
1624 3281 1871 3349 spiritum

301 3377 478 3415 eorum
509 3370 564 3418 et
590 3362 864 3428 deﬁcient,
910 3366 1126 3421 emittes
1160 3367 1417 3434 Spiritum
1454 3378 1600 3425 tuum
1629 3381 1686 3427 et
1718 3386 1873 3429 crea-

306 3453 500 3506 buntur
535 3452 711 3521 (Psal.
741 3469 855 3520 CIII,
883 3454 996 3524 29).
1026 3456 1155 3511 Item
1184 3457 1344 3529 533
1376 3460 1524 3530 ipse:
1560 3462 1741 3519 Verbo
1771 3466 1875 3520 Do-

303 3543 423 3596 mini
476 3543 603 3599 cceli
659 3543 853 3600 firmati
900 3556 1045 3611 sunt,
1086 3557 1142 3603 et
1179 3552 1377 3618 Spiritu
1409 3552 1517 3607 oris
1546 3555 1665 3623 ejus
1699 3557 1876 3613 omnis

302 3634 459 3687 virtus
489 3649 677 3689 eorum
714 3634 886 3704 (Psal.
916 3652 1081 3704 xxxii,
1105 3639 1186 3709 6).
1219 3641 1284 3694 Et
1306 3642 1358 3696 in
1392 3642 1530 3698 Iibro
1557 3656 1867 3705 sermomlm

298 3723 432 3778 Job:
466 3725 700 3793 Spiritus
725 3728 937 3783 divinus
965 3739 1048 3784 est
1084 3733 1174 3800 qui
1204 3731 1333 3789 fecit
1374 3750 1459 3791 me
1500 3736 1641 3807 (Job.
1677 3755 1869 3805 xxxui,

298 3815 371 3884 4).
405 3817 468 3871 Et
490 3818 543 3871 iu
574 3818 783 3873 eantieo
809 3819 989 3875 Judith
1015 3838 1029 3875 :
1054 3822 1171 3878 Tibi
1203 3825 1404 3880 serviat
1429 3829 1605 3883 omnis
1627 3844 1870 3886 creatura

300 3915 401 3972 tua,
423 3907 675 3976 quoniam
708 3918 759 3963 tu
778 3910 1039 3966 mandasti
1070 3922 1125 3967 et
1147 3924 1330 3969 creata
1354 3926 1497 3982 sunt,
1531 3919 1727 3975 misisti
1753 3920 1872 3991 Spi-

297 3998 447 4048 ritum
474 4005 641 4060 tuum,
673 4005 729 4051 et
747 3997 1007 4054 aediﬁcata
1028 4011 1153 4057 sunt
1184 4001 1414 4072 (ludit/1.
1450 4022 1561 4071 xw,
1592 4007 1700 4075 I7).
1732 4012 1866 4067 Etin

294 4088 613 4142 Salomone:
671 4088 737 4142 Et
794 4089 955 4157 vidit,
993 4100 1049 4146 et
1079 4096 1400 4161 numeravit,
1451 4107 1505 4152 et
1534 4114 1750 4155 mensus
1778 4100 1869 4158 est

292 4177 487 4239 munia,
512 4189 565 4233 et
584 4181 699 4248 ipse
721 4181 923 4235 creavit
960 4197 1023 4238 ea
1055 4198 1148 4252 per
1174 4186 1440 4256 Spiritum
1475 4202 1744 4261 sanctum,
1773 4196 1865 4264 qui

292 4279 496 4325 creator
520 4284 602 4327 est
630 4281 688 4329 et
724 4273 944 4329 effector
969 4277 1150 4345 cperis
1178 4280 1259 4333 sui
1289 4279 1478 4350 (Eccli.
1516 4299 1556 4350 ι,
1583 4285 1664 4354 9),
1701 4287 1754 4341 id
1785 4296 1868 4343 est

290 4375 545 4418 creaturze
570 4380 600 4417 a
631 4380 693 4420 se
721 4365 873 4422 facta:
900 4384 1006 4423 non
1038 4379 1217 4439 potest
1240 4377 1560 4443 comparari,
1590 4379 1673 4434 vel
1698 4382 1861 4439 etiam

292 4452 475 4508 similis
495 4456 749 4523 judicari.

903 4553 1127 4612 CAPUT
1164 4558 1252 4614 IV.

294 4657 393 4714 Ubi
429 4662 599 4715 dicunt
637 4662 889 4733 Spiritum
928 4677 1155 4751 sanctum
1198 4672 1455 4741 prapltetts
1492 4676 1646 4744 fuisse
1683 4680 1857 4751 subje-

999 4747 1153 4793 ctum.

353 4843 409 4899 Si
442 4845 531 4899 tibi
558 4846 793 4901 dixerint
836 4849 964 4904 illud
1005 4853 1144 4921 quod
1175 4855 1428 4925 scriptum
1464 4870 1547 4915 est
1583 4878 1596 4912 :
1629 4862 1858 4933 Spiritus

286 4941 661 5008 prophetarum
688 4943 962 5011 prophetis
983 4946 1252 5015 subjectus
1281 4959 1365 5005 est
1387 4951 1436 5021 (1
1457 4952 1573 5007 Cor.
1606 4973 1717 5025 xiv,
1741 4960 1857 5031 '52).

352 5029 651 5099 Responsio.
727 5031 956 5101 Spiritus
996 5037 1376 5104 prophetarum
1410 5041 1630 5111 Spiritui
1674 5029 1860 5104 saneto

278 5121 576 5191 subjicitur,
600 5138 706 5177 non
731 5134 908 5179 autem
932 5125 1163 5194 Spiritus
1182 5141 1417 5202 sanctus,
1442 5150 1546 5204 quo
1567 5138 1856 5212 inundante

277 5215 656 5283 praphetarum
701 5219 919 5288 spiritus
961 5220 1291 5290 loquebatur,
1329 5224 1492 5281 David
1541 5227 1593 5282 in
1633 5229 1858 5288 Psalmis

272 5321 503 5366 canente
524 5329 535 5364 :
558 5312 787 5366 Audiam
815 5314 943 5383 quid
972 5314 1217 5385 loquetur
1246 5316 1297 5372 in
1330 5333 1415 5374 me
1436 5319 1692 5377 Dominus
1719 5325 1857 5381 Deus

271 5397 448 5468 (Psal.
478 5417 655 5469 xxxiv,
684 5403 759 5475 9).
786 5403 1028 5473 Nunquid
1061 5407 1104 5461 is
1124 5407 1216 5477 qui
1247 5423 1275 5461 a
1301 5410 1554 5478 propheta
1583 5414 1666 5467 vel
1692 5416 1852 5470 etiam

271 5491 517 5556 apostolo
545 5492 685 5548 Deus
714 5504 770 5548 et
800 5494 1053 5549 Dominus
1084 5508 1438 5567 nuncupatur,
1468 5503 1673 5558 sublata
1706 5517 1854 5575 pote-

270 5590 406 5635 State
464 5586 697 5651 prepria:
740 5587 1121 5644 dominationis
1174 5590 1485 5659 suhjicietur
1540 5599 1854 5666 prophetis?

270 5672 448 5736 Absit,
481 5675 732 5743 quoniam
770 5676 857 5746 qui
894 5678 1032 5731 dona
1058 5679 1442 5738 charismatum
1474 5688 1727 5754 apostolis
1769 5691 1851 5745 vel

269 5762 548 5831 prophetis
587 5768 803 5838 propria
851 5769 1072 5824 contulit
1110 5780 1397 5840 potestate,
1446 5786 1680 5844 potestat
1746 5798 1852 5837 non

1972 3242 2203 3313 Spiritus
2228 3258 2444 3304 sanctus
2474 3265 2579 3306 non
2608 3251 2836 3323 ignorat,
2869 3256 2963 3311 sed
2996 3259 3166 3328 magis
3194 3262 3432 3316 notitiam
3462 3264 3555 3321 Dei

1973 3350 2131 3404 quam
2161 3336 2276 3407 ipse
2304 3339 2615 3409 spiritaliter
2658 3343 2836 3410 novit,
2867 3344 2969 3402 sibi
3000 3347 3346 3407 credentibus
3382 3356 3553 3409 mani-

1972 3428 2155 3485 festat.
3153 3434 3159 3439 ‘

2594 3528 2821 3587 CAPUT
2862 3531 2946 3587 VI.

1976 3612 2076 3668 Ubi
2103 3615 2287 3669 dicitur
2315 3631 2335 3671 :
2362 3616 2463 3672 Ille
2490 3635 2569 3673 me
2598 3621 2923 3690 gloriﬁcabit,
2947 3625 3069 3692 quia
3093 3627 3156 3680 de
3186 3644 3297 3682 meo
3317 3631 3551 3700 accipiet.

2043 3702 2101 3758 Si
2162 3704 2254 3758 tabi
2297 3704 2531 3761 dixerint
2583 3710 2724 3778 quod
2766 3711 2834 3766 de
2882 3710 3082 3782 Spiritu
3121 3726 3308 3772 sancto
3358 3719 3554 3776 dixerit

1973 3791 2141 3846 Filius
2181 3810 2195 3846 :
2235 3793 2324 3849 llle
2363 3811 2450 3852 me
2487 3797 2822 3867 gloriﬁcabit,
2881 3804 3005 3871 quia
3053 3804 3120 3861 de
3158 3822 3280 3862 meo
3327 3812 3555 3879 accipiet

1974 3877 2149 3950 (Joau.
2177 3896 2290 3947 xvr,
2320 3883 2430 3952 14).

2040 3968 2349 4037 Responsio.
2416 3969 2650 4040 Spiritus
2687 3975 2857 4030 sancti
2897 3980 3129 4047 potentia
3171 3983 3215 4037 si
3254 3985 3427 4052 qualis
3466 3988 3552 4043 vel

1968 4068 2161 4127 quanta
2184 4059 2251 4113 sit
2276 4061 2437 4117 vultis
2462 4076 2775 4132 agnoscere,
2796 4080 2862 4121 ex
2888 4072 3112 4137 apostoli
3136 4072 3284 4127 Pauli
3308 4074 3553 4132 doctriue

1970 4149 2190 4217 potestis
2219 4152 2466 4211 universa
2504 4156 2851 4224 condiscere,
2900 4160 3016 4230 ipso
3043 4163 3255 4220 dicente
3288 4183 3300 4218 :
3340 4166 3551 4224 Unicui-

1968 4253 2069 4308 que
2091 4239 2265 4306 datur,
2290 4243 2480 4311 inquit,
2505 4245 2866 4304 manifestatio
2892 4251 3110 4321 spiritus
3138 4254 3202 4309 ad
3235 4256 3547 4312 utilitatem:

1932 4380 1938 4393 ,
1965 4329 2055 4383 alii
2082 4330 2293 4399 quidem
2325 4331 2481 4387 datur
2512 4349 2607 4402 per
2633 4337 2878 4404 spiritum
2909 4356 3086 4397 sermo
3121 4346 3418 4413 sapientiae,
3450 4348 3541 4402 alii

1965 4435 2144 4476 sermo
2182 4423 2418 4478 scientiae
2457 4427 2750 4482 secundum
2791 4431 3037 4486 eumdem
3080 4433 3357 4503 spiritum,
3396 4436 3551 4492 alteri

1966 4511 2099 4566 ﬁdes
2128 4512 2181 4566 in
2206 4513 2449 4569 eumdem
2480 4515 2747 4585 spiritum,
2771 4520 2861 4574 alii
2883 4521 3102 4577 donatio
3130 4526 3466 4581 curationum
3496 4529 3552 4582 in

1887 4619 1941 4681 ι)
1967 4618 2073 4659 uno
2098 4605 2308 4673 spiritu,
2341 4606 2427 4661 alii
2457 4609 2798 4676 operationes
2825 4612 3101 4678 virtutum,
3131 4617 3218 4670 alii
3245 4617 3548 4687 prepbetia,

1965 4696 2049 4749 alii
2072 4696 2379 4764 dijudicatio
2400 4699 2638 4767 spiritus,
2664 4701 2750 4755 alii
2780 4718 2973 4772 genera
2998 4706 3318 4775 linguarum,
3348 4710 3435 4765 alii
3461 4711 3544 4765 in-

1964 4787 2271 4853 terpretatio
2290 4802 2597 4843 sermonum
2622 4789 2673 4859 (l
2700 4790 2818 4845 Cor.
2843 4809 2939 4862 an,
2965 4795 3042 4865 7).
3072 4798 3258 4852 Omnia
3285 4798 3397 4853 haec
3419 4816 3550 4870 0pc-

1962 4886 2109 4931 ratur
2138 4894 2275 4932 unus
2305 4886 2464 4949 atque
2492 4880 2630 4935 idem
2665 4883 2905 4953 spiritus,
2935 4886 3187 4943 dividens
3224 4889 3384 4962 535
3426 4908 3550 4961 pro-

1963 4972 2076 5037 pria
2115 4969 2337 5037 singulis
2376 4981 2532 5039 prout
2570 4975 2679 5028 vult
2719 4974 2908 5043 (Ibid.,
2937 4977 3045 5051 II).
3088 4980 3153 5035 Et
3192 4982 3450 5039 Dominus
3488 4985 3544 5041 in

1965 5059 2253 5129 Evangelio
2286 5078 2299 5114 :
2333 5062 2509 5118 Nolite
2553 5066 2767 5133 mirari,
2816 5067 3007 5139 inquit,
3050 5072 3171 5141 quia
3212 5074 3321 5128 dixi
3370 5076 3543 5141 vobis,

1964 5158 2176 5218 Oportet
2205 5165 2299 5205 vos
2328 5151 2501 5207 denuo
2540 5158 2721 5224 nasci,
2754 5158 2876 5230 quia
2906 5162 3125 5229 spiritus
3155 5163 3243 5219 ubi
3270 5165 3384 5219 vult
3433 5168 3545 5234 spii-

1964 5248 2065 5304 rat,
2096 5248 2151 5295 et
2177 5256 2362 5295 vocem
2393 5242 2509 5309 ejus
2537 5245 2720 5311 audis,
2751 5249 2843 5303 sed
2877 5251 3049 5306 nescis
3088 5252 3229 5307 unde
3262 5254 3441 5308 veniat
3491 5263 3548 5308 et

1964 5349 2069 5403 quo
2090 5335 2249 5388 vadat
2275 5333 2450 5405 (Joan.
2475 5353 2558 5403 III,
2582 5340 2661 5409 7).
2689 5340 2756 5395 Et
2777 5343 3099 5412 Apostolus:
3123 5343 3177 5399 Si
3199 5346 3338 5400 enim
3365 5360 3545 5401 sermo

1959 5425 2046 5495 qui
2078 5440 2171 5493 per
2192 5426 2408 5495 angelos
2430 5427 2603 5484 dictus
2624 5441 2726 5499 est,
2754 5434 2924 5489 factus
2951 5445 3032 5489 est
3057 5435 3262 5500 firmus,
3284 5446 3337 5490 et
3365 5441 3543 5495 omnis

1960 5516 2328 5585 praevaricatio
2357 5526 2413 5572 et
2443 5519 2800 5576 inobedientia
2839 5525 3039 5592 justam
3081 5525 3277 5593 accipit
3314 5529 3546 5586 retribu-

1959 5606 2118 5660 tionis
2165 5608 2489 5676 mercedem,
2541 5613 2810 5679 quomodo
2849 5629 2945 5667 nos
2990 5613 3305 5684 ell'ugiemus
3338 5629 3537 5678 tantam

1956 5695 2286 5765 negligentes
2326 5698 2549 5752 salutem
2578 5700 2760 5771 (Hebr.
2798 5717 2856 5765 ιι,
2887 5703 2942 5770 2)
2967 5703 2989 5755 ?
3016 5705 3146 5771 Quze
3168 5722 3289 5762 cum
3338 5710 3545 5767 initium

1957 5787 2250 5856 accepisset
2295 5797 2349 5841 ut
2394 5798 2701 5845 narraretur
2743 5808 2837 5861 per
2866 5794 3184 5870 Dominum,
3235 5806 3300 5860 ab
3344 5802 3407 5857 iis
3446 5804 3537 5873 qui
