3962 6178
384 300 486 355 405

1609 295 1834 351 VIGILII
1872 294 2242 351 TAPSENSiS

3528 298 3631 353 4οι

382 419 662 473 audierunt
707 418 759 470 in
803 415 952 471 nobis
991 414 1299 469 conﬁrmata
1343 422 1443 477 est,
1483 420 1817 466 contestante
1848 412 1958 466 Deo
1988 416 2033 475 Α
2070 413 2262 467 Paulus
2294 422 2469 466 autem
2502 414 2736 480 repletus
2766 414 2964 481 Spiritu
3005 422 3209 479 sancto,
3257 415 3536 473 intendens
3580 436 3629 474 III

381 509 565 576 signis,
588 518 642 562 et
665 506 931 576 prodigiis,
959 508 1119 560 variis
1142 504 1443 568 virtutibus,
1468 512 1521 559 et
1537 503 1764 572 Spiritus
1785 500 1952 557 sancti

381 601 727 655 divisionibus
757 598 1047 654 secundum
1089 612 1235 650 suam
1269 597 1614 649 voluntatem.
1669 593 1797 647 Cum
1826 607 1953 663 ergo

385 706 487 744 non
517 692 722 745 nescias
748 691 1001 758 Spiritum
1026 700 1265 743 sanctum
1289 688 1425 739 dona
1447 686 1690 755 superius
1712 700 1955 751 compre-

384 780 545 833 hensa
578 782 785 847 propria
826 779 1098 833 voluntate
1134 780 1355 847 singulis
1392 780 1501 832 suis
1530 792 1648 832 esse
1679 777 1952 846 partitum,

383 873 648 943 quomodo
677 890 797 927 eum
826 875 1020 927 astruis
1052 874 1163 929 hanc
1202 876 1379 928 omnia
1420 883 1668 942 tauquam
1702 872 1833 926 nihil
1865 873 1956 924 ba-

383 970 595 1023 bentem
636 983 661 1021 a
696 967 828 1021 Filio
872 970 1169 1035 accepisse,
1221 968 1307 1036 qui
1354 976 1408 1021 et
1454 967 1626 1032 ipsum
1668 965 1951 1019 Dominum

377 1060 546 1123 misit,
574 1068 626 1113 ct
654 1059 964 1128 pr0pbetas,
998 1068 1153 1128 atque
1196 1059 1467 1128 apostolos
1512 1072 1604 1111 sua
1638 1057 1829 1111 virtute
1870 1071 1953 1110 re-

382 1150 640 1220 pleverit?

979 1239 1204 1296 CAPUT
1249 1240 1351 1294 VII.

384 1351 479 1406 Ubi
501 1354 674 1406 dicunt
694 1353 941 1418 Spiritum
963 1365 1190 1405 sanctum
1215 1363 1330 1405 ante
1352 1362 1574 1421 (cntpora
1602 1369 1631 1400 α
1653 1367 1705 1403 se
1728 1366 1826 1402 non
1849 1367 1955 1403 csse

1020 1440 1023 1443 ·
1050 1423 1294 1475 locutum.

448 1541 503 1593 Si
537 1538 769 1593 dixerint
797 1538 863 1591 de
889 1536 1089 1603 Spiritu
1118 1546 1334 1595 sancto,
1385 1535 1521 1604 quod
1557 1551 1658 1587 nou
1691 1550 1716 1586 a
1750 1544 1947 1587 semet-

380 1635 495 1698 ipso
538 1632 742 1686 locutus
785 1631 893 1697 sit,
938 1630 1031 1685 sed
1073 1645 1190 1699 quae
1229 1630 1430 1682 audivit
1475 1643 1503 1681 a
1546 1629 1696 1689 Filio,
1738 1628 1954 1693 protulit

381 1722 557 1794 (Joan.
583 1738 691 1785 xvt,
721 1721 834 1791 15).

455 1812 752 1883 Responsio.
784 1811 888 1865 Nos
916 1812 1094 1881 igitur,
1122 1811 1211 1883 qui
1235 1810 1487 1878 Spiritum

379 1915 429 1959 et
461 1904 737 1958 Dominum
765 1903 1097 1964 conﬁtemur,
1141 1877 1243 1955 non
1284 1901 1521 1969 jussione
1570 1901 1806 1965 alterius,
1857 1900 1947 1954 sed

380 2004 643 2065 potestate
673 1995 882 2063 propria
927 1993 1257 2047 ostendimus
1290 1991 1451 2045 fuisse
1482 1991 1712 2044 locutum
1736 2033 1750 2057 ,
1787 1991 1949 2045 Paulo

379 2084 621 2153 apostolo
644 2084 861 2136 doctore
884 2082 1117 2151 gentium
1142 2088 1441 2134 attestante.
1468 2079 1825 2143 1Emulamini,
1853 2083 1946 2143 a't,

378 2178 635 2245 spiritalia
660 2175 816 2240 dona,
844 2176 1008 2244 magis
1032 2182 1205 2227 autem
1234 2182 1288 2225 ut
1313 2170 1659 2241 projibetetis.
1687 2171 1782 2237 Qui
1806 2172 1945 2226 enim

380 2269 609 2337 loquitur
654 2267 850 2335 lingua,
885 2280 988 2318 non
1037 2262 1339 2316 hominibus
1386 2262 1636 2331 loquitur,
1682 2262 1772 2314 sed
1806 2261 1945 2324 Deo;

380 2373 537 2413 nemo
575 2357 714 2410 enim
746 2356 891 2409 audit
928 2372 941 2406 :
989 2354 1208 2423 spiritus
1246 2353 1386 2405 enim
1435 2350 1668 2418 loquitur
1700 2351 1946 2420 mysteria

380 2448 431 2515 (Ι
461 2449 583 2503 Cor.
611 2464 718 2513 χεν,
751 2447 823 2517 1).
880 2446 945 2499 Et
992 2445 1245 2499 Dominus
1290 2444 1566 2513 discipulis
1604 2443 1736 2496 divit
1770 2461 1781 2494 :
1812 2439 1944 2495 Cum

380 2541 694 2595 tradiderint
724 2555 836 2605 vos,
870 2539 1029 2591 no’ite
1059 2536 1289 2605 cogitare
1316 2535 1438 2604 quid
1469 2533 1773 2603 loquamini,
1802 2532 1947 2586 dabi-

379 2646 462 2709 tur
485 2632 624 2687 enim
652 2632 798 2685 vobis
830 2631 881 2683 in
913 2629 997 2682 illa
1026 2629 1151 2681 hora
1176 2628 1299 2697 quid
1325 2627 1530 2689 dicatis;
1558 2642 1659 2679 non
1685 2626 1823 2680 enim
1854 2639 1946 2679 vos

373 2724 504 2780 estis
531 2723 618 2793 qui
654 2720 952 2791 loquimini,
984 2720 1078 2775 sed
1109 2719 1325 2787 spiritus
1357 2718 1525 2771 Patris
1557 2716 1719 2771 vestri
1748 2719 1833 2785 qui
1869 2718 1947 2770 lo-

373 2815 552 2884 quitur
573 2815 624 2868 in
647 2812 797 2867 vobis
820 2811 1029 2883 (Matth.
1058 2827 1111 2875 tt,
1136 2810 1246 2880 19).
1280 2810 1340 2863 Et
1365 2810 1569 2863 Marcus
1589 2809 1938 2878 evangelista:

372 2906 502 2960 Cum
533 2905 781 2960 duxerint
808 2918 901 2956 vos
931 2902 1219 2970 tradrntes,
1257 2902 1421 2954 nolite
1449 2900 1683 2969 cogitare
1714 2900 1836 2970 quid
1866 2901 1942 2953 lo-

371 2997 630 3067 quamini,
656 2997 745 3050 scd
772 2996 911 3065 quod
939 2996 1118 3048 datum
1151 2993 1308 3047 fuerit
1341 2994 1487 3046 vobis
1515 2993 1564 3046 in
1599 2993 1685 3045 illa
1717 2993 1863 3057 hora,
1891 2991 1941 3045 id

372 3090 659 3160 loquamini
690 3106 703 3140 :
736 3103 840 3142 non
872 3089 1014 3141 enim
1045 3085 1207 3155 536
1242 3087 1370 3140 estis
1399 3098 1493 3138 vos
1521 3084 1816 3153 loquentes,
1848 3084 1939 3137 sed

371 3149 601 3249 Spiritus
626 3188 841 3233 sanctus
863 3149 1199 3246 (Marcfxvnt',
1224 3177 1330 3245 H).
1359 3176 1436 3228 Ex
1464 3175 1561 3228 hoc
1587 3149 1761 3244 itaque
1783 3173 1944 3227 debes
1972 3149 2017 3212 ο

373 3288 618 3342 arguere,
650 3272 769 3341 quia
801 3286 904 3325 non
937 3278 1061 3324 Sunt
1087 3269 1154 3324 ab
1184 3269 1409 3324 invicem
1441 3268 1605 3322 Filius
1634 3277 1685 3321 et
1716 3267 1946 3336 Spiritus

371 3370 587 3418 sanctus
638 3366 691 3415 in
739 3369 923 3416 natura
972 3359 1189 3413 deitatis
1257 3358 1473 3421 diversi,
1527 3358 1612 3425 qui
1658 3356 1708 3409 in
1743 3357 1942 3410 unitate

377 3454 592 3522 spiritus
633 3462 687 3507 et
714 3451 929 3507 vinculo
958 3450 1106 3520 pacis
1131 3450 1343 3505 sibimet
1391 3448 1637 3502 videntur
1666 3460 1784 3501 esse
1810 3461 1943 3501 eon-

374 3548 556 3619 iuncti.

967 3633 1191 3690 CAPUT
1231 3632 1360 3688 VIII.

378 3728 473 3784 Ubi
500 3729 673 3783 dicunt
702 3726 951 3790 Spiritum
982 3734 1211 3779 sanctum
1242 3741 1339 3777 non
1369 3740 1399 3775 α
1423 3738 1497 3787 se,
1525 3722 1612 3774 sed
1637 3737 1698 3774 ea:
1724 3718 1946 3789 insuffla-

671 3799 803 3851 tione
829 3795 954 3850 Filii
982 3797 1035 3849 in
1061 3794 1338 3864 discipulos
1367 3794 1643 3847 advenisse.

444 3913 499 3969 Si
550 3921 727 3968 autem
756 3912 987 3966 dixerint
1027 3910 1147 3981 quia
1178 3909 1408 3978 Spiritus
1446 3916 1663 3961 sanctus
1703 3921 1807 3960 non
1848 3917 1942 3960 sua

372 4014 584 4074 Sponte,
621 4004 711 4057 sed
742 4001 1099 4057 insufﬂatione
1132 4000 1253 4054 Filii
1283 4000 1333 4053 in
1361 3998 1649 4063 discipulos
1682 3995 1845 4050 venit.

453 4095 749 4166 Responsio.
774 4093 849 4147 Ex
871 4096 970 4147 hoc
994 4093 1131 4146 inter
1146 4091 1335 4145 Filium
1357 4097 1410 4143 et
1427 4090 1679 4157 Spiritum
1702 4097 1940 4142 sanctum

373 4190 602 4258 aliquam
636 4185 997 4240 diversitatem
1039 4198 1145 4237 non
1186 4180 1408 4251 potestis
1445 4179 1791 4245 constituere,
1821 4192 1940 4232 cum

371 4280 595 4335 videatis
632 4276 876 4333 eumdem
918 4275 1199 4328 Dominum
1239 4282 1289 4327 et
1328 4272 1658 4327 Salvatorem
1701 4279 1940 4324 nostrum

372 4370 749 4438 discipulorum
777 4367 935 4423 corda
970 4382 1073 4420 non
1105 4365 1173 4420 de
1197 4365 1373 4420 alieno
1413 4364 1703 4432 replevisse
1726 4361 1938 4430 spiritu,

371 4462 468 4519 sed
503 4461 572 4517 de
607 4459 823 4528 proprio
851 4473 867 4512 :
898 4466 952 4512 et
991 4471 1096 4510 non
1129 4454 1462 4517 inferiorem,
1492 4452 1585 4506 sed
1616 4450 1936 4520 «oaequalem

372 4554 483 4608 suis
511 4551 730 4620 largitus
752 4557 853 4616 est,
882 4547 1014 4602 utin
1043 4561 1102 4599 se
1128 4554 1182 4600 ct
1209 4544 1305 4599 sibi
1338 4544 1388 4597 in
1416 4543 1520 4597 ﬁde
1544 4541 1941 4596 adhaerentibus

373 4656 511 4697 unus
548 4641 764 4710 spiritus
805 4639 973 4692 ﬂaret.
1021 4637 1120 4705 Qui
1161 4636 1424 4698 adhzeret,
1467 4633 1635 4703 inquit
1673 4631 1944 4703 apostolus

372 4736 591 4801 Paulus,
635 4733 924 4798 meretrici,
956 4745 1115 4785 unum
1147 4742 1341 4797 corpus
1368 4736 1453 4783 est
1482 4736 1497 4780 :
1531 4728 1618 4796 qui
1648 4736 1820 4780 autem
1851 4725 1944 4780 ad—

374 4829 537 4880 haeret
568 4824 813 4887 Domino,
844 4837 979 4876 unus
1005 4821 1223 4891 spiritus
1252 4830 1333 4875 est
1359 4818 1415 4889 (Ι
1441 4819 1559 4873 Cor.
1592 4832 1663 4882 vr,
1694 4816 1806 4884 16).
1838 4815 1945 4870 Nos

374 4917 529 4987 igitur
558 4916 815 4983 Spiritum
856 4923 1095 4967 sanctum
1136 4918 1429 4980 spontanea
1466 4907 1739 4962 voluntate
1779 4906 1831 4959 in
1862 4906 1947 4959 di-

371 5007 607 5076 scipulos
654 5006 936 5059 advenisse
967 5044 981 5069 ,
1034 5013 1089 5058 et
1135 5017 1228 5057 eos
1274 5017 1369 5057 sua
1416 5000 1612 5054 virtute
1657 4998 1945 5068 replevisse

372 5109 749 5161 monstramus,
783 5106 836 5151 et
861 5112 928 5150 ex
955 5096 1091 5150 libro
1121 5095 1206 5162 qui
1238 5092 1598 5164 apostolorum
1614 5091 1741 5145 Acta
1771 5089 1944 5144 conti-

371 5198 465 5245 net
492 5188 797 5245 edocemus.
847 5185 978 5241 Cum
1007 5186 1420 5252 complerentur,
1449 5182 1639 5251 inquit,
1667 5180 1782 5235 dies
1810 5180 1946 5234 Pen-

373 5289 626 5348 tecostes,
654 5287 808 5335 erant
836 5292 1024 5333 omnes
1065 5276 1244 5331 simul
1271 5274 1324 5327 in
1366 5287 1558 5337 unum,
1584 5280 1641 5326 et
1668 5270 1836 5326 factus
1866 5277 1948 5325 est

371 5372 550 5429 subito
579 5372 645 5427 de
674 5372 811 5425 cmlo
851 5384 1017 5425 sonus
1061 5378 1308 5436 tanquam
1349 5363 1687 5419 advenientis
1731 5361 1947 5429 spiritus

372 5463 729 5529 vehementis,
762 5473 816 5518 et
857 5461 1082 5532 replevit
1125 5472 1336 5511 omnem
1368 5456 1545 5510 locum
1578 5457 1629 5510 in
1661 5470 1767 5524 quo
1797 5464 1951 5508 erant

374 5558 656 5622 sedentes,
687 5565 743 5610 et
780 5557 905 5609 viszc
942 5563 1065 5609 sunt
1103 5552 1209 5607 illis
1247 5550 1429 5605 divisa;
1468 5550 1659 5618 linguae
1697 5558 1947 5617 tanquam

377 5645 532 5713 ignis,
563 5647 653 5715 qui
694 5657 749 5701 et
784 5647 920 5701 sedit
950 5660 1111 5715 super
1142 5656 1575 5712 unumquemque
1620 5641 1852 5708 illorum,
1899 5650 1954 5695 et

378 5736 565 5801 repleti
611 5746 737 5791 sunt
772 5737 973 5806 Spiritu
1018 5744 1202 5793 sancto
1229 5734 1364 5806 (Act.
1393 5748 1450 5803 ιι,
1481 5733 1556 5803 1).
1609 5732 1684 5822 Ει1
1722 5733 1947 5788 iterum:

1970 4512 2020 4572 D

2061 503 2237 567 illum,
2267 504 2341 557 ait
2376 523 2387 557 :
2420 504 2464 559 Ο
2496 506 2652 573 plene
2679 504 2802 558 dolo
2829 516 2880 558 et
2913 506 3277 573 cavillatione,
3309 508 3381 561 ﬁli
3412 508 3629 577 diaboli,

2060 595 2275 650 inimice
2296 598 2468 649 omnis
2489 595 2727 663 justitim,
2753 611 2919 665 quare
2944 597 3022 649 vis
3044 597 3267 665 perdere
3292 598 3402 652 vias
3425 599 3630 656 Domini

2057 704 2176 743 cum
2204 690 2312 744 sint
2339 698 2501 743 recta:
2535 689 2671 758 (Act.
2699 687 2960 757 xtuJO)?
2993 688 3295 757 Etangelus
3333 690 3627 745 Zachariae:

2057 780 2133 835 Ne
2156 781 2364 843 timeas,
2379 780 2654 843 Zacharia,
2671 783 2794 849 quia
2815 780 3059 835 exaudita
3081 791 3163 835 est
3183 782 3487 851 deprecatio
3511 792 3627 837 tua:

2058 887 2183 927 ecce
2214 887 2353 926 uxor
2383 880 2468 925 tua
2500 872 2771 924 Elizabeth
2802 872 2970 937 pariet
2998 872 3089 926 tibi
3121 872 3308 935 ﬁlium,
3340 880 3394 925 ct
3420 852 3629 928 vocabis

2059 977 2249 1015 nomen
2278 962 2390 1030 ejus
2408 961 2578 1015 Joann
2615 976 2701 1025 m;
2734 964 2913 1013 vinum
2932 970 2988 1016 et
3013 960 3237 1017 siceram
3256 977 3358 1015 non
3377 962 3545 1028 bibet,
3574 972 3629 1017 et

2057 1051 2255 1120 Spiritu
2288 1062 2473 1104 saneto
2504 1052 2808 1119 itttpleltilur
2835 1050 3009 1105 adhuc
3046 1051 3099 1103 in
3131 1062 3282 1105 utero
3308 1052 3493 1106 matris
3520 1066 3630 1107 sua:

2057 1144 2209 1210 (Luc.
2239 1160 2277 1210 ι,
2314 1146 2416 1211 15).
2442 1144 2570 1197 Item
2599 1142 2669 1197 ibi
2701 1161 2712 1194 :
2746 1144 2809 1197 Et
2832 1143 3118 1196 Zacharias
3146 1154 3294 1210 pater
3321 1144 3438 1210 ejus
3461 1147 3630 1210 reple-

2058 1245 2142 1289 tus
2189 1244 2269 1290 est
2310 1236 2510 1303 Spiritu
2561 1244 2778 1298 sancto,
2821 1244 2875 1287 et
2919 1235 3257 1301 prophetavit
3298 1233 3485 1303 (Ibid.,
3515 1236 3629 1305 Η).

2058 1326 2185 1381 Item
2218 1328 2287 1381 ibi
2324 1344 2336 1380 :
2372 1326 2645 1381 Elizabeth
2676 1325 2834 1397 537
2866 1336 3035 1380 mater
3061 1326 3178 1395 ejus
3204 1327 3405 1396 repb-ta
3430 1326 3630 1395 Spiritu

2056 1426 2240 1470 Sancto
2280 1418 2594 1486 loquebatur
2640 1417 2962 1472 benedicens
3004 1417 3190 1471 Deum.
3224 1416 3297 1470 Ex
3356 1416 3419 1470 iis
3471 1418 3629 1486 igitur

2057 1507 2373 1560 testimoniis
2403 1506 2612 1561 tandem
2665 1521 2893 1575 agnosce
2930 1506 3179 1575 quoniam
3217 1508 3432 1573 spiritus
3469 1521 3627 1575 quem

2054 1599 2122 1653 de
2176 1598 2301 1651 ﬁatu
2333 1598 2622 1654 Salvatoris
2668 1598 2914 1666 discipuli
2953 1606 3271 1667 acceperunt
3319 1598 3626 1653 inferiorem

2054 1703 2083 1742 a
2110 1690 2246 1744 Filio
2268 1705 2370 1744 non
2396 1689 2651 1759 probatur
2671 1688 2868 1743 habere
2891 1689 3261 1754 substantiam,
3280 1688 3401 1756 quia
3422 1688 3625 1743 nullum
3694 1734 3707 1742 .

1515 1824 1755 1863 smmum
1786 1809 1946 1863 Deum
1984 1797 2025 1853 Β
2056 1782 2298 1835 novimus-
2324 1782 2375 1836 in
2402 1781 2612 1851 propria
2642 1790 2828 1835 natura
2854 1788 3157 1835 manentem
3209 1780 3514 1836 inferiorem
3545 1784 3627 1836 sui

2049 1872 2136 1927 vel
2165 1888 2228 1926 ex
2260 1872 2359 1926 alia
2390 1873 2612 1926 materia
2639 1872 2939 1926 venientem
2967 1871 3167 1927 habere
3202 1872 3444 1941 spiritum
3466 1912 3482 1938 ,
3520 1886 3627 1941 quo

2049 1962 2113 2014 ad
2142 1970 2455 2016 cacterorum
2489 1969 2666 2015 utatur
2696 1962 3066 2030 supplementa
3101 1961 3497 2025 membrorum;
3529 1960 3626 2016 sed

2049 2053 2189 2121 quod
2222 2053 2289 2107 de
2346 2054 2560 2121 proprio
2602 2053 2787 2122 spiritu
2829 2068 3035 2121 quuo
3081 2053 3195 2123 ipse
3222 2054 3466 2108 consistit
3497 2053 3625 2119 alia,

2050 2154 2106 2198 ut
2132 2145 2383 2207 diximus,
2417 2145 2652 2199 membra
2686 2144 2895 2213 replere
2925 2145 3114 2214 possit,
3148 2146 3231 2201 vel
3263 2161 3470 2217 regere,
3502 2149 3626 2200 nul-

2049 2235 2132 2287 lus
2162 2234 2400 2303 ambigit.

2663 2323 2888 2379 CAPUT
2928 2325 3019 2379 IX.

2125 2436 2223 2491 Ubi
2247 2438 2437 2489 dicitur
2463 2436 2712 2505 Spiritum
2742 2446 2971 2490 sanctum
2999 2438 3149 2506 ﬂatui
3179 2446 3546 2506 comparatum.

2117 2548 2171 2604 Si
2204 2556 2378 2603 autem
2410 2548 2645 2603 dixerint
2672 2548 2800 2602 illud
2860 2546 3000 2616 quod
3032 2548 3287 2617 scriptum
3320 2559 3402 2604 est
3434 2565 3448 2604 :
3494 2549 3620 2617 Spi-

2048 2640 2183 2695 ritus
2210 2654 2237 2692 a
2270 2655 2355 2695 me
2387 2640 2647 2709 procedit,
2681 2650 2738 2694 et
2765 2654 2975 2695 omnem
3006 2640 3186 2696 flatum
3216 2657 3314 2712 ego
3344 2641 3442 2698 feci
3466 2641 3617 2708 (Isai.

2050 2730 2305 2803 1311,16).

2122 2824 2418 2896 Responsio.
2453 2824 2664 2879 Flatum
2696 2840 2855 2895 quem
2889 2825 3142 2880 Dominus
3172 2840 3230 2881 se
3258 2824 3447 2881 fecisse
3477 2841 3620 2882 com-

2047 2927 2328 2979 memorat,
2353 2931 2458 2969 non
2481 2915 2735 2982 Spiritum
2764 2926 3004 2970 sanctum
3027 2916 3189 2971 fuisse
3213 2931 3308 2972 nos
3329 2916 3618 2981 credimus,

2047 3006 2139 3061 sed
2170 3016 2427 3060 creaturae
2453 3005 2697 3074 spiritum
2729 3020 2847 3060 esse
2874 3005 3123 3070 fatemur,
3148 3020 3304 3075 quem
3337 3015 3393 3061 ut
3417 3007 3620 3075 possint

2047 3098 2339 3153 subsistere
2378 3108 2696 3167 acceperunt
2729 3115 2741 3150 :
2775 3112 2895 3151 nam
2929 3098 3182 3167 Spiritum
3214 3107 3453 3152 sanctum
3512 3114 3620 3152 nou

2052 3189 2273 3259 leg-imus
2292 3189 2484 3243 factum
2509 3203 2536 3242 a
2559 3188 2713 3255 Filio,
2733 3203 2888 3258 quem
2908 3188 3160 3243 factorem
3184 3188 3418 3242 omnium
3440 3203 3620 3241 rerum

2050 3283 2293 3337 novimus
2316 3282 2478 3337 fuisse
2500 3296 2617 3335 cum
2641 3281 2777 3336 Filio
2803 3298 2815 3334 :
2839 3283 2883 3337 si
2910 3281 3050 3336 enim
3077 3283 3129 3336 in
3159 3282 3399 3337 faciendo
3420 3296 3478 3336 ea
3502 3297 3622 3349 qua:

2047 3372 2284 3428 facienda
2313 3372 2518 3427 fuerant
2539 3371 2746 3441 propria
2776 3371 3010 3441 Spiritus
3035 3380 3249 3426 sanctus
3272 3372 3410 3427 sicut
3452 3370 3623 3425 Filius

2048 3480 2156 3519 non
2204 3477 2334 3517 usus
2362 3471 2443 3517 est
2467 3471 2751 3529 potestate,
2774 3462 3041 3529 quomodo
3067 3477 3165 3517 suo
3193 3471 3321 3517 nutu
3347 3462 3624 3517 constituit

2047 3570 2167 3623 qua:
2205 3552 2578 3608 constituenda
2609 3552 2769 3607 fuisse
2798 3567 3031 3621 prresaga
3070 3552 3352 3620 majestate
3390 3566 3625 3620 conspe-

2047 3646 2160 3700 xit?
2202 3645 2314 3699 Hoc
2361 3646 2530 3711 ipsum
2566 3642 2668 3698 Job
2696 3644 2995 3713 patriarcha
3039 3644 3090 3696 in
3133 3643 3270 3697 libro
3309 3656 3621 3697 sermonum

2046 3750 2267 3791 suorum
2315 3736 2573 3804 probante
2604 3752 2616 3786 :
2651 3736 2693 3789 Δ
2724 3736 2912 3804 spiritu
2944 3734 3177 3801 Domini,
3225 3735 3410 3802 inquit,
3460 3734 3624 3788 datur

2044 3827 2246 3898 glacies
2275 3842 2433 3896 super
2455 3837 2674 3893 terram,
2702 3834 2758 3881 et
2779 3827 3037 3896 gubernat
3063 3841 3253 3897 aquam
3283 3826 3513 3895 qualiter
3540 3825 3620 3880 illi

2046 3920 2324 3989 placuerit,
2346 3929 2399 3974 et
2418 3918 2741 3973 frumentum
2760 3918 2943 3988 irrigat
2963 3920 3017 3973 in
3036 3918 3285 3984 nubibus,
3302 3917 3623 3972 disseminat

2045 4021 2220 4067 autem
2244 4012 2383 4067 nube
2418 4012 2586 4067 lucem
2617 4027 2798 4076 suam,
2829 4020 2885 4067 et
2911 4011 3023 4081 ipsa
3057 4011 3107 4066 in
3136 4012 3359 4066 circuitu
3393 4009 3621 4063 vertitur

2043 4102 2416 4172 gubernaculis
2446 4102 2512 4155 ad
2540 4101 2809 4170 Operanda
2840 4103 3014 4155 omnia
3038 4115 3153 4170 quae
3180 4098 3507 4153 mandaverit
3536 4098 3617 4166 ei,

2044 4192 2164 4261 quia
2204 4191 2319 4245 haec
2349 4205 2377 4244 a
2409 4192 2516 4247 Deo
2554 4191 2839 4246 constituta
2882 4200 3007 4245 sunt
3042 4205 3204 4260 super
3245 4200 3441 4244 terram
3471 4187 3617 4258 (Job.

2043 4280 2381 4350 xxxvn,IO).
2441 4281 2507 4336 Et
2551 4280 2883 4350 Apostolus:
2935 4280 3033 4347 Qui
3092 4287 3365 4348 operatur,
3423 4278 3618 4346 inquit,

2042 4373 2219 4425 omnia
2269 4372 2322 4425 in
2371 4372 2619 4426 omnibus
2668 4370 2719 4443 (Ι
2744 4370 2861 4425 Cor.
2892 4385 2985 4436 xu,
3035 4368 3114 4439 6).
3169 4369 3233 4423 Et
3278 4369 3330 4422 in
3360 4368 3620 4425 Actibus:

2044 4462 2264 4525 Placuit,
2309 4461 2555 4532 inquiunt
2580 4461 2825 4532 apostoli,
2858 4460 3078 4530 Spiritui
3116 4468 3303 4517 sancto
3331 4468 3387 4513 et
3429 4458 3616 4523 nobis,

2051 4553 2177 4607 nihil
2222 4553 2449 4623 amplius
2489 4557 2667 4608 oneris
2710 4554 2983 4621 imponere
3027 4552 3176 4606 vobis
3219 4552 3351 4621 (Act.
3383 4532 3632 4619 "$28).

2049 4643 2179 4699 Nam
2209 4644 2328 4711 quia
2359 4645 2575 4698 eosdem
2608 4642 2880 4712 apostolos
2907 4641 3051 4696 misit
3078 4642 3161 4695 ubi
3190 4641 3379 4706 voluit,
3411 4648 3464 4694 et
3496 4654 3623 4707 pro-

2050 4734 2221 4789 hibuit
2249 4734 2386 4788 unde
2417 4733 2600 4801 voluit,
2634 4743 2688 4787 et
2716 4748 2778 4787 es
2806 4732 2995 4787 eodem
3026 4731 3161 4785 libro
3187 4731 3407 4784 docetur
3440 4748 3451 4782 :
3483 4727 3621 4783 Cum

2045 4824 2377 4895 jejuuassent
2402 4834 2457 4879 et
2485 4838 2750 4888 orassent,
2782 4824 2971 4893 inquit,
3006 4824 3367 4891 imposuerunt
3397 4824 3473 4876 eis
3504 4836 3623 4874 ma-

2051 4933 2170 4982 nus,
2197 4926 2251 4972 et
2271 4917 2433 4988 438
2459 4916 2776 4971 dimiserunt
2800 4929 2893 4970 eos
2916 4916 3052 4986 (Act.
3082 4929 3195 4977 aut,
3218 4913 3297 4983 3).
3329 4912 3431 4982 Ipsi
3463 4912 3631 4981 igitur

2048 5009 2252 5064 dimissi
2294 5024 2321 5061 a
2349 5008 2548 5076 Spiritu
2578 5018 2765 5062 sancto
2791 5017 3049 5063 venerunt
3076 5005 3393 5061 Seleuciam.
3428 5004 3493 5058 Et
3520 5006 3625 5058 ite~

2052 5115 2168 5154 rum
2196 5117 2209 5152 :
2234 5099 2390 5153 Petro
2417 5107 2591 5153 autem
2619 5098 2885 5167 cogitante
2907 5097 2973 5152 de
2997 5097 3131 5161 visu,
3157 5095 3295 5149 dixit
3320 5096 3370 5148 ei
3393 5093 3633 5162 Spiritus

2050 5201 2265 5245 sanctus
2289 5206 2305 5244 :
2332 5189 2499 5259 Surge
2522 5200 2574 5244 et
2601 5190 2736 5244 vade
2761 5204 2881 5242 cum
2913 5188 3040 5251 illis,
3075 5187 3201 5241 nihil
3228 5186 3480 5241 dubitans
3501 5184 3628 5253 quia

2052 5296 2153 5349 ego
2178 5282 2296 5335 misi
2321 5296 2415 5336 eos
2437 5282 2574 5351 (Act.
2602 5297 2657 5347 ι,
2685 5279 2800 5350 19).
2825 5280 2974 5347 Quod
2998 5289 3175 5333 autem
3198 5289 3253 5333 et
3292 5277 3636 5347 prohibuerit

2054 5374 2124 5427 ita
2156 5372 2378 5427 docetur
2410 5390 2422 5425 :
2456 5372 2822 5426 Pervenerunt
2850 5379 3026 5423 autem
3053 5368 3363 5438 Phrygiam,
3392 5376 3445 5421 et
3469 5366 3635 5422 Gala—

2054 5464 2138 5517 tia:
2160 5464 2451 5532 regionem,
2478 5460 2728 5531 prohibiti
2756 5475 2784 5514 a
2809 5458 3009 5528 Spiritu
3032 5467 3217 5513 sancto
3240 5458 3380 5527 loqui
3404 5456 3633 5511 verbum

2051 5554 2105 5608 in
2136 5554 2258 5606 Asia
2287 5552 2425 5622 (Art.
2460 5567 2570 5615 svi,
2599 5552 2679 5620 6).
2724 5551 2907 5604 Tanta
2937 5550 3081 5604 enim
3110 5547 3507 5604 excellentioris
3536 5560 3632 5612 po-

2055 5645 2235 5699 tentia:
2264 5657 2385 5697 esse
2428 5642 2682 5711 probatur
2712 5642 2942 5710 Spiritus
2985 5648 3233 5706 sanctus,
3274 5645 3332 5690 ut
3372 5636 3546 5702 angeli
3574 5646 3634 5692 et

2057 5733 2385 5804 archangeli,
2425 5734 2513 5804 qui
2549 5733 2785 5803 quotidie
2824 5732 2877 5785 in
2913 5740 3201 5800 conspectu
3232 5728 3323 5783 Dei
3367 5726 3537 5780 Patris
3573 5734 3634 5780 et
