3960 6176
308 312 404 368 εοὸ

1441 295 1710 352 CONTRA
1751 291 2158 347 VARIMADUM
2199 293 2323 347 ΜΒ.
2368 294 2427 347 ll.

3455 296 3565 353 406

312 424 442 477 unici
474 421 593 475 Filii
629 417 711 473 sui
752 422 1028 472 versantur
1074 422 1127 467 et
1173 420 1375 476 astant,
1408 414 1458 465 in
1510 414 1625 476 ipso
1668 420 1880 478 quoque
1907 405 1958 465 Δ
1984 407 2234 461 ostendit.
2291 408 2421 461 Nam
2456 407 2745 477 Scriptum
2775 409 2964 463 divinae
2992 423 3105 463 mos
3145 417 3224 463 cst
3268 425 3385 479 quae
3438 425 3559 467 sunt

314 512 508 582 Spiritu
551 508 845 563 secundum
890 504 1194 575 apostolicae
1236 501 1625 571 pradicatiouis
1665 508 1880 553 senten-

318 609 460 666 tiam,
486 603 590 655 leni
622 610 752 653 nutu
780 608 832 652 et
856 596 1083 659 furtivis,
1113 603 1170 649 ut
1192 595 1262 648 ita
1294 594 1551 654 dicamus,
1582 592 1884 660 aspectibus

318 693 623 762 prospicere
643 687 1041 753 concupiscant,
1067 686 1220 739 Petro
1241 683 1480 751 apostolo
1500 680 1880 734 conﬁrmante:

321 785 391 837 De
426 796 530 850 qua
570 779 780 841 salute,
827 776 1020 843 inquit,
1080 773 1440 843 quttisierunt
1482 770 1755 839 propheta:
1794 769 1884 838 qui

320 876 545 927 futuram
575 866 798 938 gratiam
831 867 882 920 in
915 865 1068 918 nobis
1098 863 1566 932 prOpbetavcrunt,
1590 869 1886 915 scrutantes

317 968 367 1019 in
394 964 587 1033 quibus
608 1002 623 1027 ,
650 961 733 1012 vel
760 960 902 1027 quali
936 966 1176 1022 tempore
1212 956 1538 1023 signiﬁcaret
1578 953 1630 1006 in
1671 952 1746 1006 eis
1775 951 1887 1020 spi-

317 1056 445 1110 ritus
490 1053 621 1107 Jesa
657 1051 858 1106 Christi
890 1046 943 1118 (ι
972 1047 1116 1101 Petr.
1150 1060 1189 1114 t,
1220 1044 1335 1112 10).
1382 1045 1445 1098 Et
1474 1042 1609 1096 infra
1644 1058 1657 1095 :
1691 1042 1745 1095 lu
1785 1055 1890 1110 quo

315 1146 731 1212 concupiscunt,
760 1142 864 1206 ait,
907 1138 1076 1208 angeli
1106 1137 1415 1207 prospicere
1448 1135 1635 1206 (lbid.,
1669 1132 1777 1203 1:2).
1810 1132 1890 1187 'l‘u

318 1238 475 1308 igitur
506 1235 646 1290 habe
679 1232 755 1289 illi
805 1231 1178 1293 reverentiam,
1211 1238 1267 1283 et
1295 1227 1496 1282 honora
1535 1233 1594 1281 ut
1619 1226 1805 1289 Deum,
1837 1233 1892 1280 et

318 1331 424 1386 noli
454 1344 577 1384 eum
604 1327 753 1382 ﬂatui
784 1324 1048 1388 hominis,
1076 1323 1162 1378 vel
1191 1319 1476 1390 cujuslibet
1503 1318 1716 1387 generis
1743 1331 1891 1372 com-

319 1436 530 1490 parare,
572 1418 729 1487 cuius
774 1414 1117 1485 aspirationis
1160 1412 1392 1467 adventu
1437 1418 1621 1465 nostra
1664 1420 1891 1475 corpora

316 1514 587 1569 credimus
625 1510 677 1564 iu
706 1507 999 1565 novissimo
1027 1507 1095 1561 de
1122 1505 1373 1575 sepulcro
1403 1500 1732 1558 resuscitari.
1759 1499 1892 1554 Nam

315 1608 383 1671 si,
410 1605 554 1673 quod
584 1602 757 1665 absit,
783 1606 1029 1655 creatura
1060 1596 1277 1665 fuisset,
1308 1595 1494 1664 utique
1519 1593 1735 1657 Paulus,
1764 1590 1890 1645 dum

318 1711 577 1767 supernas
619 1703 778 1763 atque
820 1690 1114 1746 invisibiles
1161 1697 1459 1751 creaturas,
1502 1684 1555 1739 id
1586 1692 1671 1740 est
1711 1681 1890 1747 sedes,

1985 497 2267 551 novissima
2312 498 2558 566 primitus
2611 499 2917 564 nominare,
2965 510 3019 553 et
3060 515 3178 568 qua:
3226 501 3393 569 prima
3438 513 3560 556 Sunt

1988 588 2276 642 novissime
2324 603 2625 655 recensere,
2657 590 2794 644 sicut
2824 591 2877 643 in
2907 591 3101 645 Genesi
3146 593 3401 658 scriptum
3445 602 3556 647 est:

1988 677 2097 743 Ego
2146 692 2262 731 sum
2315 672 2452 731 Deus
2495 679 2637 731 lsaac
2682 686 2739 732 et
2778 678 3043 733 Abraham
3093 690 3299 747 patrum
3351 687 3561 735 tuorum

1990 766 2175 834 (Leuit.
2207 784 2347 829 xxvr,
2380 768 2638 839 42).Nam
2671 777 2725 823 et
2752 768 2923 823 Lucas
2951 771 3273 838 evangelista
3307 770 3456 838 (Cap.
3482 770 3562 838 tu)

1989 858 2248 925 originem
2280 858 2487 911 Domini
2528 859 2821 915 Salvat-ris
2869 859 3058 924 nostri,
3094 860 3142 912 id
3174 869 3255 913 cst
3282 860 3478 929 loseph
3511 871 3564 914 et

1991 947 2169 1001 Marizc
2198 948 2383 1000 matris
2414 949 2551 1015 ejus,
2569 963 2778 1003 sursum
2805 964 2993 1004 versus
3015 965 3045 1003 a
3071 951 3271 1017 Joseph
3303 952 3561 1005 inclinans

1991 1051 2159 1106 usque
2189 1037 2254 1091 ad
2282 1038 2449 1091 Adam
2482 1038 2710 1106 primum
2744 1038 3038 1104 hominem,
3072 1041 3159 1109 qui
3197 1056 3226 1094 a
3255 1042 3364 1096 Deo
3392 1041 3560 1097 factus

1991 1137 2092 1191 est,
2135 1127 2467 1182 recensendo
2508 1130 2801 1195 contexuit,
2843 1140 2898 1184 et
2940 1130 3121 1198 utique
3166 1131 3341 1185 nullus
3382 1140 3465 1186 est
3505 1132 3559 1186 in

1991 1234 2190 1290 genere
2246 1219 2477 1274 humano
2532 1219 2763 1289 Joseph,
2821 1222 2911 1290 qui
2990 1222 3281 1277 secundum
3347 1239 3560 1279 carnem

1992 1310 2154 1381 440
2182 1318 2331 1379 pater
2357 1309 2558 1365 Christi
2596 1311 2918 1377 vocabatur,
2966 1312 3057 1379 qui
3086 1312 3215 1367 Ad.e
3257 1313 3428 1380 primo
3459 1315 3555 1367 lio-

1994 1399 2121 1464 mini
2164 1399 2329 1467 possit
2375 1398 2645 1467 praeferri,
2676 1400 2770 1454 sed
2802 1415 2898 1454 nos
2946 1408 3002 1456 ut
3042 1401 3430 1456 satisfaciamus
3476 1403 3558 1456 iu-

1992 1492 2222 1547 conditis
2252 1492 2703 1561 propositionibus
2732 1492 2947 1559 vestris,
2970 1493 3130 1549 etiam
3153 1492 3410 1563 Spiritum
3438 1509 3558 1548 san-

1994 1594 2138 1640 ctum
2175 1599 2203 1637 a
2232 1584 2387 1638 Patre
2423 1594 2477 1637 et
2503 1583 2640 1638 Filio
2667 1584 2841 1653 primo
2880 1584 2998 1638 loco
3032 1584 3364 1639 ostendimus
3394 1587 3558 1639 nomi-

1997 1687 2200 1741 natum,
2241 1674 2496 1745 Apostolo
2538 1682 2844 1738 attestsnte,
2877 1675 3051 1731 Unum
3098 1689 3313 1745 corpus,
3363 1677 3460 1743 ait,
3508 1688 3558 1733 et

320 1764 736 1851 dominationes,
790 1782 1118 1851 principatus
1164 1788 1219 1833 et
1265 1784 1560 1847 potestates
1602 1774 1655 1827 in
1701 1771 1889 1827 ordine
1918 1765 1966 1826 Β
1994 1782 2130 1822 unus
2150 1765 2400 1835 Spiritus,
2426 1766 2564 1820 sicut
2589 1766 2759 1821 vocati
2784 1766 2911 1821 estis
2938 1764 2991 1819 in
3022 1780 3125 1820 una
3147 1779 3240 1834 spe
3267 1768 3557 1821 vocationis

320 1885 661 1943 recenseret,
693 1875 866 1945 ipsum
893 1885 1103 1944 quoque
1141 1868 1505 1940 principaliter
1535 1866 1883 1921 nominasset.

936 2002 1160 2062 CAPUT
1198 2003 1269 2059 X.

359 2124 453 2179 Ubi
482 2122 661 2175 dicunt
687 2116 884 2173 Filium
914 2117 1005 2170 Dei
1044 2127 1090 2170 et
1118 2116 1392 2171 Dominum
1428 2125 1605 2176 sancto
1631 2115 1855 2185 Spiritui

918 2197 1291 2255 comparatum.

386 2304 440 2357 Si
472 2301 571 2357 tibi
598 2299 832 2355 dixerint
866 2315 878 2352 :
908 2298 1057 2352 Sicut
1085 2297 1242 2354 Pater
1272 2298 1410 2353 Deus
1437 2308 1490 2353 ct
1522 2296 1775 2352 Dominus
1805 2304 1889 2351 est

324 2395 451 2448 Filio
477 2406 611 2457 suo,
654 2390 725 2444 ita
756 2388 919 2444 Filius
947 2387 1203 2445 Dominus
1250 2398 1307 2445 et
1347 2388 1489 2444 Deus
1539 2397 1623 2445 est
1664 2387 1885 2457 Spiritui

324 2495 525 2539 sancto.

392 2579 697 2650 Responsio.
752 2577 985 2633 Plurima
1022 2576 1132 2647 jam
1173 2574 1243 2631 de
1272 2573 1502 2642 Spiritus
1551 2574 1721 2631 sancti
1763 2589 1888 2643 per-

322 2684 471 2735 sena,
501 2668 647 2739 quod
676 2669 815 2723 Deus
838 2676 893 2723 et
917 2667 1551 2733 Dominus-nuncupatur,
1584 2665 1883 2720 testimonia

322 2761 561 2826 iacuisse
579 2758 943 2823 meminimus,
969 2765 1025 2812 ut
1043 2758 1150 2827 jam
1177 2755 1307 2812 nihil
1330 2755 1526 2809 addere
1546 2754 1885 2811 deberemus.

322 2850 425 2906 Sed
455 2864 525 2905 ne
552 2848 777 2922 ignaviae
802 2848 1106 2920 deputetur,
1133 2856 1225 2903 aut
1251 2846 1616 2916 subterfugere
1643 2860 1742 2902 nos
1768 2860 1890 2915 pro-

322 2945 605 3015 positionis
650 2953 842 2999 vestrae
886 2942 1238 3013 ponderosam
1287 2939 1549 2997 sarcinam
1589 2940 1885 3009 aastimctis,

323 3048 521 3104 quanta
573 3036 688 3105 ipse
737 3050 833 3105 pro
880 3033 962 3089 sui
1007 3031 1320 3089 defensioue
1362 3030 1662 3097 donaverit,
1702 3031 1889 3087 dubias
1976 3052 1991 3059 κ

322 3127 483 3198 439
511 3135 721 3182 mentes
741 3125 990 3181 deitatem
1027 3133 1080 3180 et
1107 3124 1523 3179 dominationem
1559 3123 1636 3179 illi
1671 3136 1888 3179 natura-
1917 3130 1963 3194 ο

326 3220 442 3272 liter
474 3218 688 3273 insitam
716 3234 820 3273 non
848 3216 1045 3272 nostris
1073 3215 1267 3284 verbis,
1300 3215 1395 3271 sed
1424 3214 1619 3271 divinis
1648 3215 1765 3284 ipso
1788 3216 1892 3271 lar-

323 3311 500 3378 giente
529 3310 787 3365 docemus
837 3309 1087 3373 oraculis,
1147 3308 1277 3363 Isaia
1330 3309 1583 3377 propheta
1637 3306 1887 3364 dicente:

326 3403 434 3456 Non
480 3402 688 3457 audivit
712 3400 876 3456 Jacob
904 3400 1207 3463 Dominum,
1245 3399 1333 3468 qui
1382 3397 1607 3453 redemit
1655 3413 1807 3462 eum,
1838 3406 1892 3453 et

327 3474 580 3563 suscepit,
612 3502 667 3548 et
693 3492 944 3547 exaltavit
969 3506 1090 3547 eum
1123 3490 1276 3563 (1δαὶ.
1310 3507 1454 3560 um,
1487 3491 1566 3559 9).
1615 3490 1680 3545 Et
1722 3491 1890 3545 intra:

329 3584 426 3638 Sed
474 3585 822 3638 irritaverunt
850 3581 1101 3649 Spiritum
1140 3590 1402 3645 sanctum,
1433 3589 1489 3636 et
1527 3578 1789 3636 convertit
1832 3593 1892 3634 se

329 3673 426 3727 illis
455 3674 509 3727 in
537 3673 845 3727 scandalum
878 3671 1065 3741 (Ibid.,
1097 3674 1207 3742 l0).
1237 3673 1303 3726 Et
1329 3672 1588 3727 Jeremias
1618 3688 1631 3724 :
1663 3670 1893 3741 Spiritus

331 3764 476 3818 [aciei
528 3772 731 3818 nostra:
758 3763 1000 3819 Christus
1028 3764 1302 3829 Dominus,
1340 3764 1430 3834 qui
1471 3766 1893 3831 comprehensus

328 3862 405 3907 est
429 3854 481 3909 in
512 3854 731 3907 interitu
758 3869 963 3918 eorum,
993 3854 1093 3908 sub
1114 3855 1265 3922 cujus
1292 3854 1477 3908 umbra
1505 3854 1730 3909 vivimus
1751 3855 1892 3908 inter

329 3954 507 4012 gentes
532 3944 751 4014 (τήν-επ.
779 3959 851 4011 tv,
874 3943 987 4015 20).
1039 3944 1103 3999 Et
1142 3945 1330 4000 Petrus
1364 3943 1636 4014 apostolus
1674 3943 1893 3998 Anania:

331 4036 497 4090 dixit:
528 4031 720 4091 Nonne
747 4050 967 4091 manens
1001 4036 1093 4090 tibi
1137 4036 1405 4101 manebat,
1439 4044 1493 4092 et
1522 4034 1795 4091 venditum
1838 4034 1891 4089 in

334 4136 415 4179 tua
442 4136 558 4180 erat
588 4127 889 4194 potestate?
933 4125 1108 4191 Quare
1147 4126 1357 4182 ioluisti
1405 4136 1613 4182 tentare
1637 4124 1892 4195 Spiritum

333 4227 591 4283 sanctum,
625 4228 682 4274 ut
708 4218 1049 4275 subtraheres
1073 4220 1139 4274 de
1167 4220 1335 4287 pretio
1360 4221 1541 4290 praedii
1573 4221 1706 4291 (Act.
1735 4235 1790 4285 v,
1811 4221 1892 4291 4).

336 4309 396 4360 t-Zt
424 4309 554 4364 infra
587 4326 602 4364 :
635 4309 753 4364 Non
782 4323 839 4366 es
870 4311 1125 4366 mentitus
1154 4311 1479 4374 hominibus,
1520 4311 1615 4366 sed
1646 4310 1778 4367 Deo.
1828 4312 1894 4367 Et

338 4400 378 4454 A
413 4400 613 4456 ostolus
646 4417 659 4452 :
690 4398 822 4455 Cum
862 4410 1036 4457 autem
1076 4416 1365 4458 conversus
1405 4400 1567 4457 fuerit
1607 4400 1673 4457 ad
1700 4401 1892 4465 Deum,

337 4493 595 4547 auferetur
619 4492 886 4560 velamen,
931 4494 1184 4548 Dominus
1223 4503 1399 4557 autem
1439 4494 1659 4563 spiritus
1690 4502 1774 4549 est
1806 4493 1890 4563 (Il
1919 4492 1971 4554 D

338 4579 449 4634 Cor.
479 4598 555 4646 ιη,
578 4582 688 4654 l6).
718 4582 794 4637 Ex
825 4584 949 4650 hoc,
976 4585 1196 4654 perfide,
1227 4583 1393 4641 debes
1442 4600 1732 4654 agnoscere
1759 4600 1892 4651 quo-

339 4676 472 4726 n'am
516 4676 604 4743 qui
640 4676 782 4731 Deus
810 4685 865 4730 et
895 4676 1149 4730 Dominus
1190 4676 1404 4744 dicitur,
1439 4678 1494 4732 in
1534 4678 1653 4747 ipso
1679 4677 1897 4733 deitatis

340 4764 585 4818 vocabulo
614 4765 759 4820 Patri
787 4775 839 4821 et
864 4765 1001 4819 Filio
1028 4775 1351 4835 ooiequatur.

937 4882 1163 4940 CAPUT
1202 4884 1292 4940 Xl.

342 4993 434 5050 Ubi
452 4998 622 5052 dicunt
644 4999 793 5053 tertio
815 4999 922 5053 loco
941 4998 1188 5081 Spiritum
1208 5010 1436 5053 sanctum
1459 5018 1491 5053 α
1514 5000 1669 5054 Patre
1690 5010 1736 5053 et
1756 4999 1895 5055 Filio

946 5081 1169 5123 nominat
1176 5087 1279 5123 um.

403 5179 459 5235 Si
482 5180 576 5237 tibi
602 5179 837 5236 dixerint
860 5180 985 5251 quia
1016 5181 1069 5235 in
1099 5195 1166 5236 eo
1211 5181 1386 5234 minor
1414 5188 1495 5235 est
1517 5179 1748 5249 Spiritus
1774 5197 1897 5258 san-

334 5281 468 5337 etns,
496 5272 635 5341 quod
668 5273 823 5327 tertio
848 5272 967 5327 loco
990 5279 1072 5327 est
1098 5287 1127 5326 a
1152 5271 1307 5325 Patre
1329 5280 1383 5326 et
1406 5270 1539 5325 Filio
1567 5272 1893 5329 nominatus.

409 5361 702 5431 Responsio.
727 5362 957 5429 Spiritus
984 5370 1221 5426 sanctus,
1253 5376 1355 5414 non
1384 5362 1505 5429 quia
1538 5361 1698 5416 tertio
1723 5365 1893 5417 nomi-

333 5460 485 5505 natus
521 5462 603 5507 est
643 5452 763 5508 loco
797 5452 938 5506 Patri
979 5462 1033 5505 et
1077 5452 1209 5505 Filio
1248 5450 1422 5504 minor
1459 5451 1595 5518 erit,
1639 5455 1891 5521 quoniam

328 5557 453 5595 cum
481 5558 694 5611 aquam,
734 5544 873 5598 sicut
915 5544 1157 5611 superius
1197 5542 1448 5607 diximus,
1480 5543 1743 5611 superiori
1775 5544 1893 5600 ioco

332 5652 359 5687 a
388 5634 581 5701 Spiritu
610 5644 794 5690 sancto
825 5635 1079 5690 Dominus
1107 5634 1460 5699 nominasset,
1490 5650 1681 5704 aquam
1713 5637 1894 5706 utique

329 5726 530 5795 Spiritu
574 5738 791 5794 sancto,
837 5742 998 5797 quam
1045 5729 1363 5795 prwposuit,
1411 5742 1515 5781 non
1562 5728 1893 5797 superiorem

1989 1868 2205 1920 vestra',
2236 1868 2374 1908 unus
2403 1855 2565 1919 Deus,
2595 1869 2702 1909 una
2737 1853 2887 1920 fides,
2918 1870 3080 1913 unum
3113 1856 3395 1921 baptisma,
3426 1871 3557 1909 uirus

1990 1947 2134 2002 Deus
2158 1954 2213 2002 et
2234 1944 2390 2000 Pater
2416 1947 2650 1999 omnium
2678 1945 2894 2015 (Ephu.
2921 1961 2992 2010 tv,
3018 1946 3090 2015 t).
3126 1945 3354 2014 Spiritus
3385 1948 3559 2015 utique

1986 2048 2200 2091 sanctus
2231 2036 2370 2090 Patri
2401 2045 2457 2090 et
2490 2036 2625 2091 Filio
2655 2036 2873 2091 inferior
2904 2051 3009 2091 non
3039 2044 3153 2100 est,
3183 2038 3302 2105 quia
3332 2037 3560 2104 Spiritus

1988 2126 2160 2182 Patris
2186 2135 2240 2182 et
2268 2126 2387 2181 Filii
2418 2136 2520 2192 est,
2555 2136 2609 2181 et
2642 2142 2745 2181 non
2778 2140 3000 2196 possunt
3031 2127 3101 2182 ob
3131 2127 3481 2183 substantiam
3511 2130 3561 2181 in

1987 2234 2048 2274 se
2076 2218 2464 2273 commaneutis
2488 2216 2724 2287 Spiritus
2748 2218 2829 2273 sui
2857 2232 2921 2273 ex
2947 2227 3096 2287 parte
3118 2217 3219 2273 dici
3248 2217 3488 2288 perfecti,
3510 2228 3562 2276 et

1987 2327 2052 2367 ex
2083 2318 2231 2380 parte
2258 2309 2325 2366 ad
2357 2309 2826 2380 imperfectionem
2866 2309 3068 2365 vocari.

2586 2423 2812 2479 CAPUT
2847 2422 2960 2477 ΧΠ.

1992 2540 2091 2596 Ubi
2117 2538 2289 2593 dicunt
2318 2537 2569 2607 Spiritum
2598 2544 2827 2617 sanctum
2852 2551 2952 2588 non
2988 2550 3094 2589 esse
3120 2532 3345 2605 genitum
3363 2576 3377 2600 ,
3406 2547 3563 2603 neque

2635 2616 2930 2677 mgenitum.

2060 2720 2119 2776 Si
2147 2719 2236 2776 tibi
2268 2719 2499 2775 dixerint
2530 2731 2545 2771 :
2574 2715 2810 2772 Ostende
2840 2714 3095 2784 Spiritum
3129 2722 3391 2776 sanctum,
3424 2712 3564 2767 unde

1990 2812 2167 2868 trahat
2193 2810 2449 2881 originem
2468 2850 2483 2876 ,
2514 2823 2671 2879 quem
2703 2823 2799 2862 nec
2830 2808 3121 2875 ingenitum
3158 2807 3296 2862 sicut
3323 2805 3561 2872 Patrem,

1991 2917 2162 2971 neque
2191 2902 2427 2970 genitum
2460 2900 2596 2954 sicut
2622 2897 2811 2952 Filium
2841 2898 3126 2967 profiteris.

2062 2994 2363 3065 Responsio.
2390 2980 2543 3048 Certa
2571 2999 2625 3047 et
2645 2989 2922 3046 manifesta
2950 2991 3099 3059 origo
3120 2990 3348 3059 Spiritus
3371 2988 3560 3054 sancti,

1992 3087 2150 3142 Pater
2169 3096 2223 3141 et
2240 3084 2427 3152 Filius,
2444 3085 2532 3154 qui
2554 3097 2649 3149 nec
2677 3083 2942 3153 ingenitus
2966 3097 3084 3137 cum
3109 3082 3363 3153 ingenito,
3390 3098 3563 3149 neque

1993 3178 2202 3249 genitus
2240 3192 2362 3232 cum
2404 3175 2677 3247 unigenito
2706 3187 2735 3228 a
2768 3173 3010 3228 fidelibus
3036 3189 3108 3228 crc
3129 3173 3291 3240 ditur,
3323 3173 3415 3228 sed
3443 3172 3562 3241 Spi—

1995 3270 2131 3325 ritus
2174 3268 2343 3323 Patris
2398 3262 2959 3335 esse'Scripturarum
3016 3277 3291 3318 sacrarum
3336 3263 3562 3331 eloquiis

1991 3358 2389 3429 comprobatur.
2424 3354 2912 3410 Nabuchodonosor
2937 3368 3062 3424 rege
3103 3354 3155 3408 in
3185 3353 3401 3408 Daniele
3430 3366 3559 3422 pro-

1995 3451 2150 3521 pheta
2180 3450 2390 3505 dicente
2422 3465 2434 3501 :
2469 3447 2675 3513 Daniel,
2702 3447 2785 3502 cui
2816 3461 3011 3501 nomen
3039 3446 3338 3511 Balthasar,
3370 3459 3561 3499 secun-

1993 3541 2118 3596 dum
2152 3553 2343 3595 nomen
2369 3537 2461 3592 Dei
2492 3538 2618 3603 mei,
2644 3536 2894 3605 Spiritum
2923 3547 3164 3591 sanctum
3192 3536 3282 3591 Dei
3311 3536 3365 3590 in
3392 3550 3448 3590 se
3469 3536 3563 3589 ha-

1994 3636 2083 3691 bet
2107 3634 2265 3706 (Dan.
2296 3648 2368 3694 iv,
2400 3630 2478 3699 5).
2527 3630 2659 3686 item
2691 3631 2847 3699 ipse:
2891 3630 3087 3686 Omnes
3117 3629 3385 3698 sapientes
3412 3628 3564 3697 regni

1993 3728 2100 3782 mei
2131 3741 2235 3781 non
2266 3731 2552 3795 potuerunt
2580 3722 3068 3789 interpretationem
3100 3735 3127 3775 s
3151 3720 3289 3775 .mnii
3321 3721 3422 3773 mei
3469 3720 3561 3773 de-
3590 3760 3599 3761 κ

1992 3820 2197 3874 clurare
2226 3816 2356 3871 mihi
2388 3832 2399 3867 :
2432 3824 2486 3870 tu
2511 3824 2713 3879 autem,
2748 3813 2952 3876 Daniel,
2982 3820 3155 3881 potes,
3182 3813 3303 3880 quia
3334 3811 3563 3878 Spiritus

1993 3913 2085 3968 Dei
2116 3918 2332 3967 sanctus
2379 3907 2433 3962 in
2461 3914 2515 3961 te
2541 3916 2646 3963 est.
2695 3905 2824 3959 item
2869 3905 2941 3959 ibi
2975 3921 2986 3957 :
3022 3904 3158 3958 Ecre
3200 3903 3282 3956 vir
3315 3903 3369 3956 in
3398 3916 3562 3969 regno

1994 4014 2103 4067 tuo,
2134 4003 2185 4056 in
2214 4013 2318 4070 quo
2337 3998 2567 4070 Spiritus
2595 3997 2688 4051 Dei
2715 4005 2816 4051 est.
2851 3995 2915 4049 Et
2948 3995 3000 4049 in
3025 3992 3274 4048 Zacharia
3302 4011 3313 4045 :
3340 3992 3564 4046 Verum-
3662 4032 3663 4037 η

1994 4103 2171 4149 tamen
2201 4091 2436 4163 legitima
2464 4104 2582 4145 mea
2612 4087 2870 4158 accipite,
2901 4097 2956 4143 et
2985 4088 3140 4143 verba
3171 4101 3288 4141 mea
3317 4101 3434 4155 quae
3462 4102 3562 4154 ego

1995 4184 2187 4241 mando
2215 4184 2267 4239 in
2294 4182 2481 4251 spiritu
2512 4196 2632 4237 meo
2657 4181 2825 4236 servis
2855 4180 2986 4234 meis
3017 4179 3291 4249 prophetis
3318 4177 3493 4247 (Zaclt.
3525 4194 3561 4241 i,

1994 4276 2071 4347 6).
2118 4275 2249 4331 item
2280 4273 2350 4328 ibi
2393 4288 2409 4327 :
2450 4271 2567 4328 Non
2612 4272 2664 4326 in
2706 4269 3018 4326 fortitudine
3057 4283 3278 4338 magna,
3309 4282 3481 4336 neque
3511 4268 3562 4322 in

1994 4369 2209 4431 virtute,
2236 4365 2331 4422 sed
2361 4366 2411 4420 in
2438 4364 2626 4434 Spiritu
2656 4378 2793 4427 meo,
2820 4362 2946 4419 dicit
2976 4362 3228 4417 Doiiiinu's
3276 4360 3457 4432 (lacti.
3490 4372 3561 4426 iv,

1995 4461 2073 4531 6).
2106 4461 2171 4516 Et
2200 4459 2486 4530 Apostolus
2515 4458 2580 4513 ad
2613 4458 2879 4513 Romanos
2905 4473 2920 4511 :
2948 4458 3056 4512 Vos
3081 4466 3257 4512 autem
3290 4471 3395 4512 non
3427 4457 3558 4511 estis

1999 4554 2048 4608 in
2076 4568 2255 4619 carne,
2281 4552 2374 4607 sed
2402 4553 2454 4606 in
2478 4552 2688 4621 Spiritu.
2716 4551 2759 4606 si
2790 4559 2962 4605 tamen
2989 4550 3217 4620 Spiritus
3242 4550 3333 4603 Dei
3364 4548 3567 4604 habitat

1999 4645 2049 4697 in
2082 4643 2229 4697 vobis
2253 4642 2425 4715 (Rom.
2450 4656 2561 4705 vnt,
2586 4641 2662 4711 9).
2692 4640 2759 4695 Et
2783 4641 2847 4695 ad
2869 4640 3087 4696 Galatas
3111 4656 3125 4692 :
3149 4639 3408 4706 Quoniam
3436 4640 3566 4696 estis

1999 4732 2090 4786 ﬁlii
2116 4732 2231 4797 Dei,
2265 4734 2408 4786 misit
2439 4732 2577 4787 Deus
2608 4732 2851 4800 spiritum
2876 4731 2993 4785 Filii
3023 4732 3102 4784 sui
3138 4732 3188 4784 in
3214 4730 3372 4801 441
3403 4732 3564 4785 corda

1999 4834 2178 4878 nostra
2226 4824 2543 4878 clamantem
2589 4822 2735 4876 Abba
2770 4822 2926 4876 Pater
2968 4820 3109 4892 (Gal.
3142 4837 3215 4884 tv,
3246 4823 3322 4892 6).
3391 4821 3457 4876 Et
3502 4822 3568 4875 ad

2003 4914 2263 4983 Ephesios
2292 4932 2305 4966 ε
2338 4912 2512 4967 Nolite
2557 4912 2870 4966 contristare
2898 4912 3155 4981 Spiritum
3197 4920 3438 4967 sanctum
3472 4911 3566 4965 Dei

1997 5002 2213 5074 (Ep/tes.
2242 5019 2315 5065 tv,
2347 5001 2459 5070 7.0).
2490 5002 2554 5054 Et
2582 5000 2644 5054 ad
2674 5001 3040 5070 Philippenses
3070 5020 3081 5055 ε
3107 5002 3230 5058 Scio
3258 5003 3398 5057 enim
3426 5002 3566 5069 quod

2000 5093 2102 5147 hoc
2133 5092 2259 5146 mihi
2299 5092 2505 5156 proiicit
2533 5091 2583 5143 in
2615 5092 2841 5145 salutem
2872 5107 2967 5161 per
2992 5102 3199 5147 vestias
3239 5091 3565 5146 obsecratio-

1997 5198 2092 5237 nes
2119 5192 2172 5237 et
2192 5180 2711 5236 subministratioues
2737 5182 2954 5251 spiritus
2979 5184 3104 5239 .lcsu
3132 5183 3321 5237 Christ
3344 5181 3563 5250 (Philip.

1997 5288 2037 5337 ι.
2064 5274 2173 5343 19).
2205 5273 2270 5327 Et
2292 5272 2479 5326 Petrus
2507 5273 2779 5341 apostolus
2810 5290 2823 5327 :
2860 5276 2931 5328 De
2958 5290 3058 5340 qua
3105 5274 3277 5328 salute
3303 5270 3565 5338 exquisie—

2000 5374 2124 5421 runt
2167 5375 2325 5433 atque
2365 5366 2588 5418 scrutati
2617 5374 2741 5417 sunt
2771 5365 3062 5433 prophetm,
3094 5366 3182 5431 qui
3210 5371 3480 5416 venturam
3513 5360 3565 5413 in
3617 5402 3627 5411 .

2002 5458 2149 5513 vobis
2177 5458 2400 5527 gratiam
2431 5457 2901 5526 prophetavcruut,
2933 5463 3231 5509 scrutantes
3271 5455 3320 5506 in
3351 5453 3563 5520 quibus,

2002 5550 2083 5603 vel
2114 5549 2254 5619 quali
2288 5558 2527 5615 tempore
2569 5547 2850 5615 signiﬁcari
2892 5545 3109 5599 luberet
3150 5544 3200 5598 iu
3238 5545 3316 5598 eis
3350 5544 3568 5611 spiritus

2003 5640 2125 5694 Jcsu
2156 5639 2349 5693 Christi
2380 5638 2432 5707 (Ι
2468 5637 2608 5690 Petr.
2639 5653 2677 5703 l,
2713 5636 2818 5703 IO).
2856 5637 2921 5688 Et
2951 5637 3001 5689 in
3032 5636 3165 5689 libro
3187 5637 3431 5693 iudicum
3464 5654 3477 5691 2
3508 5639 3571 5691 Et

2004 5738 2278 5795 venerunt,
2326 5738 2377 5783 et
2423 5737 2595 5782 castra
2639 5735 2928 5795 posuerunt
2973 5725 3025 5780 in
3068 5727 3201 5783 valle
3240 5727 3462 5795 Jelraci,
3516 5736 3570 5780 et
