3960 6176
390 295 493 350 407

1677 287 1899 346 VIGILII
1936 283 2302 344 TAPSENSIS

3529 290 3633 348 40S

393 409 608 476 spiritus
638 407 845 461 Domini
870 407 1038 461 induit
1064 406 1278 462 Gedeon
1304 405 1498 476 (ludio.
1534 419 1606 467 vr,
1637 405 1748 470 53).
1782 403 1958 456 Inten-
1986 406 2034 462 Α
2063 401 2208 456 cedit
2234 402 2300 456 de
2332 403 2424 459 illo
2455 403 2670 473 spiritus
2701 402 2942 472 pietatis;
2971 411 3055 458 est
3078 411 3406 470 mansuetus,
3437 414 3635 476 etpro.

396 501 526 567 dite,
555 499 753 565 miseri,
785 499 1032 567 quoniam
1065 497 1153 565 qui
1184 497 1342 565 priori
1370 497 1485 549 loco
1514 509 1543 548 a
1567 495 1722 547 Patre
1750 503 1800 548 et
1829 494 1960 546 Filio

397 590 699 645 nominatus
724 597 826 651 est,
845 597 894 640 et
910 587 1087 640 multis
1106 587 1396 653 Scripturaa
1413 583 1602 637 divinae
1633 583 1761 637 locis
1785 581 1962 634 Patris

399 692 453 733 et
485 679 603 732 Filii
646 678 962 746 appellatur,
991 677 1147 730 Patre
1175 685 1227 730 et
1258 675 1392 728 Filio
1427 675 1646 728 interior
1687 689 1789 726 non
1841 688 1962 740 pro-

400 773 578 826 batur.

989 837 1212 893 CAPU'I'
1241 837 1371 892 XIII.

407 956 503 1010 Ubi
526 955 699 1008 dicunt
723 951 970 1021 Spiritum
1000 961 1237 1021 sam-tun:
1259 951 1415 1002 vitam
1443 965 1473 1000 a
1505 947 1658 1000 Patre
1687 963 1785 999 non
1828 962 1968 998 acce-

955 1022 1087 1091 pisse
1112 1030 1164 1073 ut
1191 1019 1404 1072 Filium.

473 1141 528 1197 Si
561 1139 654 1194 tibi
684 1138 916 1193 dixerint
944 1155 957 1190 :
985 1137 1172 1191 Filium
1203 1151 1232 1188 a
1265 1135 1417 1188 Patre
1448 1132 1605 1185 vitam
1638 1129 1861 1199 legimus
1881 1143 1968 1181 ac-

403 1232 631 1295 cepisse,
670 1241 730 1282 ut
774 1229 852 1281 sic
889 1227 1228 1281 credentibus
1254 1224 1431 1278 daret:
1464 1222 1530 1275 de
1545 1220 1744 1288 Spiritu
1783 1229 1970 1272 sancto

407 1321 541 1375 "Ihtl
571 1321 674 1374 tale
701 1319 942 1388 legimus,
975 1328 1028 1372 et
1063 1318 1116 1370 in
1142 1331 1205 1369 eo
1229 1330 1347 1369 eum
1377 1313 1633 1367 minorem
1659 1309 1793 1363 Filio
1830 1309 1970 1378 judi-

406 1427 612 1466 camus.

477 1501 773 1569 Responsio.
793 1497 924 1566 Quia
949 1498 1120 1552 Patris
1147 1506 1200 1550 et
1227 1495 1342 1550 Filii
1362 1493 1581 1559 spiritus
1618 1498 1968 1559 nuncupatur,

403 1590 621 1658 Spiritus
649 1589 770 1642 vitae
796 1591 912 1643 sine
936 1588 1097 1642 dubio
1126 1601 1262 1650 esse,
1313 1586 1449 1638 sicut
1501 1584 1654 1637 Pater
1703 1591 1758 1635 et
1807 1580 1972 1635 Filius

404 1679 598 1733 divinis
630 1678 970 1734 Lectionibus
988 1676 1384 1746 comprobatur,
1414 1672 1694 1729 Ezechiele
1716 1672 1971 1740 propheta

2064 493 2205 546 cedit
2234 493 2301 548 de
2332 496 2420 547 illo
2449 494 2664 563 spiritus
2719 495 3175 559 mansuetudinis;
3205 505 3288 549 est
3314 495 3551 565 gladius,
3581 510 3637 553 et

2068 584 2304 650 procedit
2327 585 2392 640 de
2414 600 2478 640 eo
2510 585 2717 655 gladius
2761 585 3003 653 Spiritus.
3036 586 3099 638 Et
3147 585 3308 638 multa
3366 585 3466 639 alia
3517 603 3638 654 qua:

2069 675 2335 729 brevitatis
2356 691 2513 731 causa
2535 675 2833 740 omisimus,
2876 677 3106 729 scientes
3128 675 3266 743 quod
3293 677 3472 744 paucis
3493 677 3634 731 dicta

2066 766 2394 833 sapientibus
2419 767 2579 819 multa
2603 775 2724 819 sunt
2756 765 3160 832 :insipientibus
3183 779 3313 818 vero
3339 767 3437 820 etsi
3468 767 3637 820 multa

2065 857 2328 921 dicantur,
2359 860 2487 911 satis
2517 857 2735 912 omnino
2764 871 2866 910 non
2897 858 3117 912 faciunt.
3140 859 3242 914 Sed
3277 873 3344 914 ne
3367 861 3640 916 consuetis

2067 949 2342 1005 calumniis
2364 959 2417 1005 et
2439 950 2859 1005 cavillationibus
2879 951 3146 1020 simplices
3171 954 3380 1008 animos
3424 964 3639 1023 pertur-

2069 1039 2228 1102 betis,
2255 1055 2323 1094 ex
2344 1041 2539 1095 divinis
2572 1040 2862 1110 Scripturis
2891 1042 2957 1096 de
2988 1043 3052 1096 iis
3076 1059 3194 1111 qua:
3222 1046 3473 1114 superius
3499 1045 3640 1099 dicta

2067 1142 2188 1186 sunt
2215 1133 2530 1187 documenta
2559 1133 2670 1188 haec
2722 1133 2984 1189 curiosius
3013 1133 3311 1203 exigentes,
3364 1135 3430 1188 ad
3461 1137 3642 1190 omnia

2070 1239 2188 1277 cum
2211 1223 2419 1278 Domini
2447 1224 2708 1292 adjutorio
2738 1224 2914 1279 divina
2951 1226 3253 1280 testimonia
3301 1226 3459 1297 443
3513 1241 3642 1282 coa—

2071 1313 2350 1381 ptabimus,
2384 1326 2440 1367 ut
2467 1314 2699 1384 legentes
2727 1324 3015 1383 agnoscant
3065 1316 3509 1384 quemadmodum
3548 1334 3642 1374 ve-

2069 1415 2192 1459 stra:
2219 1405 2459 1474 pravitati
2487 1404 2862 1473 respondeant.
2903 1405 3051 1472 Quod
3081 1407 3222 1460 enim
3252 1407 3477 1475 Spiritus
3504 1409 3644 1463 Deus

2069 1507 2151 1553 est
2182 1499 2234 1552 in
2256 1498 2714 1568 EvangelioFilius
2739 1497 2941 1563 docuit,
2974 1498 3157 1553 dicens
3189 1517 3201 1550 :
3236 1499 3462 1566 Spiritus
3492 1501 3636 1554 Deus

2069 1599 2151 1644 est
2174 1588 2352 1660 (Joan.
2382 1605 2461 1656 tv,
2515 1589 2630 1659 24).
2686 1589 2838 1655 Quod
2866 1597 3042 1644 autem
3079 1590 3414 1659 omnipotens
3434 1599 3540 1658 est,
3591 1591 3646 1644 in

2071 1679 2516 1751 Salomone(Sap.
2537 1694 2628 1744 vn,
2645 1678 2738 1750 23)
2757 1679 3208 1741 ostenditur,dum
3225 1680 3447 1748 spiritus
3467 1681 3647 1735 omnia

404 1774 615 1827 dicente
649 1790 661 1823 :
693 1771 826 1825 Cum
854 1780 1029 1825 autem
1060 1769 1334 1823 elevarenl
1360 1780 1418 1820 se
1445 1764 1690 1818 animth
1721 1776 1750 1816 3
1778 1771 1917 1816 lem
1943 1803 1959 1828 9
1997 1768 2039 1826 Β
2068 1779 2275 1840 potens,
2304 1780 2357 1826 ct
2381 1773 2558 1825 omnia
2589 1772 2916 1840 prospiciens
2949 1773 3240 1826 intimatur.
3273 1773 3425 1839 Quod
3464 1783 3643 1828 autem

405 1864 722 1918 exsiliebant
751 1870 901 1926 rotas,
933 1871 986 1916 et
1023 1861 1320 1928 ubicunque
1358 1856 1503 1910 ibant
1534 1857 1718 1913 nubes.
1746 1862 1800 1907 et
1818 1852 1967 1920 juxta

405 1957 533 2010 illud
558 1957 773 2024 spiritus
800 1964 930 2007 rotte
950 1951 1435 2007 extollebaturcum
1456 1948 1554 2010 eis,
1578 1945 1825 2014 quoniam
1857 1943 1968 2011 spi-

406 2047 541 2099 ritus
563 2045 683 2096 vita:
706 2054 821 2097 erat
848 2043 899 2096 in
928 2041 1059 2095 rotis
1089 2038 1298 2109 (Ezech.
1328 2052 1365 2102 ι,
1401 2037 1510 2105 19).
1575 2035 1638 2088 Ει
1685 2032 1971 2101 Apostolus

406 2136 471 2190 ad
497 2138 764 2189 Romanos
798 2152 810 2185 :
843 2133 950 2187 Lex
979 2132 1143 2197 enim,
1171 2131 1267 2194 ait,
1292 2128 1508 2197 spiritus
1531 2127 1656 2181 vita:
1678 2127 1731 2179 in
1759 2125 1974 2181 Christo

406 2226 532 2281 Jesu
563 2226 738 2298 (Rom.
759 2240 875 2290 vui,
900 2224 979 2293 2).
1013 2224 1142 2277 Item
1166 2221 1238 2275 ibi
1273 2238 1285 2273 :
1312 2218 1596 2274 Prudentia
1625 2217 1804 2271 carnis
1831 2231 1975 2270 mors

407 2326 508 2382 est,
544 2316 818 2385 prudentia
843 2329 969 2369 vero
1022 2313 1240 2381 spiritus
1292 2310 1397 2364 vita
1457 2318 1513 2363 et
1544 2322 1641 2376 pax
1673 2305 1863 2375 (Ibid.,
1893 2307 1971 2376 6).

415 2406 540 2458 Item
563 2404 633 2458 ibi
667 2403 902 2472 :Corpus
917 2401 1127 2471 quidem
1153 2409 1419 2455 mortuum
1449 2406 1528 2451 est
1551 2407 1765 2465 propter
1787 2409 1974 2464 pecca-

411 2508 544 2562 tum,
576 2494 790 2564 spiritus
816 2501 992 2548 autem
1020 2494 1122 2548 vita
1149 2501 1231 2549 est
1256 2502 1472 2562 propter
1504 2492 1761 2562 justitiam
1810 2490 1976 2562 (Ibid.

413 2587 522 2657 10).
557 2589 618 2641 Et
645 2586 710 2640 ad
740 2585 1043 2642 Corinthios
1075 2605 1086 2639 :
1113 2585 1301 2640 Factus
1335 2593 1416 2639 est
1464 2583 1664 2652 primus
1711 2581 1880 2636 Adam
1923 2580 1978 2633 in

409 2683 640 2737 animam
668 2682 953 2747 viventem,
983 2678 1302 2733 novissimus
1339 2676 1507 2734 Adam
1547 2675 1600 2728 in
1629 2675 1871 2743 Spiritum
1901 2672 1980 2726 vi-

409 2772 710 2826 viﬁcantem
736 2769 789 2840 (Ι
821 2769 938 2824 Cor.
958 2785 1047 2835 xv,
1076 2768 1188 2839 45).
1217 2769 1344 2823 Item
1377 2767 1432 2822 in
1475 2757 1705 2821 secun'da
1739 2764 1978 2818 :Littera

410 2861 623 2927 occidit,
654 2859 870 2928 spiritus
894 2869 1066 2913 autem
1091 2859 1324 2913 viviﬁcat
1358 2857 1440 2927 (II
1466 2856 1586 2910 Cor.
1616 2871 1695 2921 Ill,
1727 2855 1804 2925 6).
1830 2855 1895 2909 Et
1926 2855 1978 2908 in

411 2955 725 3026 Apocalypsi
759 2952 862 3007 :Et
893 2960 1012 3022 post
1036 2954 1248 3008 tertium
1288 2951 1426 3006 diem
1469 2959 1522 3003 et
1573 2949 1848 3003 dimidium
1873 2945 1981 3016 spi-

410 3051 679 3104 ritusvita:
705 3046 918 3101 intravit
944 3046 996 3100 in
1023 3045 1100 3100 eis
1128 3061 1156 3098 a
1189 3043 1432 3111 Domino,
1464 3049 1518 3096 et
1537 3047 1801 3095 Steterunt
1819 3037 1979 3109 442

2070 1860 2162 1914 lux
2189 1860 2259 1914 sit
2292 1860 2528 1928 spiritus,
2577 1861 2821 1915 Ezechiel
2874 1861 3025 1916 testis
3073 1869 3174 1929 est,
3221 1862 3346 1915 dum
3401 1862 3648 1930 spiritum

2077 1951 2284 2006 Domini
2313 1951 2448 2006 sicut
2476 1951 2562 2004 lux
2607 1951 2925 2021 prtel'ulgens
2968 1953 3036 2006 ab
3091 1952 3349 2022 Aquilone
3406 1952 3460 2006 in
3501 1953 3644 2009 nube

2074 2041 2369 2095 venientem
2391 2042 2614 2096 astruxit
2655 2041 2863 2111 (Ezech.
2911 2058 2950 2109 ι,
3007 2044 3085 2112 4).
3128 2043 3277 2110 Quod
3325 2045 3491 2099 virtus
3543 2046 3636 2108 sit,

2075 2131 2357 2201 Apostolus
2383 2131 2540 2186 demet
2569 2148 2688 2186 cum
2713 2132 2842 2187 dicit
2872 2150 2886 2187 :
2917 2132 2972 2186 In
2998 2133 3302 2188 OStensione
3332 2135 3550 2203 Spiritus
3595 2148 3650 2194 et

2075 2222 2281 2277 virtutis
2307 2221 2362 2293 (1
2387 2221 2506 2277 Cor.
2532 2239 2589 2289 tt,
2612 2222 2688 2293 4).
2722 2223 2873 2290 Quod
2927 2239 3054 2278 vero
3116 2223 3375 2293 sapientia
3407 2224 3640 2292 dicatur,

2075 2312 2235 2368 Isaias
2268 2315 2418 2368 testis
2439 2324 2543 2378 est,
2575 2330 2696 2370 cum
2738 2316 2946 2369 Domini
2985 2314 3176 2371 Filium
3215 2316 3404 2385 spiritu
3436 2318 3651 2385 sapien-

2079 2403 2164 2456 tiae
2191 2403 2352 2459 fuisse
2391 2405 2651 2473 repletum
2715 2406 2843 2460 dicit
2873 2405 3026 2477 (lsai.
3082 2405 3272 2476 xt,2).
3321 2407 3472 2473 Quod
3528 2425 3652 2462 vero

2077 2493 2356 2564 prudentia
2402 2496 2628 2564 dicatur,
2675 2497 2727 2552 in
2766 2499 2954 2554 eodem
3001 2500 3257 2589 prappeta
3312 2500 3644 2556 ostenditur.

2077 2588 2227 2655 Quod
2244 2599 2418 2645 autem
2449 2592 2662 2659 spiritus
2686 2593 2890 2648 consilii
2937 2603 2993 2648 et
3038 2588 3363 2649 fortitudinis
3411 2595 3647 2663 dicatur,

2081 2678 2135 2733 in
2156 2678 2342 2742 eodem
2369 2680 2635 2737 volumine
2661 2683 2981 2738 declaratur.
3015 2685 3165 2752 Quod
3221 2701 3350 2741 vero
3399 2702 3501 2757 pax
3559 2689 3652 2754 sit,

2079 2767 2434 2835 apostolorum
2451 2769 2580 2824 Acta
2609 2779 2868 2827 testantur
2911 2772 3044 2846 (Act.
3068 2789 3139 2840 Ix,
3165 2774 3278 2844 51).
3301 2777 3451 2842 Quod
3477 2787 3655 2833 autem

2079 2859 2272 2914 caritas
2320 2859 2544 2930 dicatur,
2625 2866 2912 2930 apostolica
2996 2867 3258 2920 sententia
3311 2870 3651 2937 comprobat.

2079 2949 2230 3014 Quod
2258 2963 2383 3004 vero
2404 2954 2620 3020 spiritus
2647 2954 2919 3021 sapientiae
2940 2956 3256 3024 appelletur,
3274 2956 3422 3011 Isaiae
3444 2972 3649 3012 annun-

2083 3045 2301 3102 tiatione
2323 3047 2562 3102 docetur.
2588 3048 2737 3115 Quod
2758 3059 2934 3103 autem
2978 3050 3196 3118 spiritus
3227 3053 3348 3104 vitze
3389 3052 3478 3116 sit,
3516 3054 3658 3118 Apo-

410 3161 569 3216 super
623 3145 784 3213 pedes
812 3155 936 3196 suos
969 3141 1160 3211 (Apoc.
1213 3155 1262 3191 xi
1282 3179 1297 3202 ,
1329 3137 1448 3205 11).
1498 3133 1743 3189 Ezechiel
1797 3133 1978 3200 utique
2005 3128 2051 3190 C
2081 3138 2467 3204 stolusedocet,
2489 3138 2613 3192 dum
2639 3139 2970 3209 prudentiam
2994 3143 3207 3210 spiritus
3222 3143 3364 3210 vitai,
3389 3152 3443 3197 et
3465 3158 3658 3212 pacem

411 3239 597 3293 iisdem
647 3233 824 3289 verbis
871 3246 934 3286 ac
976 3231 1192 3301 syllabis
1232 3229 1300 3284 de
1355 3227 1524 3281 aridis
1564 3227 1773 3280 ossibus
1833 3237 1976 3277 mor-

412 3340 618 3384 tuorum
649 3325 792 3394 paria
817 3331 1136 3392 protestatur
1177 3319 1389 3389 (Ezech.
1421 3331 1621 3383 xxxvn,
1656 3316 1767 3383 10).
1805 3314 1982 3367 Inten-

412 3427 542 3487 dite,
564 3436 767 3491 quaeso,
801 3417 1078 3480 intendite,
1102 3414 1351 3484 quoniam
1377 3409 1831 3477 inaniterspiritus
1861 3407 1982 3461 vita:

413 3530 517 3570 non
548 3513 697 3575 dixit,
726 3518 780 3564 et
804 3509 892 3577 qui
921 3506 1053 3560 vivis
1087 3515 1140 3559 et
1172 3503 1396 3557 mortuis
1434 3500 1720 3556 secundum
1752 3497 1980 3550 antelata

415 3601 710 3659 testimonia
729 3601 888 3652 vitam
911 3596 1149 3665 largitur,
1175 3593 1391 3648 inferior
1407 3607 1434 3644 a
1462 3591 1618 3645 Patre
1641 3599 1692 3643 et
1715 3587 1848 3643 Filio
1864 3587 1982 3642 nul-

417 3697 619 3752 latenus
643 3689 1040 3751 comprobatur.

1011 3799 1234 3855 CAPUT
1276 3797 1408 3852 XIV.

451 3897 546 3955 Ubi
575 3897 776 3950 dicunt:
805 3893 1022 3947 Ostende
1051 3890 1188 3960 quod
1216 3890 1276 3941 de
1305 3887 1463 3960 Patre
1492 3887 1715 3958 Spiritus
1743 3896 1945 3940 sanctus

946 3957 1102 4031 possit
1131 3957 1416 4029 procedere.

482 4078 536 4134 Si
567 4078 659 4132 tibi
690 4076 921 4130 dixerint
953 4090 967 4128 :
1001 4071 1237 4126 Ostende
1264 4068 1403 4138 quod
1427 4069 1654 4140 Spiritus
1675 4075 1890 4123 sanctus
1915 4067 1982 4121 de

416 4173 568 4226 l’atre
599 4170 679 4223 vel
710 4169 843 4222 Filio
863 4165 1150 4236 procedere
1180 4162 1366 4230 potuit.

486 4264 786 4333 Responsio.
810 4261 865 4316 Si
896 4259 1059 4313 corda
1087 4269 1259 4312 vestra
1287 4255 1670 4311 incredulitatis
1701 4255 1809 4323 jam
1854 4250 1983 4305 vitio

415 4357 667 4409 obdurata
691 4354 754 4406 ad
787 4351 1061 4405 mollitiem
1093 4358 1286 4403 nostra:
1307 4347 1633 4402 credulitatis
1659 4345 1863 4399 velletis
1884 4346 1981 4401 ad-

414 4448 628 4508 ducere,
653 4444 898 4497 facillime
925 4440 1284 4510 agnosceretis
1311 4439 1451 4508 quod
1489 4437 1719 4507 Spiritus
1769 4438 1838 4493 de
1872 4440 1980 4493 Deo

2083 3245 2202 3284 esse
2229 3231 2474 3299 praedixit
2501 3231 2676 3300 (Rom.
2710 3247 2820 3295 vm,
2850 3232 2928 3299 6).
2955 3233 3107 3298 Quod
3152 3243 3326 3288 autem
3356 3246 3535 3290 rectus
3579 3237 3658 3290 di-

2082 3322 2236 3386 citur,
2263 3321 2475 3376 Davidis
2497 3323 2722 3378 oraculis
2750 3324 3068 3388 ostenditur,
3099 3323 3220 3378 dum
3248 3326 3299 3379 in
3347 3326 3457 3380 suis
3484 3327 3665 3381 visce-

2084 3413 2230 3466 ribus
2250 3413 2494 3480 spiritum
2510 3423 2710 3468 rectum
2737 3416 2972 3468 innovari
3005 3425 3251 3482 precatur
3273 3415 3444 3486 (Psal.
3465 3432 3516 3483 ι,
3547 3417 3663 3489 12).

2081 3501 2229 3567 Quod
2257 3511 2430 3556 autem
2463 3504 2628 3558 bonus
2659 3503 2884 3566 dicatur,
2920 3505 3055 3557 idem
3083 3506 3336 3573 propheta
3395 3507 3663 3571 ostendit,

2081 3592 2169 3659 qui
2203 3606 2261 3647 se
2283 3607 2311 3644 a
2343 3591 2542 3661 Spiritu
2589 3606 2772 3648 sancto
2806 3595 2856 3648 in
2888 3593 2972 3647 via
3008 3605 3148 3648 recta
3206 3595 3394 3649 deduci
3444 3596 3664 3650 deside-

2082 3697 2204 3735 rans
2245 3683 2387 3736 canit
2430 3681 2600 3752 (Psal.
2643 3699 2786 3747 xxVI,
2835 3683 2944 3752 11).
3008 3683 3157 3748 Quod
3197 3693 3376 3739 autem
3431 3685 3664 3754 spiritus

2082 3777 2496 3832 mansuetudinis
2520 3786 2866 3845 nuncupetur,
2899 3780 3179 3845 Apostolus
3209 3783 3362 3834 testis
3384 3789 3487 3846 est,
3519 3782 3652 3838 dum

2081 3865 2227 3928 dicit,
2261 3879 2317 3918 se
2340 3879 2440 3917 non
2472 3865 2522 3918 in
2551 3865 2718 3934 virga,
2747 3867 2839 3920 sed
2863 3866 2914 3920 in
2940 3867 3162 3921 caritate
3184 3869 3402 3936 spiritus
3425 3878 3480 3923 et
3509 3885 3668 3923 man-

2083 3954 2384 4008 suetudinis
2407 3953 2665 4010 advenire
2699 3954 2750 4026 (1
2783 3956 2900 4010 Cor.
2934 3973 3003 4020 tv,
3031 3957 3149 4024 2!).
3189 3959 3338 4025 Q‘uod
3389 3975 3516 4015 vero
3542 3976 3669 4028 per-

2085 4045 2261 4098 fectus
2290 4045 2519 4109 dicatur,
2550 4045 2691 4100 idem
2719 4046 2875 4101 docet
2902 4049 3194 4116 apostolus,
3225 4049 3348 4103 dum
3381 4051 3529 4104 illum
3570 4054 3668 4122 ju-

2081 4138 2250 4194 diccm
2297 4138 2556 4206 omnium,
2605 4149 2658 4194 et
2701 4140 2943 4207 spiritum
2987 4142 3250 4210 justorum
3308 4143 3541 4197 insinuat
3609 4155 3670 4200 et

2085 4231 2434 4297 perfecturum
2471 4228 2654 4298 (Hebr.
2689 4246 2781 4293 xtt,
2850 4230 2977 4300 25).
3032 4232 3181 4298 Quod
3229 4245 3406 4288 autem
3447 4235 3664 4303 gladius

2086 4330 2451 4387 nuncupetur,
2474 4320 2609 4374 idem
2644 4321 2830 4389 probat
2864 4323 3158 4389 apostolus,
3218 4324 3342 4378 dum
3387 4341 3510 4379 eum
3544 4342 3672 4380 ver-

2086 4411 2211 4464 bum
2239 4413 2327 4466 Dei
2353 4414 2658 4483 pronuntiat
2687 4428 2806 4468 csse
2856 4413 3074 4483 (Ep/tes.
3121 4432 3192 4479 vt,
3243 4417 3354 4486 17).
3407 4418 3460 4473 Si
3519 4420 3674 4475 enim

415 4535 568 4588 Patre
593 4534 758 4602 possit
784 4531 1073 4600 procedere
1103 4546 1115 4583 :
1141 4539 1221 4583 est
1243 4529 1383 4583 enim
1419 4529 1572 4582 Pater
1596 4530 1756 4595 Deus,
1785 4537 1838 4584 et
1861 4545 1980 4596 pro-
2009 4496 2059 4555 Β
2219 4505 2394 4602 θίπτξίί*
2441 4521 2542 4602 τξίξῃ
2592 4506 2748 4560 “eis
2797 4507 3067 4602 mem-ib!“
3095 4509 3353 4602 _Ie_8‘_”'e"'
3383 4549 3399 4572 ο
3436 4525 3535 4602 ηθίξ
3589 4513 3666 4567 αθ

414 4628 553 4680 cedit
592 4626 660 4679 de
687 4625 774 4677 illo
803 4625 1030 4693 Spiritus
1059 4623 1177 4686 Dei;
1216 4631 1297 4675 est
1321 4622 1675 4688 omnipotens,
1706 4629 1760 4675 et
1790 4635 1977 4689 proce-

415 4716 490 4768 dit
517 4715 584 4768 de
609 4728 674 4767 eo
701 4714 1082 4781 omnipotentia
1127 4713 1374 4780 spiritus;
1404 4720 1484 4764 est
1529 4710 1637 4772 lux,
1670 4721 1723 4764 et
1743 4711 1981 4779 procedit

415 4812 480 4862 de
509 4823 574 4862 eo
602 4808 816 4874 spiritus
841 4807 1000 4870 lucis;
1029 4817 1111 4860 est
1142 4806 1328 4866 virtus,
1349 4815 1400 4858 et
1423 4805 1660 4874 procedit
1686 4803 1752 4858 de
1781 4818 1845 4858 eo
1875 4804 1982 4871 spi-

416 4901 547 4953 ritus
575 4898 813 4960 virtutis;
843 4906 925 4952 est
951 4898 1182 4965 sapiens,
1205 4908 1260 4952 et
1291 4895 1526 4965 procedit
1554 4896 1618 4948 de
1649 4894 1738 4947 illo
1772 4894 1982 4963 sapien-

418 4991 502 5043 tia:
523 4988 776 5058 spiritus;
805 4997 886 5040 est
931 4988 1230 5055 prudentia,
1257 4999 1310 5040 et
1341 4986 1578 5055 procedit
1600 4987 1666 5040 de
1707 4986 1797 5040 illo
1854 5000 1981 5053 pru-

416 5082 606 5136 dentiae
641 5077 888 5148 spiritus;
947 5086 1029 5131 est
1067 5080 1368 5144 consilium,
1418 5088 1471 5132 et
1523 5077 1756 5144 procedit
1803 5076 1868 5129 de
1916 5091 1984 5131 eo

416 5173 632 5243 spiritus
659 5167 897 5230 consilii;
924 5177 1006 5223 est
1039 5168 1310 5232 lortitudo,
1341 5181 1392 5223 et
1425 5169 1663 5238 procedit
1689 5170 1754 5222 de
1784 5183 1847 5221 eo
1877 5167 1984 5234 spi-

419 5267 549 5319 ritus
581 5261 931 5324 fortitudinis;
955 5268 1038 5315 est
1063 5275 1185 5328 pax,
1215 5269 1268 5314 et
1301 5260 1620 5328 proceditde
1649 5259 1737 5313 illo
1767 5258 1984 5327 spiritus

423 5358 565 5423 paris
589 5377 603 5423 -,
632 5363 716 5410 cst
743 5354 956 5420 caritas,
997 5362 1050 5407 ct
1074 5351 1310 5420 procedit
1337 5352 1405 5405 de
1435 5353 1525 5405 illo
1547 5352 1767 5418 spiritus
1793 5353 1978 5404 carita-

422 5450 486 5501 tis
526 5457 609 5501 est
649 5445 894 5510 scientia,
927 5455 980 5498 et
1009 5443 1244 5513 procedit
1264 5443 1331 5496 de
1362 5442 1453 5495 illo
1475 5443 1689 5508 spiritus
1711 5445 1983 5507 scientia;

421 5549 499 5590 cst
523 5541 623 5592 vita
643 5580 658 5604 ,
683 5549 735 5592 et
764 5538 1001 5607 procedit
1024 5537 1089 5591 de
1122 5538 1210 5590 illo
1233 5537 1451 5604 spiritus
1493 5538 1647 5598 vitat;
1677 5547 1758 5589 est
1787 5548 1986 5602 rectus,

423 5637 475 5679 et
498 5632 732 5691 procedit
759 5632 824 5684 de
856 5632 944 5685 illo
965 5631 1179 5700 Spiritus
1222 5630 1583 5692 rectitudinis;
1611 5641 1691 5682 e~t
1716 5630 1904 5691 bonus,
1937 5639 1992 5684 et

426 5718 662 5785 procedit
699 5721 765 5773 dc
794 5723 882 5774 illo
912 5725 1124 5790 spiritus
1156 5723 1431 5786 bonitatis;
1452 5731 1531 5775 est
1561 5723 1743 5790 pietas,
1775 5731 1822 5778 et
1857 5739 1983 5788 pro-

2083 4592 2218 4646 Filio
2245 4592 2337 4645 Dei
2369 4594 2714 4662 ambigerem,
2771 4610 2942 4663 neque
2989 4596 3055 4651 de
3091 4597 3320 4666 Spiritus
3366 4599 3539 4654 sancti
3571 4617 3676 4671 po-

2083 4685 2243 4738 tentia
2271 4684 2602 4738 dubitarent.

2691 4793 2914 4851 CAPUT
2949 4797 3063 4851 XV.

2091 4907 2186 4961 Ubi
2231 4909 2403 4961 dicunt
2441 4906 2689 4978 Spiritum
2737 4907 2966 4963 sanetum
3005 4913 3185 4982 ubique
3223 4929 3321 4965 non
3359 4930 3467 4968 esse
3505 4917 3673 4983 dilfri-

2816 4998 2942 5033 sum.

2156 5089 2212 5144 Si
2255 5090 2346 5144 tibi
2380 5091 2607 5146 dixerint.
2637 5095 2757 5159 quia
2801 5109 2904 5146 non
2935 5093 3126 5165 ubique
3163 5104 3243 5148 est
3283 5096 3503 5164 spiritus
3543 5115 3669 5152 san-

2085 5193 2201 5237 ctus
2230 5184 2370 5237 sicut
2400 5184 2555 5238 Pater
2577 5197 2631 5240 ct
2655 5187 2836 5255 Filius,
2858 5187 2949 5240 sed
2977 5188 3213 5243 localiter
3233 5191 3334 5244 sibi
3363 5191 3666 5259 injunctum

2084 5274 2335 5339 adimplet
2367 5275 2624 5328 ofﬁcium.

2157 5362 2318 5434 444.
2349 5364 2650 5431 Responsio.
2685 5365 2752 5420 Ut
2780 5376 2954 5421 autem
2985 5368 3246 5434 Spiritum
3293 5382 3538 5427 sanctum
3577 5374 3671 5426 do-

2088 5465 2304 5505 ceamus
2335 5455 2528 5523 ubique
2554 5455 2822 5514 diffusum.
2874 5457 3174 5511 Davidicum
3229 5461 3672 5530 investigabimus

2093 5544 2473 5610 testimonium,
2499 5561 2562 5598 ex
2592 5546 2742 5613 cujus
2766 5547 3036 5614 pmphetia
3076 5546 3306 5612 Spiritus
3330 5559 3551 5604 sanctus
3579 5553 3671 5608 do-

2094 5643 2262 5696 cetur,
2307 5650 2409 5686 non
2439 5636 2584 5698 locis,
2615 5644 2671 5688 ttt
2693 5653 2788 5688 vos
2820 5638 2868 5690 in
2897 5651 3086 5689 somno
3114 5639 3261 5704 gravi
3294 5639 3518 5705 detenti,
3567 5645 3666 5695 sed

2104 5727 2335 5794 potentia
2393 5743 2487 5781 sua
2523 5728 2659 5782 sicut
2710 5728 2861 5782 Patet
2898 5738 2948 5782 et
3007 5729 3167 5783 I’ilius
3194 5730 3388 5799 ubique
3419 5732 3668 5788 diﬂundi.
