3960 6176
292 285 390 343 ιω

1397 280 1666 339 CONTRA
1708 280 2116 339 VARHIADUM
2155 281 2282 340 LIB.
2325 284 2390 341 ll.

3426 294 3536 351 410

292 403 403 471 me
450 399 675 468 denique
709 399 761 452 in
785 397 993 468 psalmo
1037 411 1269 452 cxxxvut
1312 397 1488 466 (Vers.
1513 398 1568 468 7)
1611 398 1750 452 canit
1799 408 1852 451 et
1880 404 1926 460 Α
1958 396 2155 459 David;
2182 413 2284 467 ego
2305 413 2422 453 sum
2447 400 2602 455 stella
2622 401 2898 470 splcnd'da
2929 406 3181 461 matutina
3199 407 3388 477 (Ibid,
3418 413 3530 481 l6).

291 491 413 545 dicit
443 507 456 543 :
483 490 599 555 Quo
627 489 715 543 ibo
740 503 770 541 a
791 488 978 556 spiritu
1002 498 1127 541 tuo:
1159 498 1213 542 et
1242 503 1270 540 a
1304 486 1438 542 facie
1478 497 1564 542 tua
1610 503 1717 557 quo
1772 488 1848 541 fu-

290 582 461 654 giam?
482 581 535 634 Si
558 581 854 635 ascendero
884 581 935 634 in
966 581 1181 643 celum,
1215 589 1268 633 tu
1297 579 1365 633 ibi
1382 594 1462 642 es,
1491 590 1545 634 et
1572 582 1614 634 si
1639 580 1854 635 descen-

291 677 413 728 dero
431 674 480 726 in
506 671 797 736 infernum,
819 672 969 725 ades.
1020 671 1075 725 Si
1127 685 1408 738 sumpsero
1461 686 1663 739 pennas
1706 686 1853 725 meas

292 766 340 818 in
365 765 643 824 directum,
665 770 719 815 et
748 760 1059 815 habitavere
1079 759 1131 814 in
1156 761 1448 815 novissimo
1496 762 1680 827 maris,
1737 771 1853 816 ete-

290 858 393 912 nim
420 853 546 909 illuc
575 866 763 906 manus
784 862 870 905 tua
896 851 1122 906 deducet
1148 866 1234 905 me
1258 892 1272 913 ,
1304 860 1359 905 et
1380 853 1582 907 tenebit
1611 868 1697 907 me
1725 853 1859 906 dex-

291 958 394 1000 tera
417 958 524 1000 tua.
557 945 627 998 Et
661 944 714 997 in
738 942 1027 997 Salomone
1059 942 1328 1012 :Spiritus
1370 943 1577 997 Domini
1630 944 1854 1012 replevit

290 1039 465 1092 urbem
497 1047 759 1089 terrarum
791 1035 943 1105 (Sap.
971 1050 1004 1099 ι,
1036 1036 1116 1104 7).
1147 1034 1275 1088 Item
1326 1034 1396 1089 ibi
1429 1052 1442 1086 ε
1473 1034 1548 1089 Ne
1571 1035 1791 1102 dixeris,
1824 1049 1856 1088 θ

291 1128 478 1196 Spiritu
513 1125 606 1179 1)εεί
636 1126 959 1191 abscondor,
983 1135 1037 1178 et
1074 1124 1143 1179 de
1169 1126 1427 1179 altissimo
1469 1126 1587 1193 quis
1608 1126 1714 1180 mei
1743 1142 1857 1181 ute-

292 1217 614 1274 morabitur?
633 1218 688 1272 In
704 1216 903 1286 popqu
920 1218 1063 1271 enim
1096 1232 1287 1285 magno
1317 1217 1856 1288 nonagnoscor.Qu:e

291 1310 531 1364 estenim
552 1309 861 1361 animamea
894 1308 947 1359 in
992 1314 1099 1361 tam
1147 1321 1332 1375 magna
1380 1308 1661 1362 creatura?
1715 1310 1857 1364 Ecce

290 1400 495 1464 celum,
515 1409 570 1452 et
587 1398 783 1452 emtum
800 1397 1312 1467 cmlorum,abyssus
1341 1406 1396 1451 et
1426 1399 1668 1453 universa
1687 1406 1851 1465 terra,

290 1502 337 1546 et
360 1506 475 1560 quae
497 1490 553 1543 in
582 1490 662 1544 eis
683 1499 828 1553 sunt,
859 1490 910 1542 in
932 1496 1219 1558 conspectu
1265 1489 1383 1556 ejus
1426 1497 1573 1544 sunt.
1621 1492 1663 1543 Δ
1710 1490 1856 1543 vultu

288 1584 417 1639 illius
444 1584 809 1639 movebuntur
827 1590 1033 1636 montes
1084 1591 1141 1636 et
1184 1581 1367 1646 colles,
1412 1590 1469 1635 et
1515 1583 1854 1635 fundamenta

287 1683 454 1741 terra,
514 1684 572 1729 et
624 1688 744 1729 cum
786 1671 1137 1738 concusserit,
1189 1680 1423 1727 tremore
1481 1671 1856 1727 concutiuntur

285 1766 467 1835 (Et-cli.
504 1781 615 1830 va,
645 1764 758 1833 16).
793 1765 855 1818 Et
886 1765 936 1817 in
961 1763 1276 1834 Apocalyp~i
1322 1778 1338 1818 :

285 1856 599 1911 candelabra
626 1869 812 1916 aurea,
833 1860 840 1867 '
864 1862 919 1909 et
963 1863 1167 1921 septem
1221 1854 1465 1909 lucernas
1500 1854 1553 1907 in
1587 1854 1761 1923 capite
1780 1869 1866 1908 se-

286 1958 415 2017 ptem
451 1946 902 2001 caudelabrorum
957 1959 1263 2011 aureorum,
1296 1956 1351 1999 et
1377 1945 1485 1999 dixi
1520 1945 1689 2011 :Qute
1742 1953 1866 2000 sunt

286 2044 395 2105 ista,
430 2040 709 2096 Domine?
736 2041 805 2095 Et
831 2040 966 2094 dixit
1012 2040 1140 2094 mihi
1175 2055 1189 2093 :
1220 2039 1437 2108 Septem
1474 2042 1730 2103 lucernae,
1778 2054 1864 2094 se-

285 2142 416 2202 ptem
443 2131 676 2201 spiritus
702 2140 847 2197 sunt,
875 2130 1022 2184 missi
1051 2145 1147 2199 per
1176 2130 1482 2185 universum
1534 2129 1717 2184 orbem
1750 2140 1860 2186 ter-

285 2241 448 2280 rarnm
480 2227 678 2297 (Apoc.
703 2240 743 2287 ι,
776 2223 887 2293 i2).
918 2224 1057 2279 Ecce
1100 2223 1381 2278 docuimus
1425 2222 1683 2291 Spiritum
1738 2237 1863 2277 san-

284 2328 410 2371 euun
436 2316 710 2370 nouloeis
738 2314 987 2376 detineri,
1038 2328 1213 2383 neque
1260 2313 1479 2383 regione
1524 2313 1699 2382 aliqua
1755 2323 1862 2367 ter-

284 2408 488 2474 minari,
526 2408 800 2477 quomodo
821 2414 875 2461 tu
900 2409 1098 2460 astruis
1124 2420 1245 2460 eum
1272 2406 1465 2474 ubique
1484 2419 1590 2459 non
1615 2420 1733 2460 esse
1755 2405 1859 2459 dif-

283 2504 439 2556 fusum
465 2518 480 2555 :
505 2500 664 2569 cujus
684 2514 892 2565 vocem,
919 2498 1209 2553 secundum
1232 2498 1440 2551 Domini
1461 2496 1494 2551 d
1520 2511 1688 2561 ctum,
1712 2496 1858 2566 quis-

283 2595 386 2662 quis
410 2600 523 2655 est,
548 2591 738 2645 audire
764 2600 939 2644 tamen
990 2598 1184 2659 potest,
1233 2589 1328 2643 sed
1361 2588 1501 2643 unde
1549 2590 1748 2652 veniat,
1802 2599 1856 2644 et

283 2699 375 2753 quo
399 2682 589 2749 vadat,
622 2681 765 2736 nulli
786 2680 1091 2735 mortalium
1135 2680 1275 2734 scire
1303 2693 1617 2735 concessum
1661 2688 1767 2734 est.

883 2835 1109 2891 CAPUT
1131 2835 1269 2890 XVI.

281 2970 368 3029 Ubi
391 2973 578 3027 dicunt
609 2970 863 3039 Spiritum
900 2980 1129 3026 sanctum
1180 2972 1382 3045 pn-prie
1412 2970 1622 3044 lucifero
1648 2987 1859 3044 compa-

967 3053 1154 3096 ratum.
1195 3093 1216 3113 ,

338 3181 391 3236 Si
420 3180 520 3235 tibi
550 3178 825 3233 dixerint:
851 3178 1079 3247 Spiritus
1106 3188 1322 3233 sanctus
1360 3178 1582 3235 lucifero
1634 3194 1850 3250 compa-

281 3280 413 3325 ratus
431 3279 540 3336 est,
572 3280 701 3324 ante
731 3284 889 3337 quem
924 3270 1076 3323 Pater
1099 3268 1288 3323 Filium
1318 3272 1565 3339 genuisse
1605 3286 1665 3327 se
1690 3281 1852 3327 testa-

282 3370 356 3415 tus
381 3374 482 3426 est,
512 3359 751 3416 dicendo
775 3378 787 3411 :
814 3359 872 3411 In
894 3359 1266 3426 splendoribus
1287 3369 1589 3414 sanctorum
1612 3376 1676 3416 ex
1700 3371 1851 3417 utero

281 3466 388 3511 ante
416 3457 702 3511 luciferum
731 3453 889 3523 genui
920 3462 969 3506 te
991 3452 1163 3524 (Paul.
1186 3468 1294 3516 (ιιι,
1315 3453 1393 3520 5).
1447 3453 1685 3507 Velillud
1707 3471 1777 3524 qu
1816 3455 1849 3508 d

282 3548 451 3602 Petrus
480 3547 767 3617 apostolus
800 3545 932 3600 dixit
963 3563 976 3597 ε
1010 3545 1187 3599 Donec
1215 3544 1376 3617 445
1425 3546 1542 3600 dies
1593 3547 1846 3615 lucescat,

281 3651 329 3695 et
368 3642 562 3697 lucifer
622 3642 827 3695 oriatur
883 3639 938 3694 in
1010 3638 1262 3694 cordibus
1313 3641 1506 3694 vestris
1538 3638 1634 3708 (11
1701 3637 1844 3693 Petr.

279 3749 323 3801 ι,
352 3734 459 3803 19).
1043 3720 1065 3737 ‘

340 3824 648 3896 Responsio.
678 3822 868 3877 Petrus
895 3823 931 3876 Α
944 3822 1201 3890 postolus,
1225 3836 1342 3877 cum
1357 3836 1456 3893 pro
1473 3822 1713 3877 doctrina
1728 3838 1851 3877 crc-

277 3916 499 3971 dcntium
535 3918 655 3970 haec
680 3916 732 3969 in
761 3929 856 3969 sua
887 3914 1118 3982 Epistula
1144 3917 1429 3983 posuisset,
1448 3915 1702 3983 Spiritum
1726 3928 1849 3968 san-

278 4015 405 4061 ctum
434 4005 721 4061 luciferum
766 4005 978 4073 proprie
1018 4004 1371 4070 nominatum,
1421 4020 1520 4059 nec
1567 4004 1718 4069 dixit,
1749 4019 1847 4059 nec

276 4100 465 4165 docuit,
490 4114 596 4153 nec
628 4097 869 4152 ducenda
900 4097 1189 4151 mandavit.
1223 4096 1326 4152 Sed
1355 4105 1408 4150 et
1431 4111 1526 4151 nos
1548 4100 1633 4165 qui
1659 4099 1711 4151 in
1728 4097 1845 4150 Tri-

276 4190 429 4243 nitate
457 4204 632 4243 unum
655 4189 924 4242 credimus
957 4188 1141 4248 Deum.
1168 4190 1326 4243 etiam
1368 4188 1537 4257 ipsum
1565 4188 1842 4242 Dominum

274 4292 321 4335 et
345 4282 679 4337 Salvatorcm
723 4290 957 4333 noStrum
983 4279 1035 4333 in
1069 4279 1233 4347 figura
1289 4280 1444 4349 hujus
1493 4280 1685 4343 stellio,
1736 4294 1842 4333 non

276 4372 434 4425 solum
460 4387 491 4425 a
515 4370 821 4440 prophetis,
849 4386 1028 4424 verum
1057 4371 1214 4425 etiam
1244 4370 1313 4424 ab
1356 4372 1615 4438 apostolis
1661 4380 1844 4425 osten-

277 4460 434 4514 dimus
464 4460 841 4529 praedicatum.
871 4457 924 4512 lu
955 4460 1170 4514 Numeri
1227 4461 1386 4514 etiam
1435 4462 1592 4524 libro,
1624 4477 1745 4515 cum
1810 4477 1838 4515 a

279 4550 455 4606 Balaae
482 4551 811 4619 impiissimo
864 4566 987 4621 rege
1006 4561 1060 4605 et
1081 4552 1340 4621 sacrilego
1383 4553 1594 4607 Balaam
1625 4570 1839 4623 quoque

276 4641 734 4709 pseudOprOpheta
766 4640 830 4694 ad
856 4641 1276 4696 maledicendum
1296 4643 1389 4697 Dei
1420 4644 1669 4712 populum
1701 4660 1843 4699 mer-

274 4732 411 4786 cedis
437 4733 596 4786 titulo
622 4732 816 4786 fuisset
844 4733 1120 4796 adductus,
1141 4735 1255 4789 hate
1272 4736 1495 4789 docetur
1513 4751 1615 4790 non
1632 4752 1728 4791 sua
1752 4753 1845 4793 vo-

274 4826 490 4894 luntate,
523 4828 619 4883 sed
644 4828 826 4881 divino
874 4828 1095 4896 imperio
1143 4828 1385 4884 intulisse
1415 4849 1428 4883 :
1459 4832 1693 4898 Orietur,
1745 4835 1841 4900 ait,

272 4919 421 4972 stella
443 4935 514 4973 ex
542 4918 733 4982 Iacob,
764 4927 817 4973 et
846 4918 1100 4972 ascendet
1130 4921 1276 4988 virga
1323 4936 1387 4975 ex
1427 4922 1606 4989 Israel,
1640 4932 1694 4977 et
1724 4938 1847 4993 per-

269 5011 425 5065 cutiet
451 5013 632 5064 omnia
658 5026 817 5079 regna
842 5021 997 5065 terra:
1022 5010 1208 5083 (Num.
1239 5030 1386 5078 xxiv,
1422 5014 1529 5084 i7).
1553 5017 1615 5069 Et
1644 5020 1696 5070 in
1739 5018 1846 5071 alio

271 5099 416 5153 loco:
443 5100 724 5154 Columna
744 5103 863 5155 caeli
888 5113 1327 5157 contremuerunt
1366 5105 1670 5168 Dominum.
1699 5118 1844 5162 astra

268 5198 440 5242 autem
467 5190 596 5244 curii
627 5199 866 5244 metuent
891 5208 1013 5244 cum
1037 5191 1177 5261 (Job.
1233 5209 1380 5257 xx",
1415 5193 1523 5261 li).
1580 5198 1841 5263 Quoniam

267 5277 380 5332 hac
404 5289 617 5345 est‘pax
646 5289 703 5333 et
732 5281 899 5334 virtus
925 5283 1062 5350 ejus,
1085 5292 1143 5336 ut
1163 5283 1442 5351 splendeat
1464 5286 1518 5338 in
1539 5288 1676 5340 cmlo
1693 5288 1842 5342 stella

265 5368 396 5436 ejus,
428 5370 499 5425 ad
535 5371 912 5426 illuminandos
930 5388 1117 5428 omnes
1138 5375 1419 5430 credentes
1442 5360 1508 5430 in,
1543 5393 1688 5433 eum.
1718 5381 1846 5436 Hinc

266 5464 313 5515 iu
348 5463 647 5532 Evangelio
679 5482 691 5515 :
721 5464 982 5532 Vidimus,
1047 5467 1312 5537 inquiunt,
1362 5472 1569 5523 stellam
1624 5473 1742 5539 ejus
1790 5474 1841 5529 in

264 5555 495 5619 oriente,
530 5564 588 5607 et
616 5555 858 5609 venimus
897 5557 1122 5612 adorare
1164 5574 1285 5613 eum
1329 5560 1549 5628 (Matth.
1583 5578 1639 5623 η,
1666 5563 1741 5628 2).
1777 5564 1845 5619 Et

265 5646 313 5698 in
344 5646 675 5715 Apocalypsi
704 5648 923 5702 Joannis
972 5651 1195 5716 alutstuli
1231 5667 1243 5703 :
1281 5652 1391 5718 Ego
1415 5668 1531 5706 sum
1564 5655 1764 5723 primus
1789 5666 1842 5709 et

266 5740 596 5797 novissimus
619 5740 800 5809 (Apoc.
830 5756 964 5809 xxtt,
1000 5743 1107 5811 15).
1142 5743 1251 5813 Ego
1278 5759 1395 5798 sum
1426 5746 1570 5800 radix
1613 5754 1669 5801 ct
1692 5748 1840 5817 origo

1953 487 2009 542 Si
2035 489 2177 541 enim
2205 490 2275 542 ob
2306 490 2461 558 hujus
2490 492 2659 546 stella:
2686 496 3029 562 vocabulum,
3055 507 3108 551 et
3153 499 3221 552 ab
3276 516 3343 556 eo
3390 508 3532 570 quod

1955 576 2167 632 Lucifer
2194 580 2495 648 appellatus
2520 591 2621 646 est,
2650 582 2905 652 Spiritum
2927 597 3169 642 sanctum
3202 589 3339 644 Filio
3362 594 3537 646 mino-

1956 682 2067 722 rem
2094 684 2215 723 esse
2246 672 2551 737 contendis,
2585 677 2821 745 nunquid
2852 687 2905 731 et
2948 679 3162 745 Filium,
3189 699 3347 750 quem
3379 701 3537 755 supe<

1954 759 2067 812 rius
2092 759 2145 814 in
2176 768 2359 831 typum
2407 765 2575 819 stella:
2630 767 2795 835 ipsius
2837 768 3116 825 docuimus
3168 776 3533 843 prmdicatum,

1954 850 2172 919 Spiritui
2203 865 2392 908 sancto
2419 856 2727 913 inferiorem
2754 875 2878 916 esse
2900 864 3174 918 ostendis?
3202 866 3373 933 Absit,
3406 885 3538 936 quo-

1956 944 2099 998 niam
2130 944 2270 1000 sieut
2294 946 2462 1001 Filius
2492 949 2544 1003 in
2592 950 2746 1017 hujus
2774 953 2944 1007 stella:
2998 954 3225 1026 imagine
3258 961 3533 1016 nuntiatus

1955 1033 2171 1103 Spiritui
2202 1048 2387 1091 sancto
2430 1054 2534 1092 non
2562 1047 2734 1107 potest
2762 1042 2867 1095 dici
2910 1044 3151 1113 inferior,
3202 1049 3272 1101 ita
3295 1049 3529 1118 Spiritus

1954 1137 2194 1186 ιιηειυε,
2220 1125 2263 1178 si
2297 1127 2511 1195 proprie
2540 1127 2729 1183 fuisset
2768 1130 2990 1188 lucifero
3036 1147 3396 1206 comparatus,
3431 1143 3531 1196 mi-

1957 1228 2055 1267 nor
2084 1212 2220 1269 Filio
2250 1229 2355 1269 non
2386 1226 2591 1284 poterat
2618 1232 2897 1289 apparere.

2546 1343 2771 1403 CAPUT
2812 1348 2969 1406 XVII.

1960 1478 2055 1535 Ubi
2078 1480 2349 1567 catholicos
2374 1480 2689 1565 detestantur
2736 1486 2942 1567 quod-tt
2993 1488 3191 1567 Spiritu
3228 1503 3403 1551 ωηειο
3424 1512 3538 1567 ped.

2220 1563 2448 1606 calorum
2477 1555 2672 1605 veniam
2722 1557 2983 1625 postulare
3011 1560 3274 1616 dicuntur.

2026 1684 2081 1737 Si
2105 1685 2195 1738 tibi
2226 1687 2571 1753 opposuerim
2587 1688 2825 1743 dicentes
2846 1690 3136 1748 catholicos
3157 1708 3183 1751 ε
3198 1696 3416 1765 terilego
3444 1713 3539 1754 ore

1394 1763 1462 1817 Et
1502 1764 1615 1857 xiiii
1652 1774 1856 1857 septem
1893 1779 1934 1838 Β
1963 1773 2351 1842 blasphemare,
2392 1776 2531 1844 quod
2564 1786 2684 1845 post
2720 1778 2929 1834 Patrem
2971 1795 3024 1837 et
3060 1782 3247 1839 Filium
3273 1801 3300 1839 a
3336 1763 3538 1857 Spiritu

1964 1874 2151 1921 sancto
2179 1878 2535 1936 agnoscantur
2558 1881 2897 1938 peccatorum
2931 1878 3135 1929 veniam
3168 1880 3461 1945 postulare.

2033 1956 2197 2027 446
2238 1957 2534 2026 Responsio.
2581 1960 2835 2029 Spiritum
2884 1973 3125 2019 sanctum
3170 1968 3436 2035 iudicem,
3482 1982 3537 2025 et

1964 2050 2268 2102 universum
2291 2049 2546 2103 mundum
2574 2050 2636 2104 de
2660 2062 2900 2118 peccato,
2928 2055 2996 2109 de
3015 2056 3240 2123 justitia,
3278 2067 3333 2112 et
3355 2058 3422 2113 de
3446 2061 3536 2126 ju-

1962 2138 2106 2192 dicio
2143 2153 2298 2207 posse
2326 2154 2573 2209 arguere,
2620 2141 2874 2197 Dominus
2902 2144 2957 2197 in
3002 2146 3289 2214 Evangelio
3326 2149 3530 2215 docuit,

1961 2228 2146 2283 dicens
2174 2245 2188 2280 :
2217 2227 2348 2283 Cum
2370 2239 2548 2283 autem
2571 2233 2776 2286 venerit
2806 2232 3036 2303 Spiritus
3070 2248 3309 2302 sanctus,
3341 2241 3431 2295 ille
3451 2257 3537 2295 ar-

1958 2327 2085 2389 guet
2116 2319 2369 2374 mundum
2400 2320 2469 2375 de
2497 2331 2735 2390 peccato,
2754 2334 2807 2379 et
2837 2324 3149 2394 dejustitia,
3174 2338 3227 2384 et
3245 2331 3310 2383 de
3334 2330 3538 2400 judicio

1958 2408 2141 2479 (Joau.
2173 2425 2284 2473 xvr,
2312 2409 2390 2480 8).
2425 2413 2488 2465 Et
2517 2412 2717 2468 Isaias:
2756 2416 2949 2472 Abluet
2976 2419 3250 2485 Dominus,
3283 2423 3379 2498 ait,
3411 2438 3531 2477 sor-

1959 2503 2055 2558 des
2081 2504 2306 2559 liliorum
2336 2515 2389 2560 et
2414 2506 2637 2561 filiarum
2676 2508 2805 2563 Sion
2835 2510 3024 2579 spiritu
3045 2512 3230 2581 judicii
3260 2515 3277 2585 (
3306 2514 3429 2568 Isai.
3458 2531 3529 2579 Iv,

1956 2594 2054 2665 4).
2090 2595 2157 2649 Et
2198 2596 2252 2649 in
2288 2596 2618 2652 Salomone:
2653 2598 2882 2667 Spiritus
2932 2601 3141 2657 Domini
3184 2615 3369 2658 contra
3418 2606 3534 2660 illus

1954 2686 2153 2751 stabit,
2179 2696 2236 2741 et
2264 2695 2513 2755 tanquam
2545 2690 2698 2743 turbo
2730 2691 2873 2744 venti
2903 2690 3105 2746 dividet
3133 2693 3253 2748 illos
3280 2695 3299 2757 (
3316 2694 3445 2762 Sap.
3475 2711 3529 2759 v,

1952 2775 2069 2847 24).
2099 2775 2230 2831 Item
2264 2779 2423 2832 Isaias
2453 2795 2467 2831 :
2501 2780 2635 2833 Ecce
2660 2795 2762 2849 ego
2789 2780 2839 2834 in
2868 2782 3058 2850 spiritu
3088 2798 3207 2839 meo
3231 2783 3527 2853 laciojudi-

1953 2866 2091 2920 cium
2111 2907 2129 2930 ,
2161 2867 2286 2921 dicit
2311 2867 2566 2923 Dominus
2597 2869 2615 2939 (
2642 2868 2770 2922 lsai.
2801 2886 2947 2937 xxvr,
2987 2872 3079 2939 9).
3111 2872 3215 2926 Cur
3237 2874 3393 2942 igitur
3419 2876 3532 2943 ipse

1953 2957 2144 3013 abnuis
2181 2968 2235 3012 ut
2263 2960 2623 3029 unusquisque
2653 2975 2680 3012 a
2705 2960 2886 3030 judice
2926 2976 3025 3016 suo
3073 2975 3410 3034 pecsatut'um
3441 2981 3532 3022 ve—

1953 3052 2094 3106 niam
2118 3069 2221 3106 non
2242 3054 2492 3122 postulet,
2514 3062 2570 3107 ut
2592 3056 2838 3109 mundior
2866 3071 2895 3109 a
2920 3058 3151 3122 peccatis
3180 3067 3235 3112 et
3257 3061 3531 3127 purgatior

1873 3152 1917 3214 ο
1954 3140 2063 3206 fiat,
2093 3155 2211 3195 cum
2234 3141 2549 3210 postulando
2580 3145 2771 3211 poterit
2795 3145 3053 3201 evadere?
3089 3146 3142 3201 Si
3180 3162 3285 3216 quo
3307 3147 3529 3203 forsitan

1952 3232 2115 3301 facto,
2146 3244 2234 3286 aut
2259 3235 2465 3288 incauta
2520 3236 2667 3289 verbi
2703 3236 3019 3303 prolatione,
3054 3254 3189 3293 noxa
3234 3240 3530 3296 incurrerat

1950 3325 2143 3393 eulpm,
2175 3325 2329 3393 plane
2349 3335 2403 3379 et
2432 3327 2812 3381 convenienter
2838 3342 2867 3380 a
2897 3328 3094 3397 Spiritu
3140 3338 3328 3385 sancto
3375 3335 3530 3387 venia

1950 3416 2316 3484 postulabatur
2346 3426 2401 3470 ut
2425 3420 2659 3486 peccatis
2682 3419 3049 3473 remissionem
3065 3430 3121 3475 et
3148 3423 3528 3493 indulgentiam

1949 3506 2167 3571 tribuat,
2198 3511 2284 3578 qui
2314 3523 2408 3576 pro
2444 3509 2594 3562 nobis
2620 3510 2824 3563 Patrem
2842 3512 3127 3579 gemitibus
3155 3514 3531 3570 inenarrabili-

1949 3597 2048 3652 bus
2096 3598 2428 3667 interpellat.
2475 3599 2624 3664 Quod
2668 3611 2846 3655 autem
2887 3616 2986 3655 nos
3016 3603 3303 3674 sacrilegos
3347 3620 3527 3674 vocas,

1948 3689 2089 3755 quod
2130 3691 2420 3745 secundum
2470 3692 2751 3748 Trinitatis
2803 3695 3193 3751 confessionem
3248 3699 3415 3752 Deum
3467 3676 3555 3755 ac.

1950 3779 2229 3835 Dominum
2256 3780 2508 3849 Spiritum
2536 3793 2776 3837 sanctum
2804 3798 2924 3839 esse
2949 3788 3296 3853 asseruimus,
3322 3790 3443 3844 vide
3462 3805 3529 3844 ne

1947 3880 2002 3926 tu
2056 3872 2225 3941 magis
2278 3874 2392 3941 ipse
2438 3873 2629 3942 dignus
2658 3875 2733 3928 sis
2780 3875 2882 3930 hoc
2925 3880 3141 3933 nomine
3192 3881 3524 3947 nuncupari,

1945 3962 2069 4017 dum
2099 3979 2203 4017 non
2233 3964 2313 4016 vis
2339 3964 2591 4033 Spiritum
2616 3974 2858 4019 sant-tum
2917 3968 3183 4033 confiteri,
3233 3984 3391 4038 quem
3423 3970 3528 4023 Do-

1945 4054 2120 4108 minus
2143 4070 2236 4124 per
2255 4056 2526 4123 apostolos
2548 4071 2667 4110 cum
2715 4057 2870 4111 Patre
2895 4066 2950 4113 et
3004 4058 3138 4112 Filio
3184 4060 3527 4116 indiscretum

1945 4144 2109 4197 voluit
2133 4144 2392 4199 universis
2441 4147 2685 4215 gentibus
2730 4147 2959 4201 intimari
2995 4166 3006 4200 ε
3047 4149 3140 4215 Ite,
3192 4150 3384 4217 inquit,
3427 4150 3522 4205 ba-

1944 4236 2135 4305 ptizate
2160 4250 2350 4290 omnes
2370 4247 2577 4305 gentes,
2609 4237 2658 4291 in
2692 4238 2904 4292 nomine
2948 4236 3120 4293 Patris
3141 4280 3154 4303 ,
3187 4250 3239 4294 et
3270 4240 3431 4308 Filii,
3470 4251 3525 4296 et

1945 4329 2174 4398 Spiritus
2198 4329 2369 4383 sancti
2398 4328 2610 4395 (Matth.
2646 4346 2828 4393 xxvut,
2865 4330 2973 4399 l9).
2994 4330 3051 4385 Si
3101 4332 3242 4386 cnim
3295 4333 3524 4401 Spiritus

1941 4432 2158 4476 sanctus
2185 4422 2237 4475 in
2262 4420 2475 4492 deicitis
2503 4422 2797 4476 substantia
2830 4422 2969 4476 Patri
2998 4434 3051 4477 et
3077 4423 3213 4477 Filio
3245 4440 3350 4478 non
3380 4439 3525 4480 cna:-

1872 4510 1917 4567 D
1943 4521 2155 4581 quatur,
2183 4525 2278 4565 cur
2314 4512 2365 4565 in
2393 4524 2726 4566 sacramento
2754 4514 2889 4567 sacri
2908 4513 3240 4585 baptismatis
3254 4516 3384 4571 nihil
3406 4517 3526 4573 abs-

1945 4619 2048 4673 que
2076 4603 2167 4658 illo
2181 4604 2515 4673 completur?

2466 4728 2487 4751 ί
2506 4716 2735 4772 CAPUT
2775 4718 2956 4773 XVIII.

1955 4822 2054 4877 Ubi
2081 4824 2251 4876 dicunt
2283 4824 2530 4895 Spiritum
2550 4837 2782 4879 sanctum
2813 4846 2912 4880 non
2948 4846 3094 4883 nosse
3143 4830 3347 4886 Patrem
3394 4834 3527 4887 sicut

2482 4898 2770 4967 unigenilus
2797 4896 2985 4953 Filius.

2020 5024 2073 5080 Si
2105 5026 2194 5079 tibi
2222 5026 2483 5080 dixerint:
2518 5027 2574 5081 In
2598 5042 2665 5082 eo
2697 5029 2869 5084 minor
2919 5042 3000 5086 est
3031 5034 3257 5101 Spiritus
3284 5045 3523 5098 sanctus,

1946 5117 2065 5184 quia
2094 5115 2261 5170 Filius
2288 5118 2653 5172 tantummodo
2677 5120 2744 5175 de
2784 5135 2842 5175 se
2871 5122 2997 5176 dicit
3029 5122 3239 5179 Patrem
3270 5141 3450 5187 nosse,
3470 5135 3524 5178 et

1948 5207 2147 5261 nullam
2166 5208 2231 5262 de
2247 5208 2442 5277 Spiritu
2469 5219 2654 5265 sancto
2670 5217 2992 5269 mentionem
3014 5216 3203 5271 fecisse
3241 5221 3318 5285 leg
3355 5215 3521 5285 fecit).

2020 5297 2314 5369 Responsio.
2340 5298 2490 5353 Sicut
2516 5302 2566 5354 in
2588 5301 2801 5358 Christo
2833 5306 3033 5359 habitat
3086 5306 3355 5373 plenitudo
3383 5306 3523 5358 divi-

1952 5389 2153 5455 nitatis,
2188 5391 2257 5443 ita
2283 5390 2334 5443 in
2366 5391 2565 5457 Spiritu
2594 5406 2780 5449 sancto
2812 5394 3106 5451 manifestae
3131 5404 3258 5449 sunt
3282 5395 3524 5451 altitudi-

1953 5495 2046 5535 nes
2072 5480 2302 5535 deitatis.
2336 5480 2466 5536 Cum
2494 5485 2633 5537 enim
2655 5485 2812 5555 447
2841 5489 2951 5539 hrc
2980 5486 3261 5553 Apostolus
3309 5486 3523 5563 uberius

1949 5579 2005 5625 et
2045 5574 2303 5629 satianter
2356 5576 2607 5639 affirmet,
2637 5591 2735 5630 cur
2764 5577 2980 5644 perfidia
3010 5587 3182 5630 vestra
3238 5578 3522 5637 veritatem

1950 5665 2237 5730 majestatis
2268 5666 2599 5734 interpellat?
2627 5666 2790 5718 Nemo
2835 5667 2998 5725 enim.
3053 5669 3149 5735 ait,
3201 5670 3301 5724 scit
3350 5671 3521 5728 Ιιοιηὶυ

1949 5767 2071 5806 nutu
2105 5771 2219 5821 qua:
2250 5767 2371 5810 sunt
2398 5757 2643 5820 hominis,
2679 5757 2776 5810 nisi
2819 5758 3033 5821 spiritus
3057 5759 3289 5817 hominis
3317 5765 3405 5827 qui
3437 5766 3515 5820 in-
