3962 6178
432 282 463 331 ιί
480 280 531 332 ll

1711 279 1929 337 VIGILII
1968 272 2342 334 TAPSENSlS

3560 281 3657 338 ιη

411 416 524 469 ipso
552 411 653 471 est,
684 402 762 456 sic
786 409 837 456 et
880 413 997 468 quae
1035 400 1087 452 in
1143 396 1250 451 Deo
1287 405 1408 450 sunt
1455 408 1611 448 nemo
1660 393 1826 454 novit,
1883 391 1981 444 nisi
2013 396 2055 448 Α
2092 388 2383 454 Unicuique
2430 395 2606 441 autem
2639 395 2874 440 nostrum
2898 388 3055 442 datur
3096 388 3410 444 illuminatio
3435 391 3659 459 Spiritus

409 494 640 562 Spiritus
667 493 756 545 Dei
787 490 838 562 (Ι
871 492 990 543 Cor.
1018 506 1075 554 tt,
1105 489 1213 557 ll).

482 587 618 638 Ecce
637 584 745 652 jam
770 598 874 635 non
902 582 1047 634 solus
1076 580 1219 633 nwit
1247 577 1431 635 Filius.
1476 576 1616 645 quod
1650 574 1791 628 novit
1818 574 1979 628 etiam

408 674 639 741 Spiritus
664 682 879 727 sanctus
912 689 923 722 :
960 670 1206 738 nonquia
1236 668 1357 721 dum
1400 681 1642 734 persona:
1692 674 1816 718 sunt
1862 664 1978 717 Filii

410 774 467 817 et
495 763 723 830 Spiritus
751 762 941 822 sancti,
978 760 1027 812 in
1070 759 1289 812 sciendo
1335 773 1453 826 qua:
1481 758 1569 810 Dei
1592 765 1724 809 sunt
1744 755 1977 823 aliquam

408 852 1013 919 diversitateminducit,
1044 851 1137 903 sed
1168 850 1387 903 unitatis
1441 848 1868 902 communionem
1919 846 1980 897 li-

408 942 948 997 delitercretlentibus
962 941 1243 997 intimavit.
1260 942 1312 994 In
1328 941 1432 994 alio
1444 939 1603 993 etiam
1617 938 1733 991 loco
1744 935 1982 1004 sequitur

410 1031 552 1086 idem
582 1031 858 1099 apostolus
907 1032 1091 1084 dicens
1122 1046 1136 1081 :
1168 1031 1397 1099 Spiritus
1428 1036 1531 1091 est,
1579 1027 1666 1095 qui
1717 1031 1981 1079 scrutatur

408 1121 569 1177 etiam
610 1120 868 1189 profunda
906 1120 996 1174 Dei
1043 1119 1092 1187 (Ι
1125 1118 1243 1172 Car.
1274 1133 1333 1187 tt,
1359 1118 1467 1187 lli).
1505 1118 1568 1171 Et
1607 1119 1841 1171 iterum:
1875 1115 1982 1170 Nos

409 1224 587 1267 autem
612 1228 717 1267 non
744 1213 989 1282 spiritum
1041 1212 1223 1265 mundi
1269 1211 1591 1278 accepimus,
1615 1210 1707 1264 sed
1739 1207 1979 1279 spiritum

410 1309 497 1378 qui
529 1323 593 1363 ex
619 1308 727 1362 Deo
756 1316 839 1362 est
867 1306 1052 1378 (Ibid.,
1077 1307 1190 1375 l2).
1216 1305 1348 1359 Etin
1379 1304 1662 1373 Evangelio
1691 1303 1886 1357 Juilzeis
1913 1302 1983 1357 de

413 1401 595 1469 steipso
616 1400 781 1454 Filias
816 1400 983 1454 dicit:
1018 1399 1123 1452 Vos
1168 1408 1343 1451 autem
1376 1411 1480 1450 non
1516 1397 1682 1450 nostis
1707 1411 1860 1457 eum,
1884 1409 1982 1462 ego

410 1504 584 1545 autem
614 1491 735 1544 novi
766 1504 906 1553 eum,
937 1489 1027 1557 qui
1052 1504 1117 1543 ex
1140 1487 1257 1554 ipso
1281 1502 1398 1542 sum
1426 1487 1603 1555 (Joan.
1637 1501 1748 1548 vni,
1781 1486 1894 1552 55).
1926 1482 1981 1539 Si

410 1580 477 1634 de
504 1580 610 1634 Deo
634 1588 713 1634 est
743 1579 969 1646 Spiritus
1018 1584 1255 1639 sanctus,
1312 1575 1757 1645 quemadmodum
1783 1575 1849 1630 de
1876 1574 1984 1628 Deo

409 1679 493 1726 est
518 1671 702 1735 Filius,
730 1670 998 1740 quomodo
1009 1669 1183 1723 minor
1206 1667 1330 1731 erit,
1351 1668 1439 1737 qui
1472 1666 1609 1737 quod
1634 1667 1687 1720 in
1718 1667 1874 1722 Patre
1899 1667 1984 1720 Fi-

2079 480 2326 550 atlhﬁs
2357 479 2637 532 utilitatem
2670 481 3020 548 :qnihnsdam
3069 481 3212 534 enim
3268 497 3360 547 per
3410 485 3659 551 Spiritum

2078 574 2235 626 datur
2287 571 2505 637 spiritus
2554 571 2849 637 sapien'iz,
2872 571 2958 625 alii
2987 586 3165 625 sermo
3194 574 3433 626 scientiae
3467 591 3660 629 secon-

2078 661 2203 714 ilum
2226 662 2471 716 eumdem
2500 661 2779 729 Spiritum,
2808 661 2896 713 alii
2933 661 3066 715 ﬁdes
3112 663 3164 715 in
3197 663 3387 716 eodem
3435 664 3658 732 Spiritu,

2079 753 2165 805 alii
2215 753 2534 807 charismata
2565 752 2910 805 donationnm
2940 753 2990 804 in
3024 767 3130 804 uno
3163 751 3388 821 Spiritu,
3419 754 3505 808 alii
3538 770 3663 822 ope-

2078 845 2215 898 ratio
2239 844 2512 907 virtutnm,
2539 843 2624 895 alii
2658 842 2958 911 prophetia,
2990 842 3080 896 alii
3128 844 3385 897 discretio
3417 846 3660 911 spiritus,

2078 937 2165 991 alii
2205 950 2400 1005 genera
2448 936 2593 1005 lingu
2611 950 2768 997 trum,
2795 935 2884 987 alii
2942 935 3412 1003 interpretationes
3451 937 3660 1006 lingua-

2081 1047 2216 1087 rum.
2231 1032 2421 1085 Omnia
2435 1040 2613 1086 autem
2627 1030 2741 1085 hac
2756 1039 3007 1097 operatur
3024 1044 3157 1085 unus
3172 1039 3333 1099 atque
3346 1030 3489 1084 idem
3501 1033 3663 1100 Spiri-

2079 1132 2165 1177 tus
2196 1122 2523 1177 distribuens
2550 1122 2762 1191 propria
2777 1121 3064 1190 unicuique
3081 1122 3355 1189 proutvult
3375 1121 3425 1191 (Ι
3443 1119 3562 1175 Cor.
3589 1137 3660 1191 st,

2079 1214 2253 1282 7-H).
2278 1212 2347 1269 Ut
2377 1228 2503 1267 vero
2526 1213 2578 1266 in
2612 1214 2829 1267 nomine
2852 1211 3082 1280 Spiritus
3129 1212 3299 1266 sancti
3331 1211 3661 1279 bztptizetur,

2080 1305 2220 1360 sicut
2239 1306 2291 1359 in
2317 1308 2529 1359 nomine
2553 1304 2725 1359 Patris
2746 1313 2807 1358 et
2839 1303 2959 1358 Filii
2980 1343 2995 1366 ,
3024 1314 3079 1359 et
3127 1305 3383 1357 Dominus
3411 1303 3462 1357 in
3495 1303 3663 1359 Evam

2080 1397 2218 1465 gelio
2247 1399 2394 1452 testis
2414 1408 2518 1461 est.
2540 1407 2595 1453 et
2626 1398 2818 1451 Paulus
2860 1397 3004 1467 paria
3032 1398 3361 1465 pronuntiat.
3399 1398 3662 1452 Dominus

2080 1489 2293 1558 quidem
2318 1506 2439 1543 cum
2469 1490 2628 1544 dicit:
2663 1490 2929 1554 Baptizate
2973 1498 3181 1557 gentes,
3210 1490 3261 1544 in
3286 1489 3505 1545 nomine
3563 1490 3661 1544 Pa-

2084 1580 2203 1644 tris,
2225 1590 2279 1634 et
2295 1580 2411 1635 Filii
2430 1589 2485 1635 et
2505 1580 2731 1649 Spiritus
2750 1580 2919 1635 sancti
2944 1579 3355 1647 (Matthxxvtn,
3387 1578 3505 1649 19).
3522 1579 3663 1649 Apu-

2083 1671 2250 1725 stolns
2274 1686 2399 1726 vero
2424 1686 2547 1725 cum
2564 1686 2750 1726 omnes
2780 1687 2875 1726 nos
2889 1672 3089 1739 Spiritu
3109 1672 3406 1740 baptizatos
3428 1672 3665 1726 insinuat

410 1762 515 1817 tius
536 1761 702 1823 novit,
742 1762 857 1829 ipse
885 1759 1187 1829 cognoscit?
1204 1758 1493 1813 Docuimus
1506 1757 1701 1812 deinde
1719 1757 1976 1826 Spiritum
2009 1752 2056 1813 Β
2080 1770 2241 1831 atque
2264 1763 2546 1819 conﬁrmat
2573 1781 2585 1815 :
2623 1763 2831 1817 Etenim
2854 1758 3175 1827 aesomnes,
3206 1764 3300 1824 ait,
3331 1764 3383 1815 in
3410 1778 3517 1816 uno
3546 1763 3664 1831 Spi-

411 1861 649 1907 sauctum
680 1852 748 1907 de
785 1852 891 1906 Deo
923 1852 1077 1906 Patre
1104 1858 1161 1904 ut
1190 1849 1380 1903 Filium
1409 1848 1836 1904 inenarrabiliter
1861 1863 1985 1917 pro-

412 1943 716 2007 cedentem,
773 1943 896 2013 quia
936 1956 1175 1997 connexa
1204 1940 1434 1996 Trinitas
1476 1940 1884 2009 inseparabilem
1930 1940 1983 1996 in

413 2048 474 2089 se
522 2035 757 2103 possidet
800 2035 1076 2088 unitatem.

990 2143 1215 2200 CAPUT
1257 2144 1400 2199 XIX.

456 2234 556 2289 Ubi
585 2235 761 2287 dicunt
790 2249 892 2287 non
922 2234 1199 2304 baptizatus
1222 2236 1272 2287 in
1295 2235 1495 2288 nomine
1515 2236 1738 2305 Spiritus
1764 2237 1947 2303 sancti,

901 2305 1031 2357 sicut
1053 2305 1106 2357 in
1131 2307 1332 2359 nomine
1358 2304 1504 2359 Filii.

483 2421 538 2477 Si
566 2421 707 2477 enim
729 2420 957 2475 dixerint
987 2421 1077 2475 tibi
1113 2439 1125 2473 :
1151 2420 1277 2476 ideo
1306 2422 1480 2477 minor
1505 2431 1586 2476 est
1610 2421 1839 2491 Spiritus
1867 2437 1990 2477 san-

416 2522 533 2568 ctus
556 2515 678 2582 quia
699 2513 748 2566 in
781 2515 995 2568 nomine
1019 2513 1136 2583 ejus
1166 2529 1271 2569 non
1294 2514 1693 2584 baptizaveruut
1722 2515 1989 2586 discipuli,

421 2601 516 2657 sed
537 2603 589 2657 in
619 2604 835 2659 nomine
866 2603 1007 2658 Filii.

496 2694 800 2764 Responsio.
822 2695 935 2749 Non
960 2696 1100 2750 enim
1132 2706 1212 2751 est
1241 2697 1290 2751 in
1330 2696 1590 2751 Trinitate
1615 2697 1914 2760 diversitas,
1939 2697 1991 2752 in

419 2800 522 2853 qua
546 2793 628 2840 est
659 2800 763 2838 non
786 2785 959 2839 solum
999 2788 1274 2855 potestatis
1299 2801 1361 2841 ac
1401 2787 1689 2841 voluntatis
1716 2787 1994 2843 individua

419 2877 635 2940 caritas,
668 2877 760 2930 sed
788 2878 948 2930 etiam
977 2876 1191 2931 deitatis
1237 2885 1290 2931 et
1340 2877 1634 2946 maiestatis
1672 2879 1987 2947 aequalitas:

418 2966 557 3035 quod
575 2967 716 3022 enim
733 2975 1067 3035 exspectatur
1091 2981 1121 3020 a
1149 2968 1321 3032 Patre,
1353 2968 1619 3024 invenitur
1659 2968 1712 3023 in
1759 2969 1914 3036 Filio,
1942 2979 1996 3026 et

419 3055 557 3124 quod
590 3056 854 3111 invenitur
874 3057 928 3109 in
963 3057 1115 3119 Filio,
1150 3058 1395 3112 tribuitur
1442 3067 1495 3114 et
1542 3059 1758 3126 Spiritui
1785 3070 1989 3114 sancto.

424 3148 480 3201 Si
508 3163 635 3202 vero
657 3147 1063 3201 distributiones
1096 3147 1319 3215 Spiritus
1341 3150 1507 3203 sancti
1534 3150 1745 3203 curioso
1769 3148 2000 3205 volneris

438 3238 711 3304 inquirere
753 3236 966 3301 animo,
1019 3238 1327 3303 Apost'olum
1352 3237 1536 3291 audies
1582 3237 1998 3307 praedicantem:

2086 1854 2191 1908 ritu
2215 1855 2460 1921 baptizati
2493 1871 2698 1917 sumus,
2747 1856 2862 1909 sive
2909 1854 3101 1916 .1ιι‹1;εῖ,
3156 1857 3267 1908 sivi
3312 1854 3507 1916 Gnaei,
3542 1856 3665 1910 sive

2086 1945 2250 2009 servi,
2278 1945 2393 2000 sive
2415 1945 2587 2009 liberi,
2609 1954 2664 1999 et
2692 1958 2881 2000 omnes
2903 1944 2956 1998 in
3006 1960 3111 1999 uno
3162 1944 3365 2011 Spiritu
3396 1945 3565 2011 putati
3587 1960 3666 1998 su-

2088 2036 2280 2107 mus(l
2306 2038 2425 2092 Cor.
2466 2037 2705 2105 xu,13).
2750 2035 2813 2089 Et
2839 2037 3029 2090 iterum
3077 2051 3089 2086 :
3134 2034 3194 2088 In
3240 2048 3346 2103 quo
3380 2034 3671 2089 credentes

2088 2126 2279 2192 signati
2309 2126 2439 2182 estis
2467 2127 2521 2180 in
2548 2125 2748 2196 Spiritu
2791 2133 2979 2180 sancto
3012 2122 3405 2194 promissionis,
3442 2124 3535 2193 qui
3584 2134 3670 2178 est

2090 2217 2279 2286 pignus
2308 2216 2633 2273 hereditatis
2662 2224 2860 2271 nostra:
2880 2216 2932 2270 in
2973 2213 3396 2282 redemptionem
3419 2213 3665 2281 adoptio-

2091 2309 2175 2362 nis
2203 2307 2419 2379 (Eplm.
2450 2324 2488 2375 t,
2517 2306 2629 2377 13).
2655 2307 2718 2362 Et
2743 2307 2932 2362 iterum
2962 2306 3073 2363 :Ut
3090 2306 3181 2361 det
3211 2306 3673 2361 vobissecundum

2091 2400 2305 2455 divitias
2321 2401 2505 2470 glorias
2527 2414 2661 2463 sum,
2691 2399 2889 2453 virtute
2938 2397 3235 2453 eonfurtari
3280 2413 3377 2467 per
3410 2397 3675 2462 Spiritum

2090 2502 2356 2556 sanctum,
2385 2493 2438 2547 in
2462 2492 2769 2548 interiorem
2792 2489 3082 2553 hominem,
3133 2490 3372 2546 habitare
3394 2488 3670 2543 Christus:

2094 2586 2147 2639 in
2168 2583 2415 2639 cordibus
2435 2584 2624 2639 vestris
2645 2581 2862 2655 (Ep/tes.
2906 2598 2984 2646 tu,
3019 2580 3131 2652 ιϐ).
3177 2581 3245 2638 Et
3275 2582 3468 2637 iterum
3495 2598 3510 2635 :
3541 2580 3676 2635 Nolo

2096 2691 2192 2731 vos
2220 2677 2484 2746 ignorare,
2515 2677 2729 2740 fratres,
2754 2674 2877 2742 quia
2912 2684 3091 2742 patres
3132 2676 3297 2730 vestri
3341 2690 3527 2730 omnes
3579 2674 3676 2729 sub

2096 2770 2235 2823 nube
2255 2768 2487 2834 fuerunt,
2513 2778 2567 2822 et
2593 2783 2779 2822 omnes
2810 2770 2861 2820 in
2908 2768 3123 2836 Moysen
3170 2767 3420 2836 baptizati
3473 2768 3674 2820 suntin

2097 2861 2236 2913 nube
2260 2867 2313 2915 et
2342 2859 2394 2913 in
2426 2858 2579 2923 mari,
2609 2867 2662 2913 et
2683 2846 2872 2912 omnes'
2901 2857 3143 2914 eamdem
3171 2873 3349 2913 escam
3379 2856 3675 2925 spiritalem

2097 2948 2571 3014 manducaverunt,
2607 2958 2664 3003 et
2687 2963 2876 3004 omnes
2897 2948 3142 3005 eumdem
3176 2956 3359 3018 potum
3380 2947 3674 3016 spiritalem

2099 3041 2345 3094 biberunt
2370 3038 2424 3109 (Ι
2452 3039 2572 3093 Cor.
2602 3056 2655 3103 ι.
2687 3042 2751 3109 t).
2784 3040 2842 3095 lu
2877 3041 2996 3096 istis
3025 3042 3184 3110 igitur
3211 3039 3532 3094 testimoniis
3568 3039 3689 3092 hoc,

2024 3115 2071 3178 C
2101 3130 2434 3185 solummodo
2453 3130 2713 3185 divinitati
2740 3131 2967 3201 Spiritus
2993 3132 3161 3187 sancti
3181 3132 3354 3198 deest,
3378 3128 3516 3199 quod
3549 3144 3675 3199 per-

2106 3223 2243 3278 ﬁdia:
2267 3232 2459 3278 vestra:
2490 3224 2664 3279 minus
2690 3233 2793 3281 est.

424 3337 3652 3379 Mm“

1576 3451 1919 3533 LIBER
1975 3453 2528 3537 TERTIUS.

1210 3602 1294 3644 DE
1321 3600 1595 3645 UNITATE
1622 3601 1842 3645 PATRIS
1873 3603 1953 3644 ET
1981 3604 2158 3659 FIL",
2193 3607 2272 3648 ET
2302 3606 2581 3649 SPIBITUS
2615 3604 2855 3647 SANCTI.

493 3794 736 3867 449111
766 3794 850 3849 bis
880 3792 1195 3847 testimoniis
1246 3790 1420 3846 unitas
1449 3790 1729 3846 Trinitatis
1757 3793 1998 3847 ostendi-

425 3896 530 3952 tur,
552 3888 677 3940 dum
709 3884 850 3953 quod
882 3882 1039 3937 Pater
1074 3890 1322 3946 vdeatur,
1374 3880 1458 3935 vel
1512 3882 1673 3936 etiam
1726 3884 1996 3951 operatur,

425 3984 524 4036 hoc
548 3981 715 4035 Filius
743 3987 797 4034 et
819 3978 1046 4049 Spiritus
1059 3986 1272 4031 sanctus
1288 3986 1678 4044 nuncupentur,
1703 3977 1784 4033 vel
1811 3977 1996 4033 eadem

420 4091 472 4141 o,
494 4082 729 4129 ercntur.

940 4160 1168 4219 CAPUT
1198 4161 1480 4218 PRIMUM.

777 4249 856 4303 De
882 4249 1139 4303 communi
1151 4249 1354 4301 deitatis
1374 4246 1637 4302 vocabulo.

496 4341 635 4396 Deus
663 4340 841 4404 Pater,
872 4339 1011 4393 Deus
1041 4338 1225 4402 Filius,
1246 4338 1389 4393 Deus
1417 4330 1645 4406 Spiritus
1661 4346 1898 4394 sanctus.
1924 4337 2000 4393 De

2104 3813 2230 3853 nam
2254 3806 2399 3863 sunt,
2427 3798 2566 3853 idem
2603 3798 2715 3866 ipse
2741 3794 2994 3851 Dominus
3047 3794 3103 3865 (1
3135 3794 3255 3849 Cor.
3282 3809 3375 3861 xu,
3407 3792 3481 3865 5).
3538 3795 3669 3851 Item

2103 3889 2211 3946 ibi:
2243 3888 2498 3944 Dominus
2528 3901 2707 3944 autem
2733 3887 2950 3956 spiritus
2978 3895 3082 3942 est.

2708 3977 2933 4033 CAPUT
2974 3976 3058 4033 Ill.

2354 4069 2429 4125 De
2460 4071 2715 4124 communi
2751 4070 3110 4139 omnipotentia
3136 4068 3424 4124 Trinitatis.

2171 4162 2335 4235 55o
2360 4161 2706 4229 Omnipmcns
2720 4161 2898 4226 Pater,
2914 4161 3252 4230 omnipotens
3277 4161 3463 4224 Filius,
3491 4160 3671 4215 omni-

2103 4264 2292 4323 potens
2314 4253 2540 4323 Spiritus
2570 4262 2786 4307 sanctus
2816 4251 2906 4321 (ΙΙ
2933 4252 3053 4306 Cor.
3078 4268 3160 4319 tn,
3190 4252 3299 4323 17).
3331 4252 3405 4307 De
3429 4251 3589 4307 Patre
3620 4252 3675 4308 in

2105 4345 2421 4400 Salomone:
2444 4344 2795 4414 Omnipotens
2823 4359 3001 4398 sermo
3034 4351 3156 4399 tuus
3177 4344 3427 4399 exsiliens
3449 4358 3477 4395 a
3521 4358 3677 4414 rega-

421 4433 581 4489 Patre
603 4433 656 4487 in
688 4431 944 4500 Apostolo
975 4447 987 4482 :
1023 4428 1171 4485 Unus
1194 4429 1333 4509 Dens
1356 4429 1533 4491 Pater,
1563 4444 1628 4484 ex
1677 4443 1783 4497 quo
1819 4430 1995 4484 omnia
2026 4424 2077 4484 D
2101 4437 2245 4491 libus
2274 4436 2492 4490 sedibus
2511 4435 2831 4508 venit(Sap.
2861 4450 3010 4499 svnt,
3038 4437 3156 4503 l5).
3190 4437 3263 4489 De
3306 4435 3444 4490 Filio
3473 4435 3562 4488 ubi
3587 4449 3675 4489 su-

432 4523 487 4591 (1
510 4525 631 4579 Cor.
661 4539 774 4588 vni,
807 4523 887 4589 tl).
908 4523 973 4577 Et
999 4522 1191 4576 iterum
1223 4538 1237 4573 :
1263 4520 1376 4574 Non
1398 4531 1480 4575 est
1513 4521 1655 4576 Deus
1706 4522 1807 4576 nisi
1860 4536 1999 4577 unus

425 4615 618 4687 (Ibid.,
652 4615 730 4684 4).
758 4616 833 4670 De
855 4616 989 4669 Filio
1020 4616 1071 4668 in
1099 4613 1305 4684 psalmo
1326 4630 1442 4668 scut
1476 4613 1723 4683 (Ver-3.3)
1757 4632 1770 4667 :
1799 4616 1999 4671 Scitote

427 4709 675 4775 quoniam
708 4706 967 4760 Dominus
995 4706 1109 4772 ipse
1158 4716 1238 4760 est
1268 4704 1431 4769 Deus,
1474 4705 1587 4771 ipse
1619 4706 1744 4760 fecit
1794 4720 1911 4772 nos,
1945 4715 2001 4763 et

421 4812 530 4852 non
562 4798 659 4865 ipsi
681 4812 797 4851 nos.
833 4798 909 4853 De
934 4797 1132 4867 Spiritu
1161 4808 1347 4853 saneto
1373 4799 1695 4862 inApostolo
1722 4818 1737 4854 :
1769 4799 1999 4868 Spiritus

419 4894 505 4940 est
529 4886 665 4939 Deus
691 4884 779 4957 (11
811 4885 930 4939 Cor.
974 4902 1055 4955 ut,
1092 4887 1204 4947 Π).
1258 4886 1325 4941 Et
1374 4887 1427 4942 in
1485 4887 1816 4956 Evangelia:
1865 4888 1996 4954 Quia

423 4975 563 5030 D305
586 4977 696 5044 ipse
725 4985 807 5031 est
839 4974 1019 5046 (Joau.
1051 4991 1123 5041 tv,
1152 4976 1268 5044 '24).

1043 5086 1267 5142 CAPUT
1306 5087 1371 5142 ll.

618 5179 717 5235 Ubi
744 5180 906 5233 omnis
929 5179 1154 5234 Trinitas
1184 5176 1435 5235 Dominus
1454 5191 1798 5249 nuncupatur.

491 5271 746 5328 Dominus
775 5269 932 5325 Pater
957 5271 1174 5336 dicitur,
1226 5270 1485 5325 Dominus
1514 5271 1700 5338 Filius,
1737 5272 1994 5327 Dominus

420 5364 644 5432 Spiritus
669 5375 907 5418 sanctus.
932 5363 1007 5418 De
1038 5363 1194 5418 Patre
1217 5362 1270 5417 in
1300 5363 1569 5418 Levitico:
1595 5362 1709 5431 Ego
1734 5379 1852 5419 sum
1881 5364 1998 5419 Do-

422 5457 594 5507 minus
624 5453 763 5507 Deus
798 5463 997 5517 vester,
1026 5453 1116 5519 qui
1138 5453 1358 5506 liberavi
1390 5468 1486 5507 vos
1514 5452 1583 5505 de
1616 5461 1752 5505 terra
1780 5452 1992 5521 [Egypti

422 5541 609 5609 (Levii.
630 5560 736 5609 χιχ,
767 5544 877 5611 ‘56).
915 5546 988 5596 De
1021 5543 1152 5597 Filio
1189 5544 1240 5597 in
1272 5544 1476 5611 psalmo
1518 5559 1616 5597 xcv
1651 5542 1828 5612 (Vera.
1860 5543 1951 5608 l0)
1978 5561 1990 5596 :

425 5635 587 5689 llicite
615 5636 666 5689 in
694 5637 1015 5699 nationibus,
1066 5636 1325 5690 Dominus
1357 5639 1597 5706 regnavit
1642 5652 1671 5689 a
1715 5637 1880 5703 ligno.
1920 5638 1995 5692 De

413 5722 620 5794 Spiritu
648 5734 833 5782 sancto
861 5726 913 5781 in
946 5729 1201 5796 Apostolo
1233 5743 1247 5781 :
1293 5727 1590 5785 Divisioncs
1645 5729 1995 5786 ministratio-

2099 4540 2222 4595 pra:
2259 4526 2405 4582 Unus
2430 4528 2573 4581 enim
2610 4527 2905 4581 altissimus
2932 4536 3143 4582 creator
3193 4527 3550 4594 omnipotens,
3575 4540 3676 4580 rex

2099 4626 2287 4684 potens
2313 4624 2368 4672 et
2404 4617 2722 4672 metuendus
2752 4616 2910 4671 nimis
2943 4614 3132 4678 (Eccli.
3166 4633 3203 4683 t,
3233 4617 3310 4687 8).
3345 4617 3416 4670 De
3462 4616 3675 4685 Spiritu

2098 4714 2285 4760 sancto
2314 4705 2406 4760 ubi
2429 4719 2622 4775 supra:
2654 4705 2746 4759 Est
2774 4706 2917 4760 enim
2946 4707 2998 4760 in
3051 4708 3314 4777 sapientia
3338 4708 3556 4775 spiritus
3589 4707 3674 4759 ina

2100 4795 2408 4865 telligentia:
2458 4804 2700 4861 sanctus,
2746 4795 2932 4851 unicus
2962 4797 3121 4868 (Sap.
3150 4814 3242 4865 vn,
3264 4797 3378 4869 22),
3428 4807 3485 4853 et
3512 4797 3675 4864 infra,

2101 4887 2279 4942 omnia
2306 4894 2492 4956 potens
2518 4884 2706 4955 (Ibid.,
2733 4884 2851 4956 27).

2710 4996 2939 5054 CAPUT
2970 4998 3059 5053 IV.

2413 5086 2493 5143 De
2513 5091 2770 5143 communi
2807 5090 3034 5160 potentia
3057 5090 3344 5145 Trinitatis.

2171 5180 2367 5236 Potens
2392 5181 2570 5247 Pater,
2593 5182 2976 5250 potensFilius,
2994 5183 3672 5251 potensSpiritussanctns.

2100 5271 2178 5326 De
2200 5272 2356 5325 Patre
2365 5271 2431 5325 ad
2443 5269 2772 5327 Corinthios:
2793 5272 2985 5326 Potens
2998 5281 3268 5327 estautem
3288 5273 3427 5326 Deus
3457 5289 3673 5328 omnem

2101 5361 2326 5429 gratiam
2352 5361 2626 5417 abundare
2671 5362 2845 5416 facere
2870 5363 2920 5416 iu
2941 5361 3179 5433 vobis(ll
3200 5364 3320 5420 Cor.
3350 5382 3426 5423 Is.
3448 5367 3524 5435 8).
3542 5366 3672 5419 Item

2101 5454 2171 5507 ibi
2200 5471 2211 5505 :
2239 5452 2306 5507 Ut
2336 5452 2466 5507 [idus
2485 5463 2660 5508 vrstra
2680 5470 2784 5508 non
2805 5455 2869 5508 sit
2898 5455 2951 5509 in
2976 5457 3239 5526 sapientia
3258 5457 3551 5521 hominum,
3575 5457 3672 5511 sed

2102 5547 2155 5602 in
2186 5547 2418 5612 potentia
2443 5547 2535 5600 Dei
2563 5544 2617 5617 (I
2631 5545 2746 5605 Cor.
2777 5548 2926 5619 ηδ).
2953 5550 3022 5604 οο·
3039 5552 3172 5605 Filio
3201 5552 3289 5605 ubi
3319 5568 3477 5622 supra
3498 5571 3509 5604 :
3527 5554 3673 5606 Con-

2102 5640 2329 5707 gregatis
2354 5638 2523 5703 vobis,
2550 5647 2603 5691 et
2626 5655 2745 5693 meo
2774 5643 2959 5707 spiritu
2987 5659 3107 5696 cum
3152 5646 3537 5713 omnipotentis
3568 5644 3677 5698 Do-

2103 5732 2229 5785 mini
2260 5729 2561 5786 nostriJesu
2574 5729 2768 5785 Christi
2790 5730 2839 5802 (1
2855 5732 3038 5799 Com,
3066 5734 3141 5804 4).
3162 5736 3289 5791 ltcnt
3321 5736 3377 5790 in
3406 5735 3669 5792 secunda:
