3960 6176
269 289 359 346 ξιξ,

1383 290 1643 347 camus
1690 282 2097 348 vsmusu‘uu
2139 293 2263 347 LIB.
2310 294 2393 347 ut.

3404 302 3509 356 414

284 406 353 456 Au
377 397 796 467 experimentum
838 399 1074 468 qumritis
1104 400 1219 467 ejus
1246 401 1332 469 qui
1387 401 1441 479 in
1472 417 1555 457 me
1608 404 1838 471 loquitur
1868 407 1913 464 Α
1945 409 2197 475 operibus
2224 409 2334 463 suis
2361 406 2514 475 (lsai.
2550 424 2733 472 χχχιιι,
2766 409 2880 477 22).
2913 408 2978 462 Ει
3018 410 3067 462 in
3096 380 3299 478 psalmo
3325 428 3338 465 :
3370 412 3510 469 Deus

282 490 534 546 Christus?
555 489 644 557 qui
673 490 727 542 in
755 490 906 544 vobis
938 506 1040 543 non
1066 490 1383 555 inﬁrmatur,
1401 484 1492 547 Sed
1522 503 1708 561 potens
1756 504 1840 548 est

283 581 361 655 (II
388 581 499 635 Cor.
534 596 651 643 χιιι,
677 581 759 650 5).
782 581 858 636 De
881 582 1084 648 Spiritu
1122 591 1308 635 sancto
1336 582 1424 635 ubi
1477 599 1634 644 supra
1661 600 1674 636 :
1721 584 1837 638 Non

282 677 408 728 enim
429 672 598 725 audeo
621 671 820 740 aliquid
846 671 1031 724 borum
1062 672 1230 741 loqui,
1261 687 1379 741 quae
1408 689 1512 727 non
1556 674 1839 743 perfecerit

283 764 498 831 Spiritus
530 776 623 829 per
659 777 744 816 me
776 763 827 815 in
857 762 1215 816 obedientiam
1265 765 1521 832 gentium,
1581 765 1740 819 verbo
1785 774 1840 821 et

286 858 441 915 lactis,
467 855 520 905 in
551 861 814 920 potestate
836 852 1109 921 signortun
1141 862 1192 907 et
1253 854 1632 923 prodigiorum,
1665 856 1715 909 in
1744 870 1839 925 po-

284 946 424 999 tentia
456 944 685 1012 Spiritus
712 942 885 1011 (Rom.
910 960 994 1009 xv,
1030 944 1137 1012 l8).
1167 943 1233 997 Et
1259 944 1477 998 iterum:
1513 946 1647 1001 Deus
1662 956 1836 1001 autem

284 1037 381 1103 Spei
406 1036 609 1104 repleat
641 1050 735 1089 vos
764 1035 907 1088 omni
930 1035 1123 1104 gaudio
1142 1044 1195 1089 et
1223 1049 1351 1104 pace
1381 1036 1434 1089 in
1463 1037 1750 1101 credendo,
1784 1046 1842 1093 ut

284 1126 550 1181 abundetis
576 1140 672 1195 spe
698 1135 754 1181 et
780 1128 1013 1196 potentia
1056 1126 1289 1195 Spiritus
1316 1130 1484 1183 sancti
1515 1126 1702 1201 (Ibid.,
1728 1131 1836 1201 15).

886 1217 1115 1274 CAPUT
1156 1217 1221 1272 Ὺ.

592 1307 671 1365 De
697 1312 952 1364 communi
973 1312 1289 1380 patemitatis
1317 1312 1577 1367 vocabulo.

342 1400 497 1456 Pater
521 1400 685 1465 Deus.
727 1400 886 1456 Pater
934 1400 1119 1466 Filius,
1147 1401 1306 1458 Pater
1347 1402 1579 1473 Spiritus
1601 1410 1837 1458 sanctus.

286 1495 351 1549 De
371 1494 528 1549 Patre
556 1495 873 1563 Apostolus:
900 1492 1050 1549 Unus
1083 1493 1223 1549 Deus
1242 1493 1419 1560 Pater,
1451 1511 1516 1550 εχ
1538 1511 1643 1565 quo
1665 1496 1839 1549 omnia

284 1583 329 1651 (Ι
342 1583 452 1638 Cor.
469 1599 588 1649 vtu,
611 1583 689 1651 6).
707 1584 1007 1639 Etiterum:
1042 1585 1181 1638 Deus
1204 1596 1257 1640 et
1273 1585 1425 1639 Pater
1440 1585 1647 1640 Domini
1674 1585 1843 1640 nostri

284 1676 397 1728 Jesu
418 1674 626 1729 Christi
642 1675 765 1743 scit,
782 1674 873 1745 qui
894 1682 977 1729 est
991 1675 1303 1731 benedictus
1328 1677 1380 1729 in
1404 1676 1628 1746 sacula(
1638 1674 1695 1728 11
1720 1674 1840 1729 Cor.

1940 507 2114 551 autem
2143 516 2232 552 rex
2261 508 2441 553 noster
2469 510 2591 553 ante
2619 502 2810 556 stecula
2829 512 3079 569 operatus
3105 511 3187 557 est
3212 504 3435 559 salutem
3458 507 3510 559 in

1940 590 2119 643 medio
2150 600 2303 644 terra:
2334 588 2500 657 (Psal.
2528 604 2710 655 Lsxnt,
2730 591 2835 661 12).
2854 592 3136 647 DeFilioin
3165 594 3513 663 Apocalypsi:

1940 677 2007 732 Et
2035 680 2299 732 ext-rcitus
2324 680 2553 734 caelestis
2594 682 2915 749 sequebatur
2935 699 3055 737 eum
3096 684 3147 738 in
3176 686 3327 753 equis
3356 685 3511 751 albis,

1945 768 2114 823 induti
2152 769 2423 839 byssinum
2458 772 2708 824 mundum
2736 772 2923 843 (Apoc.
2954 789 3065 838 χιχ,
3096 771 3208 841 li).
3237 773 3303 826 Et
3330 773 3464 827 inlra
3496 790 3508 825 :

1942 860 2007 914 Et
2036 860 2194 913 habet
2226 863 2275 914 in
2303 862 2622 923 vestimento
2649 872 2699 915 et
2725 864 2776 916 in
2801 863 3005 918 femore
3025 878 3123 917 suo
3158 879 3352 918 nomen
3380 864 3514 918 scri-

1942 962 2115 1019 ptum:
2148 951 2261 1005 Rex
2287 951 2510 1020 Regum,
2542 963 2594 1007 et
2626 953 2879 1008 Dominus
2902 955 3289 1009 dominantium
3320 954 3510 1025 (Ibid.,

1943 1044 2051 1109 16).
2081 1044 2153 1099 De
2179 1044 2377 1114 Spiritu
2404 1056 2587 1099 sancto
2613 1047 2664 1100 in
2682 1046 2814 1100 Isaia
2839 1064 2853 1100 :
2878 1048 2996 1101 Vidi
3020 1048 3303 1102 Dominum
3331 1063 3511 1117 regem

1942 1133 2175 1190 Sabaoth
2203 1134 2370 1189 oculis
2394 1135 2527 1189 meis
2552 1134 2706 1206 (Isai.
2739 1151 2813 1199 vt,
2846 1135 2927 1205 5).
2982 1136 3049 1190 Et
3087 1136 3266 1190 audivi
3322 1152 3508 1193 vocem

1942 1224 2208 1279 dicentem
2240 1224 2404 1278 mihi:
2437 1225 2602 1291 Quem
2618 1224 2846 1289 mittam,
2875 1235 2931 1279 et
2973 1226 3093 1295 quis
3123 1227 3220 1280 ibit
3249 1226 3315 1281 ad
3348 1242 3514 1297 popu-

1943 1316 2052 1369 lum
2077 1313 2263 1370 istum?
2296 1314 2361 1369 Et
2385 1314 2530 1370 dixi:
2554 1315 2691 1370 Ecce
2716 1330 2815 1384 ego
2844 1317 3156 1382 sum,mitte
3181 1331 3287 1372 me.
3305 1316 3518 1372 Etdixit

1943 1404 2009 1458 ad
2040 1418 2160 1459 me:
2190 1403 2355 1473 Vade,
2381 1412 2436 1458 et
2455 1404 2542 1460 die
2570 1404 3321 1473 populolmiczAureaudietis
3341 1415 3516 1462 etnon

1944 1494 2270 1563 intelligetis,
2320 1501 2377 1548 et
2404 1493 2648 1549 videntes
2692 1494 2959 1561 videbitis,
3004 1502 3060 1549 et
3105 1509 3209 1549 non
3268 1493 3516 1551 videbitis

1945 1584 2129 1651 (lbid.,
2162 1584 2242 1651 8).
2267 1583 2335 1639 Ut
2358 1582 2611 1653 Spiritum
2638 1594 2879 1639 sanctum
2904 1584 3068 1640 fuisse
3092 1585 3361 1648 advertas,
3381 1586 3487 1640 Pan
3504 1616 3516 1628 -

1954 1677 2060 1731 lum
2091 1676 2442 1731 audiJudaros
2469 1677 2522 1730 in
2550 1677 2770 1731 Actibus
2796 1676 3160 1745 increpantem
3186 1693 3201 1731 :
3235 1677 3398 1742 Bene,
3430 1677 3513 1731 iu-

284 1781 333 1828 ιι,
360 1764 469 1834 51).
496 1764 574 1819 De
595 1763 727 1818 Filio
748 1765 800 1819 in
830 1765 1035 1819 cantico
1065 1764 1513 1820 Deuteronomio:
1538 1764 1725 1819 Nonne
1753 1766 1839 1822 hic
1872 1770 1914 1828 Β
1941 1768 2076 1837 quit,
2107 1767 2335 1836 Spiritus
2362 1774 2574 1821 sanctus
2592 1767 2795 1820 locutus
2824 1774 2907 1821 est
2950 1765 3015 1820 ad
3047 1775 3227 1835 patres
3254 1777 3463 1822 vestros
3490 1786 3505 1823 :

281 1854 421 1927 451
454 1866 611 1926 pater
630 1863 753 1910 tuus
786 1856 1023 1925 possedit
1054 1865 1124 1919 te,
1158 1867 1211 1911 et
1240 1856 1385 1923 fecit,
1416 1866 1469 1912 et
1495 1855 1769 1911 constituit
1796 1866 1847 1913 te

283 1943 443 2012 (Deut.
472 1961 665 2010 χχχνι,
690 1944 772 2011 6)?
797 1945 861 1999 Et
886 1946 1078 1999 Isaias:
1112 1946 1250 2001 Puer
1280 1957 1435 2001 natus
1479 1957 1562 2001 est
1588 1948 1764 2013 nobis,
1788 1948 1849 2001 ﬁ-

284 2039 369 2093 lius
387 2040 551 2092 datus
570 2047 653 2091 est
682 2038 835 2092 nobis
869 2036 995 2091 Isai.
1025 2055 1097 2103 ιχ,
1116 2039 1194 2109 6).
1217 2039 1283 2093 Et
1303 2038 1467 2095 infra:
1503 2040 1643 2094 Deus
1675 2042 1844 2106 fortis,

284 2140 413 2200 pater
434 2130 603 2185 futuri
632 2130 833 2195 sreculi,
864 2129 1109 2200 princeps
1133 2131 1298 2201 pacis.
1327 2132 1404 2187 De
1432 2131 1632 2202 Spiritu
1662 2141 1847 2188 sancto

283 2225 337 2276 ad
368 2224 651 2278 Hebraeus:
682 2223 935 2277 Homines
961 2222 1173 2289 quidem
1196 2233 1392 2278 nostra:
1417 2223 1596 2280 carnis
1617 2223 1848 2277 habeba-

285 2332 385 2369 mus
410 2325 778 2383 correptores,
804 2325 857 2369 et
879 2316 1195 2370 verebamur
1220 2316 1272 2370 in
1296 2316 1398 2381 eis,
1443 2324 1645 2386 quanto
1673 2318 1845 2386 magis

283 2406 617 2475 subjiciernur
648 2404 789 2459 Patri
819 2406 1068 2472 spiritus,
1109 2414 1163 2460 et
1191 2404 1505 2479 obediemus
1533 2405 1581 2460 ei
1609 2413 1667 2459 ut
1702 2406 1849 2460 viva-

285 2496 416 2550 mus?
448 2496 531 2550 llli
564 2494 778 2565 quidem
810 2497 991 2566 paucis
1035 2493 1223 2550 diebus
1263 2510 1361 2565 pro
1404 2496 1678 2551 voluntate
1726 2510 1843 2559 sua,

283 2588 403 2643 sicut
423 2588 561 2659 ipsis
600 2587 900 2652 videbatur,
955 2587 1287 2655 disciplinam
1333 2586 1570 2641 dabant:
1627 2576 1846 2656 spiritus

282 2690 434 2732 autem
454 2680 530 2733 ad
560 2678 838 2731 utilitatem
866 2677 1226 2746 accipiendam
1260 2676 1698 2734 sanctiﬁcationis
1730 2690 1841 2730 Sate

283 2770 444 2841 (Hebr.
464 2785 570 2838 xu,
594 2769 671 2840 9).
873 2836 1099 2893 CAPUT
1152 2835 1241 2889 Vl.

504 2947 607 3005 Ubi
627 2957 837 3003 sanctus
858 2948 1021 3003 omnis
1046 2946 1271 3001 Trinitas
1299 2946 1608 3016 appellatur.

339 3061 569 3117 Sanctus
612 3060 802 3125 Pater,
843 3069 1060 3114 sanctus
1111 3058 1296 3123 Filius,
1356 3062 1573 3113 san'ctus
1615 3055 1844 3125 Spiritus

281 3165 499 3210 sanctus.
534 3154 607 3210 De
632 3153 790 3207 Patre
817 3153 866 3206 in
894 3151 1092 3206 Esdra:
1126 3150 1388 3217 Quoniam
1430 3156 1645 3201 sanctus
1704 3146 1840 3201 Deus
1868 3130 1919 3196 C

281 3260 348 3300 cst
370 3248 595 3302 veriLas.
627 3246 762 3300 Etin
783 3245 1051 3299 Levitico:
1086 3244 1267 3298 Sancti
1289 3251 1485 3308 estote,
1516 3242 1764 3310 quoniam
1792 3251 1845 3295 et

281 3351 363 3403 Ego
385 3344 608 3390 sanctus
632 3350 749 3389 sum
782 3332 1038 3387 Dominus
1062 3332 1201 3387 Deus
1226 3341 1403 3386 vester
1429 3329 1614 3401 (Levii.
1637 3346 1709 3394 χι,
1729 3330 1843 3397 «14).

286 3424 351 3477 De
376 3425 511 3479 Filio
538 3425 598 3479 in
626 3422 947 3491 Evangelia:
977 3422 1099 3476 Scio
1122 3429 1173 3475 te
1202 3419 1293 3488 qui
1311 3421 1385 3474 sis
1432 3429 1485 3472 tu
1514 3429 1731 3474 sanctus
1756 3419 1847 3489 Dei

287 3513 454 3580 (.llarc.
485 3512 659 3582 1,24).
693 3512 823 3566 Item
839 3512 936 3565 ibi:
966 3510 1117 3577 Quod
1148 3518 1469 3564 nasceturex
1502 3517 1553 3562 te
1582 3517 1845 3574 sanctum,

288 3605 540 3659 vocabitur
575 3604 743 3658 Filius
772 3601 865 3655 Dei
896 3602 1045 3671 (Luc.
1073 3616 1109 3663 ι,
1139 3600 1253 3667 55).
1288 3598 1362 3651 1)ε
1411 3597 1611 3665 Spiritu
1665 3612 1758 3650 san
1797 3605 1848 3650 to

288 3698 331 3748 iu
356 3695 638 3750 Salomone
664 3696 935 3748 :Sanctus
953 3693 1092 3746 enim
1124 3689 1355 3758 Spiritus
1396 3688 1690 3756 disciplina:
1712 3687 1847 3741 eﬁ‘u-

286 3788 380 3855 εἰει
401 3787 603 3851 ﬁctum,
637 3794 690 3838 et
718 3785 920 3838 auferet
961 3798 1019 3836 se
1042 3797 1072 3835 a
1099 3778 1510 3851 cegitationibus
1550 3794 1668 3848 qua:
1723 3786 1849 3833 sunt

286 3878 389 3933 sine
416 3876 695 3933 intellectu
720 3873 875 3945 (Sap.
907 3889 945 3934 ι,
975 3873 1053 3941 5).

874 3982 1101 4069 carm
1140 3980 1249 4037 vu.

548 4078 632 4133 Ds
656 4080 913 4133 communi
938 4078 1227 4147 principatu
1257 4075 1546 4130 Trinitatis.

345 4188 601 4260 Princeps
624 4191 800 4256 Pater,
826 4190 1074 4260 princeps
1125 4188 1313 4253 Filius,
1346 4188 1596 4258 princeps
1622 4186 1854 4257 Spiritus

284 4289 506 4335 sanctus.
537 4281 619 4335 De
646 4280 803 4336 Patre
828 4281 881 4333 in
908 4278 1151 4334 iudicum
1178 4297 1189 4331 :
1223 4278 1366 4331 Dixit
1390 4278 1456 4332 ad
1486 4292 1579 4333 eos
1604 4264 1851 4333 Gedeon:

287 4369 389 4422 bon
432 4370 783 4440 principabor
812 4385 912 4438 ego
942 4370 1124 4435 vestri,
1173 4384 1345 4439 neque
1371 4368 1509 4423 ﬁlius
1539 4383 1709 4431 meus,
1758 4366 1851 4421 sed

286 4456 414 4513 Deus
444 4460 703 4529 princeps
735 4460 885 4513 estin
908 4460 1059 4515 vobis
1086 4458 1281 4529 (Judic.
1308 4475 1419 4526 vui,
1449 4460 1566 4528 23).
1591 4459 1658 4512 Et
1677 4458 1727 4511 in
1746 4456 1854 4511 Nu-

1950 1861 2092 1912 Aure
2112 1857 2359 1921 audietis,
2388 1866 2441 1912 et
2477 1871 2583 1911 non
2611 1857 2939 1928 intelligetis,
2967 1864 3021 1911 et
3047 1858 3290 1915 videntes
3315 1859 3515 1915 videbi-

1950 1955 2037 2022 tis,
2070 1961 2247 2008 etnon
2275 1952 2523 2008 videbitis
2548 1952 2686 2019 (Act.
2716 1967 2904 2016 xxvtu,
2930 1951 3047 2023 26).

2550 2039 2772 2096 CAPUT
2822 2040 2911 2096 1X.

2023 2131 2123 2187 Ubi
2143 2132 2305 2186 omnis
2332 2130 2559 2186 Trinitas
2582 2132 2785 2186 Iudicis
2821 2132 3066 2187 vocabulo
3100 2143 3446 2203 nuncupatur.

2017 2222 2182 2278 .ludes
2209 2231 2381 2292 pater,
2408 2221 2569 2291 judex
2602 2221 2786 2285 Filius.
2810 2222 2973 2291 judcx
3004 2220 3239 2291 Spiritus
3276 2231 3515 2281 sanctus.

1949 2313 2024 2370 De
2054 2314 2207 2368 Patre
2229 2313 2516 2389 in_psalmo
2542 2328 2662 2368 χιιχ
2694 2310 2871 2383 (Vm.
2904 2313 2992 2385 6):
3026 2314 3093 2369 Et
3126 2311 3516 2370 anituntiabunt

1946 2406 2067 2462 coeli
2094 2404 2350 2474 justitiam
2373 2403 2508 2473 ejus,
2551 2405 2798 2473 quoniam
2846 2404 2988 2461 Deus
3011 2405 3172 2475 judex
3215 2413 3317 2461 est.
3366 2405 3435 2461 Et
3464 2407 3515 2460 in

1947 2499 2173 2565 septimo
2196 2495 2370 2566 (Verr.
2400 2495 2516 2565 l2):
2550 2495 2688 2549 Deus
2714 2495 2874 2565 judes
2896 2497 3094 2565 justus,
3122 2496 3273 2550 fortis
3308 2504 3365 2551 et
3410 2509 3507 2563 pa-

1943 2585 2106 2642 licus.
2140 2586 2213 2641 De
2239 2584 2377 2640 Filio
2406 2587 2458 2639 in
2509 2584 2823 2643 Canonicis:
2868 2587 3003 2642 Ecce
3031 2587 3171 2641 enim
3196 2585 3357 2656 judex
3382 2594 3506 2639 ante

1943 2679 2158 2748 januam
2188 2680 2387 2733 assistit
2437 2677 2575 2746 (Jac.
2607 2695 2659 2744 v,
2687 2679 2768 2747 9).
2817 2678 2893 2733 De
2942 2678 3141 2747 Spiritu
3199 2686 3412 2732 sancto:
3449 2678 3515 2731 Et

1948 2785 2087 2823 nunc
2130 2768 2449 2823 revelabitur
2496 2770 2656 2823 homo
2703 2768 2937 2837 peccati,
2990 2768 3129 2823 ﬁlius
3176 2766 3511 2836 perditionis,

1946 2874 2099 2929 quem
2125 2860 2405 2912 interﬁciet
2443 2859 2702 2913 Dominus
2726 2859 2913 2926 spiritu
2936 2859 3044 2911 uris
3090 2859 3168 2912 sui
3197 2860 3216 2928 (
3241 2855 3302 2910 II
3337 2856 3511 2910 Thess.

1949 2966 2007 3017 ιι,
2036 2952 2093 3016 3,
2118 2949 2191 3019 8).
2228 2950 2290 3003 Et
2310 2950 2362 3009 in
2389 2950 2545 3002 Isaia:
2580 2948 2719 3003 Ecce
2764 2962 2866 3015 ego
2893 2948 2944 3003 in
2999 2947 3187 3016 spiritu
3215 2960 3333 3001 meo
3376 2946 3513 3000 facio

1943 3043 2223 3115 judicium.
2247 3041 2371 3097 dicit
2396 3040 2655 3095 Dominus
2680 3039 2842 3093 Deus.

2560 3148 2784 3206 CAPUT
2825 3148 2889 3203 Χ.

2371 3242 2448 3299 De
2485 3246 2737 3298 communi
2765 3243 3092 3312 perfectione.

2016 3334 2183 3407 5.53
2200 3335 2477 3391 Perfectus
2500 3335 2681 3401 Pater,
2737 3335 3007 3404 perlectus
3037 3333 3222 3399 Filius,
3250 3331 3516 3402 perfectus

1946 3428 2175 3495 Spiritus
2194 3437 2428 3483 sanctus.
2464 3427 2538 3482 De
2569 3426 2725 3481 Patre
2747 3427 2798 3479 in
2826 3426 3153 3494 Evangelio:
3185 3426 3367 3479 Estote
3390 3439 3517 3493 ergo

1950 3519 2209 3591 perfecti,
2258 3520 2395 3574 sicut
2435 3519 2591 3572 Pater
2617 3526 2794 3572 vester
2837 3516 3073 3572 ctelcstis
3118 3515 3384 3585 perfectus
3437 3524 3519 3568 est

1949 3612 2159 3683 (Matth.
2185 3627 2237 3675 v,
2266 3609 2380 3677 48).
2409 3609 2480 3664 De
2502 3609 2638 3663 Filio
2682 3609 2748 3662 ad
2789 3608 3041 3663 Hebraeos
3067 3624 3080 3660 :
3133 3608 3207 3663 Ex
3238 3606 3320 3660 bis
3374 3606 3517 3660 enim

1948 3718 2067 3773 qute
2098 3715 2286 3771 passus
2307 3710 2389 3755 est
2417 3700 2603 3754 didicit
2628 3698 2882 3754 obediens
2914 3698 3050 3765 ﬁeri,
3082 3700 3170 3768 qui
3190 3699 3350 3752 etiam
3400 3711 3517 3765 per-

1950 3794 2117 3848 lectus
2147 3790 2319 3846 factus
2344 3798 2430 3846 est
2457 3791 2704 3844 omnibus
2721 3789 3090 3844 obedientibus
3115 3788 3217 3842 sibi
3248 3786 3431 3856 (Hebr.
3460 3801 3518 3851 v,

1951 3884 2025 3952 8).
2050 3882 2127 3936 De
2154 3882 2355 3951 Spiritu
2384 3890 2570 3935 saneto
2592 3880 2679 3934 ubi
2710 3894 2869 3949 supra
2913 3895 2927 3931 :
2984 3877 3090 3934 Sed
3127 3876 3425 3931 accessistis
3452 3876 3521 3928 ad

1950 3986 2186 4031 montem
2228 3973 2378 4037 Sion,
2425 3982 2480 4026 et
2519 3971 2585 4026 ad
2634 3970 2909 4026 civitatem
2948 3969 3173 4026 viventis
3228 3965 3523 4023 Jerusalem

1950 4066 2139 4139 (Hebr.
2165 4080 2264 4128 χιι,
2290 4062 2410 4131 22).
2442 4063 2507 4118 Ει
2551 4060 2687 4117 inira
2714 4078 2729 4115 :
2762 4062 2831 4117 Et
2872 4061 2938 4116 ad
2967 4060 3212 4130 spiritum
3251 4058 3518 4128 justam

1955 4160 2308 4231 perfectorum
2339 4156 2524 4227 (lbid.,
2539 4156 2657 4224 2'5).

2556 4262 2780 4319 CAPUT
2820 4262 2910 4317 XI.

2442 4354 2520 4408 De
2542 4354 2797 4408 communi
2816 4353 3042 4405 veritate.

2027 4447 2200 4501 Verus
2224 4446 2405 4512 Pater,
2425 4461 2588 4501 verus
2615 4446 2801 4510 Filius,
2826 4459 2982 4499 verus
3018 4442 3247 4515 Spiritus
3285 4451 3522 4498 sanctus.

286 4518 473 4603 meris;
503 4548 626 4603 Non
642 4518 743 4603 erit
762 4549 913 4602 labor
939 4518 1379 4616 istlacob,neque
1403 4518 1673 4602 videbitur
1702 4547 1852 4601 labor
1882 4518 1931 4580 D
1957 4539 2034 4595 De
2054 4538 2209 4594 Patre
2233 4540 2284 4593 in
2312 4540 2629 4595 Salomone:
2667 4540 2808 4594 Deus
2851 4548 3034 4593 noster
3080 4537 3258 4592 suavis
3286 4545 3342 4593 et
3368 4551 3526 4591 verus

288 4637 528 4705 inlsrael,
558 4640 811 4709 quoniam
827 4639 1079 4693 Dominus
1102 4640 1240 4693 Deus
1262 4642 1379 4705 ejus
1402 4653 1522 4692 cum
1550 4652 1636 4702 eo,
1653 4646 1707 4691 et
1736 4638 1852 4695 ipse

287 4733 566 4795 praeclarus
613 4733 1006 4803 princepscum
1052 4730 1369 4802 ipso(Num.
1404 4745 1565 4795 χχιιι,
1608 4730 1724 4797 21).
1777 4729 1851 4783 De

288 4818 412 4875 Filio
436 4824 487 4876 in
522 4822 758 4891 Epistula
787 4821 976 4877 Petrus
1029 4821 1302 4891 apostolus
1335 4836 1350 4873 :
1384 4819 1592 4874 Pascite
1636 4833 1849 4888 gregem

287 4910 393 4977 Dei,
417 4913 511 4981 qui
542 4922 625 4967 est
654 4912 707 4966 in
735 4912 911 4980 vobis,
943 4925 1049 4966 non
1077 4911 1225 4980 quasi
1246 4911 1439 4973 coacti,
1474 4910 1568 4964 sed
1610 4909 1853 4963 volunta-

286 5002 363 5057 rie
389 5017 453 5058 εχ
476 5004 681 5070 animo,
713 5011 774 5058 ut
791 5018 911 5057 cum
941 5003 1243 5072 apparuerit
1282 5000 1529 5070 princeps
1578 5009 1849 5069 pastorum

285 5096 554 5163 accipiatis
581 5095 1077 5151 immarcessibilem
1095 5108 1351 5150 coronam
1379 5092 1429 5159 (1
1459 5092 1599 5146 Ρριν.
1616 5109 1668 5157 v,
1691 5092 1745 5155 2,
1768 5090 1847 5159 3).

284 5183 573 5253 DeSpiritu
596 5196 815 5253 sancto,
856 5186 1059 5254 psalmo
1085 5201 1116 5239 ι.
1136 5183 1311 5255 (Vera.
1340 5184 1435 5252 14)
1466 5202 1478 5236 :
1504 5183 1686 5238 Redde
1720 5184 1851 5237 mihi

283 5273 514 5331 laetitiam
542 5276 793 5332 salutaris
822 5277 933 5344 tui,
960 5285 1016 5332 et
1057 5274 1261 5344 Spiritu
1290 5274 1566 5344 principali
1596 5273 1851 5330 conﬁrma

281 5377 387 5419 ne.

864 5432 1090 5492 CAPUT
1128 5435 1264 5489 Vill.

381 5544 541 5614 Quod
570 5545 699 5616 regis
716 5546 960 5600 vocabulo
986 5547 1149 5601 omnis
1178 5547 1403 5601 Trinitas
1426 5546 1740 5616 appellatur.

347 5659 513 5730 55’
551 5660 659 5713 Rex
680 5659 860 5722 Pater,
881 5673 978 5712 rex
1011 5658 1197 5724 Filius,
1227 5674 1319 5713 res
1348 5659 1581 5725 Spiritus
1609 5667 1847 5713 sanctus.

285 5749 355 5805 De
384 5750 550 5805 Patre
574 5751 624 5805 in
653 5750 805 5819 Isaia,
837 5750 1093 5805 Dominus
1124 5766 1220 5805 rex
1272 5765 1514 5821 magnus,
1544 5757 1599 5806 et
1626 5744 1771 5806 dives
1798 5750 1852 5806 iu

1952 4640 2073 4686 est:
2105 4642 2266 4685 nosse
2294 4641 2469 4685 autem
2495 4640 2549 4686 te
2572 4631 2965 4686 consummatio
3005 4629 3227 4698 justitia:
3257 4638 3339 4683 est
3369 4628 3524 4699 (Sap.

1953 4739 2048 4789 xv,
2083 4725 2135 4792 1,
2165 4725 2242 4792 3).
2270 4724 2342 4778 De
2373 4724 2512 4778 Filio
2533 4724 2586 4777 in
2610 4722 2815 4777 Joanne
2840 4738 2855 4776 :
2891 4721 2958 4775 Ut
2977 4722 3145 4776 simus
3166 4720 3219 4775 in
3247 4734 3372 4776 vero
3392 4719 3527 4774 Filio

1954 4816 2069 4882 ejus
2090 4815 2214 4871 Jesu
2231 4815 2461 4881 Christo,
2488 4815 2573 4869 hic
2598 4825 2683 4870 est
2709 4815 2850 4869 Deus
2873 4827 3062 4880 verus,
3114 4822 3167 4868 et
3193 4812 3300 4868 vita
3329 4821 3529 4868 eterna

1956 4905 2014 4979 (I
2041 4907 2197 4961 Joan.
2219 4921 2273 4972 v,
2303 4906 2417 4975 20).
2449 4906 2521 4960 De
2544 4906 2745 4974 Spiritu
2767 4914 2955 4960 sancto
2977 4905 3030 4960 in
3056 4903 3528 4974 Evangelio:Cum

1958 4998 2163 5054 venerit
2191 4998 2498 5053 Paracletus
2528 4998 2619 5052 ille
2639 4998 2856 5065 spiritus
2881 4998 3149 5065 veritatis,
3191 4998 3408 5055 docebit
3436 5009 3532 5051 vos

1957 5104 2171 5145 omnem
2196 5089 2471 5145 veritatem
2494 5086 2673 5159 (lout.
2706 5104 2820 5155 xvi,
2849 5089 2958 5160 15).

2557 5201 2782 5258 CAPUT
2824 5204 2935 5258 ΧΗ.

2416 5291 2491 5348 De
2508 5296 2642 5365 justi
2674 5298 3071 5364 comparatione.

1952 5406 1955 5409 ·
2030 5382 2212 5438 Justus
2239 5382 2415 5445 Pater,
2438 5384 2611 5453 justus
2638 5385 2822 5449 Filius,
2852 5384 3027 5453 justus
3046 5382 3271 5450 Spiritus
3290 5387 3527 5434 sanctus.

1958 5474 2035 5529 De
2062 5474 2218 5528 Patre
2240 5476 2290 5527 in
2316 5474 2528 5530 Exodo:
2561 5474 2781 5529 V'ocavit
2801 5484 2979 5528 autem
3006 5471 3210 5527 Pharao
3236 5470 3449 5541 Moysen
3476 5481 3531 5526 et

1960 5568 2156 5630 Aaron,
2186 5573 2239 5620 et
2267 5565 2401 5619 dixit
2425 5566 2535 5622 eis:
2568 5564 2791 5621 Peccavi
2822 5578 2986 5626 nunc,
3012 5576 3133 5614 nam
3180 5561 3323 5617 Deus
3350 5562 3528 5631 justus

1958 5668 2057 5724 est,
2086 5673 2185 5729 ego
2213 5670 2386 5713 autem
2414 5670 2466 5714 et
2490 5659 2714 5728 pupulus
2740 5670 2892 5711 meus
2914 5653 3057 5723 impii
3089 5652 3288 5723 (Exod.
3314 5670 3388 5718 ιχ,
3409 5654 3528 5720 27).

1970 5749 2043 5805 De
2076 5750 2212 5805 Filio
2234 5750 2287 5805 ia
2313 5747 2579 5820 Sopbonia
2605 5764 2618 5801 :
2650 5746 2908 5803 Dominus
2933 5745 3108 5816 justus
3132 5746 3185 5803 in
3228 5745 3529 5815 mcdiotui,
