3962 6178
366 330 467 384 H5

1668 318 1887 376 VIGILII
1926 317 2302 374 TAPSENSIS

3503 306 3604 365 ιω

367 458 468 495 non
493 442 647 496 facies
675 439 867 511 injuste
890 440 1084 513 (Soph.
1111 455 1193 505 111,
1225 438 1300 507 5).
1334 436 1397 489 Et
1427 434 1478 487 in
1501 431 1723 499 epistola
1766 430 1925 485 Joan-
1955 431 2005 489 Α
2032 431 2274 499 seditque
2315 443 2475 497 super
2502 438 2932 495 unumquemque
2954 438 3163 490 eorum,
3193 431 3247 478 et
3268 421 3456 492 repleti
3481 433 3603 478 sunt

368 534 481 586 nis:
512 533 661 587 Sicut
688 533 870 588 docuit
896 547 989 586 vos
1020 544 1239 584 manere
1270 527 1320 580 iu
1351 540 1417 580 eo
1443 522 1494 593 (1
1524 520 1681 575 Joan.
1714 536 1774 585 11,
1798 518 1918 589 27).

370 626 434 679 Et
460 624 622 678 infra:
652 625 799 691 Quod
830 625 872 679 si
908 623 1056 679 scitis
1099 621 1219 689 quia
1246 619 1421 688 justus
1450 623 1553 676 est,
1606 612 1755 668 scitis
1808 610 1928 678 quia

368 716 540 770 omnis
562 714 647 780 qui
680 712 804 766 facit
831 711 1112 781 justitiam,
1136 725 1200 763 ex
1232 709 1347 776 ipso
1386 714 1467 759 est
1497 701 1684 773 (Ibid.,
1714 699 1826 769 29).
1855 699 1932 753 De

368 803 563 871 Spiritu
586 812 767 855 sancto
789 802 839 854 in
891 800 1174 869 Aposwlo:
1203 796 1445 865 Magnum
1494 790 1707 861 pietatis
1755 801 1933 841 sacra-

371 904 626 959 mentum,
651 892 789 960 quod
812 891 1198 945 manifestatum
1223 887 1371 942 estin
1395 898 1576 951 carne,
1588 880 1932 952 justificatum

369 996 450 1038 est
477 984 531 1037 in
562 984 750 1051 spiritu
778 980 831 1053 (I
858 981 993 1048 Tim,
1028 980 1231 1047 111,16).

955 1071 1179 1126 CAPUT
1219 1069 1357 1124 XIII.
1386 1107 1401 1119 .

811 1162 887 1216 De
902 1161 1156 1215 communi
1187 1160 1502 1231 fortitudine.

442 1253 605 1324 454
632 1252 805 1307 Fortis
845 1255 1019 1316 Pater,
1067 1251 1217 1304 fortis
1267 1250 1453 1311 Filius,
1511 1247 1663 1299 fortis
1706 1243 1939 1311 Spiritus

374 1355 607 1398 sanctus.
632 1344 706 1397 De
736 1345 888 1397 Patre
926 1344 976 1395 iu
1033 1342 1207 1395 Isaia:
1251 1342 1386 1392 Deus
1438 1338 1588 1391 fortis
1632 1344 1685 1388 et
1731 1343 1936 1402 potens,

374 1434 550 1502 magni
574 1434 820 1498 nominis,
859 1434 1075 1487 Domine
1099 1431 1251 1503 (Isai.
1287 1445 1470 1489 xxvtu.
1503 1428 1580 1496 9.).
1618 1427 1696 1480 De
1729 1426 1861 1479 Filio
1890 1425 1941 1477 in

379 1524 582 1590 psalmo
610 1523 901 1576 centesimo
932 1522 1159 1589 septimo
1177 1521 1414 1574 decimo:
1447 1517 1723 1571 Fortitudo
1754 1530 1868 1568 mea
1891 1523 1948 1568 et

376 1614 609 1667 laudatio
641 1630 753 1668 mea
797 1614 1048 1667 Dominus
1079 1613 1250 1682 (Vers.
1272 1613 1381 1680 14).
1422 1612 1496 1664 De
1533 1609 1734 1673 Spiritu
1762 1617 1946 1661 sancto

377 1703 429 1756 in
455 1703 767 1758 Salomone:
801 1703 856 1756 In
883 1704 1073 1757 timore
1102 1701 1195 1755 Dei
1232 1702 1458 1768 Spiritus
1514 1697 1860 1764 fortitudinis,
1893 1704 1948 1752 ct

377 1793 429 1845 iu
454 1794 550 1847 viis
570 1793 684 1862 ejus
716 1808 816 1863 pax
839 1806 891 1848 et
917 1795 1019 1846 vita
1050 1801 1250 1845 :eterna
1274 1790 1454 1861 (Prov.
1491 1805 1597 1855 xtv,
1623 1789 1741 1857 26).

960 1882 1185 1937 CAPUT
1226 1881 1366 1936 XIV.

864 1993 946 2047 De
968 1994 1223 2047 communi
1242 1993 1466 2062 judicio.

451 2101 661 2171 Iudicat
690 2103 869 2171 Pater,
895 2104 1101 2174 iudicat
1130 2104 1313 2161 Filius.
1335 2102 1541 2173 judicat
1570 2100 1800 2171 Spiritus
1825 2112 1949 2154 san-

383 2200 523 2246 ctus.
554 2192 630 2246 De
659 2192 814 2249 Patre
841 2193 896 2247 in
916 2192 1120 2262 psalmo
1144 2209 1252 2248 11.11
1282 2193 1460 2262 (Vers.
1494 2192 1581 2261 l):
1630 2190 1811 2247 Indica
1841 2204 1948 2254 me,

388 2281 549 2348 Deus,
572 2292 627 2335 et
660 2281 906 2337 discerne
926 2297 1137 2338 causam
1162 2297 1356 2338 meam.
1382 2283 1455 2339 De
1497 2281 1536 2336 F
1542 2282 1635 2335 ilio
1673 2281 1724 2334 in
1748 2279 1952 2349 psalmo

394 2385 441 2422 ιι
472 2368 649 2440 (Vers.
673 2370 762 2437 9):
798 2371 1119 2441 I’rteparavit
1142 2371 1193 2427 in
1244 2372 1449 2442 judicio
1491 2369 1739 2425 thronum
1769 2383 1953 2435 suum,

382 2466 440 2511 et
466 2458 580 2527 ipse
603 2458 863 2527 iudicabit
886 2461 1072 2516 orbem
1107 2470 1264 2516 terrae
1295 2462 1347 2515 in
1395 2459 1666 2528 aequitate.
1722 2457 1796 2513 De
1826 2456 1949 2525 Spi:

384 2550 487 2602 ritu
518 2560 704 2605 sancto
730 2552 780 2604 in
810 2550 979 2607 Isaia:
1006 2551 1072 2606 Et
1092 2550 1272 2607 abluet
1303 2552 1555 2605 Dominus
1594 2548 1783 2603 sordes
1817 2547 1956 2603 lilio-

386 2654 502 2692 rum
519 2648 575 2693 et
594 2640 817 2696 filiarum
840 2641 993 2709 Sion,
1015 2651 1069 2698 et
1089 2643 1400 2713 sanguinem
1423 2639 1670 2712 purgabit
1690 2637 1756 2695 de
1778 2637 1957 2694 medio

384 2743 568 2785 eorum
591 2730 792 2802 Spiritu
818 2733 1000 2802 iudicii
1025 2732 1178 2805 (Isat.
1211 2748 1281 2798 1v,
1306 2732 1386 2800 4).

986 2846 1209 2902 CAPUT
1249 2846 1364 2901 XV.

757 2961 834 3016 De
855 2965 1110 3016 communi
1128 2979 1276 3032 apere
1304 2962 1597 3017 Trinitatis.

2032 524 2229 594 Spiritu
2259 531 2444 578 sancto
2470 522 2606 592 (Act.
2641 536 2700 587 11,
2735 518 2815 586 5).

2595 631 2819 687 CAPUT
2860 627 3045 684 XVIII.

2333 722 2484 788 Quod
2509 723 2601 776 lux
2626 720 2786 773 omnis
2816 719 3042 772 Trinitas
3082 718 3309 769 dicatur.

2107 811 2217 865 Lux
2251 812 2425 878 Pater,
2450 814 2535 867 lux
2566 813 2755 875 Filius,
2785 812 2872 864 lux
2902 810 3133 877 Spiritus
3150 819 3385 863 sanctus.
3416 808 3487 862 De
3512 807 3609 861 Pa-

2037 911 2117 958 tre
2140 903 2190 956 in
2217 902 2437 958 Joannis
2470 904 2701 972 Epistola
2732 921 2747 956 :
2782 903 2920 957 Deus
2950 902 3039 955 lux
3079 910 3179 965 est,
3220 910 3272 954 et
3303 900 3532 955 tenebras
3557 902 3608 953 in

2035 1010 2100 1048 eo
2138 1009 2239 1047 11011
2269 1005 2393 1048 sunt
2424 995 2545 1049 ulla:
2568 993 2621 1065 (Ι
2649 994 2806 1047 Joan.
2836 1009 2873 1057 1,
2904 993 2982 1063 5).
3014 993 3089 1047 De
3115 991 3247 1046 Filio
3288 992 3342 1045 in
3372 993 3608 1061 Evange-

2038 1090 2137 1143 lio:
2171 1086 2282 1154 Ego
2306 1102 2420 1139 sunt
2449 1086 2536 1139 lux
2570 1085 2725 1153 hujus
2754 1085 2935 1139 mundi
2961 1102 2975 1138 :
3016 1084 3105 1154 qui
3136 1084 3469 1152 persequitur
3497 1100 3608 1149 me,

2041 1194 2146 1230 non
2168 1176 2404 1231 ambulat
2440 1176 2495 1229 in
2550 1176 2807 1239 tenebris,
2861 1175 2955 1230 sed
3005 1173 3222 1228 habebit
3263 1174 3440 1227 lumen
3487 1175 3610 1225 vita:

2040 1267 2222 1335 (Joan.
2251 1282 2362 1331 vui,
2392 1266 2503 1335 12).
2532 1266 2605 1320 De
2624 1266 2825 1335 Spiritu
2852 1273 3037 1319 sancto
3061 1266 3112 1318 in
3132 1263 3449 1318 Ezechiele:
3471 1264 3610 1319 Eccu

2042 1358 2259 1425 Spiritus
2282 1359 2486 1412 Domini
2508 1372 2730 1426 surgens
2760 1357 3007 1412 veniebat
3034 1357 3103 1411 ab
3134 1357 3403 1425 aquilone,
3449 1366 3503 1413 et
3559 1358 3612 1411 in

2042 1448 2265 1504 circuitu
2295 1449 2408 1518 ejus
2424 1448 2513 1502 lux
2544 1447 2811 1518 refulgens
2833 1446 3047 1518 (Ezech.
3083 1464 3121 1516 1,
3158 1448 3233 1519 1).

2622 1539 2848 1595 CAPUT
2886 1539 3030 1593 XIX.

2380 1630 2456 1684 De
2485 1632 2735 1683 communi
2758 1630 2976 1682 bonitate
3001 1629 3284 1683 Trinitatis.

2122 1721 2297 1776 Bonus
2326 1720 2500 1785 Pater,
2526 1720 2694 1775 bonus
2718 1721 2906 1783 Filius,
2939 1721 3109 1775 bonus
3135 1721 3613 1790 Spiritussanctus.

1980 1789 2021 1848 Β
2053 1812 2125 1867 De
2155 1811 2309 1866 Patre
2342 1811 2392 1865 in
2416 1810 2619 1881 psalmo
2672 1827 2816 1882 ιχχιι
2859 1811 3036 1878 (Vers.
3082 1789 3381 1882 l):rQuam
3439 1813 3615 1867 bonus

2049 1903 2189 1957 Deus
2223 1901 2381 1956 Israel
2399 1902 2558 1955 rectis
2583 1900 2761 1955 corde.
2794 1902 2864 1955 De
2892 1900 3063 1956 Filio:
3097 1900 3209 1969 Ego
3258 1917 3375 1956 sum
3430 1912 3615 1970 pastor

2048 1993 2219 2048 bonus
2241 1992 2418 2063 (Joan.
2444 2009 2497 2059 x,
2526 1992 2632 2061 Il).
2668 1991 2751 2057 Et,
2777 1992 3020 2060 Magister
3047 1993 3205 2060 bone,
3227 1992 3351 2061 quid
3383 1992 3502 2047 boui
3528 1991 3616 2043 fa-

2049 2083 2186 2137 ciam
2211 2096 2265 2136 ut
2289 2082 2509 2137 habeam
2539 2084 2696 2137 vitam
2742 2091 2993 2136 :eteruam
3040 2080 3252 2150 (Matth.
3272 2098 3383 2148 xtx,
3410 2081 3521 2150 I6)?
3549 2083 3621 2134 De

2049 2172 2247 2243 Spiritu
2273 2182 2458 2230 sancto
2478 2174 2641 2247 456
2663 2177 2713 2230 in
2748 2175 2940 2230 Esdra:
2970 2175 3225 2244 Spiritum
3247 2184 3395 2229 tuum
3426 2173 3623 2227 bonum

2048 2266 2240 2321 dedisti
2267 2269 2345 2323 eis
2373 2264 2461 2338 (ΙΙ
2494 2267 2649 2322 Esdr.
2682 2284 2758 2337 1x,
2781 2269 2895 2336 20).
2928 2266 2992 2321 Et
3021 2267 3075 2321 in
3106 2267 3419 2323 Salomone:
3440 2265 3624 2321 Bonus

2052 2359 2281 2429 Spiritus
2305 2368 2426 2417 tuus
2448 2359 2500 2414 in
2527 2360 2773 2415 omnibus
2796 2360 2951 2430 (Sap.
2977 2376 3073 2426 x11,
3108 2360 3186 2430 1).

2644 2449 2869 2506 CAPUT
2911 2449 3030 2505 XX.

2300 2541 2380 2598 De
2415 2543 2669 2598 communi
2698 2537 3045 2613 magnitudiite
3083 2541 3369 2595 Trinitatis.

2124 2635 2343 2705 Magnus
2366 2636 2543 2698 Pater,
2574 2650 2792 2704 magnus
2812 2634 2997 2699 Filius,
3014 2648 3236 2703 magnus
3253 2632 3479 2701 Spiritus
3502 2646 3627 2685 san-

2054 2739 2191 2783 ctus.
2229 2729 2303 2783 De
2327 2729 2479 2782 Patre
2521 2729 2574 2781 in
2618 2726 2840 2781 Exodo:
2873 2727 3022 2780 Nunc
3080 2725 3317 2780 intellexi
3368 2726 3629 2795 quoniam

2055 2834 2275 2889 magnus
2324 2829 2407 2874 est
2434 2818 2575 2872 Deus
2616 2816 2809 2888 (Exod.
2850 2832 3003 2882 xvm,
3056 2815 3167 2886 11).
3202 2815 3269 2869 Ει
3310 2816 3362 2869 in
3420 2815 3630 2883 psalmo

2055 2913 2417 2979 octuagesimo
2441 2899 2623 2979 quinto
2662 2907 2839 2980 (γεγε.
2890 2908 2977 2977 10)
3012 2926 3024 2962 :
3054 2908 3133 2962 Tu
3184 2922 3245 2962 es
3292 2907 3430 2961 Deus
3478 2906 3632 2959 solus

2058 3016 2305 3071 magnus.
2326 3000 2403 3054 De
2447 2999 2583 3053 Filio
2621 2998 2685 3052 ad
2723 2997 2936 3053 Titum:
2985 2997 3368 3066 Exspectantes
3418 2996 3630 3049 beatam

457 3072 719 3142 operam"
736 3074 915 3140 Ρθίθτν
946 3083 1194 3144 Operam"
1219 3075 1407 3144 Ῡῖιίιιεν
1441 3084 1696 3146 Operam"
1717 3073 1952 3146 spirit“.
1985 3142 2029 3159 η
2060 3106 2231 3159 spem,
2263 3101 2317 3145 et
2341 3091 2625 3144 adventum
2663 3088 2849 3158 gloria:
2887 3089 3063 3158 magni
3107 3088 3220 3150 Dei,
3248 3096 3300 3141 et
3335 3085 3634 3140 Salvatoris

389 3177 623 3221 sanctus.
654 3167 727 3222 De
749 3167 903 3222 Patre
922 3142 996 3221 ad:
1013 3142 1419 3236 Philippenses':
1450 3142 1586 3223 Deus
1610 3176 1693 3222 est
1718 3142 1808 3237 qui
1829 3181 1955 3236 ope-

2067 3184 2223 3238 nosui
2253 3183 2377 3237 Jcsu
2405 3180 2601 3237 Christi
2630 3180 2757 3250 (Tit.
2781 3197 2841 3244 11,
2873 3181 2982 3250 I3).
3023 3180 3097 3235 De
3124 3180 3324 3248 Spiritu
3352 3189 3542 3232 sancto
3576 3179 3633 3232 in

394 3267 542 3312 ratur
567 3258 618 3311 in
647 3258 797 3313 vobis
826 3269 879 3313 et
920 3258 1063 3312 velle
1093 3256 1318 3327 (Philip.
1364 3272 1421 3325 11,
1467 3258 1579 3326 15).
1613 3258 1689 3311 De
1718 3256 1853 3312 Filio
1903 3257 1953 3312 in

2067 3275 2384 3343 Regnorum,
2407 3275 2481 3326 ait
2512 3272 2763 3327 Dominus
2789 3271 2855 3326 ad
2901 3271 3105 3325 Etiam:
3140 3269 3406 3338 Egredere
3429 3311 3445 3334 ,
3476 3278 3530 3322 et
3553 3278 3634 3323 sta

395 3350 711 3418 Evangelia:
738 3350 820 3405 Me
848 3358 1058 3418 Oportet
1088 3349 1296 3417 operari
1323 3364 1483 3417 Opera
1510 3351 1629 3418 ejus
1682 3350 1771 3418 qui
1812 3350 1955 3404 misit

2067 3366 2114 3418 in
2143 3374 2323 3418 monte
2339 3377 2518 3417 coram
2549 3377 2651 3425 me,
2677 3372 2730 3417 et
2754 3376 2880 3416 ecce
2930 3361 3184 3416 Dominus
3217 3361 3403 3413 transit
3442 3368 3497 3413 et
3524 3360 3636 3427 Spi-

393 3456 498 3503 mc,
523 3440 692 3494 donec
722 3440 837 3494 dies
863 3449 944 3495 est
974 3439 1151 3510 (Joan.
1180 3454 1253 3505 1x,
1286 3440 1362 3511 4).
1395 3441 1467 3495 De
1508 3441 1707 3508 Spiritu
1763 3451 1953 3494 sancto

394 3534 445 3584 in
476 3533 763 3601 Apostolo:
786 3531 1049 3600 Operatur
1068 3539 1243 3585 autem
1269 3546 1406 3585 unus
1434 3542 1595 3601 atque
1633 3531 1772 3586 idem
1798 3531 1957 3600 spiri-

394 3633 499 3688 tus,
532 3622 771 3679 dividens
824 3624 1046 3694 singulis
1094 3625 1302 3695 propria
1353 3636 1509 3695 prout
1546 3626 1656 3681 vult
1698 3625 1718 3695 (
1749 3622 1779 3677 1
1810 3622 1956 3695 Con,

394 3730 489 3780 ἠ’
524 3713 633 3785 ω’
972 3786 1198 3842 CAPUT
1235 3785 1375 3842 xv1.

542 3872 692 3937 Quod
712 3889 892 3927 nomen
915 3872 1121 3930 Επειεὶ
1142 3877 1305 3930 omnis
1334 3874 1558 3929 Trinitas
1585 3873 1849 3929 sortiatur.

470 3985 726 4041 Excelsus
757 3988 931 4052 Pater,
955 3990 1197 4042 excelsus
1220 3988 1405 4051 Filius,
1433 3988 1680 4041 excelsus
1733 3986 1964 4055 Spiritus

395 4087 631 4133 sanctus.
657 4080 732 4133 De
758 4079 915 4135 Patre
937 4081 988 4133 in
1018 4081 1265 4134 Dauiele:
1298 4080 1462 4149 Signa
1491 4089 1546 4135 et
1570 4080 1810 4149 prodigia
1844 4094 1963 4148 qua

401 4168 744 4224 fecitmecum
774 4169 913 4224 Deus
932 4171 1183 4224 excelsus
1206 4169 1366 4239 (Dan.
1389 4185 1467 4232 111,
1496 4169 1609 4237 99).
1645 4170 1711 4223 Et
1739 4172 1788 4222 in
1823 4169 1965 4236 psal-

400 4273 487 4311 mo
535 4275 708 4313 Lxxvu
759 4259 933 4328 (Vers.
988 4260 1124 4329 '55):
1178 4260 1318 4315 Deus
1373 4260 1615 4315 excelsus
1658 4260 1966 4328 redemptor

399 4348 558 4419 455
579 4364 763 4403 eorum
793 4359 894 4406 est.
918 4349 992 4404 De
1025 4350 1159 4405 Filio
1181 4351 1233 4406 in
1260 4351 1463 4420 psalmo
1510 4352 1804 4405 centesimo
1828 4351 1965 4403 duo-

400 4438 607 4491 decimo
635 4438 809 4508 (Vm.
831 4438 888 4505 4)
916 4439 1210 4494 :Excelsus
1230 4454 1390 4508 super
1418 4453 1606 4494 omnes
1646 4450 1829 4508 gentes
1858 4439 1960 4492 Do-

402 4528 597 4593 minus,
624 4539 678 4583 et
705 4544 865 4596 super
880 4530 1045 4584 caelos
1064 4529 1234 4599 gloria
1257 4533 1398 4599 ejus.
1426 4530 1501 4584 De
1528 4530 1733 4600 Spiritu
1779 4540 1964 4584 sancto

403 4619 455 4671 in
480 4618 607 4672 Isaia
638 4637 653 4677 :
682 4620 805 4674 llaec
829 4620 958 4675 dicit
980 4621 1251 4688 Excelsus,
1274 4624 1325 4677 in
1356 4624 1585 4679 excelsis
1635 4623 1881 4699 habitans
1912 4624 1964 4676 in

403 4720 680 4775 aeternum,
706 4712 932 4767 Sanctus
953 4713 1004 4767 in
1024 4713 1243 4777 sanctis,
1272 4714 1525 4768 Dominus
1574 4720 1818 4769 exce‘sus
1869 4730 1966 4768 no-

402 4800 615 4868 meuei,
647 4801 699 4856 in
724 4802 919 4858 sanctis
947 4804 1290 4872 requiescens
1315 4804 1466 4873 (Isai.
1496 4821 1621 4868 1.1m,
1650 4805 1764 4874 15).

964 4916 1192 4972 CAPUT
1240 4917 1406 4972 XVII.

650 5005 801 5071 Quod
821 5007 953 5077 ignis
979 5010 1138 5062 omnis
1163 5009 1388 5062 Trinitas
1411 5006 1719 5078 appellatur.

475 5092 616 5162 ignis
646 5095 823 5162 Pater,
850 5097 985 5166 ignis
1017 5097 1199 5164 Filius,
1228 5099 1365 5169 ignis
1394 5099 1875 5167 Spiritussanctus.
1897 5097 1971 5154 De

408 5184 563 5240 Patre
592 5188 643 5239 in
666 5186 1109 5244 Deuteronomio:
1139 5190 1430 5245 Observate
1478 5204 1547 5245 ne
1587 5188 1796 5245 faciatis
1823 5190 1973 5245 vobis

408 5277 539 5345 ipsis
570 5278 651 5332 vel
673 5278 1014 5333 simulacrum
1040 5281 1276 5334 omnium
1297 5279 1366 5334 de
1383 5280 1575 5348 quibus
1597 5282 1851 5350 praecepit
1880 5280 1975 5335 tibi

412 5367 570 5432 Deus,
594 5370 844 5437 quoniam
875 5369 1127 5424 Dominus
1152 5369 1291 5423 Deus
1317 5378 1435 5423 tuus
1464 5369 1603 5438 ignis
1650 5384 1975 5425 consumens

408 5461 680 5525 astUieut.
714 5476 789 5524 1v,
814 5463 927 5522 9.5).
961 5462 1031 5515 De
1064 5460 1195 5513 Filio
1239 5460 1292 5513 in
1321 5460 1524 5528 psalmo
1551 5461 1845 5516 centesimo
1876 5460 1973 5515 de-

410 5566 548 5602 cimo
567 5560 754 5605 octavo
780 5550 899 5621 (Ve:
911 5568 955 5605 s.
975 5549 1129 5619 “6):
1154 5550 1375 5619 Ignitum
1389 5548 1609 5603 verbum
1633 5558 1781 5604 tuum
1795 5549 1975 5612 nimis,

413 5648 465 5689 et
489 5652 675 5692 servus
699 5650 819 5694 tuus
832 5640 1022 5696 dilexit
1051 5640 1195 5694 illud.
1223 5640 1297 5695 De
1316 5638 1515 5706 Spiritu
1541 5648 1727 5693 sancto
1752 5639 1804 5692 in
1833 5637 1977 5693 Acti-

414 5728 511 5783 bus
542 5744 553 5781 :
587 5729 651 5785 Et
671 5732 794 5786 visae
820 5742 944 5786 sunt
968 5732 1074 5790 illis
1098 5730 1284 5787 divisa:
1313 5731 1506 5800 lingua:
1528 5738 1780 5800 tanquam
1813 5727 1973 5798 ignis,

2059 3454 2191 3508 ritus
2212 3468 2432 3522 magnus
2466 3460 2520 3507 et
2546 3452 2715 3514 fortis,
2747 3452 3083 3515 subvertens,
3127 3462 3183 3506 et
3225 3461 3508 3506 conterens
3538 3464 3635 3520 pe-

2062 3552 2197 3599 tram
2227 3552 2349 3600 ante
2373 3543 2650 3599 Dominum
2682 3540 2803 3613 (III
2832 3543 3092 3614 Reg.x1x,
3123 3542 3235 3611 Il).

2645 3634 2870 3690 CAPUT
2912 3634 3053 3689 XXI.

2419 3729 2496 3783 De
2521 3730 2773 3782 communi
2788 3728 2967 3781 virtute
2997 3726 3279 3779 Trinitatis.

2136 3819 2311 3873 Virtus
2343 3818 2532 3885 Patris,
2565 3818 2733 3873 virtus
2752 3818 2891 3879 Filii,
2920 3818 3087 3871 virtus
3114 3814 3541 3882 Spiritussancti.
3563 3814 3639 3868 De

2062 3908 2220 3962 Patre
2249 3909 2315 3962 ad
2345 3908 2643 3963 Romanos:
2683 3907 2796 3962 Non
2828 3908 2972 3962 enim
3017 3906 3318 3961 confundor
3343 3904 3410 3960 de
3459 3904 3639 3957 Evan-

2064 4002 2232 4070 gelia:
2263 3999 2441 4054 Virtus
2458 4001 2599 4055 enim
2617 4009 2699 4054 est
2717 3999 2771 4053 iu
2787 3999 3012 4053 salutem
3035 3998 3180 4051 omni
3194 3996 3425 4051 credenti
3450 3996 3638 4064 (Rom.

2066 4092 2243 4160 1,16).
2274 4091 2348 4144 De
2380 4090 2516 4144 Filio
2554 4090 2621 4143 ad
2672 4088 3002 4143 Corinthios:
3060 4087 3434 4141 Libentissime
3475 4086 3642 4153 igitur

2066 4181 2335 4249 gloriabor
2362 4181 2414 4235 in
2441 4179 2839 4233 inﬁrmitatibus
2871 4181 3025 4243 meis,
3054 4186 3111 4231 ut
3163 4177 3426 4231 inhabitet
3468 4175 3645 4229 virtus

2065 4271 2260 4326 Christi
2293 4271 2345 4324 iu
2374 4285 2460 4325 me
2484 4268 2573 4341 (ΙΙ
2598 4268 2717 4323 Cor.
2759 4284 2853 4334 x11,
2875 4270 2952 4337 9).
2976 4270 3039 4324 Et
3065 4269 3133 4323 de
3156 4269 3352 4336 Spiritu
3372 4266 3644 4320 sanctoad

2066 4361 2609 4416 Thessalonicensem
2668 4358 2936 4422 Scientes,
2992 4359 3203 4421 fratres,
3249 4358 3403 4413 electi
3433 4372 3464 4411 a
3506 4358 3641 4424 Deo,

2069 4454 2407 4508 dilectionem
2434 4460 2689 4516 vestram,
2720 4452 2845 4521 quia
2872 4451 3217 4521 Evangelium
3268 4457 3507 4504 nostrum
3531 4455 3647 4505 mm

2072 4544 2169 4597 fuit
2196 4544 2331 4610 apud
2363 4558 2456 4598 vus
2487 4542 2538 4596 in
2568 4544 2730 4598 verbo
2760 4550 2988 4609 tantum,
3024 4544 3117 4600 sed
3146 4543 3197 4599 in
3228 4544 3424 4599 virtute
3468 4542 3646 4614 Spiri-

2072 4646 2156 4693 tus
2175 4637 2346 4693 sancti
2371 4635 2423 4709 (ι
2454 4637 2602 4693 Thes.
2631 4652 2668 4702 1,
2702 4634 2779 4704 4).

2635 4730 2860 4786 CAPUT
2902 4730 3065 4785 XXII.

2404 4818 2501 4873 Ubi
2522 4820 2638 4888 fons
2659 4821 2820 4874 omnis
2848 4820 3071 4874 Trinitas
3101 4822 3307 4874 dicitur.

2150 4912 2291 4966 Fons
2313 4911 2491 4974 Pater,
2517 4910 2635 4966 fons
2670 4911 2857 4981 Filius,
2891 4911 3008 4965 fons
3036 4911 3264 4980 Spiritus
3303 4918 3543 4966 sanctus.
3574 4911 3650 4967 De

2078 5004 2233 5057 Patre
2263 5005 2314 5057 in
2345 5003 2609 5057 Jeremia:
2645 5002 2768 5056 Haec
2790 5002 2921 5056 dicit
2949 5002 3205 5056 Dominus
3251 5003 3390 5057 Deus
3438 5002 3607 5055 Israel
3637 5045 3650 5056 .

2082 5095 2194 5149 Duo
2219 5094 2355 5148 mala
2383 5093 2504 5148 fecit
2530 5095 2754 5163 populus
2781 5110 2952 5160 meus,
2994 5108 3080 5148 me
3103 5093 3649 5161 reliqueruntfoutem

2080 5200 2229 5252 aquae
2257 5184 2400 5247 vitm,
2434 5194 2485 5237 et
2509 5183 2756 5238 foderunt
2774 5184 2872 5238 sibi
2900 5184 3046 5238 lacus
3067 5183 3313 5244 detritus,
3337 5183 3425 5252 qui
3452 5197 3650 5250 aquam

2081 5290 2187 5329 non
2210 5284 2431 5345 possunt
2453 5275 2728 5330 continere
2748 5273 2885 5342 (Jer.
2918 5290 2976 5339 11,
3002 5274 3113 5343 13)-
3144 5273 3300 5344 457
3340 5274 3414 5329 De
3439 5273 3575 5327 Filio
3594 5274 3650 5327 in

2085 5370 2404 5425 Salomone:
2435 5368 2574 5425 I’ons
2619 5370 2892 5437 sapientiae
2942 5370 3158 5423 verbum
3193 5368 3283 5422 Dei
3336 5368 3388 5421 in
3423 5367 3650 5422 excelsis

2083 5458 2271 5529 (Eccli.
2301 5475 2339 5525 1,
2371 5460 2449 5528 5).
2481 5459 2557 5514 De
2582 5459 2779 5529 Spiritu
2802 5469 2987 5513 sancto
3017 5458 3068 5511 in
3092 5457 3256 5511 Isaia:
3290 5457 3425 5511 Ecce
3453 5470 3649 5510 nomen

2084 5549 2175 5603 Dei
2204 5559 2324 5618 post
2345 5549 2567 5602 multum
2590 5557 2795 5617 tempus
2824 5548 2988 5613 venit,
3011 5548 3207 5603 ardens
3232 5550 3285 5602 in
3313 5548 3385 5600 ira
3414 5546 3655 5613 indigna-

2082 5637 2237 5692 tionis
2265 5638 2471 5692 voravit
2497 5649 2703 5705 gentes,
2744 5646 2801 5690 et
2829 5638 3047 5704 spiritus
3096 5639 3244 5695 velut
3272 5636 3395 5693 fons
3423 5650 3569 5707 aqua:
3594 5635 3653 5688 in

2088 5729 2225 5784 valle
2241 5724 2463 5783 trahens
2484 5726 2636 5787 (Issi.
2662 5743 2788 5794 xxx,
2822 5729 2935 5791 ΞΠ).
