3962 6178
353 302 451 357 61⁷

918 410 1144 466 CAPUT
1172 409 1355 465 XXIII.

639 506 735 559 Ubi
764 503 951 572 ﬂuuius
972 518 1135 555 omnis
1170 499 1392 553 Trinitas
1422 502 1635 554 dicitur.

419 595 637 651 Fluvius
666 595 844 657 Pater,
879 592 1069 646 ﬂuvius
1100 589 1288 653 FiIius,
1320 590 1510 644 ﬂuvius
1536 590 1771 657 Spiritus
1794 601 1926 643 san-

351 696 485 741 ctus.
522 684 598 738 De
618 683 776 737 Patre
799 682 852 736 in
883 681 1170 736 Salomone
1192 695 1205 730 :
1227 679 1534 734 Benedictio
1558 679 1651 733 Dei
1673 687 1923 747 tanquam

353 779 544 832 ﬂuvius
597 776 864 831 inundans
923 771 1111 845 (Eccli.
1167 785 1351 836 χχιιι,
1392 772 1511 843 2⁸1),
1554 782 1607 827 et
1635 772 1688 826 in
1719 773 1929 841 psalmo

353 889 466 928 utv
500 868 676 941 (Verr.
711 870 836 939 10):
874 866 1085 921 Flavius
1130 864 1223 919 Dei
1253 866 1487 932 repletus
1528 873 1611 920 est
1659 880 1813 934 aqua.
1849 866 1926 919 De

354 962 557 1032 Filioiu
586 960 716 1014 Isaia
761 974 775 1011 :
819 957 945 1011 Ilazc
975 954 1104 1009 dicit
1139 955 1395 1010 Dominus
1434 973 1447 1009 :
1484 955 1596 1024 Ego
1638 956 1924 1010 declinaho

351 1055 402 1109 in
429 1055 508 1109 eis
538 1063 596 1107 ut
635 1053 826 1106 ﬂuvius
874 1053 1037 1120 pacis,
1072 1059 1126 1102 et
1173 1057 1231 1102 ut
1261 1060 1470 1103 torrens
1520 1049 1783 1105 inundans
1808 1051 1925 1119 ειυ-

350 1149 481 1203 riam
502 1147 739 1218 gentium
771 1144 925 1215 (Isrti.
956 1161 1096 1206 Livi,
1120 1144 1229 1211 1'2).
1257 1144 1388 1198 Item
1422 1145 1529 1199 ibi:
1561 1145 1624 1197 Et
1650 1144 1925 1212 apparebit

350 1240 402 1295 in
427 1239 559 1294 Sion
590 1238 728 1292 sicut
757 1237 948 1290 ﬂuvius
996 1234 1289 1289 decurrens
1316 1273 1333 1297 ,
1384 1244 1438 1288 et
1484 1235 1659 1287 clarus
1687 1235 1739 1287 in
1785 1245 1924 1287 terra

350 1329 548 1384 sitienti
575 1326 729 1397 (Isai.
763 1343 867 1393 ιιι,
898 1327 1013 1396 20).
1046 1326 1118 1380 De
1145 1328 1348 1393 Spiritu
1379 1334 1564 1379 sancto
1608 1325 1659 1378 in
1687 1324 1928 1394 Evange-

350 1418 455 1473 Iio;
484 1419 541 1472 In
572 1417 659 1471 die
689 1416 825 1470 fesm
848 1430 1039 1495 magno
1068 1416 1241 1469 stabat
1263 1416 1436 1480 Iesus,
1471 1424 1524 1468 et
1549 1414 1809 1468 clamabat
1844 1414 1926 1468 di-

348 1527 476 1568 cens
502 1529 515 1564 :
545 1512 797 1581 Quisquis
826 1510 999 1566 credit
1033 1510 1084 1563 in
1114 1525 1221 1574 me,
1253 1511 1389 1563 sicut
1437 1509 1568 1563 dicit
1616 1508 1925 1577 Scriptura,

349 1600 567 1656 ﬂumina
599 1600 667 1655 de
691 1609 876 1654 ventre
901 1598 1017 1667 ejus
1047 1598 1208 1653 ﬂuent
1230 1612 1383 1667 aqum
1415 1598 1574 1652 vivae.
1609 1597 1719 1651 Hoc
1747 1606 1924 1651 autem

348 1693 561 1747 dicebat
586 1690 653 1745 de
670 1690 895 1759 Spiritu,
918 1703 1075 1756 quem
1100 1687 1367 1758 accepturi
1390 1693 1543 1743 erant
1570 1686 1851 1742 credentes
1872 1686 1925 1741 in

348 1796 468 1839 cum
497 1782 678 1853 (Joan.
709 1794 801 1844 vn,
824 1779 940 1848 37).

925 1888 1151 1947 CAPUT
1178 1882 1367 1944 XXIV.

421 2006 522 2060 Ubi
552 2004 779 2060 Verbum
809 2003 1035 2072 Spiritus
1058 2011 1264 2058 sanctus
1294 1999 1484 2053 dicitur
1508 1998 1636 2053 sicut
1667 1994 1856 2049 Filius.

418 2121 660 2175 Verbum
708 2119 804 2174 Dei
849 2119 1020 2173 Patris
1072 2118 1259 2186 Filius,
1304 2117 1539 2172 Verbum
1572 2116 1667 2172 Dei
1698 2116 1927 2186 Spiritus

352 2222 599 2268 sanctus.
649 2212 724 2266 De
758 2210 893 2264 Filio
944 2210 996 2264 in
1047 2207 1378 2275 Evangelio:
1426 2206 1485 2261 In
1516 2206 1776 2277 principio
1812 2215 1929 2260 erat

353 2301 607 2363 Verbum,
638 2309 696 2354 et
724 2299 957 2354 Verbum
983 2306 1101 2353 erat
1129 2303 1266 2367 apud
1291 2298 1480 2366 Deum,
1526 2305 1581 2352 et
1628 2297 1769 2352 Deus
1812 2304 1929 2351 erat

352 2394 589 2448 Verbum
620 2391 804 2461 (Joan.
833 2407 872 2455 t,
897 2391 971 2462 1).
1006 2391 1070 2445 Et
1096 2390 1150 2445 in
1178 2389 1532 2458 Apocalypsi:
1564 2388 1632 2442 Et
1674 2396 1790 2442 erat
1832 2402 1927 2443 co-

350 2492 575 2550 opertus
625 2481 1002 2535 vestimentum
1033 2492 1309 2547 aspersum
1357 2477 1636 2546 sanguine,
1666 2485 1720 2530 et
1770 2490 1929 2530 voca-

351 2570 494 2624 bitur
526 2584 724 2625 nomen
769 2571 887 2639 ejus
920 2568 1148 2625 Verbum
1181 2567 1275 2622 Dei
1319 2566 1501 2637 (Apoc.
1548 2566 1801 2637 th,13).
1851 2567 1929 2623 De

354 2657 559 2727 Spiritu
591 2667 778 2713 sancto
807 2656 874 2711 ad
900 2655 1190 2726 Ephesios:
1222 2655 1277 2709 In
1300 2654 1546 2708 omnibus
1588 2664 1928 2712 assumentes

348 2756 560 2801 scutum
603 2747 748 2813 lidei,
794 2747 845 2801 in
884 2761 990 2816 quo
1018 2745 1232 2815 possitis
1276 2747 1454 2799 omnia
1500 2744 1675 2813 jacula
1707 2747 1925 2815 nequis-

350 2838 470 2891 simi
498 2838 785 2891 candentia
814 2836 1172 2905 exstinguere,
1202 2844 1257 2890 et
1285 2836 1488 2905 galeam
1511 2833 1719 2899 salutis,
1742 2842 1796 2888 et
1816 2835 1927 2902 gla-

348 2927 495 2985 dium
515 2927 763 2998 spiritus,
793 2927 934 2999 quod
956 2938 1041 2984 est
1065 2926 1297 2983 Verbum
1342 2926 1434 2983 Dei
1464 2924 1682 2996 (Ephss.
1710 2940 1786 2993 Vt,
1813 2927 1924 2996 16).

922 3038 1149 3096 CAPUT
1182 3038 1345 3093 XXV.

577 3152 731 3218 Quod
756 3153 943 3207 caritas
973 3153 1133 3207 omnis
1150 3151 1378 3207 Trinitas
1406 3151 1711 3222 appelletur.

415 3264 590 3336 558
616 3263 820 3320 Caritas
841 3264 1018 3329 Pater,
1049 3265 1243 3320 caritas
1272 3263 1454 3328 Filius,
1479 3265 1672 3318 caritas
1699 3264 1927 3335 Spiritus

348 3365 591 3409 sanctus.
620 3354 695 3409 De
724 3353 878 3409 Patre
908 3356 961 3408 in
1000 3353 1226 3410 Joannis
1269 3354 1531 3423 Epistola:
1559 3354 1752 3422 F'ilioIi,
1786 3355 1927 3412 Deus

346 3446 543 3498 caritas
571 3454 680 3509 est,
707 3451 763 3498 et
792 3442 878 3514 qui
903 3451 1085 3498 manet
1113 3444 1165 3498 in
1190 3444 1436 3509 caritate,
1464 3443 1518 3498 in
1566 3442 1679 3499 Deo
1723 3454 1925 3513 manet,

349 3543 399 3588 et
419 3533 563 3589 Deus
585 3534 639 3587 in
661 3548 726 3588 eo
748 3534 798 3603 (l
826 3530 983 3588 Joan.
1011 3548 1085 3600 tv,
1115 3531 1224 3604 16).
1253 3533 1326 3588 De
1348 3530 1481 3588 Filio
1504 3531 1569 3587 ad
1583 3530 1925 3589 Corinthios:

350 3625 469 3680 Sive
494 3627 640 3680 enim
671 3636 850 3681 mente
871 3626 1199 3681 excessimus
1230 3625 1341 3680 Deo
1365 3640 1379 3690 ;
1403 3625 1515 3679 sive
1537 3624 1702 3679 sobrii
1719 3640 1925 3690 sumus,

351 3715 528 3779 vobis;
558 3716 755 3770 caritas
779 3715 922 3771 enim
940 3716 1136 3771 Christi
1165 3725 1316 3786 urget
1345 3728 1443 3769 nos
1465 3711 1553 3785 (II
1579 3710 1703 3768 Cor.
1728 3728 1786 3779 v,
1810 3715 1924 3785 13).

351 3805 421 3861 De
441 3806 651 3876 Spiritu
681 3814 868 3861 sancto
890 3806 957 3860 ad
1005 3806 1275 3860 Romanos
1300 3820 1315 3861 :
1344 3804 1585 3859 Obsecro
1602 3802 1782 3873 itaque
1808 3818 1924 3869 vos,

352 3894 566 3962 fratres,
597 3909 694 3965 per
724 3896 1006 3950 Dominum
1051 3904 1290 3950 nostrum
1316 3895 1497 3948 Iesum
1538 3892 1834 3961 Christum,
1868 3902 1924 3948 et

350 3998 443 4052 per
467 3986 749 4039 caritatem
775 3984 1002 4053 Spiritus
1035 3984 1203 4040 sancti
1253 3982 1431 4053 (Rom.
1480 3996 1574 4045 xv,
1608 3981 1723 4051 50).
1757 3982 1819 4035 Et
1859 3980 1926 4037 ad

351 4072 596 4128 Galatas:
632 4074 691 4128 In
728 4074 972 4129 libertate
1002 4074 1171 4128 vocati
1194 4074 1326 4128 estis
1346 4071 1490 4141 (Gul.
1516 4085 1572 4137 v,
1604 4070 1716 4139 15).
1751 4071 1816 4124 Et
1846 4071 1929 4125 in-

352 4160 464 4215 tra:
497 4162 595 4216 sed
624 4176 720 4231 per
740 4161 1016 4216 caritatem
1038 4161 1260 4230 spiritus
1283 4161 1479 4213 servite
1501 4158 1552 4212 in
1583 4158 1829 4212 invicem.
1861 4158 1929 4213 Et

350 4252 413 4306 ad
437 4251 751 4308 Corinthios
779 4252 981 4321 inquit:
1018 4252 1184 4308 Vultis
1215 4250 1426 4306 veniam
1455 4250 1522 4305 ad
1556 4264 1650 4307 vos
1682 4251 1735 4306 in
1759 4251 1925 4320 virga,

351 4359 415 4399 au
445 4345 503 4400 in
526 4346 752 4400 caritate
777 4344 996 4415 spiritus
1025 4343 1078 4415 (I
1104 4341 1223 4398 Cor.
1255 4340 1473 4411 tv,21)?

922 4455 1147 4514 CAPUT
1178 4455 1367 4511 XXVI.

462 4548 618 4614 Quod
644 4549 797 4603 vitam
829 4560 1070 4603 teternam
1111 4551 1275 4603 omnis
1298 4546 1522 4602 Trinitas
1549 4546 1818 4618 largiatur.“

424 4655 603 4709 Vitam
632 4665 889 4711 aeternam
920 4659 1011 4713 dat
1042 4658 1216 4725 Pater,
1243 4657 1381 4713 banc
1406 4656 1591 4722 Filius,
1635 4657 1770 4711 hanc
1808 4656 1927 4726 Spi-

353 4744 488 4798 ritus
516 4758 753 4800 sanctus.
788 4746 862 4802 De
885 4747 1040 4803 Patre
1068 4751 1118 4803 in
1147 4749 1369 4804 Joannis
1399 4748 1631 4818 Epistula
1663 4765 1676 4801 :
1704 4748 1800 4814 Qui
1820 4763 1924 4803 non

354 4836 524 4890 credit
556 4838 684 4901 Deo,
708 4838 1016 4891 mendacem
1051 4838 1176 4893 facit
1196 4854 1340 4902 eum,
1368 4839 1487 4908 quia
1513 4854 1617 4893 non
1646 4838 1819 4892 credit
1848 4848 1926 4893 te-

356 4929 610 4983 stimonio
656 4930 799 4999 quod
833 4938 1055 4984 testatus
1083 4940 1165 4985 est
1189 4930 1256 4985 dc
1285 4930 1418 4985 Filio
1456 4945 1587 4985 suo:
1620 4937 1675 4985 et
1718 4929 1819 4984 hoc
1843 4937 1926 4984 est

354 5019 739 5093 testimOnium,
768 5022 1018 5089 quoniam
1066 5022 1227 5074 vitam
1277 5031 1531 5075 :eternam
1575 5019 1722 5073 dedit
1772 5019 1924 5072 nobis

292 5128 313 5143 ο
356 5106 495 5163 Deus
520 5109 740 5180 (IJoan.
756 5127 807 5176 v,
832 5110 942 5179 10).
967 5111 1040 5165 De
1063 5111 1196 5165 Filio
1218 5112 1268 5165 in
1288 5111 1575 5180 Evangelio
1595 5129 1606 5163 :
1625 5110 1765 5164 Oves
1792 5123 1925 5163 mea:

354 5212 539 5253 vocem
580 5216 751 5256 meam
773 5201 1014 5270 audiunt,
1042 5211 1094 5256 et
1119 5212 1413 5269 sequuntur
1434 5215 1540 5263 me,
1567 5209 1622 5254 et
1641 5214 1740 5270 ego
1762 5200 1921 5253 vitam

353 5293 609 5338 aeternam
636 5286 705 5338 do
729 5288 808 5340 eis
840 5286 859 5355 (
888 5286 1045 5341 Joan.
1068 5301 1123 5349 χ,
1147 5286 1217 5340 27
1251 5288 1289 5355 ).
1326 5287 1389 5340 Et
1418 5286 1467 5337 in
1500 5284 1737 5352 Epistola
1765 5283 1920 5337 Joan-

353 5374 440 5427 nis
464 5376 595 5443 :Qui
616 5376 775 5433 habet
804 5378 1015 5441 Filium,
1047 5379 1203 5433 habet
1231 5378 1387 5431 vitam
1410 5386 1664 5430 :eternam
1688 5373 1740 5446 (ι
1767 5376 1921 5427 Joan.

354 5480 407 5528 ν.
440 5466 551 5537 12).
575 5468 652 5523 De
679 5470 880 5538 Spiritu
910 5479 1094 5525 sancto
1117 5470 1183 5523 ad
1211 5466 1421 5522 Galatas
1447 5483 1460 5520 :
1492 5466 1590 5532 Qui
1613 5468 1839 5520 seminat
1871 5466 1923 5517 in

354 5572 518 5612 carne
546 5573 664 5626 sua,
693 5561 761 5615 de
788 5576 948 5617 carne
967 5571 1021 5617 et
1049 5569 1214 5617 metet
1250 5561 1646 5629 corruptionem
1676 5576 1690 5612 :
1717 5559 1804 5625 qui
1832 5573 1924 5612 au-

353 5656 463 5701 tem
513 5650 740 5705 seminat
776 5651 828 5705 in
876 5652 1086 5721 spiritu,
1118 5653 1185 5709 de
1232 5652 1419 5719 spiritu
1458 5656 1622 5707 metet
1648 5650 1807 5704 vitam
1846 5663 1921 5703 a3-

356 5744 565 5795 terttam
595 5739 737 5801 (Gal.
767 5758 836 5801 vt.
857 5742 939 5812 8).
1323 5741 1325 5743 ’

1476 258 1746 354 conruit
1789 296 2196 354 VARIMADUII
2238 297 2365 353 LIB.
2408 297 2497 388 nt.

1952 415 2005 471 Α

3496 298 3602 354 418

2589 407 2811 464 CAPUT
2832 407 3041 463 XXVII.

2277 500 2426 567 Quod
2473 515 2647 567 pacem
2694 501 2857 552 omnis
2886 498 3111 552 Trinitas
3140 497 3348 551 tribuat.

2098 589 2290 644 Pacem
2319 589 2411 643 dat
2451 589 2629 653 Pater,
2674 604 2859 656 pacem
2908 589 3001 642 dat
3056 587 3244 651 Filius,
3296 600 3481 656 pacem
3509 585 3603 641 dat

2028 683 2257 751 Spiritus
2280 692 2515 736 sanctus.
2547 680 2675 734 Item
2706 681 2775 734 ibi
2817 700 2833 733 :
2878 680 3018 734 Deus
3072 689 3277 744 noster,
3323 692 3507 748 pacem
3532 678 3601 732 da

2030 773 2182 828 nobis
2214 770 2356 841 (Gai.
2384 787 2423 837 ι,
2453 773 2531 840 3).
2562 773 2629 825 Et
2672 772 2964 839 Apostolus
3006 787 3022 825 :
3056 770 3195 823 Deus
3247 780 3426 824 autem
3457 770 3603 837 pacis

2027 863 2118 916 det
2147 862 2301 915 vobis
2328 877 2513 931 pacem
2541 860 2627 931 (II
2661 861 2842 915 Thess.
2865 860 3075 929 "516).
3104 860 3169 914 Et
3195 861 3385 914 iterum
3415 876 3427 910 :
3459 859 3601 914 Deus

2027 964 2205 1006 autem
2234 951 2396 1024 [‘59
2420 952 2535 1019 spei
2557 952 2847 1020 adimpleat
2865 968 2957 1005 vos
2982 951 3129 1005 ounti
3155 951 3347 1019 gaudio
3369 960 3425 1005 et
3449 963 3597 1019 pace,

2030 1052 2086 1097 ut
2106 1043 2389 1097 abundetis
2409 1051 2462 1097 et
2482 1042 2790 1111 gloriﬁeetis
2814 1042 3019 1095 Patrem
3050 1041 3259 1094 Domini
3284 1040 3451 1094 nostri
3472 1039 3600 1095 Iesu

2027 1135 2227 1189 Christi
2258 1134 2439 1205 (Rom.
2491 1148 2579 1197 xv,
2616 1133 2725 1201 15).
2787 1133 2859 1185 De
2885 1133 3018 1186 Filio
3049 1133 3101 1185 in
3150 1133 3395 1186 Numeris
3429 1149 3440 1183 :
3475 1132 3601 1185 Hazc

2027 1224 2155 1279 dicit
2182 1224 2459 1288 Dominus,
2482 1223 2571 1291 qui
2604 1221 2729 1276 fecit
2768 1221 2932 1275 Israel
2962 1238 2975 1275 :
3006 1221 3142 1276 Ecce
3171 1235 3273 1289 ego
3297 1222 3365 1275 do
3392 1222 3497 1275 illis
3523 1232 3600 1274 te-

2029 1324 2353 1369 stamentum
2406 1315 2574 1382 pacis,
2627 1322 2682 1367 et
2734 1314 2886 1366 eritis
2912 1328 3030 1365 cum
3059 1327 3145 1378 eo,
3174 1320 3227 1366 et
3255 1326 3375 1365 cum
3397 1312 3600 1365 semine

2027 1403 2143 1472 ejus
2175 1412 2288 1471 post
2316 1406 2486 1472 ipsum
2517 1403 2705 1475 (Nam.
2742 1417 2866 1469 xxv,
2900 1400 3006 1472 1'5).
3058 1402 3130 1456 De
3172 1401 3373 1469 Spiritu
3415 1411 3601 1455 sancto

2027 1496 2349 1564 Apostolus:
2380 1495 2664 1549 Prudentia
2688 1494 2831 1549 enim
2864 1494 3041 1546 carnis
3064 1508 3207 1547 mors
3233 1501 3336 1561 est,
3370 1494 3601 1562 pruden-

2029 1588 2099 1643 tia
2129 1598 2307 1644 autem
2339 1588 2562 1658 spiritus
2590 1586 2699 1640 vita
2738 1595 2790 1639 et
2814 1600 2910 1652 pas
2943 1593 3028 1639 est
3057 1585 3233 1653 (Rom.
3270 1601 3383 1650 vni,
3414 1584 3489 1654 6).

2129 1683 2132 1691 ’
2571 1678 2795 1735 CAPUT
2821 1678 3055 1733 XXVIII.

2441 1769 2518 1824 De
2540 1770 2794 1825 communi
2817 1768 3183 1823 consolatione.

2099 1861 2421 1917 Consolatur
2466 1860 2656 1926 Pater,
2710 1861 3018 1915 consolatur
3049 1858 3248 1927 Filaus,
3293 1859 3601 1915 consolatur

2031 1954 2262 2024 Spiritus
2312 1962 2550 2007 sanctus.
2602 1952 2676 2005 De
2704 1952 2860 2006 Patre
2887 1951 2955 2005 ad
2996 1951 3296 2006 Corinthius
3328 1968 3341 2005 :
3374 1947 3598 2006 Benedi-

2029 2056 2145 2100 ctus
2176 2046 2315 2099 Deus
2338 2045 2493 2099 Pater
2534 2042 2745 2097 Domini
2788 2042 2956 2097 nostri
3012 2042 3139 2098 Jesu
3187 2042 3409 2108 Christi,
3449 2052 3598 2113 pater

2029 2134 2514 2189 misericordiarum
2561 2144 2615 2188 et
2668 2134 2810 2187 Deus
2862 2134 3024 2188 totius
3074 2133 3455 2188 cons’olatiouis
3507 2135 3597 2202 qui

2028 2231 2335 2285 consolatur
2363 2244 2460 2285 nos
2485 2227 2568 2299 (ιι
2601 2227 2723 2283 Cor.
2777 2245 2814 2293 ι,
2849 2227 2926 2299 δ).
2975 2229 3049 2284 De
3086 2228 3221 2282 Filio
3252 2230 3340 2284 ubi
3386 2244 3549 2298 supra
3580 2249 3593 2282 :

2028 2322 2290 2388 Quoniam
2323 2322 2461 2376 sicut
2491 2321 2765 2376 abundant
2796 2322 3072 2389 passiones
3101 2322 3299 2376 Christi
3337 2323 3387 2376 in
3420 2323 3598 2387 nobis,

2029 2411 2097 2465 ita
2124 2421 2179 2467 et
2199 2427 2293 2483 per
2314 2412 2586 2468 Christum
2616 2412 2848 2466 abundat
2874 2411 3169 2466 consolatio
3200 2421 3381 2466 nostra
3410 2410 3599 2481 (Ibid.,

2028 2503 2104 2576 5).
2128 2503 2203 2559 De
2222 2504 2418 2573 Spiritu
2449 2514 2634 2559 sancto
2657 2503 2710 2558 in
2734 2504 3022 2573 Evangelio
3045 2505 3207 2557 :Cum
3235 2505 3438 2559 venerit
3465 2519 3596 2559 con-

2027 2594 2228 2649 solator
2256 2610 2413 2663 quem
2446 2597 2650 2649 mittam
2681 2594 2831 2649 vobis
2862 2593 3119 2662 Spiritum
3147 2595 3412 2659 veritatis,
3449 2598 3535 2663 qui
3569 2611 3597 2651 a

2028 2685 2184 2741 Patre
2212 2701 2332 2741 meo
2352 2687 2611 2755 procedit,
2644 2687 2758 2756 ipse
2786 2702 2880 2741 vos
2906 2686 3117 2741 docebit
3149 2702 3360 2740 omnem
3402 2688 3597 2743 verita-

2029 2784 2157 2842 tem,
2187 2786 2241 2831 et
2265 2788 2487 2831 ventura
2517 2778 2856 2831 annuntiabit
2882 2777 3030 2830 vobis
3059 2776 3237 2848 (loan.
3272 2793 3360 2844 xv,
3385 2776 3501 2844 26).

2587 2866 2813 2923 CAPUT
2838 2866 3034 2921 XXIX.

2087 2959 2116 2983 ‘
2346 2956 2425 3012 De
2445 2960 2704 3013 communi
2728 2959 2992 3028 juvaminc
3011 2957 3298 3011 Trinitatis.

2100 3046 2330 3119 Adjuvat
2369 3049 2544 3116 Pater,
2596 3048 2812 3118 adjuvat
2866 3047 3050 3113 Filius,
3105 3048 3319 3116 adjuvat
3371 3046 3600 3117 Spiritus

1953 3136 1999 3199 C
2029 3151 2261 3198 sanctus.
2295 3142 2370 3197 De
2413 3142 2573 3197 Patre
2614 3143 2665 3195 in
2726 3142 2930 3211 psalmo
2959 3142 3368 3212 quadragesimo
3415 3143 3600 3214 quinto

2033 3232 2206 3304 (Verr.
2231 3232 2327 3302 6):
2361 3233 2497 3288 Deus
2526 3233 2579 3287 in
2631 3232 2806 3286 medio
2833 3234 2946 3302 ejus
2995 3248 3097 3287 non
3154 3236 3597 3302 commovebitur,

2028 3323 2301 3391 adjuvabit
2316 3330 2433 3378 eam
2457 3322 2597 3377 Deus
2622 3323 2767 3376 vultu
2798 3337 2915 3376 suo.
2942 3322 3018 3378 De
3039 3322 3172 3378 Filio
3195 3320 3248 3376 in
3280 3322 3597 3393 Evangelio:

2028 3412 2161 3468 Cum
2191 3414 2428 3469 venisset
2455 3412 2613 3467 Jesus
2637 3412 2687 3465 in
2719 3421 2895 3481 partes
2921 3411 3047 3481 Tyri
3089 3422 3145 3467 et
3191 3413 3405 3467 Sidonis
3430 3452 3445 3479 ,
3476 3427 3601 3468 ecce

2030 3508 2224 3562 mulier
2248 3506 2550 3562 Chanauaea
2600 3520 2630 3559 a
2664 3505 2859 3559 ﬁnibus
2916 3504 3020 3559 illis
3073 3521 3287 3575 egressa
3315 3505 3600 3571 clamabat,

2028 3598 2219 3654 dicens
2258 3617 2270 3652 :
2324 3597 2526 3668 Adjuva
2570 3612 2679 3663 me,
2728 3597 2952 3652 Domine
2992 3596 3205 3668 (Manli.
3250 3615 3339 3666 xv,
3369 3599 3484 3671 25).
3525 3599 3602 3655 De

2030 3690 2231 3759 Spiritu
2260 3700 2448 3745 sancto
2479 3691 2530 3744 in
2561 3688 2822 3759 Apostolo
2853 3704 2869 3745 :
2899 3687 3030 3742 Nam
3056 3688 3183 3758 quid
3216 3704 3440 3744 oremus
3464 3690 3602 3745 sicut

2027 3790 2240 3851 oportet
2260 3781 2552 3844 nescimus,
2594 3779 2688 3835 sed
2732 3779 2848 3847 ipse
2877 3777 3111 3846 Spiritus
3135 3776 3345 3845 adjuvat
3374 3780 3599 3837 inﬁrmi-

2028 3881 2190 3929 tatem
2223 3882 2460 3928 nostram
2490 3870 2670 3938 (Rom.
2701 3885 2816 3933 vnt,
2842 3868 2963 3936 9.6).

2608 3977 2839 4033 CAPUT
2868 3976 3032 4030 XXX.

2062 4100 2075 4113 κ
2387 4070 2463 4126 De
2486 4070 2742 4125 communi
2770 4068 2936 4140 gloria
2964 4066 3251 4121 Trinitatis.

2097 4165 2263 4238 560
2303 4165 2444 4220 Deus
2466 4164 2651 4234 gloria:
2685 4162 2863 4228 Pater,
2904 4161 3005 4215 hoc
3036 4160 3223 4224 Filius,
3248 4159 3347 4213 hoc
3368 4157 3598 4228 Spiritus

2028 4266 2264 4312 sanctus.
2297 4256 2370 4309 De
2401 4254 2558 4309 Patre
2584 4254 2640 4306 in
2670 4253 2923 4309 Actibus:
2975 4251 3115 4304 Deus
3142 4249 3324 4317 gloriae
3352 4249 3596 4317 apparuit

2029 4349 2172 4403 Patri
2223 4357 2407 4402 nostro
2460 4344 2749 4411 Abraham,
2804 4358 2924 4396 cum
2959 4351 3103 4396 esset
3142 4342 3192 4394 in
3217 4340 3595 4406 Mcs0potamia

2035 4438 2168 4510 (Act.
2199 4453 2294 4506 vn,
2321 4436 2399 4508 2).
2435 4435 2508 4490 De
2538 4434 2673 4488 Filio
2702 4434 2755 4487 in
2787 4430 3043 4500 Apostolo
3082 4446 3096 4483 :
3128 4430 3183 4485 Si
3232 4429 3375 4483 enim
3402 4444 3601 4498 cogno-

2037 4533 2275 4594 vissent,
2331 4543 2600 4597 nunquam
2654 4524 2932 4579 Dominum
2982 4521 3165 4590 gloria:
3214 4519 3601 4574 cruciﬁxisseut

2033 4622 2089 4694 (Ι
2116 4624 2232 4677 Cor.
2264 4638 2319 4686 ιι,
2362 4620 2439 4691 8).
2470 4621 2546 4675 De
2587 4618 2788 4687 Spiritu
2817 4622 3003 4669 sancto
3045 4613 3110 4666 ad
3142 4610 3478 4666 Corinthios:
3519 4611 3602 4664 An

2035 4716 2250 4769 nescitis
2304 4715 2424 4783 quia
2480 4725 2704 4778 corpora
2762 4716 2937 4762 vestra
2976 4704 3227 4772 templum
3255 4710 3340 4758 est
3360 4703 3412 4756 iu
3452 4702 3603 4757 vobis

2034 4807 2265 4875 Spiritus
2286 4804 2479 4867 sancti,
2516 4817 2674 4873 quem
2712 4800 2918 4853 habetis
2942 4812 2973 4849 a
3004 4794 3185 4863 Deo(l
3218 4793 3336 4847 Cor.
3370 4808 3442 4858 vr,
3470 4793 3603 4863 19)?

2036 4898 2101 4952 Et
2127 4897 2290 4951 intra:
2325 4895 2631 4950 Glnriﬁcate
2660 4901 2715 4945 et
2745 4886 3270 4959 portateDominum
3299 4887 3351 4939 in
3376 4898 3604 4954 corpore

2035 4999 2215 5045 vestro
2241 4986 2428 5058 (Ibid.,
2456 4986 2569 5054 ΞΟ).

2592 5091 2816 5146 CAPUT
2844 5092 2885 5144 X
2901 5090 3034 5145 XXI.
3072 5110 3081 5115 ‘

2494 5184 2571 5238 De
2606 5183 2859 5236 communi
2889 5184 3141 5234 doctrina.

2103 5281 2351 5336 Doctrina
2381 5279 2573 5344 Patris,
2606 5278 2847 5331 doctrina
2893 5275 3035 5338 Filii,
3083 5275 3322 5326 doctr'na
3367 5255 3598 5337 Spiritus

2035 5374 2224 5427 sancti.
2262 5373 2336 5425 De
2365 5371 2521 5424 Patre
2568 5371 2619 5421 in
2651 5367 2871 5421 Actibus
2903 5382 2917 5418 :
2951 5366 3099 5418 Tunc
3139 5362 3269 5415 vidit
3318 5360 3597 5428 proconsul

2034 5465 2172 5532 quod
2221 5464 2413 5517 factum
2444 5472 2545 5524 est,
2598 5469 2654 5513 ct
2700 5457 2927 5513 creddit
2965 5456 3234 5509 admirans
3272 5455 3325 5505 in
3357 5451 3599 5505 doctrina

2038 5558 2128 5611 Dei
2151 5557 2289 5623 (Act.
2326 5569 2437 5617 xu,
2466 5554 2576 5621 1‘2).
2602 5553 2675 5604 De
2704 5550 2838 5603 Filio
2859 5549 2923 5601 ad
2953 5547 3162 5599 Titum:
3195 5542 3599 5597 Servidominis

2032 5648 2143 5701 suis
2179 5646 2489 5705 obeqlientcs
2534 5643 2643 5695 sint
2673 5641 2725 5693 in
2755 5637 3005 5691 unmibus
3052 5634 3179 5701 (Tit.
3212 5650 3270 5698 ll,
3301 5633 3383 5703 9).
3417 5634 3481 5687 Et
3512 5637 3598 5687 in-

2032 5734 2139 5789 l'ra:
2171 5733 2240 5790 Ut
2264 5733 2511 5791 doctrina
2531 5729 2826 5787 Salvatoris
2853 5725 3021 5781 nostri
3054 5725 3184 5782 Jcsu
3212 5724 3408 5781 Christi
3437 5739 3598 5780 orne-
