3962 6178
329 296 431 353 MO

325 509 505 557 tnanet
530 501 581 554 in
611 498 1082 562 doctrinaChristi,
1104 499 1272 553 Deum
1301 512 1406 550 non
1434 495 1594 549 habet
1625 492 1711 564 (II
1735 492 1895 545 Joan.

325 592 403 660 9).
438 590 514 645 De
556 590 761 660 Spiritu
783 598 971 643 sancto
997 590 1062 642 ad
1088 588 1426 643 Corinthios:
1453 588 1582 653 Quae
1608 586 1896 655 loquimur,

326 690 432 737 non
471 682 525 737 in
566 681 847 751 sapientiae
903 680 1147 734 humanae
1187 678 1449 734 doctrina:
1477 678 1675 741 verbis,
1716 676 1812 733 sed
1847 677 1899 730 iu

325 773 570 829 doctrina
596 770 827 841 Spiritus
845 771 1013 825 sancti
1045 769 1098 841 (Ι
1126 768 1247 825 Cor.
1276 785 1336 836 ιι,
1374 767 1482 839 15).

886 881 1113 937 CAPUT
1141 880 1357 935 XXXII.

706 971 786 1026 De
820 973 1077 1027 communi
1104 971 1526 1040 sanctiﬁcatione.
1628 996 1631 999 -

397 1065 703 1124 Sattctilicat
726 1064 906 1131 Pater,
925 1063 1220 1118 sanctificat
1243 1062 1429 1129 Filius,
1457 1058 1759 1115 sanctiﬁcat
1782 1058 1903 1124 Snio

327 1160 461 1216 ritus
496 1168 734 1214 sanctus.
764 1157 838 1212 De
869 1157 1027 1212 Patre
1053 1156 1121 1211 ad
1150 1156 1657 1211 Thessalonicenscs
1689 1171 1701 1206 :
1730 1153 1901 1207 Debe-

328 1268 447 1306 mus
474 1251 674 1319 gratias
703 1262 861 1317 agere
896 1248 1006 1303 Deo
1027 1263 1243 1318 semper
1274 1263 1369 1316 pro
1401 1247 1573 1316 vobis,
1607 1245 1799 1299 fratres
1821 1244 1902 1298 di-

328 1340 454 1396 lecti
494 1354 524 1394 a
569 1341 699 1404 Deo,
757 1339 846 1408 qui
878 1339 1041 1407 elegit
1069 1355 1164 1393 nos
1194 1340 1262 1392 ab
1291 1339 1441 1392 initio
1468 1339 1521 1391 in
1552 1338 1802 1402 salutem,
1848 1336 1901 1390 in

326 1428 798 1487 sanctiﬁcationem
833 1429 914 1500 (II
939 1430 1117 1484 Thess.
1153 1445 1210 1493 tt,
1237 1430 1349 1499 12).
1382 1432 1448 1484 Ει
1479 1429 1735 1500 propheta
1762 1446 1773 1480 :
1799 1430 1902 1483 Pa-

329 1524 464 1578 ravit
493 1523 631 1576 Deus
664 1521 1014 1587 sacriﬁcium,
1048 1531 1103 1576 et
1131 1521 1483 1576 saitctilicavit
1534 1522 1736 1577 electos
1778 1535 1902 1576 suos

328 1613 518 1684 (Soph.
548 1627 586 1677 ι,
614 1614 696 1682 7).
722 1612 797 1666 De
829 1611 965 1666 Filio
994 1612 1045 1666 in
1080 1614 1335 1682 Aposmlo
1380 1631 1392 1667 :
1428 1614 1494 1669 Et
1542 1614 1656 1671 hac
1686 1614 1902 1685 quidem

330 1701 526 1766 fuistis,
558 1701 650 1756 sed
681 1701 847 1755 abluti
879 1701 1031 1765 estis,
1056 1710 1110 1756 et
1132 1703 1451 1759 sanetiiicati
1473 1704 1527 1759 in
1554 1707 1769 1761 nomine
1800 1706 1905 1760 Do-

329 1794 457 1849 mini
471 1794 635 1849 nostri
650 1792 776 1849 .Iesu
791 1791 988 1849 Christi
1003 1792 1057 1865 (I
1074 1794 1189 1849 Cor.
1208 1809 1284 1863 Vt,
1295 1797 1318 1851 l
1331 1796 1352 1849 1
1365 1796 1403 1865 ).

328 1888 487 1962 46],
513 1887 568 1943 in
596 1886 913 1944 Canonicis:
936 1889 1243 1945 Secundum
1275 1891 1660 1961 providentiam
1690 1894 1785 1949 Dei
1809 1893 1909 1948 Pa—

331 1981 428 2035 tris
450 1981 503 2034 in
529 1979 1003 2035 sanetitlcationem
1033 1981 1264 2050 Spiritus
1292 1982 1348 2053 (1
1370 1982 1515 2037 Petr.
1549 2000 1589 2051 t,
1632 1984 1714 2053 2).
1744 1985 1812 2040 Et
1841 1986 1909 2041 ad

334 2072 636 2127 Romanos:
668 2071 737 2127 Ut
770 2073 861 2126 ﬁat
882 2073 1083 2127 oblatio
1112 2076 1348 2144 gentium
1385 2078 1751 2147 acceptabilis,
1778 2094 1908 2135 sau-

333 2160 560 2217 ctillcata
590 2162 642 2217 in
663 2161 863 2231 Spiritu
895 2176 1081 2219 sancto
1108 2165 1283 2235 (Rom.
1317 2182 1407 2235 xv,
1438 2166 1548 2239 I6).

865 2275 1090 2331 CAPUT
1130 2275 1374 2333 XXXIII.

768 2366 844 2422 De
868 2371 1125 2421 communi
1149 2371 1471 2425 reuelatione.

406 2459 634 2515 Revelat
669 2460 847 2525 I’atcr,
872 2461 1071 2515 revelat
1099 2462 1285 2531 Filius,
1308 2464 1509 2519 revelat
1530 2461 1759 2533 Spiritus
1785 2477 1909 2518 san-

335 2558 472 2601 ctus.
510 2547 584 2602 De
616 2547 769 2602 Patre
796 2550 860 2601 ad
895 2548 1142 2605 Galatas:
1175 2551 1309 2606 Cum
1340 2561 1518 2607 autem
1550 2551 1749 2621 placuit
1774 2552 1904 2620 Deo,

333 2639 423 2707 qui
451 2652 538 2693 me
565 2637 866 2709 segregavit
887 2638 955 2693 de
981 2648 1135 2695 utero
1178 2641 1364 2697 matris
1390 2638 1526 2698 mea:
1557 2658 1656 2713 per
1685 2644 1906 2712 gratiam

332 2742 504 2793 suam,
533 2738 589 2783 ut
610 2730 871 2783 revelaret
912 2728 1099 2784 Filium
1149 2745 1305 2785 suum
1336 2732 1388 2787 in
1421 2748 1506 2788 me
1548 2733 1691 2803 (Gal.
1724 2750 1762 2802 ι,
1794 2734 1905 2806 15).

336 2822 412 2875 De
439 2820 572 2875 Filio
597 2819 663 2874 ad
685 2819 898 2875 Galatas
927 2839 939 2874 :
973 2821 1156 2892 Neque
1185 2823 1328 2880 enim
1351 2839 1449 2894 ego
1474 2824 1543 2880 ab
1579 2824 1794 2880 homine
1820 2841 1910 2881 ac-

332 2914 449 2982 cepi
475 2913 605 2968 illud
630 2921 723 2967 aut
747 2912 929 2979 didici,
952 2902 1048 2968 (sed
1080 2930 1172 2983 per
1200 2916 1582 2971 revelationem
1607 2916 1734 2971 Iesu
1756 2917 1919 2971 Chri-’

332 3002 397 3057 sti
423 3002 606 3073 (Ibid,
650 3002 762 3071 12).
793 3002 869 3057 De
895 3003 1094 3073 Spiritu
1122 3016 1307 3060 sancto
1329 3006 1394 3060 ad
1424 3007 1721 3074 Ephesios:
1754 3006 1908 3074 Quod

1639 289 1863 349 VIGlLII
1902 284 2268 346 TAPSENSIS

327 416 416 462 tur
466 405 518 459 in
546 404 792 460 omnibus
840 404 969 475 (Tit.
999 420 1035 459 ιι
1058 445 1073 470 ,
1111 402 1223 474 10).
1262 404 1331 459 Et
1368 405 1557 459 iterum
1598 419 1610 455 :
1653 404 1754 470 Qui
1796 416 1900 455 non
1932 410 1985 465 Α

3487 280 3590 335 420

2546 397 2770 454 CAPUT
2804 395 3042 451 XXXVI.

2396 487 2473 542 De
2506 491 2760 543 communi
2788 487 3186 556 regeneratione.

2075 578 2374 647 Regenerat
2404 579 2580 644 Pater,
2616 588 2896 649 regenerat
2926 578 3111 643 Filius,
3140 590 3416 647 regenerat
3451 577 3577 646 Spi-

2004 670 2141 725 rittts
2174 679 2411 724 sanctus.
2449 669 2528 724 De
2555 668 2716 723 Patre
2753 669 3027 737 apostolus
3055 667 3187 723 dicit
3215 686 3229 721 :
3264 669 3582 725 Benedictus

2002 759 2145 817 Deus
2168 768 2223 814 et
2250 761 2407 815 Pater
2432 759 2644 814 Domini
2674 760 2841 814 nostri
2867 758 2995 815 Jesu
3017 758 3239 828 Christi,
3268 761 3362 832 qui
3383 776 3578 817 secuu-

2002 850 2128 905 dum
2160 865 2405 919 magnam
2453 850 2876 905 misericordiam
2929 865 3079 904 suam
3113 852 3452 918 regeneravit
3481 867 3581 907 nos

2003 940 2057 997 in
2087 956 2236 1011 spem
2265 944 2386 995 vitm
2416 950 2632 996 aeterna:
2666 938 2718 1011 (Ι
2751 939 2866 994 Pet.
2894 955 2930 1002 ι.
2957 939 3037 1006 5).
3073 940 3144 995 De
3170 939 3307 995 Filio
3337 941 3441 995 'ubi
3488 959 3582 995 su-

2004 1048 2097 1101 pra
2131 1050 2143 1085 :
2177 1033 2231 1087 In
2257 1032 2482 1088 caritate
2510 1030 2867 1086 fraternitatis
2897 1030 3101 1101 diligite
3130 1030 3381 1099 invicem,
3429 1032 3581 1100 quasi

2004 1126 2172 1180 renati
2205 1140 2296 1193 per
2328 1125 2547 1179 verbum
2582 1124 2672 1178 Dei
2700 1124 2828 1187 vivi,
2869 1133 2923 1180 et
2951 1123 3318 1192 permanentis
3349 1122 3403 1177 in
3425 1135 3585 1179 aeter-

2003 1233 2126 1271 num
2158 1216 2344 1284 (Ibid.,
2371 1215 2592 1286 22,25).
2627 1217 2700 1270 De
2736 1214 2941 1284 Spiritu
2973 1226 3155 1269 sancto
3178 1214 3229 1268 itt
3258 1212 3583 1286 Evangelia:

2003 1307 2059 1363 Si
2081 1309 2200 1377 quis
2228 1322 2336 1362 non
2364 1316 2582 1364 renatus
2612 1306 2770 1361 fuerit
2799 1322 2865 1361 ex
2893 1321 3030 1374 aqua
3059 1315 3114 1360 et
3139 1304 3341 1375 Spiritu
3371 1317 3582 1376 sancto,

2004 1412 2110 1453 non
2140 1405 2316 1467 potest
2345 1398 2548 1452 intrare
2570 1397 2622 1451 in
2656 1410 2875 1465 regnum
2912 1396 3001 1449 [)ci
3034 1395 3213 1466 (.Ioan.
3247 1411 3334 1461 ιιι,
3361 1396 3441 1467 5).

2528 1486 2755 1541 CAPUT
2788 1485 3047 1541 XXXVII.
3074 1518 3081 1523 -

2500 1575 2577 1631 De
2606 1578 2865 1632 communi
2893 1578 3084 1645 requie.

2076 1670 2336 1741 Requiem
2360 1669 2450 1725 dat
2474 1668 2653 1736 Pater,
2683 1670 2924 1739 requiem
2954 1669 3144 1737 Filius,
3186 1671 3427 1740 requiem
3464 1670 3583 1740 Spi-

1422 1794 1709 1867 Despimu
1722 1806 1908 1852 sane“,
1938 1767 1984 1829 Β
2010 1762 2142 1867 ritus
2171 1773 2409 1867 sanctus.
2440 1761 2516 1816 De
2546 1761 2707 1867 Patre
2751 1762 2804 1816 in
2838 1761 3024 1867 Exodo
3058 1778 3073 1817 :
3102 1761 3341 1865 Locutus
3361 1762 3581 1867 est-Do-

2012 1853 2187 1910 minus
2206 1854 2271 1908 ad
2304 1854 2543 1925 Moysen,
2572 1853 2760 1908 dicens
2787 1869 2802 1907 :
2838 1853 2975 1910 Ecce
3003 1861 3057 1909 tu
3083 1853 3372 1923 apponeris
3400 1853 3466 1908 ad
3492 1868 3581 1922 pa-

2008 1955 2121 2001 tres
2151 1956 2292 2013 tuos,
2321 1953 2376 2000 et
2401 1947 2641 2015 requiem
2671 1945 2812 2000 dabo
2850 1945 2947 2000 tibi
2983 1962 2998 2000 :
3043 1955 3099 2000 et
3153 1947 3292 2001 scies
3325 1946 3448 2018 quia
3484 1961 3585 2017 ego

2009 2051 2127 2092 sum
2153 2035 2430 2101 Dominus,
2462 2036 2552 2102 qui
2596 2037 2913 2091 conservavi
2943 2044 2996 2092 te
3028 2037 3083 2092 in
3108 2038 3192 2092 via
3238 2047 3328 2092 tua
3386 2037 3581 2109 (Exod.

2009 2144 2196 2193 xxxttt,
2227 2127 2340 2197 11).
2363 2127 2439 2182 De
2469 2127 2604 2182 Filio
2631 2129 2698 2183 ad
2727 2129 3240 2185 Tltessalonicenses
3275 2147 3287 2184 :
3328 2129 3399 2186 Ut
3429 2130 3575 2200 digni

2009 2217 2309 2273 habeamini
2354 2233 2519 2288 regno
2557 2219 2674 2289 Dei,
2704 2233 2801 2289 pro
2830 2235 2934 2290 quo
2963 2230 3017 2276 et
3047 2222 3283 2290 patimini
3316 2218 3398 2293 (II
3425 2219 3584 2275 Thes.

2011 2325 2051 2378 ι,
2082 2309 2161 2381 5).
2196 2308 2265 2363 Et
2288 2308 2456 2364 infra:
2488 2309 2788 2366 Retribuite
2820 2309 2904 2367 his
2933 2312 3023 2380 qui
3066 2325 3161 2367 vos
3191 2311 3469 2375 tribulam,
3498 2328 3583 2366 re-

2014 2400 2384 2465 tributionem,
2416 2412 2472 2456 et
2495 2400 2647 2457 vobis
2667 2402 2757 2472 qui
2787 2402 3112 2458 tribulantini
3151 2404 3389 2473 requiem
3416 2402 3581 2475 (Ibid.

2010 2491 2087 2563 6).
2125 2493 2201 2549 Dc
2244 2494 2444 2564 Spiritu
2494 2504 2680 2549 sancto
2714 2494 2768 2549 in
2817 2495 3177 2567 Apocalypsi:
3210 2496 3418 2551 Amodo
3456 2496 3585 2552 dicit

2009 2584 2249 2654 spiritus,
2296 2595 2354 2640 ut
2407 2587 2746 2655 requiescant
2788 2599 2820 2641 a
2877 2586 3150 2644 laboribus
3204 2587 3316 2641 suis
3373 2586 3574 2657 (Apoc.

2011 2689 2116 2742 xtv,
2146 2674 2253 2743 I5).

2537 2767 2763 2824 CAPUT
2788 2767 3070 2823 XXXVIII.

2450 2859 2531 2914 De
2557 2863 2815 2913 communi
2837 2860 3133 2913 salvatione.

2078 2950 2265 3006 Salvat
2291 2951 2465 3019 Pater,
2498 2950 2666 3007 salvat
2696 2951 2881 3015 Filius,
2902 2952 3070 3006 salvat
3091 2952 3320 3021 Spiritus
3346 2960 3583 3007 sanctus.

2014 3042 2087 3095 De
2116 3041 2272 3098 Patre
2307 3043 2359 3097 in
2393 3046 2596 3111 psalmo
2642 3045 2938 3099 centesimo
2995 3042 3179 3113 quinto
3222 3044 3398 3115 (Vera.
3444 3044 3576 3113 47):

333 3092 1055 3206 ῗῗῗῗῖδῗῗῖῗῖῗνθῗῨΡυὲ,³191⁸
1090 3095 1902 3206 '_“_'.‘T939395”--"°.‘l‘l'f5’f‘¥
1932 3123 1978 3185 (ι
2009 3132 2167 3187 Salva
2217 3148 2338 3199 nos.
2369 3133 2512 3189 Deus
2560 3145 2762 3200 nam.
2810 3133 3050 3206 assa
3093 3150 3356 3206 connexa
3396 3148 3495 3189 nos
3519 3135 3586 3190 de

334 3199 476 3240 nunc
524 3193 702 3239 autem
754 3183 1047 3239 rchlatum
1096 3195 1176 3241 est
1222 3202 1314 3258 per
1348 3188 1605 3257 Spiritum
1662 3199 1904 3244 sanctum

336 3278 535 3334 sanctis
560 3275 816 3348 apostolis
842 3286 895 3331 et
916 3278 1193 3348 prophetis
1220 3276 1433 3350 (Ep/tes.
1476 3296 1554 3346 ιιι,
1576 3280 1653 3353 5).

862 3388 1087 3444 CAPUT
1135 3388 1373 3445 XXXIV.

750 3478 826 3534 De
852 3481 1107 3534 conmuni
1131 3480 1500 3541 benedictione.

407 3592 701 3650 Beuedicet
748 3602 800 3648 te
851 3595 1031 3663 Pater,
1070 3596 1352 3652 benedicet
1381 3597 1572 3663 Filius,
1625 3597 1908 3655 bettedicet

345 3685 578 3754 Spiritus
603 3697 842 3742 sanctus.
874 3688 950 3743 De
977 3689 1133 3744 Patre
1164 3689 1232 3743 ad
1265 3688 1556 3760 Ephesios:
1590 3690 1907 3746 Benedictus

341 3777 483 3833 Deus
510 3786 563 3833 et
590 3779 749 3837 Pater
777 3778 985 3833 Domini
1014 3782 1183 3834 nostri
1214 3781 1339 3836 Jesu
1369 3782 1594 3847 Christi,
1623 3783 1711 3851 qui
1737 3782 1907 3837 bene-

336 3870 472 3923 dixit
493 3884 591 3924 nos
619 3870 670 3924 in
694 3871 839 3925 omni
867 3869 1238 3927 benedictione
1265 3872 1489 3941 spiritali
1508 3873 1721 3943 (Enna.
1755 3889 1795 3943 ι,
1822 3874 1905 3942 5).

338 3958 416 4013 De
444 3960 578 4015 Filio
608 3960 662 4014 in
686 3960 973 4017 Salomone
1007 3979 1019 4012 :
1056 3963 1361 4019 Benedictio
1385 3964 1592 4019 Domini
1629 3979 1789 4034 super
1816 3979 1906 4018 ca-

339 4059 431 4116 put
477 4050 605 4119 justi
655 4049 837 4122 (Prov.
873 4067 929 4117 x,
962 4049 1043 4121 6).
1078 4053 1147 4107 Et
1185 4054 1239 4108 in
1290 4055 1493 4122 psalmo
1545 4056 1906 4126 octuagesinto

336 4145 495 4196 tertio
517 4142 695 4212 (Vera.
726 4141 815 4213 8):
846 4143 1279 4201 Benedictionem
1326 4146 1473 4201 dabit
1496 4147 1584 4216 qui
1615 4148 1787 4217 legem
1811 4147 1905 4203 de-

333 4232 430 4288 dit.
463 4235 539 4289 De
566 4235 766 4305 Spiritu
819 4248 1007 4293 sancto
1055 4238 1123 4293 ad
1172 4237 1429 4294 Galatas:
1464 4237 1530 4294 Ut
1574 4239 1629 4294 in
1660 4239 1905 4309 gentibus

335 4326 637 4382 benedictio
662 4330 895 4386 Abrahae
925 4331 1079 4385 ﬁeret
1126 4331 1180 4384 in
1225 4330 1440 4386 Christo
1475 4330 1627 4398 Iesu,
1658 4341 1713 4389 ut
1741 4331 1906 4387 bene-

332 4416 624 4474 dictionem
645 4419 869 4489 spiritus
892 4421 1366 4490 aecipiamus(Cal.
1396 4438 1475 4488 ttt,
1505 4422 1616 4495 14).

880 4528 1104 4584 CAPUT
1128 4528 1344 4585 XXXV.

668 4618 744 4674 De
772 4623 1026 4675 comunt
1051 4623 1241 4693 gaudio
1269 4623 1565 4681 Trinitatis.
1874 4680 1891 4688 -

403 4706 667 4764 Gaudium
715 4710 806 4764 dat
848 4709 1025 4779 Pater,
1074 4711 1216 4768 idem
1266 4714 1456 4779 Filius,
1490 4715 1629 4771 idem
1674 4715 1904 4785 Spiritus

333 4788 570 4853 sanctus.
603 4798 679 4853 De
704 4799 861 4855 Patre
889 4800 945 4856 in
971 4801 1138 4857 Isaia:
1165 4802 1290 4858 Iltec
1318 4803 1448 4859 dicit
1482 4804 1734 4860 Dominus
1765 4805 1904 4861 Dens

335 4888 537 4942 Israel:
566 4887 827 4944 Gaudium
859 4893 1244 4961 sempiternum
1271 4894 1343 4949 do
1386 4896 1490 4959 eis,
1541 4903 1592 4949 rt
1630 4896 1904 4951 mandabo

332 4991 447 5041 eos,
494 4986 549 5033 et
591 4988 748 5034 erunt
794 4982 1137 5048 acceptabilia
1186 4998 1348 5054 opera
1390 4999 1577 5040 eorum
1607 5000 1786 5040 coram
1818 5002 1902 5041 me
1982 5036 1987 5040 ,

336 5067 489 5138 (lsai.
518 5085 679 5135 xxxv,
701 5070 901 5139 I0).De
922 5072 1061 5127 Filio
1089 5076 1141 5129 in
1170 5075 1457 5146 Evangelia
1485 5092 1496 5128 :
1527 5076 1727 5131 Videbo
1742 5075 1901 5147 [.62

331 5176 429 5214 vos
481 5170 537 5217 et
588 5163 838 5232 gaudebit
862 5178 957 5219 cor
981 5176 1239 5233 vestrum,
1282 5177 1336 5222 et
1365 5167 1613 5237 gaudium
1664 5176 1899 5222 vestrum

331 5266 490 5307 nemo
513 5253 721 5309 auferet
745 5253 925 5324 (Joan.
976 5272 1086 5318 xu,
1117 5257 1235 5327 22).
1284 5259 1357 5313 De
1386 5259 1586 5327 Spiritu
1615 5268 1800 5314 sancto
1835 5257 1900 5311 ad

331 5345 877 5403 Thessalonicenses:
911 5349 1149 5417 Excipite
1198 5349 1417 5403 verbum
1471 5352 1522 5403 in
1563 5351 1905 5405 tribulatione

332 5440 519 5505 multa,
548 5440 601 5495 in
629 5440 822 5508 gaudio
856 5440 1087 5509 Spiritus
1110 5440 1276 5494 sancti
1308 5440 1357 5510 (Ι
1390 5439 1544 5494 Thes.
1573 5457 1611 5504 t,
1632 5441 1711 5509 6).
1750 5440 1812 5494 Ει
1838 5440 1901 5492 ad

334 5524 604 5585 Romanos
630 5547 643 5584 :
674 5530 791 5586 Non
822 5539 908 5584 est
926 5534 1066 5585 enim
1096 5545 1316 5600 regnum
1346 5531 1440 5585 Dei
1467 5545 1589 5584 esca
1618 5540 1675 5584 et
1725 5540 1900 5599 potus,

333 5618 428 5670 sed
478 5619 681 5686 justitia
731 5632 785 5677 et
832 5638 952 5692 pax,
985 5632 1040 5680 et
1077 5622 1327 5693 gaudium
1361 5622 1413 5679 in
1470 5622 1669 5693 Spiritu
1718 5634 1903 5677 sancto

336 5705 515 5769 (Rom.
549 5728 653 5779 xtv,
689 5713 797 5782 I7).

2010 3224 2289 3299 gentibus.
2310 3225 2383 3278 De
2404 3224 2542 3280 Filio
2568 3226 2619 3280 in
2653 3226 2860 3294 psalmo
2884 3227 3180 3280 centesimo
3206 3227 3375 3295 primo
3407 3225 3587 3295 (Vera:

2012 3314 2102 3385 I7)
2136 3333 2148 3368 :
2179 3315 2440 3384 Quoniam
2470 3316 2673 3373 salvam
2706 3315 2863 3372 faciet
2890 3318 3145 3373 Dominus
3174 3316 3326 3384 Sion,
3352 3328 3406 3373 et
3434 3319 3583 3375 vide-

2012 3403 2155 3459 bitur
2184 3404 2237 3459 in
2283 3404 2563 3476 majestate
2616 3420 2732 3461 sua.
2788 3407 2855 3463 Et
2905 3407 2959 3462 in
2993 3406 3253 3477 Apostolo
3288 3410 3588 3475 :Quoniam

2008 3496 2342 3564 Speravimus
2367 3498 2419 3553 in
2437 3496 2604 3553 Deum
2631 3500 2829 3564 vivum,
2849 3499 2938 3566 qui
2960 3507 3043 3554 est
3058 3497 3306 3556 Salvator
3325 3502 3584 3567 omnium,

2010 3588 2246 3643 maxime
2268 3588 2501 3644 fidelium
2550 3585 2603 3658 (I
2634 3588 2765 3645 Tim.
2795 3604 2873 3656 tv,
2905 3589 3016 3660 10).
3064 3590 3139 3645 De
3167 3590 3369 3661 Spiritu
3404 3602 3589 3648 sancto

2010 3680 2077 3734 ad
2109 3678 2285 3734 Titum
2311 3697 2324 3733 :
2355 3679 2489 3734 Cum
2513 3689 2692 3747 autem
2722 3680 2969 3752 apparuit
2996 3682 3295 3753 benignitas
3326 3685 3585 3740 ethuma-

2012 3769 2153 3824 nitas
2181 3769 2477 3826 Salvatoris
2524 3770 2691 3826 nostri
2723 3764 2841 3835 Dei,
2869 3772 3045 3827 salvos
3080 3788 3179 3827 nos
3211 3772 3335 3830 fecit
3358 3789 3453 3844 per
3478 3776 3587 3832 ιίιν

2012 3872 2182 3920 tutem
2211 3863 2633 3933 regenerationis
2672 3862 2902 3933 Spiritus
2927 3866 3101 3923 sancti
3133 3864 3262 3939 (Tit.
3286 3882 3363 3932 ttt,
3399 3869 3477 3939 4).

2541 3952 2765 4009 CAPUT
2809 3954 3053 4011 XXXIX.

2455 4042 2531 4098 De
2558 4046 2816 4099 communi
2848 4047 3147 4103 dilectione.

2084 4135 2306 4191 Dilectio
2326 4135 2517 4201 Patris,
2551 4136 2768 4192 dilectio
2796 4137 2938 4204 Filii,
2965 4139 3178 4194 dilectio
3200 4137 3431 4210 Spiritus
3459 4154 3582 4195 san-

2010 4228 2103 4281 cti.
2136 4227 2209 4281 De
2239 4225 2395 4282 Patre
2422 4226 2656 4284 Joannes
2703 4228 3015 4297 apostolus:
3065 4228 3205 4284 Deus
3244 4224 3464 4286 dileCtio
3507 4240 3589 4289 est

2011 4316 2067 4386 (Ι
2096 4316 2253 4373 Joan.
2286 4333 2359 4384 tv,
2393 4317 2508 4388 l6).
2542 4318 2610 4373 Et
2634 4320 2859 4375 iterum:
2891 4318 2947 4375 Si
2969 4320 3110 4376 Deus
3138 4321 3331 4377 dilexit
3375 4334 3495 4389 nos,
3537 4334 3591 4379 rt

2013 4426 2109 4466 nos
2138 4410 2393 4466 debemus
2442 4412 2668 4468 invicem
2696 4412 2919 4483 diligere
2968 4411 3156 4483 (Ibid.,
3203 4415 3312 4484 11).
3349 4417 3423 4471 De
3453 4414 3590 4470 Filio

1934 4492 1984 4552 D
2011 4502 2064 4556 in
2095 4502 2599 4572 Evangelio:Sicut
2626 4504 2815 4559 dilexit
2865 4519 2948 4560 tne
2978 4504 3156 4574 Pater,
3209 4516 3264 4562 et
3305 4522 3403 4577 ego
3422 4508 3587 4563 dilexi

2015 4609 2112 4647 vos
2141 4592 2319 4665 (Joan.
2344 4611 2433 4661 xv,
2475 4594 2555 4666 9).
2590 4596 2659 4650 Et
2688 4596 2913 4651 iterum:
2940 4597 3072 4652 Cum
3114 4599 3592 4669 autetndilexisset

2008 4687 2299 4758 discipulos
2327 4701 2476 4757 suos,
2520 4702 2687 4758 usque
2734 4687 2789 4742 in
2840 4689 2998 4744 linem
3056 4689 3240 4745 dilexit
3269 4704 3362 4745 eos
3403 4690 3584 4763 (Joan.

2009 4794 2123 4843 xttt,
2157 4776 2233 4849 1).
2284 4778 2361 4833 De
2397 4778 2595 4848 Spiritu
2640 4789 2828 4834 sancto
2860 4779 2910 4834 iu
2938 4780 3158 4835 Joannis
3189 4782 3424 4851 Epistola
3464 4800 3478 4837 :
3522 4784 3590 4837 Et

2009 4869 2109 4922 hoc
2142 4870 2536 4938 cognoscimus,
2571 4868 2694 4937 quia
2726 4870 2942 4925 dilectio
2968 4870 3083 4939 ejus
3109 4881 3289 4927 manet
3330 4874 3382 4927 in
3430 4875 3590 4927 nobis

2008 4960 2075 5015 de
2098 4959 2295 5031 Spiritu
2318 4970 2523 5026 sancto,
2552 4975 2710 5029 quem
2749 4961 2898 5015 dedit
2932 4961 3082 5016 nobis
3105 4960 3157 5031 (1
3182 4963 3339 5017 Joan.
3370 4979 3442 5031 tv,
3475 4966 3548 5035 1).

2608 5071 2832 5127 CAPUT
2872 5072 2986 5126 XL.

2365 5162 2443 5218 De
2471 5166 2728 5218 communi
2764 5167 3084 5220 rectitudine.

2081 5259 2279 5315 Rectus
2331 5257 2512 5325 Pater,
2570 5268 2750 5312 rectus
2781 5257 2973 5322 Filius,
2997 5270 3173 5315 rectus
3200 5258 3430 5328 Spiritus
3463 5275 3588 5314 san—

2008 5362 2143 5405 ctus.
2183 5351 2255 5405 De
2286 5350 2445 5406 Patre
2477 5351 2529 5405 in
2574 5349 2780 5419 psalmo
2827 5352 3174 5419 nonagesimo
3204 5354 3377 5421 primo
3404 5352 3581 5423 (Verr.

2008 5443 2138 5511 lli):
2174 5442 2437 5510 Quoniam
2488 5450 2665 5497 rectus
2690 5450 2772 5496 est
2806 5442 3065 5496 Dominus
3105 5444 3241 5499 Deus
3273 5454 3478 5510 noster,
3520 5455 3574 5501 et

2008 5549 2111 5586 non
2134 5542 2218 5589 est
2248 5534 2497 5602 iniquitas
2525 5534 2579 5587 in
2607 5546 2694 5588 eo.
2720 5532 2797 5588 De
2828 5532 2963 5589 Filio
2991 5534 3041 5589 in
3072 5536 3274 5604 psalmo
3305 5536 3579 5591 tricesimo

2005 5624 2242 5680 secundo
2266 5623 2441 5694 (Verr.
2471 5623 2529 5693 ι)
2556 5624 2852 5691 :Quoniam
2886 5634 3061 5679 rectus
3083 5636 3163 5682 est
3194 5642 3373 5681 sermo
3404 5627 3587 5681 Domi-

2009 5714 2084 5783 ni,
2117 5723 2171 5771 et
2192 5716 2373 5773 omnia
2400 5729 2566 5786 opera
2593 5716 2709 5786 ejus
2731 5717 2784 5771 in
2810 5715 2933 5771 lide.
2966 5716 3041 5799 De
3067 5718 3269 5788 Spiritu
3300 5729 3489 5774 sancto
3530 5718 3585 5773 in
