3960 6176
304 234 385 297 Et

1347 222 1650 279 ‘CONTRA
1690 220 2095 279 γιιιιιιιιυυιι
2138 222 2264 279 LIB.
2307 223 2394 278 Ill.

3404 224 3512 280 422

302 346 482 418 psalmo
518 337 950 408 quinquagesimo
1002 335 1178 406 (Vera.
1223 336 1314 404 12)
1352 352 1366 389 :
1417 334 1525 389 Cor
1578 334 1829 390 mundum
1862 341 1909 405 Α
1938 336 2233 393 viviﬁcatus
2259 344 2439 393 autem
2484 335 2672 406 spiritu
2711 336 2765 407 (Ι
2804 335 2915 391 Pet.
2948 352 3027 403 ιιι,
3053 334 3167 402 18).
3205 337 3271 393 Et
3316 338 3511 396 Paulus

302 435 574 496 creainme,
598 430 759 497 Deus,
783 438 837 486 et
858 429 1115 500 Spiritum
1140 438 1347 485 rectum
1370 443 1566 485 renova
1588 428 1641 484 in
1663 427 1832 484 visce-

304 532 425 586 ’⁵⁸³⁸³⁸
445 526 585 581 mai"
848 588 1074 645 CAPUT
1113 588 1247 643 xu.

519 681 613 739 Ubi
651 680 934 735 benedictio
973 678 1239 735 Trinitatis
1268 679 1579 750 appellatur.

358 794 660 850 Benedictus
712 792 893 855 Pater,
939 789 1251 845 benedictus
1289 789 1480 855 Filius,
1524 788 1839 846 benedictus

302 886 502 952 Spiritus
527 890 763 937 sat-cus.
788 880 868 937 De
894 881 1054 937 Patre
1082 881 1136 935 in
1160 881 1486 950 Evangelia:
1516 879 1838 935 Benedictus

300 976 523 1031 Dominus
548 971 710 1044 ωδ
737 971 880 1027 Deus
908 970 1095 1035 Israel,
1124 971 1246 1040 quia
1278 972 1507 1026 visitavit
1524 979 1579 1025 et
1606 969 1733 1026 iecit
1754 986 1841 1026 re-

301 1065 629 1133 demptionem
678 1061 849 1131 plebis
902 1077 1013 1118 sua:
1070 1060 1221 1131 (Luc.
1264 1076 1304 1128 t,
1335 1062 1452 1123 78).
1502 1062 1579 1117 De
1608 1060 1747 1115 Filio
1771 1062 1839 1116 ad

301 1157 538 1211 Romanos
578 1171 593 1207 :
639 1154 715 1209 Ex
746 1154 940 1224 quibus
988 1152 1237 1209 Christus
1266 1153 1562 1210 secundum
1598 1169 1838 1220 carnem,

301 1250 371 1320 qui
392 1258 466 1304 est
491 1261 655 1315 super
673 1248 853 1301 omnia
870 1245 1006 1300 Deus
1026 1245 1338 1303 benedictus
1360 1244 1414 1299 in
1442 1246 1639 1300 saecula
1661 1244 1839 1316 (Rom.

302 1357 362 1407 ιι,
381 1341 453 1408 5).
482 1339 562 1394 De
593 1338 797 1407 Spiritu
835 1347 1022 1395 sancto
1050 1337 1105 1393 in
1150 1336 1445 1395 Salomone
1471 1353 1488 1392 :
1520 1337 1843 1393 Benedictus

300 1434 488 1501 spiritus
509 1432 780 1501 iustorum
804 1444 837 1484 a
862 1429 1107 1495 Domino,
1129 1438 1185 1487 et
1209 1430 1262 1485 in
1282 1437 1535 1500 respectu
1563 1428 1707 1485 illius
1730 1428 1847 1497 glo-

299 1524 544 1579 riabuntur
575 1519 770 1592 (Ecdi.
799 1535 981 1587 sunt,
1011 1519 1122 1590 14).

835 1608 1060 1665 CAPUT
1103 1609 1263 1665 XLII.

667 1699 750 1756 De
785 1701 1040 1757 castaneti
1069 1702 1461 1773 confortatione.

355 1803 620 1858 (iouiortat
646 1803 823 1868 Pater,
861 1802 941 1857 sic
968 1802 1154 1867 Filius,
1209 1803 1281 1855 ita
1324 1798 1556 1869 Spiritus
1600 1805 1843 1854 sanctus.

298 1895 365 1950 De
407 1894 557 1949 Patre
605 1895 659 1950 in
703 1893 898 1948 Esther
941 1908 954 1944 :
994 1892 1249 1947 Coul'orta
1298 1906 1408 1958 me,
1436 1891 1549 1945 [lex
1596 1891 1846 1954 deorum,

301 2000 485 2041 munem
534 1984 897 2055 principatum
948 1994 1139 2038 tenens
1187 1982 1398 2053 (Esther
1431 1997 1553 2047 xiv,
1603 1981 1718 2051 12).
1772 1981 1850 2036 De

302 2074 420 2129 Filio
444 2074 738 2144 Apostolus
768 2092 782 2129 :
807 2072 1018 2130 Gratias
1037 2087 1140 2144 ago
1171 2074 1280 2129 Deo
1313 2081 1499 2129 nostro
1538 2072 1666 2128 .lesu
1694 2070 1850 2125 Chri-

301 2176 387 2232 sto,
415 2168 500 2238 qui
527 2166 857 2222 contortavit
894 2181 981 2221 me
1002 2210 1017 2235 ,
1056 2175 1113 2222 et
1142 2166 1353 2221 ﬁdelem
1401 2166 1702 2230 aestimavit,
1757 2179 1852 2232 po-

306 2272 420 2311 nens
446 2258 497 2311 ia
527 2258 837 2312 ministerio
863 2255 919 2325 (I
941 2256 1073 2310 Tim.
1097 2271 1139 2324 t,
1170 2258 1283 2326 l2).
1316 2256 1393 2312 De
1419 2256 1622 2326 Spiritu
1663 2263 1850 2308 sancto

303 2350 345 2402 in
366 2348 687 2418 Evangelio:
722 2348 860 2403 Puer
889 2359 1069 2404 autem
1094 2349 1389 2417 crescebat,
1418 2357 1474 2407 et
1515 2347 1854 2405 confortaba-

305 2447 373 2492 tur
397 2438 445 2493 in
475 2440 681 2511 spiritu
730 2439 881 2510 (Luc.
906 2454 944 2505 ι,
975 2438 1091 2509 80).

844 2549 1070 2607 CAPUT
1112 2549 1290 2607 XLIII.

668 2641 749 2697 De
783 2644 1037 2697 communi
1064 2644 1442 2699 resurrectione.

365 2744 660 2801 Resuscitat
682 2744 860 2814 Pater,
891 2746 1171 2802 resuscitat
1191 2745 1386 2814 Filius,
1424 2746 1708 2804 resuscitat
1730 2745 1854 2816 Spi-

305 2834 420 2889 ritus
444 2847 688 2892 sanetus.
715 2834 791 2891 De
812 2835 969 2891 Patre
995 2837 1049 2891 in
1075 2836 1331 2894 Actibus:
1357 2838 1497 2893 Deus
1524 2846 1732 2907 patrum
1761 2851 1858 2891 no-

301 2935 509 2981 strorutn
542 2927 828 2983 suscitavit
856 2927 1065 2997 Iesum,
1116 2937 1172 2986 et
1228 2943 1328 2984 nos
1374 2928 1722 2985 resuscitabit
1762 2943 1858 2998 per

303 3019 575 3087 potentiam
606 3034 761 3074 suam
793 3018 930 3091 (Act.
959 3034 1016 3088 ιι,
1043 3018 1153 3089 52).
1174 3018 1252 3075 De
1278 3019 1413 3075 Filio
1436 3018 1492 3073 in
1515 3018 1805 3087 Evangelia
1837 3035 1850 3071 :

302 3107 430 3162 Multi
458 3118 645 3165 autem
702 3107 1012 3164 Judteorum
1064 3118 1327 3165 venerunt
1373 3108 1467 3175 ibi,
1527 3123 1633 3165 non
1680 3108 1854 3165 solum

304 3208 499 3268 propter
524 3199 739 3265 Iesum,
766 3199 861 3255 sed
890 3209 948 3254 ut
988 3198 1247 3255 Lazarum
1276 3199 1543 3265 viderent,
1572 3215 1729 3269 quem
1781 3213 1861 3256 re-

303 3293 648 3346 suscitaverat
668 3305 699 3343 a
727 3290 952 3345 mortuis
974 3289 1150 3363 (Joan.
1182 3305 1279 3356 xu,
1307 3291 1385 3362 9).
1414 3291 1490 3346 De
1512 3291 1864 3361 Spiritusan-

306 3388 379 3431 cto
403 3380 450 3433 in
477 3380 746 3450 Apostolo
780 3398 791 3432 :
826 3382 886 3436 Si
916 3392 1094 3437 autem
1133 3382 1362 3452 Spiritus
1383 3382 1524 3455 ejus,
1560 3383 1653 3455 qui
1694 3385 1862 3439 susei-

304 3474 416 3526 lavit
436 3472 623 3527 Iesum
643 3486 676 3527 a
704 3473 951 3540 mortuis,
1002 3472 1207 3531 habitat
1228 3475 1282 3529 in
1308 3474 1479 3543 vobis,
1503 3475 1787 3530 viviticabit
1814 3483 1869 3530 et

307 3564 531 3619 nwrtalia
558 3578 796 3634 corpora
823 3571 1023 3633 vestra,
1056 3580 1151 3636 per
1180 3564 1571 3633 inhabitantem
1606 3568 1867 3639 Spiritum

302 3666 527 3712 sanetum
554 3656 616 3714 in
643 3656 796 3713 vobis
817 3657 1001 3727 (Rom.
1030 3672 1146 3724 vttt,
1178 3658 1288 3731 11).

850 3768 1078 3829 CAPUT
1119 3770 1299 3826 XLIV.

699 3858 778 3914 De
795 3862 1050 3916 communi
1079 3862 1440 3919 invisibilitate.

364 3959 655 4018 Invisibilis
684 3962 864 4030 Pater,
924 3964 1209 4021 invisibilis
1262 3965 1450 4030 Filius,
1484 3965 1585 4021 hoc
1636 3966 1870 4036 Spiritus

299 4064 527 4111 sanctus.
558 4057 639 4111 De
654 4054 814 4112 Patre
830 4056 899 4111 ad
922 4055 1268 4117 Colosseuses
1289 4074 1305 4112 :
1338 4058 1438 4124 Qui
1467 4067 1553 4114 est
1582 4058 1756 4128 imago
1773 4058 1868 4113 Dei

303 4144 571 4200 invisibilis
601 4144 746 4215 (Col.
778 4161 817 4211 t,
846 4145 955 4216 15).
989 4146 1064 4202 De
1083 4147 1218 4202 Filio
1246 4150 1299 4204 in
1325 4148 1461 4203 libro
1479 4148 1613 4204 Iob:
1647 4148 1872 4218 Sapien-

301 4234 418 4291 tiam
465 4238 561 4293 Dei
622 4237 765 4293 unde
819 4238 1095 4293 invenies?
1124 4238 1279 4294 Latet
1328 4240 1472 4294 enim
1512 4255 1542 4293 α
1575 4249 1869 4307 conspectu

1881 3061 1931 3126 C

1936 428 2245 495 apostolus:
2281 427 2478 483 Littera
2524 427 2740 494 occidit,
2795 427 3016 498 Spiritus
3056 438 3236 483 autem
3281 429 3513 485 viviticat

1936 516 2024 585 (II
2056 515 2177 575 Cor.
2210 533 2288 584 ιιι,
2318 517 2396 588 6).

2498 606 2724 664 CAPUT
2762 607 2944 663 XLVI.

2230 698 2329 753 Ubi
2358 702 2526 770 gratia
2558 700 2650 756 Dei
2674 700 2897 756 Trinitas
2920 702 3232 770 appellatur.

2015 788 2198 843 Gratia
2230 790 2322 844 Dei
2337 790 2535 850 Patris.
2569 793 2735 860 gratia
2772 792 2915 858 Filii,
2941 792 3108 862 gratia
3139 792 3369 862 Spiritus
3394 808 3517 849 san-

1938 880 2028 932 cti.
2061 879 2132 933 De
2164 879 2317 933 Patre
2343 879 2407 933 ad
2442 879 2709 937 Romanos
2750 899 2762 934 :
2810 882 2977 937 Multo
3008 882 3176 953 magis
3202 884 3368 953 gratia
3401 884 3514 948 Dei,

1939 980 1996 1023 et
2037 970 2233 1023 donum
2263 971 2315 1025 in
2367 972 2532 1040 gratia
2580 972 2736 1027 unius
2779 971 3009 1027 hominis
3064 971 3188 1027 Iesu
3221 972 3418 1027 Christi
3464 976 3514 1027 in

1941 1063 2120 1131 plures
2146 1063 2434 1116 abundavit
2474 1062 2650 1130 (Rom.
2680 1078 2731 1126 ν,
2767 1062 2878 1133 15).
2926 1062 3055 1118 Item
3096 1064 3170 1118 ibi
3218 1081 3231 1115 :
3270 1065 3401 1132 Quis
3431 1082 3517 1119 me

1945 1151 2193 1207 liberabit
2236 1151 2303 1206 de
2344 1165 2574 1220 corpore
2632 1151 2822 1205 mortis
2877 1151 3073 1221 huius?
3108 1153 3273 1221 gratia
3307 1154 3397 1207 Dei
3426 1170 3518 1223 per

1943 1241 2126 1296 Iesum
2146 1242 2416 1298 Christum
2439 1242 2617 1311 (llam.
2647 1259 2742 1309 vn,
2771 1242 2891 1308 21).
2934 1244 3011 1299 De
3047 1243 3182 1298 Filio
3222 1244 3288 1299 ad
3326 1245 3519 1300 Corin-

1946 1335 2124 1388 thios:
2155 1332 2337 1388 Nostis
2364 1332 2507 1389 enim
2533 1335 2760 1405 gratiam
2794 1335 3005 1391 Domini
3034 1336 3202 1392 nostri
3216 1335 3347 1392 Iesu
3367 1336 3518 1392 Chri-

1946 1428 2038 1490 sti,
2066 1428 2189 1495 quia
2245 1435 2463 1496 propter
2500 1440 2595 1479 vos
2645 1442 2848 1495 pauper
2902 1426 3070 1482 lactus
3098 1436 3181 1482 est
3221 1443 3340 1483 cum
3366 1429 3520 1484 dives

1947 1525 2091 1569 esset
2115 1513 2198 1586 (II
2214 1515 2335 1568 Cor.
2362 1530 2475 1580 vttt,
2503 1516 2584 1585 9).
2621 1515 2695 1570 De
2721 1516 2923 1583 Spiritu
2954 1518 3004 1570 in
3034 1518 3255 1573 Actibus
3278 1534 3293 1575 :
3320 1520 3520 1575 Cecidit

1951 1608 2184 1673 Spiritus
2203 1615 2420 1661 sanctus
2440 1622 2605 1675 super
2635 1622 2822 1663 omnes
2842 1608 2931 1676 qui
2962 1607 3249 1663 audiebant
3278 1610 3519 1671 \erhum,

1876 1698 1926 1759 B
1951 1709 2006 1752 et
2042 1697 2429 1766 obstupuerunt
2459 1702 2546 1764 qut
2578 1710 2734 1751 erant
2770 1714 2836 1752 ex
2874 1697 3283 1755 circumcisione
3314 1701 3525 1763 ﬁdeles,

1949 1788 2039 1857 qui
2064 1787 2223 1841 simul
2245 1803 2368 1841 cum
2392 1787 2551 1842 Petro
2584 1800 2864 1853 venerant,
2895 1790 3144 1858 quoniam
3192 1800 3246 1844 et
3273 1790 3522 1860 gentibus

1949 1880 2116 1949 gratia
2144 1879 2373 1947 Spiritus
2401 1881 2569 1935 saneti
2598 1879 2786 1933 dili'usa
2830 1889 2913 1934 est
2940 1881 3077 1951 (Act.
3111 1898 3163 1947 ι,
3196 1881 3309 1952 14).

2499 1968 2724 2024 CAPUT
2755 1968 2967 2024 XLVII.

2378 2057 2453 2112 De
2475 2060 2734 2113 communi
2759 2061 3099 2116 renovatione.

2021 2148 2265 2210 Renovat
2278 2148 2454 2216 Pater,
2470 2159 2686 2205 renovat
2709 2134 2895 2215 Filius,
2912 2150 3013 2207 hoc
3034 2152 3267 2221 Spiritus
3282 2163 3521 2210 sanctus.

1956 2241 2031 2297 De
2058 2241 2214 2296 Patre
2242 2242 2292 2295 in
2321 2241 2549 2295 Ieremia
2581 2260 2593 2293 :
2620 2242 2883 2298 Converte
2907 2259 3025 2310 nos,
3048 2246 3203 2311 Deus,
3231 2256 3283 2300 et
3308 2260 3522 2302 com-er.

1956 2339 2133 2386 temur
2154 2330 2317 2401 466
2340 2331 2406 2385 ad
2431 2340 2481 2386 te
2520 2348 2532 2384 :
2568 2347 2765 2387 reuma
2793 2334 2904 2389 dies
2935 2344 3144 2389 nostros
3172 2336 3309 2389 sicut
3337 2338 3403 2392 ab
3436 2338 3507 2392 ini

1958 2421 2031 2476 tio
2069 2420 2282 2489 (Thren.
2314 2436 2368 2485 v,
2404 2419 2517 2488 21).
2553 2422 2626 2476 De
2672 2421 2809 2476 Filio
2838 2423 3224 2495 inSalomone
3260 2427 3525 2496 :Attingit

1956 2520 2133 2566 autem
2160 2528 2324 2582 usque
2348 2514 2411 2567 ad
2438 2513 2597 2568 linem
2626 2512 2858 2580 fortiter,
2884 2524 2936 2569 et
2959 2516 3190 2585 disponit
3215 2518 3391 2572 omnia
3408 2532 3527 2571 δοες

1956 2603 2092 2657 viter
2116 2602 2269 2675 (Sap.
2299 2618 2410 2669 vut,
2441 2604 2518 2673 I),
2549 2616 2635 2670 et,
2668 2603 2798 2661 Cutn
2829 2608 2896 2662 sit
2926 2621 3050 2673 una,
3087 2609 3263 2661 omnia
3313 2609 3530 2667 innovat

1961 2692 2114 2763 (Sap.
2144 2709 2237 2760 vu,
2272 2694 2380 2767 17).
2408 2695 2485 2751 De
2510 2695 2709 2765 Spiritu
2739 2708 2923 2751 sancto
2951 2699 3015 2751 ad
3048 2698 3352 2755 Romanos:
3382 2699 3532 2757 Nunc

1960 2776 2093 2838 vero
2122 2787 2359 2839 evacuati
2388 2799 2576 2841 sumus
2602 2802 2630 2839 a
2664 2787 2778 2854 lege
2808 2789 2993 2844 martis
3037 2789 3089 2842 in
3129 2804 3232 2858 qua
3253 2788 3532 2846 detineba-

1961 2889 2099 2940 mur,
2125 2875 2195 2928 ita
2225 2883 2280 2931 ut
2308 2878 2602 2931 serviamus
2628 2877 2680 2931 in
2699 2880 2932 2933 novitate
2970 2880 3214 2949 Spiritus,
3253 2888 3436 2936 etnon
3474 2882 3529 2938 in

1961 2973 2227 3021 vetustate
2255 2964 2445 3021 littera:
2466 2966 2645 3036 (Rom.
2674 2982 2765 3032 vn,
2797 2970 2875 3038 6).

2486 3059 2714 3119 CAPUT
2748 3061 2982 3119 XLVIII.

2267 3149 2344 3205 De
2371 3154 2628 3226 communi
2656 3153 2917 3223 signaculo
2950 3153 3233 3211 Trinitatis.

2032 3243 2217 3312 Signat
2242 3243 2418 3306 Pater,
2438 3245 2611 3313 signat
2626 3242 2813 3311 Filius,
2839 3247 3013 3316 signat
3042 3246 3272 3316 Spiritus
3295 3259 3533 3307 sanctus.

1967 3335 2043 3389 De
2074 3334 2232 3389 Patre
2271 3334 2337 3388 ad
2367 3334 2673 3390 Corinthios
2717 3353 2730 3389 :
2764 3336 2863 3402 Qui
2916 3349 3092 3392 autem
3132 3340 3412 3394 conﬁrmat
3444 3357 3538 3395 nos

1967 3425 2236 3479 vobiscum
2264 3424 2316 3478 itt
2343 3424 2578 3492 Christo,
2611 3435 2665 3480 et
2685 3424 2955 3481 Christum
2979 3428 3031 3481 in
3054 3428 3225 3494 vobis,
3247 3440 3302 3484 et
3322 3433 3409 3499 qui
3445 3449 3540 3488 un-

1967 3515 2043 3570 xit
2063 3529 2163 3570 nos
2192 3516 2353 3583 Deus,
2383 3527 2437 3571 et
2456 3516 2694 3587 signavit
2714 3532 2812 3571 nos
2836 3517 2919 3589 (ΙΙ
2938 3518 3061 3572 Cor.
3085 3534 3125 3585 t,
3154 3520 3269 3590 21).
3304 3522 3377 3577 De
3407 3522 3543 3578 Filio

1965 3607 2033 3662 ad
2082 3606 2383 3677 Ephesios:
2432 3607 2726 3665 Audientes
2764 3609 2983 3664 verbum
3025 3610 3302 3678 Evangelii
3352 3613 3540 3668 salutis

1969 3707 2181 3765 vestra,
2207 3698 2261 3752 in
2285 3712 2392 3767 quo
2419 3699 2705 3755 credentes
2734 3699 2925 3769 signati
2954 3701 3083 3754 estis
3113 3701 3331 3772 (Ephes.
3362 3718 3403 3768 ι,
3428 3704 3540 3771 15).

1968 3789 2045 3844 De
2071 3787 2271 3858 Spiritu
2296 3797 2485 3843 sancto
2515 3789 2607 3843 ubi
2634 3804 2794 3859 supra
2825 3808 2839 3845 :
2875 3789 3395 3846 Nolite‘contristare
3422 3792 3544 3861 Spl-

1970 3878 2129 3933 ritum
2156 3886 2401 3931 sanctum
2433 3877 2528 3932 Dei
2558 3879 2611 3932 in
2642 3892 2747 3946 quo
2772 3878 2967 3950 signati
3004 3882 3134 3937 estis
3175 3881 3228 3936 in
3266 3881 3406 3937 diem
3454 3895 3543 3937 re-

1969 3967 2291 4038 demptionis
2307 3965 2523 4040 (εριιεε.
2556 3983 2631 4037 ιν,
2647 3968 2762 4039 ao).

2525 4081 2753 4139 CAPUT
2780 4082 2967 4138 XLIX.

2428 4173 2507 4227 De
2536 4176 2790 4228 communi
2830 4176 3083 4228 unctione.

2044 4264 2200 4335 Ungit
2229 4261 2408 4333 Pater,
2435 4265 2583 4333 ungit
2612 4263 2798 4331 Filius,
2830 4264 2977 4333 ungit
3030 4263 3260 4333 Spiritus
3297 4275 3534 4320 sanctus.

304 4326 451 4399 565
478 4329 751 4396 omnium,
779 4339 836 4386 et
877 4330 1183 4386 volucribus
1206 4333 1327 4385 coeli
1359 4334 1621 4386 absconsa
1642 4339 1725 4386 est
1746 4329 1858 4399 (lat

1973 4357 2049 4411 De
2073 4326 2232 4411 Patre
2258 4354 2309 4409 in
2338 4326 2543 4423 psalmo
2573 4326 2980 4424 quadragesimo
3003 4326 3191 4427 quarto
3230 4355 3410 4427 (Vera.
3444 4357 3500 4427 8)
3524 4376 3537 4412 :

302 4434 479 4488 mut,
510 4422 631 4492 21).
666 4422 743 4477 De
773 4421 976 4492 Spiritu
1000 4432 1183 4478 sancto
1213 4423 1300 4476 ubi
1327 4438 1487 4492 supra
1515 4443 1526 4477 :
1556 4425 1619 4477 Et
1649 4423 1858 4492 spiritus

1980 4448 2268 4515 Propterea
2294 4421 2447 4500 unxit
2485 4456 2535 4499 te
2566 4444 2727 4509 Deus,
2754 4421 2896 4500 Deus
2929 4421 3049 4500 tuus
3076 4446 3195 4501 oleo
3233 4421 3449 4501 laetitia.
3480 4421 3547 4502 Et

308 4513 527 4568 occurrit
566 4515 623 4569 in
654 4512 791 4569 (acie
820 4528 956 4579 mea,
988 4523 1042 4568 et
1074 4516 1401 4569 horruerunt
1444 4514 1619 4583 capilli
1654 4513 1781 4578 mei,
1813 4522 1868 4567 et

304 4617 484 4661 carnes
521 4615 579 4661 et
629 4606 835 4659 vatum
883 4614 939 4660 et
981 4607 1215 4675 speciem
1261 4622 1367 4660 non
1399 4606 1527 4673 vidi,
1557 4604 1652 4661 sed
1682 4620 1865 4660 vocem

306 4702 501 4752 tantum
525 4697 810 4754 audiebam
838 4696 954 4769 (Job
982 4713 1054 4765 tv,
1085 4698 1196 4769 15).

878 4808 1103 4865 CAPUT
1150 4810 1307 4866 XLV.

710 4897 790 4954 De
822 4902 1075 4955 communi
1104 4903 1458 4971 viviﬁcatione.

372 4993 615 5052 Viviiicat
646 4999 824 5065 Pater,
848 5000 1073 5057 viviﬁcut
1097 5002 1286 5069 Filius,
1331 5004 1431 5058 hoc
1486 5003 1716 5072 Spiritus
1750 5020 1875 5063 san-

302 5097 441 5140 ctus.
474 5088 555 5144 De
579 5091 732 5145 Patre
753 5091 820 5146 ad
849 5092 1146 5149 Romanos:
1180 5093 1312 5161 Quia
1344 5104 1546 5162 patrem
1585 5098 1872 5153 multarum

298 5181 547 5245 gentium
571 5182 719 5250 posui
747 5194 799 5238 te
828 5194 947 5238 ante
978 5185 1163 5251 Deum,
1195 5188 1277 5241 cui
1304 5187 1595 5253 credidisti,
1625 5190 1712 5257 qui
1739 5192 1874 5243 vivi-

300 5270 427 5323 ﬁcat
476 5272 649 5340 (Ilom.
686 5290 758 5341 iv,
792 5277 899 5344 17).
956 5276 1027 5331 De
1068 5277 1203 5333 Filio
1250 5279 1303 5331 in
1334 5279 1577 5348 Regum:
1620 5282 1874 5337 Dominus

298 5362 594 5417 mortilicat
618 5377 671 5420 ct
716 5367 947 5422 viviticat
970 5368 1019 5436 (1
1054 5369 1177 5439 Reg.
1212 5387 1268 5434 ll,
1290 5372 1365 5441 6).
1386 5371 1452 5424 Et
1473 5373 1523 5425 in
1551 5372 1871 5443 Evangelia:

299 5453 454 5507 Sicut
478 5444 643 5510 Pater
672 5459 898 5512 suscitat
928 5471 1165 5515 mortuos
1190 5471 1242 5515 et
1270 5461 1521 5528 vivilicat,
1548 5465 1687 5519 sicut
1707 5475 1761 5519 et
1793 5466 1879 5520 Fi-

301 5543 400 5597 lius
426 5560 571 5615 quos
597 5550 705 5602 vult
737 5550 967 5603 vivilicat
996 5549 1171 5618 (Jaan.
1202 5567 1254 5620 v,
1284 5552 1397 5623 21).
1420 5554 1491 5606 De
1521 5555 1724 5623 Spiritu
1754 5571 1877 5612 san-

299 5646 387 5689 cto
422 5637 480 5691 in
528 5635 757 5708 Epistula
794 5640 938 5697 Petri
992 5643 1258 5711 apostoli:
1298 5644 1644 5704 Mortiﬁcatus
1690 5663 1875 5718 carne,

1977 4539 2031 4594 in
2059 4538 2389 4606 octogesimo
2410 4544 2604 4591 octavo
2647 4536 2827 4607 (Vera.
2859 4537 2985 4607 21):
3018 4538 3195 4593 Inveni
3238 4539 3399 4593 David
3436 4555 3547 4593 ser-

1979 4643 2100 4682 vum
2134 4636 2333 4695 meum,
2364 4627 2485 4682 oleo
2516 4635 2701 4681 sancto
2728 4626 2853 4681 unxi
2877 4642 3017 4682 eum.
3044 4628 3119 4683 De
3146 4628 3280 4683 Filio
3318 4629 3369 4683 in
3420 4628 3547 4697 Epi-

1978 4719 2113 4775 stola
2143 4719 2398 4775 Joannis:
2425 4718 2491 4772 Et
2522 4732 2619 4771 nos
2648 4717 2954 4773 unctionem
2981 4734 3139 4788 quam
3186 4721 3490 4790 accepimus
3519 4736 3551 4775 a

1982 4820 2189 4877 sancto,
2217 4819 2398 4864 manet
2429 4808 2483 4863 in
2515 4807 2697 4872 nobis,
2725 4819 2780 4863 et
2829 4824 2936 4864 non
2984 4824 3203 4865 necesse
3258 4810 3466 4864 habetis
3496 4818 3554 4863 ut

1981 4900 2174 4969 aliquis
2204 4900 2394 4955 doceat
2427 4912 2522 4951 vos
2554 4897 2604 4969 (Ι
2631 4898 2789 4955 Joan.
2820 4916 2878 4966 tt,
2902 4900 3015 4970 27).
3046 4902 3119 4955 De
3144 4901 3342 4969 Spiritu
3367 4912 3551 4955 sancto

1978 4996 2032 5048 in
2084 4994 2256 5049 Isaia:
2290 4993 2521 5062 Spiritus
2553 4991 2759 5047 Domini
2790 5009 2954 5063 super
2979 5010 3085 5055 me.
3142 5003 3359 5063 propter
3404 4994 3545 5059 quod

1978 5086 2126 5142 unxit
2154 5101 2263 5156 me,
2292 5086 2661 5156 evangelizare
2692 5090 3015 5157 p.iuperibus
3048 5089 3199 5157 (Isai.
3225 5104 3331 5152 ωιι,
3365 5090 3441 5155 1).

2598 5198 2827 5256 CAPUT
2861 5202 2922 5255 L.

2366 5288 2445 5343 De
2474 5293 2736 5345 communi
2775 5294 3149 5361 redargutione.

2052 5378 2235 5447 Arguit
2265 5380 2442 5447 Pater,
2466 5385 2638 5450 arguit
2654 5384 2842 5445 Filius,
2867 5385 3039 5451 arguit
3058 5382 3286 5450 Spiritus
3307 5389 3546 5433 sanctus.

1981 5472 2056 5526 De
2080 5473 2236 5525 Patre
2260 5473 2310 5526 in
2336 5473 2624 5530 Salomone
2658 5493 2669 5527 :
2697 5475 2773 5528 Ne
2801 5474 3045 5527 dixeritis
3074 5488 3090 5529 :
3141 5471 3447 5525 Misericors
3471 5482 3555 5526 est

1986 5566 2122 5619 Deus
2146 5576 2329 5620 noster
2349 5609 2365 5628 ,
2393 5583 2497 5620 non
2522 5568 2706 5621 reddet
2752 5567 2907 5619 nobis
2932 5574 3149 5633 peccata
3186 5570 3370 5618 nostra
3394 5584 3405 5629 ;
3439 5567 3555 5634 ipse

1984 5656 2122 5708 enim
2150 5656 2437 5709 secundum
2467 5656 2626 5725 467
2672 5656 2978 5722 patientiam
3014 5658 3064 5711 in
3098 5659 3203 5713 line
3259 5659 3550 5729 redarguet
