3962 6178
353 297 461 358 423

358 506 487 559 Sion
514 505 655 560 enim
688 503 895 573 prodict
937 504 1047 569 lex,
1077 511 1134 556 et
1161 500 1380 555 verbum
1408 497 1618 552 Domini
1656 497 1723 552 de
1769 496 1928 552 Jeru-

356 598 545 661 salem,
575 605 630 651 et
660 596 921 665 judicabit
967 596 1017 647 in
1051 594 1226 648 medio
1255 593 1515 662 gentium,
1544 600 1599 645 et
1634 591 1925 659 redarguet

358 688 605 758 populum
636 687 859 740 multum
912 682 1067 751 (Isai.
1100 698 1156 751 ιι,
1185 683 1239 745 ’5,
1268 683 1346 747 4).
1379 681 1453 735 De
1488 681 1685 749 Spiritu
1738 688 1926 734 sancto

357 780 408 831 in
457 775 940 846 Evangelio:Cum
989 773 1197 827 venerit
1251 769 1481 842 Spiritus
1534 770 1624 824 ille
1673 781 1924 834 sanctus,

354 880 508 935 quem
536 870 709 919 millet
737 867 893 919 Pater
918 865 968 917 in
997 863 1212 917 nomine
1241 878 1379 929 meo,
1414 864 1525 933 ipse
1563 870 1750 931 arguet
1772 877 1926 915 mun-

354 960 479 1014 dum
508 959 574 1013 dc
593 968 809 1027 peccato
834 956 1010 1025 (Joan.
1043 970 1152 1019 xvi,
1178 954 1253 1024 8).

955 1066 1182 1122 CAPUT
1232 1066 1314 1120 LI.

724 1182 801 1237 De
834 1183 1088 1236 communi
1132 1182 1542 1251 congregatione.

423 1296 723 1367 Congregat
749 1296 925 1359 Pater,
955 1302 1241 1363 congregat
1272 1293 1455 1359 Filius,
1487 1299 1773 1359 congregat
1802 1290 1926 1358 Spi-

353 1392 488 1445 ritus
514 1398 748 1442 sanctus.
789 1387 867 1439 De
897 1386 1054 1439 Patre
1084 1386 1136 1437 iu
1165 1386 1369 1452 psalmo
1395 1380 1692 1436 centesimo
1734 1382 1922 1449 quinto

355 1476 529 1544 (νει-ι.
560 1476 688 1543 ι7);
717 1474 874 1528 Salva
899 1488 1018 1537 nos,
1056 1472 1197 1524 Deus
1227 1480 1426 1535 noster,
1459 1477 1513 1523 et
1538 1484 1799 1539 congregat
1827 1485 1926 1525 nos

351 1567 420 1620 de
446 1565 713 1634 gentibus.
744 1562 820 1617 De
844 1561 981 1615 Filio
1011 1562 1062 1613 in
1094 1560 1227 1614 Isaia
1253 1574 1267 1611 :
1302 1559 1368 1612 Et
1399 1559 1747 1614 ambulabunt
1776 1560 1829 1612 in
1860 1574 1922 1613 ea

352 1657 611 1727 redempti
640 1654 945 1724 congregati
991 1668 1086 1722 per
1130 1652 1407 1706 Dominum
1458 1650 1611 1721 (ls’ai.
1645 1666 1812 1716 xxxv,
1839 1650 1919 1719 9).

254 1772 257 1775 ν
351 1750 427 1805 De
458 1749 659 1819 Spiritu
689 1754 875 1837 sancto
919 1743 1128 1837 in'Isaia
1152 1761 1166 1798 :
1191 1744 1452 1810 Quoniam
1484 1743 1740 1837 Dominus
1766 1757 1916 1837 ntan-

351 1840 498 1894 davit
544 1839 681 1903 illis,
710 1847 762 1891 et
806 1836 1037 1906 Spiritus
1086 1836 1204 1904 ejus
1247 1832 1589 1903 congregavit
1626 1846 1722 1888 eos
1761 1830 1915 1902 (Isai.

350 1948 539 1999 xxxiv,
574 1932 684 2003 l6).
949 1996 1011 2003 __
1036 1996 1164 2003 ____
1206 1996 1224 2003 _
1249 1995 1291 2003 __
1560 1922 1566 1932 ’

942 1996 1165 2052 CAPUT
1206 1995 1312 2050 LII.

596 2111 744 2176 Quod
771 2109 933 2163 omnis
971 2108 1194 2162 Trinitas
1217 2108 1397 2178 ubique
1422 2106 1684 2162 consistat.

420 2224 627 2293 Ubique
659 2223 835 2288 Pater,
870 2223 1067 2293 ubique
1097 2221 1282 2286 Filius,
1315 2221 1511 2289 ubique
1533 2221 1764 2291 Spiritus
1793 2235 1919 2276 san-

347 2324 484 2371 ctus.
516 2315 589 2370 De
618 2313 773 2368 Putre
819 2315 871 2367 in
900 2312 1127 2369 Ieremia
1153 2328 1168 2366 :
1204 2313 1326 2366 llaec
1354 2311 1487 2365 dicit
1528 2309 1784 2365 Dominus
1812 2312 1919 2365 vir-

348 2417 520 2462 tutum
543 2448 558 2472 ,
589 2407 729 2461 Deus
779 2406 943 2460 Israel
971 2422 983 2457 :
1010 2405 1215 2461 (Icelum
1245 2412 1300 2458 et
1343 2413 1538 2459 terram
1584 2416 1683 2473 ego
1721 2402 1920 2471 impleo

348 2498 483 2569 (λετ.
508 2512 657 2563 xxm,
686 2496 800 2565 24).
828 2495 954 2550 Item
977 2495 1028 2549 in
1056 2493 1191 2547 Isaia
1217 2511 1230 2545 :
1260 2492 1465 2547 Caelum
1487 2492 1615 2546 mihi
1637 2491 1790 2547 sedes
1813 2500 1917 2558 est,

346 2601 489 2645 terra
512 2598 689 2642 autem
712 2586 1002 2641 scabellum
1028 2584 1217 2653 pedum
1235 2598 1475 2638 meorum
1503 2580 1654 2653 (Isai.
1676 2597 1817 2646 var,
1838 2583 1915 2653 l).

348 2686 421 2738 De
451 2682 585 2736 Filio
608 2682 661 2734 in
690 2678 1014 2735 Salomone:
1045 2677 1371 2746 Sapientiam
1402 2683 1580 2731 autem
1609 2690 1711 2730 non
1739 2677 1918 2732 vincet

346 2773 546 2828 malitia
578 2770 733 2843 (Sap.
781 2785 874 2833 vn,
923 2767 1036 2837 30).
1073 2767 1299 2838 Attingit
1327 2776 1505 2821 autem
1547 2780 1577 2819 a
1610 2767 1715 2821 line
1747 2780 1917 2836 usque

346 2865 411 2918 ad
444 2862 602 2917 linem
633 2861 843 2916 fortiter
870 2859 1028 2929 (Sap.
1059 2874 1171 2924 vtu,
1205 2859 1281 2928 l).
1315 2859 1379 2914 Et
1409 2860 1459 2913 in
1492 2859 1695 2928 psalmo
1736 2870 1917 2913 cente-

344 2952 480 3007 simo
502 2950 739 3006 secundo
760 2948 941 3021 (νινε.
970 2948 1100 3020 22):
1134 2948 1189 3002 lu
1220 2948 1364 3001 omni
1400 2948 1517 3002 loco
1537 2946 1914 3002 dominationis

344 3043 480 3113 ejus.
511 3042 585 3097 De
613 3042 813 3111 Spiritu
844 3051 1031 3094 sancto
1054 3042 1104 3094 in
1138 3041 1344 3109 psalmo
1369 3057 1381 3092 :
1411 3039 1527 3106 Quo
1548 3040 1634 3093 ibo
1662 3055 1692 3091 a
1713 3040 1911 3108 Spiritu

346 3144 472 3199 tuo,
499 3142 555 3188 et
583 3148 611 3184 a
644 3131 777 3185 facie
826 3139 912 3184 tua
948 3144 1056 3199 quo
1101 3129 1340 3198 fugiam?
1382 3128 1439 3183 Si
1484 3128 1812 3184 descendero
1853 3129 1907 3183 in
1934 3127 1983 3191 Ο

343 3223 615 3292 abyssum,
643 3219 773 3276 ades
801 3218 973 3290 (Psal.
1006 3233 1268 3284 cxxxvm,
1300 3218 1380 3289 7),
1414 3227 1519 3273 etc.

929 3324 1153 3382 CAPUT
1193 3326 1323 3381 LIII.

785 3435 864 3491 De
885 3438 1138 3491 communi
1166 3436 1483 3492 liberatione.

417 3553 632 3609 Liherat
662 3550 841 3615 Pater,
864 3550 1060 3606 liberat
1080 3550 1268 3615 Filius,
1300 3551 1494 3608 liberat
1515 3550 1751 3621 Spiritus
1786 3564 1912 3605 san-

346 3655 480 3701 ctus.
501 3643 576 3699 De
596 3643 756 3698 Patre
778 3642 830 3697 iu
853 3642 1060 3711 psalmo
1082 3644 1472 3711 septuagesimo
1493 3640 1909 3711 sepiimo(.l’ers.

343 3735 465 3803 55):
500 3734 564 3788 Et
606 3732 947 3788 rcmemorati
974 3731 1138 3803 468
1180 3741 1305 3789 sunt
1345 3732 1467 3801 quia
1512 3732 1652 3787 Deus
1701 3731 1914 3801 adiutor

346 3842 531 3882 eorum
558 3834 662 3895 est,
693 3834 750 3882 et
774 3826 914 3881 Deus
939 3828 1185 3882 excelsus
1213 3827 1468 3882 liberator
1494 3840 1679 3880 eorum
1715 3834 1815 3879 est.
1850 3825 1916 3879 Et

341 3917 399 3972 in
420 3917 624 3988 psalmo
649 3915 1093 3985 quinquagesimo
1112 3931 1264 3972 sexto
1286 3914 1463 3987 (Vers.
1494 3918 1549 3981 3,
1579 3902 1669 3980 lii
1701 3916 1910 3970 Clama-

346 4011 415 4062 bo
454 4008 520 4063 ad
550 4008 716 4064 Deum
747 4007 1090 4072 altissimum,
1121 4007 1188 4062 ad
1222 4008 1504 4062 Dominum
1533 4007 1623 4077 qui
1650 4004 1913 4062 benelecit

345 4097 497 4163 mibi,
529 4097 672 4151 misit
699 4096 767 4152 de
791 4097 931 4153 ctelo
960 4105 1015 4152 et
1044 4098 1295 4154 liberavit
1322 4114 1431 4162 me,
1458 4108 1563 4153 etc.
1599 4098 1674 4153 De
1698 4097 1832 4151 Filio
1860 4098 1911 4149 in

346 4188 672 4257 Erangelio:
697 4187 755 4243 Si
783 4204 878 4242 vos
908 4189 1079 4244 Filius
1106 4190 1432 4254 liberaverit,
1471 4204 1597 4243 vere
1624 4189 1776 4243 liberi
1804 4188 1912 4241 cri-

352 4280 440 4343 tis,
473 4283 879 4347 etcoguoscetis
917 4280 1220 4346 veritatem,
1251 4287 1305 4333 et
1331 4280 1525 4335 veritas
1552 4277 1795 4331 liberabit
1819 4291 1914 4332 vos

351 4369 530 4439 (Joon.
561 4384 677 4437 vm,
704 4369 793 4435 56,
838 4369 950 4439 32).
986 4370 1060 4425 De
1091 4370 1295 4438 Spiritu
1336 4379 1517 4424 sancto
1547 4370 1599 4422 in
1625 4369 1914 4438 Apostolo:

1665 291 1889 347 VICILII
1929 292 2295 349 TAPSENSIS

362 402 663 482 peccatores
716 410 903 481 (Eccli.
945 426 998 477 v,
1045 408 1099 474 6,
1127 407 1203 476 7).
1249 408 1325 462 De
1375 405 1511 460 Filio
1559 404 1613 459 in
1642 405 1813 458 Isaia:
1847 405 1921 459 Ex
1956 416 2003 469 Α
2259 376 2267 384 ’

3505 286 3610 344 424

2628 401 2853 459 CAPUT
2894 400 3002 457 LV.

2139 490 2235 548 Ubi
2265 492 2492 546 advocati
2532 505 2709 546 nomen
2753 491 2926 573 filius
2955 499 3001 543 et
3033 488 3257 557 Spiritus
3278 500 3483 545 sanctus

2638 572 2803 615 sortm
2830 572 2968 617 ειηι.
3332 580 3335 581 ⁷

2097 652 2402 707 Advocatus
2432 652 2623 719 Filius,
2655 652 2941 706 advocatus
2966 650 3197 720 Spiritus
3238 658 3476 706 sanctus.
3510 652 3587 705 ne

2028 743 2166 799 Filio
2190 746 2240 798 in
2260 744 2496 815 Epistula
2524 744 2743 799 Joannis
2763 745 3020 812 apostoli:
3046 743 3241 813 Filioli,
3275 745 3439 801 nolite
3470 761 3597 815 pew

2025 849 2169 888 care.
2216 835 2367 901 Quod
2399 836 2445 890 si
2496 837 2921 904 peccaverimus,
2964 837 3280 891 advocatum
3334 838 3589 894 habemus

2024 924 2163 992 apud
2195 924 2407 979 Patrem
2438 924 2619 979 lesum
2642 925 2909 978 Christum
2936 924 3137 994 justum
3163 924 3216 993 (ι
3242 924 3395 980 lacn.
3428 940 3487 993 Il,
3508 930 3589 997 l).

2028 1013 2102 1067 De
2126 1012 2328 1081 Spiritu
2353 1023 2539 1066 sancto
2558 1013 2609 1066 in
2640 1013 2931 1083 Evangelio
2954 1030 2968 1065 :
2992 1014 3103 1083 Ego
3129 1015 3327 1083 rogabo
3353 1015 3588 1079 Patrem,

2023 1112 2078 1157 et
2098 1104 2264 1158 alium
2295 1103 2625 1159 Paracletum
2668 1106 2980 1158 advocatum
3010 1105 3161 1160 dabit
3202 1105 3375 1174 vobis,
3407 1106 3587 1177 Spiri-

2026 1203 2135 1250 tum
2162 1195 2404 1251 veritatis
2428 1193 2613 1264 (Joan.
2646 1209 2752 1258 xiv,
2784 1194 2898 1264 lii).

2610 1286 2838 1342 CAPUT
2874 1286 3009 1342 LVI.

2061 1375 2159 1429 Ubi
2189 1375 2357 1431 Filias
2385 1388 2432 1432 ct
2468 1376 2696 1446 Spiritus
2725 1388 2930 1433 structus
2955 1394 3048 1449 pro
3087 1377 3321 1447 ﬁdelibus
3368 1378 3562 1448 pariter

2148 1522 2155 1527 ,
2649 1468 2958 1537 interpellat.

2094 1554 2398 1624 Interpellat
2426 1555 2616 1618 Filius,
2649 1555 2954 1626 interpellat
2987 1556 3215 1626 Spiritus
3240 1565 3475 1612 sanctus.
3514 1556 3590 1609 De

2024 1644 2158 1698 Filio
2193 1644 2260 1698 ad
2292 1645 2598 1701 Romanos:
2629 1644 2763 1710 Quis
2802 1647 3069 1701 accusavit
3101 1648 3355 1702 adversus
3385 1648 3588 1702 electos

2026 1733 2158 1787 Dei?
2190 1734 2329 1789 Deus
2356 1736 2445 1803 qui
2494 1735 2773 1804 justilirat.
2815 1735 2944 1803 Quis
2979 1746 3061 1791 est
3097 1738 3186 1805 qui
3226 1736 3588 1791 condemnet?

2020 1827 2264 1882 Christus
2276 1825 2456 1894 Jesus,
2484 1828 2574 1896 qui
2606 1835 2846 1881 mortuus
2873 1826 3036 1897 [‘69
3061 1837 3163 1892 est,
3209 1825 3377 1896 magis
3403 1835 3583 1880 autem

2019 1928 2075 1973 et
2103 1919 2425 1983 resurrexit,
2456 1917 2545 1987 qui
2573 1924 2658 1970 est
2698 1917 2750 1970 in
2778 1916 2995 1971 dextera
3029 1915 3143 1980 Dei,
3187 1918 3275 1983 qui
3306 1918 3467 1970 etiam
3500 1917 3585 1969 in-

2020 2007 2263 2076 terpellat
2294 2020 2389 2074 pro
2417 2006 2571 2061 nobis
2597 2004 2775 2075 (Rom.
2809 2005 3071 2073 vnt,53).
3104 2005 3178 2061 De
3218 2004 3421 2073 Spiritu
3459 1990 3587 2058 san-

2019 2107 2106 2152 οιο
2129 2096 2217 2151 ubi
2242 2109 2437 2165 supra:
2462 2094 2519 2151 Si
2535 2104 2713 2150 autem
2736 2095 2879 2165 quod
2901 2110 3006 2151 non
3028 2095 3268 2150 videmus
3287 2108 3583 2162 speramus,

2018 2198 2073 2243 et
2111 2203 2204 2255 per
2245 2186 2553 2256 patientiam
2583 2194 2974 2254 exspectamus.
3006 2184 3263 2239 Similiter
3307 2192 3483 2237 autem
3530 2193 3585 2236 et

2017 2276 2249 2342 Spiritus
2310 2274 2675 2329 inﬁrmitatem
2737 2283 2975 2329 nostram
3033 2272 3335 2343 interpellat
3394 2269 3583 2341 (Vers.

2015 2367 2110 2434 es,
2136 2366 2249 2436 eo).

2591 2450 2815 2508 CAPUT
2856 2451 3013 2507 LVII.

2425 2540 2501 2596 De
2526 2542 2781 2595 communi
2807 2541 3162 2609 aediﬁcatione.

2087 2630 2341 2686 Edilicat
2395 2630 2576 2698 Pater,
2606 2630 2837 2685 azdilicat
2868 2629 3054 2695 Filius,
3096 2630 3325 2685 aediﬁcat
3353 2629 3582 2700 Spiritus

2016 2731 2255 2775 sanctus.
2296 2720 2374 2775 De
2399 2720 2555 2775 Patre
2584 2719 2650 2774 ad
2696 2718 3045 2775 Corinthios:
3080 2721 3173 2775 Dei
3205 2736 3389 2775 sumus
3431 2722 3583 2790 adju-

2016 2817 2178 2877 tores,
2216 2810 2308 2864 Dei
2340 2807 2622 2863 tcdilicatio
2646 2809 2779 2864 estis
2812 2807 2866 2880 (I
2895 2809 3012 2865 Cor.
3040 2826 3122 2878 ιιι,
3150 2811 3225 2881 9).
3261 2811 3322 2865 Et
3345 2813 3532 2866 iterum
3563 2831 3578 2868 ι

2016 2900 2072 2957 Si
2098 2900 2297 2971 aliquid
2347 2899 2705 2953 abundantius
2740 2899 2999 2969 gloriatus
3045 2899 3195 2954 fuero
3223 2898 3291 2954 de
3321 2911 3581 2970 potestate

2012 3001 2223 3057 nostra,
2253 3003 2409 3056 quam
2436 2988 2583 3044 dedit
2625 2988 2779 3043 nobis
2815 2988 2955 3045 Deus
2985 2990 3040 3045 in
3070 2989 3475 3046 aediﬁcationem
3517 2995 3580 3045 ti-

2011 3080 2207 3136 dclium
2237 3076 2324 3149 (II
2352 3076 2474 3131 Cor.
2505 3092 2557 3143 x,
2590 3076 2667 3147 8).
2702 3077 2776 3132 De
2803 3076 2941 3132 Filio
2964 3080 3015 3132 in
3044 3079 3248 3149 psalmo
3278 3081 3578 3136 centesimo

2012 3169 2423 3243 quadragesimo
2450 3177 2606 3222 sexto
2637 3166 2814 3237 (Vera.
2841 3167 2929 3238 2):
2958 3166 3253 3224 Edilicans
3282 3168 3575 3223 Jerusalem

2017 3263 2297 3329 Dominus,
2320 3268 2375 3314 et
2400 3256 2677 3326 dispersos
2702 3255 2862 3311 Israel
2892 3270 3242 3327 congregans.
3276 3256 3351 3312 De
3378 3258 3577 3327 Spiritu

2012 3359 2198 3408 sancto
2225 3350 2279 3405 in
2307 3346 2488 3403 Iudith
2513 3361 2528 3401 :
2559 3345 2778 3415 Magnus
2797 3361 2855 3400 es
2881 3356 2935 3399 tu
2957 3357 3010 3402 et
3037 3346 3235 3412 clarus,
3267 3355 3320 3402 et
3348 3347 3579 3401 admira-

2012 3443 2138 3498 bilis
2166 3443 2221 3497 in
2250 3442 2450 3496 virtute
2481 3438 2706 3511 (Iudith.
2735 3453 2853 3503 xvr,
2892 3437 3003 3507 ιο).
3032 3437 3097 3493 Ει
3120 3438 3286 3494 infra:
3315 3436 3434 3494 Tibi
3465 3453 3581 3493 ser-

2015 3536 2123 3590 viat
2149 3534 2324 3589 omnis
2350 3540 2593 3586 creatura
2615 3574 2630 3600 ,
2676 3530 2799 3600 quia
2832 3540 2886 3585 tu
2915 3531 3099 3585 dixisti
3150 3539 3207 3585 et
3252 3531 3386 3586 facta
3417 3541 3537 3585 sunt
3562 3571 3579 3596 ,

2014 3623 2206 3679 misisti
2234 3621 2494 3693 Spiritum
2537 3629 2687 3675 tuum
2715 3628 2771 3676 et
2798 3620 3059 3675 aediﬁcata
3087 3630 3213 3675 sunt
3255 3620 3433 3692 (Vera.
3456 3619 3574 3689 I7).

2577 3732 2802 3790 CAPUT
2841 3733 3017 3789 LVIII.

2341 3825 2438 3880 Ubi
2472 3824 2697 3879 Trinitas
2722 3827 3006 3880 castitatem
3035 3827 3239 3883 tribuat.

2087 3919 2401 3975 Castitatetn
2432 3918 2523 3972 dat
2552 3916 2731 3986 Pater,
2752 3918 2841 3973 dat
2862 3917 3049 3983 Filius,
3082 3919 3176 3974 dat
3201 3921 3428 3990 Spiritus
3455 3936 3583 3975 san-

2014 4020 2154 4066 ctus.
2187 4011 2261 4065 De
2282 4010 2442 4065 Patre
2465 4009 2517 4062 in
2551 4009 2753 4064 Esdra:
2775 4009 2857 4064 'I‘u
2890 4010 3029 4065 Deus
3058 4010 3225 4075 fortis,
3262 4027 3500 4081 magnus,
3523 4022 3579 4067 et

2015 4101 2230 4165 valens,
2257 4109 2313 4153 et
2354 4099 2694 4166 metuendus,
2742 4099 2829 4167 qui
2857 4100 3092 4155 custodis
3123 4110 3496 4155 testamentum
3523 4108 3580 4157 ei

2017 4188 2439 4244 miscricordiam
2487 4188 2669 4259 (Esdr.
2718 4203 2767 4258 ι,
2800 4187 2878 4259 5).
2928 4189 3003 4244 De
3033 4189 3173 4245 Filio
3198 4193 3251 4246 In
3282 4194 3538 4261 Apostolo
3570 4206 3581 4248 :

2016 4279 2206 4333 Timeo
2242 4286 2419 4332 autem
2452 4291 2519 4332 ne
2540 4317 2556 4344 ,
2584 4278 2724 4331 sicut
2759 4291 2982 4346 serpens
3010 4280 3203 4335 astutia
3244 4296 3340 4336 sua
3371 4282 3583 4336 seduxit

2022 4370 2183 4423 Evam
2205 4408 2222 4432 ,
2252 4370 2325 4422 ita
2368 4376 2781 4435 corrumpantur
2805 4383 2994 4423 sensus
3040 4370 3207 4423 nostri
3237 4384 3265 4422 a
3290 4373 3539 4424 castitate
3563 4411 3579 4432 ,

346 4460 580 4529 Spiritus
609 4460 731 4550 vita:
761 4459 1048 4550 inACbristo
1075 4460 1198 4550 Jesu
1230 4460 1473 4514 liberavit
1498 4473 1581 4515 me
1603 4474 1630 4550 a
1655 4460 1768 4550 lege
1795 4472 1916 4550 pec-
1944 4490 1993 4550 Β
2023 4474 2140 4527 quae
2167 4466 2263 4550 est
2282 4458 2335 4510 in
2350 4456 2577 4550 Christo
2622 4456 2864 4550 ,μευ-(ΙΙ
2894 4458 3031 4550 Cor.
3060 4474 3134 4550 xl,
3166 4459 3242 4550 5).
3278 4459 3353 4514 De
3379 4460 3580 4526 Spiritu

248 4574 265 4587 ι
345 4551 451 4604 cati
476 4560 530 4605 et
556 4549 743 4603 mortis
770 4548 945 4619 (Rom.
978 4565 1092 4615 vui,
1117 4549 1198 4617 2).
1230 4550 1330 4604 Et:
1367 4550 1465 4605 Ubi
1492 4549 1713 4620 spiritus
1736 4548 1916 4606 Domi—

347 4644 421 4706 ni,
454 4642 525 4696 ibi
551 4651 604 4696 et
633 4641 852 4696 libertas
881 4639 965 4710 (II
991 4641 1108 4695 Cor.
1138 4656 1214 4705 ut,
1251 4642 1363 4709 l7).

934 4749 1159 4807 CAPUT
1200 4751 1333 4807 LIV.

760 4863 837 4916 De
858 4865 1109 4917 communi
1135 4864 1499 4933 increpatione.

421 4975 664 5044 Increpat
689 4975 871 5040 Pater,
915 4976 1154 5045 increpat
1181 4976 1372 5041 Filius,
1413 4976 1654 5045 increpat
1691 4976 1916 5045 Spiritus

351 5079 591 5123 sanctus.
626 5067 701 5122 De
730 5068 887 5122 Patre
916 5068 969 5123 in
991 5068 1197 5138 psalmo
1226 5069 1518 5124 centesimo
1531 5069 1717 5138 quinto
1739 5071 1756 5137 (
1771 5067 1912 5122 Vers.

2024 4556 2209 4603 sancto
2252 4547 2307 4600 in
2349 4546 2582 4616 Epistola
2632 4545 2772 4599 Petri
2809 4547 3035 4613 apostoli
3068 4563 3083 4600 :
3114 4548 3332 4601 Animas
3377 4557 3583 4603 vestras

2024 4651 2119 4705 per
2144 4635 2403 4704 Spiritum
2433 4634 2680 4689 castitate
2707 4634 2773 4688 ad
2800 4634 3158 4690 obedientiam
3189 4636 3309 4692 Iidci
3340 4635 3403 4708 (I
3433 4636 3577 4692 Patr.

2020 4739 2068 4789 ¹’
2103 4722 2218 4793 22)’
2598 4791 2824 4848 CAPUT
2864 4790 2996 4846 Lix.

2446 4881 2523 4936 De
2549 4884 2800 4936 communi
2837 4883 3166 4937 habitatione.

2094 4973 2309 5027 Habitat
2333 4972 2488 5027 Pater
2520 4975 2572 5027 in
2602 4974 2963 5041 credentibus,
2995 4972 3197 5028 habitat
3225 4974 3587 5044 Filius,.habi-

2021 5071 2097 5116 tat
2140 5062 2374 5128 Spiritus
2416 5073 2652 5118 sanctus.
2686 5065 2761 5118 De
2804 5062 2961 5119 Patre
3010 5066 3064 5118 in
3097 5065 3224 5119 Isaia
3252 5085 3263 5117 :
3294 5066 3417 5121 Hmc
3454 5069 3589 5122 dicit

349 5163 416 5228 8,
447 5161 533 5229 9):
566 5161 635 5217 Ut
663 5169 838 5213 notant
873 5160 1032 5215 l‘aciat
1081 5161 1366 5230 potentiam
1397 5176 1569 5226 suam,
1623 5161 1919 5228 increpavit
2022 5154 2276 5208 Dominus
2317 5153 2457 5208 Deus
2481 5153 2643 5223 57o
2669 5156 3007 5221 omnipotens
3044 5171 3058 5207 :
3101 5154 3392 5211 Observate
3439 5157 3580 5211 diem

353 5256 534 5311 Itubro
556 5252 717 5317 mari,
745 5262 799 5308 et
823 5254 1076 5307 siccatum
1107 5260 1208 5307 est.
1246 5252 1321 5307 De
1339 5253 1476 5308 Fdio
1505 5253 1556 5305 in
1588 5251 1874 5321 Evangelio
1900 5268 1914 5305 :

352 5346 415 5399 Et
438 5360 661 5416 surgens
686 5345 982 5411 increpavit
1004 5353 1161 5399 vento
1181 5352 1235 5398 et
1260 5343 1415 5409 mari,
1443 5352 1495 5397 et
1518 5343 1652 5397 facta
1675 5353 1756 5397 est
1779 5353 1914 5395 tran-

348 5436 581 5503 quillitas
608 5449 795 5502 magna
822 5432 977 5504 (Luc.
1020 5448 1133 5498 vm,
1164 5433 1279 5502 2t).
1310 5432 1386 5486 De
1415 5432 1614 5502 Spiritu
1643 5441 1832 5486 sancto
1863 5435 1914 5487 in

350 5528 558 5580 cantico
581 5525 747 5579 Exodi
775 5541 787 5576 :
815 5523 880 5576 Et
902 5537 997 5591 per
1023 5521 1270 5590 spiritum
1303 5522 1589 5576 iracundia:
1610 5529 1714 5576 tua:
1742 5521 1915 5574 divisa

350 5622 432 5665 est
458 5627 593 5680 aqua
618 5653 632 5679 ,
664 5612 974 5684 gelavcruut
1000 5611 1190 5668 ﬂuctus
1219 5610 1276 5666 in
1305 5609 1482 5668 medio
1520 5612 1654 5666 mari
1711 5611 1909 5682 (Exod.

352 5714 439 5764 xv,
471 5700 549 5770 8).

2018 5246 2254 5313 sabbati,
2287 5257 2342 5302 et
2384 5248 2714 5301 sanctiﬁcata
2764 5263 2884 5302 eum
2911 5288 2928 5314 ,
2959 5258 3015 5302 ut
3043 5248 3274 5303 habitem
3320 5249 3373 5302 in
3404 5248 3585 5303 medio

2018 5337 2181 5391 vestri
2212 5336 2367 5408 (Isui.
2417 5354 2521 5404 LVI,
2551 5338 2630 5407 4).
2663 5339 2737 5393 De
2782 5339 2917 5394 Filio
2962 5340 3015 5393 in
3046 5340 3367 5409 Apocalypsi
3398 5358 3411 5394 :
3444 5339 3584 5394 Ecce

2020 5427 2418 5481 tabernaculum
2452 5428 2545 5481 Dei
2590 5443 2712 5481 cum
2744 5427 3052 5483 hominibus
3081 5440 3136 5483 et
3164 5428 3418 5483 habitabit
3460 5444 3583 5482 cum

2018 5520 2096 5574 eis
2126 5521 2178 5575 in
2208 5522 2366 5575 terris
2396 5521 2577 5591 (Apoc.
2609 5538 2720 5588 χιιι,
2747 5522 2823 5593 5).
2851 5523 2916 5578 Et
2947 5523 3140 5579 iterum
3163 5525 3259 5581 :Et
3283 5524 3589 5580 inhabitabo

2023 5610 2077 5663 in
2108 5610 2236 5679 illis,
2258 5618 2314 5664 et
2338 5609 2474 5664 inter
2495 5626 2587 5665 eos
2606 5610 2908 5677 ambulabo,
2931 5613 3061 5668 dicit
3080 5614 3333 5668 Dominus
3352 5612 3435 5683 (II
3464 5612 3586 5668 Cor.

2024 5717 2095 5770 vr,
2126 5702 2230 5773 I6).
2260 5704 2334 5761 De
2349 5703 2548 5773 Spiritu
2577 5714 2763 5761 sancto
2783 5705 2847 5760 ad
2868 5704 3175 5764 Corinthios
3192 5724 3203 5762 :
3220 5704 3442 5762 Nescitis
3465 5708 3591 5778 quia
