3960 6176
226 298 313 353 4'25
1285 304 1549 360 CONTRA
1588 303 1991 363 VARIMADUM
2030 306 2153 365 LIB.
2198 310 2281 365 III.

230 412 462 480 templum
491 411 586 468 Dei
614 411 779 478 estis,
812 418 866 467 et
893 410 1118 483 Spiritus
1144 413 1238 470 Dei
1282 415 1483 472 habitat
1525 417 1578 471 in
1620 417 1774 473 vobis
1802 431 1854 489 Α

231 504 271 574 (I
299 504 414 558 Cor.
446 520 524 571 ιιι,
559 504 692 575 16)?

803 574 1028 629 CAPUT
1068 576 1179 630 LX.

651 686 728 740 De
754 689 1007 742 communi
1037 692 1339 763 cOgm'tione.

297 796 630 865 Cognoscitur
652 796 811 851 Pater
828 838 842 863 ,
867 802 1204 866 cognoscitur
1228 802 1408 870 Filius,
1442 804 1778 874 cognoscitur

235 887 441 956 Spiritus
482 895 719 942 sanctus.
752 889 827 943 De
855 888 1017 944 Patre
1044 891 1107 945 ad
1134 890 1385 947 Galatas:
1416 892 1563 948 Nune
1600 905 1776 949 autem

236 988 589 1047 cognoscentes
618 978 809 1043 Deum,
835 979 943 1034 imo
968 982 1162 1052 cogniti
1190 998 1219 1035 a
1251 983 1360 1039 Deo
1406 984 1545 1055 (Gal.
1591 1002 1664 1054 tv,
1693 988 1775 1056 9).

237 1066 295 1121 Et
320 1068 365 1120 in
397 1067 631 1136 Epistola
672 1068 893 1124 Joannis
922 1086 935 1123 :
969 1070 1154 1127 Scribe
1182 1074 1367 1139 vobis,
1396 1074 1611 1140 Patres,
1655 1078 1779 1146 quia

235 1158 529 1228 cognovistis
556 1172 677 1212 eum
711 1157 801 1227 qui
830 1159 896 1213 ab
921 1158 1073 1215 initio
1102 1169 1182 1216 est
1211 1161 1264 1232 (I
1287 1163 1446 1216 Joan.
1478 1180 1534 1228 ιι,
1564 1162 1673 1233 15).
1704 1165 1779 1221 De

238 1251 355 1306 Filio
379 1257 427 1306 et
450 1250 607 1305 Patre
638 1250 691 1306 in
718 1251 1006 1321 Evangelio
1034 1269 1047 1305 :
1080 1251 1150 1309 Ut
1179 1266 1500 1324 cognoscant
1525 1264 1574 1311 te
1606 1257 1777 1311 solum

237 1356 397 1396 rerum
417 1341 607 1409 Deum,
632 1348 689 1396 et
713 1356 871 1411 quem
899 1343 1091 1399 misisti
1109 1342 1291 1399 Iesum
1313 1345 1582 1401 Christum
1599 1346 1774 1417 (Joan.

238 1446 348 1498 mi,
377 1430 447 1500 5).
473 1431 549 1486 De
579 1432 781 1499 Spiritu
811 1441 997 1489 sancto
1028 1433 1079 1489 in
1106 1433 1392 1504 Evangelio
1412 1452 1424 1487 :
1446 1434 1555 1505 Ego
1581 1437 1779 1505 rogabo

236 1521 456 1587 Patrem,
486 1530 539 1575 et
575 1522 736 1576 alium
778 1521 1107 1577 Paracletum
1152 1524 1297 1578 dabit
1335 1524 1486 1579 vobis
1524 1525 1778 1594 Spiritum

236 1613 450 1667 veritatis
476 1610 656 1682 (Joan.
689 1628 799 1680 xrv,
826 1613 937 1682 16).
964 1614 1029 1667 Et
1057 1614 1188 1668 inira
1216 1632 1228 1666 :
1261 1615 1367 1669 Vos
1387 1625 1562 1671 autem
1585 1630 1779 1684 cogno-

236 1703 369 1758 vistis
396 1718 532 1770 eum,
563 1704 687 1774 quia
718 1704 992 1759 vobiscum
1022 1714 1103 1760 est
1134 1706 1320 1776 (Ibid,
1355 1709 1463 1777 I7).

488 1800 489 1803 η
793 1814 1017 1870 CAPUT
1055 1815 1189 1869 LXI.

668 1922 747 1979 De
776 1927 1031 1979 communi
1056 1926 1316 1981 electione.

300 2032 445 2101 Eligit
473 2032 651 2100 Pater,
683 2034 833 2103 eligit
863 2035 1050 2101 Filius,
1082 2036 1231 2106 eligit
1266 2036 1495 2105 Spiritus
1539 2046 1773 2093 sanctus.

240 2123 305 2177 De
326 2123 468 2178 Patre
496 2125 548 2179 in
577 2126 865 2193 Apostolo:
891 2125 1204 2183 Benedictus
1228 2128 1366 2183 Deus
1418 2128 1469 2183 et
1497 2128 1651 2183 Pater
1673 2130 1777 2184 Do-

242 2213 350 2267 mini
376 2214 539 2268 nostri
574 2214 699 2268 Jesn
726 2216 942 2282 Christi,
973 2218 1065 2287 qui
1105 2218 1265 2287 elegit
1296 2233 1392 2273 nos
1423 2228 1547 2273 ante
1572 2221 1775 2274 consti-

242 2304 469 2358 tutionem
500 2304 681 2358 mundi
710 2304 920 2375 (Ep/tes.
943 2323 980 2374 ι,
1012 2309 1064 2372 5,
1089 2308 1165 2379 4).
1196 2308 1269 2363 De
1296 2309 1430 2363 Filio
1450 2311 1501 2366 in
1533 2310 1774 2380 Evange-

242 2394 321 2447 lio:
342 2394 451 2448 Non
474 2409 566 2449 vos
588 2409 676 2450 me
696 2396 950 2465 eiegisris,
973 2398 1066 2453 sed
1088 2413 1187 2467 ego
1204 2414 1297 2453 vos
1320 2400 1452 2468 elegi
1482 2399 1549 2455 de
1580 2402 1776 2457 mundo

244 2484 395 2553 (Joan.
422 2502 505 2551 xv,
549 2486 659 2556 I6).
694 2487 769 2542 De
807 2487 1006 2556 Spiritu
1036 2500 1223 2545 sancto
1253 2491 1305 2545 in
1350 2492 1569 2547 Actibus
1598 2510 1609 2543 :
1642 2493 1773 2548 Cum

240 2590 345 2644 ergo
366 2578 691 2647 jejunassent
719 2587 773 2633 et
799 2589 1065 2645 orassent,
1095 2581 1232 2636 dixit
1280 2582 1359 2637 eis
1389 2581 1616 2651 Spiritus
1646 2598 1773 2639 san-

240 2678 335 2723 ctus
363 2687 374 2719 :
402 2669 685 2739 Segregate
716 2671 843 2725 mihi
873 2671 1165 2727 Barnabam
1205 2682 1257 2728 et
1285 2674 1503 2729 Paulum
1536 2674 1590 2729 in
1614 2689 1775 2744 opere

239 2772 324 2826 quo
348 2759 479 2829 elegi
506 2774 602 2815 eos
634 2761 772 2829 (Act.
807 2776 927 2826 xnr,
958 2760 1039 2830 2).

776 2872 1001 2929 CAPUT
1050 2873 1207 2929 LXII.

718 2971 796 3026 De
823 2974 1075 3027 communi
1098 2986 1274 3045 regno.

295 3082 483 3153 Regnat
511 3083 702 3149 Pater,
738 3093 924 3155 regnat
956 3086 1149 3152 Filius,
1182 3098 1367 3158 regnat
1394 3089 1622 3158 Spiritus
1652 3105 1775 3147 san-

240 3183 350 3228 ctus.
397 3173 469 3229 De
508 3174 665 3230 Patre
707 3175 761 3229 in
802 3177 1123 3247 Evangelio:
1158 3178 1213 3233 Si
1244 3180 1362 3248 quis
1406 3195 1510 3235 non
1557 3191 1775 3237 renatus

243 3263 383 3319 fuerit
400 3279 458 3321 ex
487 3280 621 3335 aqua
643 3265 878 3338 81471
911 3267 1111 3337 Spiritu
1136 3280 1342 3338 sancto,
1364 3286 1470 3325 non
1498 3279 1671 3341 potest
1699 3273 1777 3327 vi-

238 3354 343 3410 dere
368 3371 583 3425 regnum
613 3358 708 3413 Dei
740 3357 917 3427 (Joan.
952 3373 1045 3427 ιιι,
1079 3359 1161 3430 5).
1189 3361 1265 3415 De
1308 3360 1445 3415 Filio
1485 3361 1538 3416 in
1570 3364 1776 3431 psalmo

241 3449 551 3516 nonagesimo
580 3447 772 3517 quinto
801 3448 980 3515 (Vera.
1030 3449 1148 3519 IO):
1185 3450 1354 3506 Dicite
1396 3452 1448 3506 in
1496 3454 1771 3522 gentibus,

240 3534 466 3591 Dominus
494 3536 736 3607 regnavit
776 3553 805 3592 a
837 3538 1000 3606 ligno.
1051 3540 1124 3594 De
1152 3539 1353 3609 Spiritu
1381 3551 1566 3597 sancto
1595 3542 1649 3597 in
1678 3542 1775 3597 Sa-

240 3624 420 3683 lomone
446 3646 460 3681 :
490 3630 533 3683 Α
564 3629 757 3698 spiritu
800 3630 1011 3685 Domini
1053 3631 1176 3688 data
1216 3642 1297 3687 est
1342 3641 1573 3703 potestas
1624 3634 1776 3690 vobis

236 3715 366 3787 (Sep.
392 3734 465 3785 vr,
495 3721 578 3791 4).
606 3720 671 3776 Et
701 3720 836 3776 inira
866 3739 879 3774 :
905 3721 970 3776 Et
994 3737 1113 3778 cum
1142 3725 1334 3779 essetis
1358 3725 1588 3782 ministri
1627 3727 1775 3797 regni

238 3806 374 3879 illius,
404 3828 511 3868 non
539 3822 685 3869 recte
709 3813 987 3883 iudicastis
1020 3814 1208 3887 (Ibid.,
1238 3817 1329 3886 5).,

766 3927 989 3984 CAPUT
1029 3929 1206 3985 LXIII.

580 4028 656 4081 De
682 4030 936 4082 communi
966 4031 1382 4097 perscrutatione.

287 4137 553 4194 Scrutatur
579 4140 736 4195 Pater
754 4182 770 4207 ,
800 4150 1065 4197 scrutatur
1088 4143 1282 4208 Filius,
1313 4151 1579 4198 scrutatur
1604 4143 1772 4213 Spiri-

229 4235 299 4282 tus
324 4244 552 4286 sanctus.
589 4233 663 4287 De
685 4233 841 4288 Patre
863 4235 917 4288 in
941 4234 1147 4303 psalmo
1175 4234 1470 4290 centesimo
1501 4235 1772 4305 trigesimo

225 4332 391 4376 octavo
433 4323 613 4395 (Vera.
667 4323 770 4393 2'5)
799 4341 812 4378 :
846 4325 1014 4379 Proba
1058 4340 1171 4388 me,
1200 4326 1458 4389 Domine;
1493 4327 1627 4380 scito
1676 4340 1769 4381 cor

226 4424 411 4482 meum,
438 4424 685 4469 scrutare
720 4430 836 4479 me,
864 4423 919 4469 et
947 4430 1207 4484 cognosce
1232 4416 1453 4470 semitas
1484 4431 1647 4471 meas.
1694 4417 1769 4472 De
1873 4444 2007 4500 dixit
2034 4416 2121 4501 ei:
2153 4446 2389 4517 Sequere
2418 4465 2503 4505 me
2532 4416 2741 4521 (Mau'h.
2767 4469 2844 4518 ιχ,
2877 4455 2954 4524 9).

226 4500 337 4524 nam-
366 4505 411 4524 ε..
464 4505 768 4524 ι-ᾼΑ-ι--..-ἓ
799 4521 808 4524 _
846 4506 907 4524 Π.
946 4520 963 4524 _
1002 4507 1105 4524 9-".
1147 4521 1161 4524 -
1206 4521 1238 4524 Α.
1278 4521 1319 4524 ,Α
1347 4507 1465 4524 n_,|
1509 4508 1584 4524 κο.
1720 4508 1731 4520 ι
1797 4504 1845 4524 ἢ

223 4500 341 4556 Filio
366 4505 417 4558 in
452 4505 770 4576 Apocalypsi
797 4521 811 4559 :
846 4506 912 4559 Et
941 4507 1110 4560 scient
1138 4521 1324 4561 omnes
1347 4507 1595 4562 Ecclesiae
1646 4508 1765 4577 quia
1794 4504 1847 4564 D

223 4603 305 4658 ego
326 4607 436 4647 sum
463 4603 730 4649 scrutator
753 4596 930 4650 cordis
960 4605 1013 4651 et
1040 4611 1227 4651 renum
1249 4597 1432 4669 (Apoc.
1465 4614 1522 4660 ιι,
1542 4598 1654 4669 95).
1691 4600 1765 4654 De

217 4679 396 4747 Spiritu
436 4693 624 4740 sancto
671 4686 723 4739 in
770 4685 1027 4754 Apostolo
1064 4704 1075 4738 :
1106 4687 1334 4755 Spiritus
1389 4690 1529 4741 enim
1585 4690 1764 4744 omnia

216 4783 484 4841 scrutatur,
515 4776 677 4831 etiam
708 4776 967 4845 profunda
1002 4777 1094 4830 Dei
1127 4776 1179 4847 (1
1204 4776 1322 4830 Cor.
1358 4793 1414 4843 ιι,
1449 4777 1558 4846 10).

756 4884 979 4940 CAPUT
1020 4886 1199 4940 LXIV.

632 4975 710 5028 De
736 4977 987 5029 communi
1012 4977 1324 5045 probatione.

269 5083 458 5140 Probat
483 5086 641 5142 Pater
661 5133 675 5155 ,
704 5089 896 5157 probat
921 5090 1118 5155 Filius,
1163 5092 1353 5160 probat
1387 5093 1613 5162 Spiritus
1640 5110 1762 5150 san-

206 5180 327 5226 ctus.
364 5176 437 5229 De
468 5178 622 5232 Patre
652 5179 717 5232 ad
760 5179 1263 5236 Thessalonicenses
1292 5198 1305 5234 :
1341 5182 1413 5237 Ita
1462 5183 1758 5253 loquimur,

207 5276 298 5315 non
329 5268 476 5331 quasi
507 5268 807 5323 hominibus
839 5270 1129 5337 placentes,
1163 5270 1256 5325 sed
1293 5271 1421 5340 Deo,
1452 5274 1539 5341 qui
1573 5275 1761 5342 probat

204 5354 348 5405 corda
375 5367 558 5411 nostra
586 5356 643 5426 (I
676 5357 854 5413 Thess.
890 5374 945 5424 ιι,
977 5360 1054 5429 4).
1086 5360 1164 5415 De
1188 5360 1322 5416 Filio
1358 5362 1408 5417 in
1440 5363 1754 5421 Salomone:

3333 322 3433 375 426

2452 423 2674 481 CAPUT
2713 426 2871 482 LXV.

2279 531 2355 587 De
2383 538 2638 590 communi
2664 539 3031 607 testiﬁcatione.

1948 642 2280 699 Testiﬁcatur
2324 647 2511 714 Pater,
2545 652 2854 708 testiﬁcatur
2903 654 3098 723 Filius,
3130 657 3439 712 tesﬁﬁcatur

1877 732 2107 802 Spiritus
2149 749 2386 792 sanctus.
2421 739 2496 794 De
2524 741 2679 796 Patre
2709 743 2761 797 in
2795 744 3001 812 psalmo
3022 753 3210 801 octavo
3231 744 3441 802 decimo

1878 822 2053 893 (Vera.
2083 823 2138 895 8)
2170 845 2181 879 :
2210 826 2590 884 Testimonium
2620 832 2715 887 Dei
2755 832 2935 899 ﬁdele,
2959 835 3276 904 sapientiam
3305 850 3443 905 pra:-

1880 919 2027 967 stans
2059 916 2312 981 parvulis.
2336 917 2409 971 De
2431 916 2566 973 Filio
2589 920 2653 974 ad
2672 920 3039 977 Timotheum:
3067 923 3325 993 Prmcipio
3350 926 3441 979 tibi

1879 1016 2058 1057 coram
2091 1005 2231 1073 Deo,
2267 1006 2357 1075 qui
2386 1010 2667 1064 conﬁrmat
2705 1014 2915 1080 omnia,
2945 1021 3001 1068 et
3045 1012 3257 1069 Christo
3286 1014 3436 1080 Jesu,

1879 1095 1971 1163 qui
2004 1097 2363 1152 testimonium
2408 1098 2641 1155 reddidit
2680 1101 2778 1155 sub
2807 1102 2996 1157 Pontio
3026 1103 3194 1159 Pilato
3222 1104 3273 1175 (I
3306 1105 3437 1158 Tim.

1878 1200 1965 1250 vr,
1996 1186 2107 1257 15).
2134 1187 2296 1260 472
2325 1190 2398 1245 De
2425 1191 2627 1259 Spiritu
2670 1203 2856 1249 sancto
2900 1194 2951 1248 in
2980 1197 3236 1263 Apostolo
3264 1213 3279 1250 :
3312 1197 3439 1250 Nam

1877 1275 1992 1343 ipse
2057 1274 2286 1345 Spiritus
2339 1280 2709 1336 testimonium
2768 1281 2943 1337 reddit
2997 1270 3444 1353 spiritui'nostro

1878 1365 2054 1437 (Rom.
2081 1383 2193 1435 VIII,
2230 1368 2344 1436 16).
2437 1439 2663 1494 CAPUT
2706 1439 2885 1495 LXVI.

2331 1526 2408 1581 De
2435 1529 2690 1582 communi
2718 1530 2987 1582 creatione.

1948 1633 2171 1691 Creator
2198 1636 2391 1692 dicitur
2418 1638 2597 1703 Pater,
2629 1638 2730 1694 hoc
2768 1648 2821 1694 et
2851 1639 3034 1706 Filius,
3070 1641 3171 1697 hoc
3217 1642 3443 1711 Spiritus

1880 1736 2111 1782 sanctus.
2148 1729 2222 1783 De
2269 1729 2424 1784 Patre
2452 1730 2518 1784 ad
2548 1729 2808 1799 Ephesios
2837 1749 2850 1783 :
2883 1731 3188 1788 llluminare
3215 1750 3401 1790 omnes
3426 1778 3439 1799 ,

1881 1831 1997 1885 qua:
2027 1818 2097 1872 sit
2137 1817 2461 1888 dispensatio
2489 1821 2803 1874 sacramenti
2848 1821 3141 1877 absconditi
3166 1838 3194 1877 a
3234 1825 3443 1880 smculis

1879 1910 1931 1962 in
1962 1910 2095 1977 Deo,
2128 1913 2213 1981 qui
2245 1914 2421 1967 omnia
2448 1915 2649 1969 creavit
2677 1914 2893 1986 (Ephes.
2919 1932 2996 1982 ιιι,
3020 1918 3096 1987 9).
3127 1919 3201 1974 De
3219 1921 3353 1975 Filio
3376 1924 3443 1977 ad

1877 1999 2148 2055 Romanos
2176 2018 2190 2057 :
2224 2003 2534 2069 Coluerunt,
2573 2014 2625 2059 et
2652 2007 2957 2062 servierunt
2980 2021 3241 2065 creatura:
3266 2014 3442 2081 potius

1876 2104 2034 2159 quam
2062 2090 2326 2159 Creatori,
2352 2094 2442 2163 qui
2463 2102 2545 2149 est
2572 2109 2733 2165 super
2756 2098 2932 2152 omnia
2961 2100 3098 2154 Deus
3133 2100 3444 2158 benedictus

1878 2180 1931 2233 in
1953 2181 2147 2236 saecula
2174 2183 2349 2253 (Rom.
2373 2200 2410 2247 ι,
2434 2183 2553 2255 25).
2580 2186 2657 2241 De
2685 2187 2884 2256 Spiritu
2907 2199 3092 2245 sancto
3122 2191 3173 2244 in
3203 2191 3444 2247 Salomo-

1877 2283 1946 2324 ne
1971 2288 1984 2324 :
2018 2270 2083 2325 Et
2107 2271 2237 2326 vidit
2262 2315 2276 2339 ,
2307 2282 2362 2327 et
2391 2273 2767 2344 dinumeravit,
2796 2286 2851 2332 et
2879 2293 3093 2334 mensus
3123 2291 3205 2337 est
3234 2286 3441 2352 omnia;

1878 2357 1989 2426 ipse
2011 2359 2209 2415 creavit
2237 2375 2296 2417 ea
2327 2377 2423 2431 per
2444 2363 2698 2432 Spiritum
2732 2377 2973 2423 sanctum
3003 2368 3186 2440 (Eccli.
3219 2389 3256 2435 ι,
3292 2374 3369 2442 9).

2424 2474 2646 2531 CAPUT
2686 2476 2892 2532 LXVII.

2361 2564 2437 2619 De
2465 2568 2713 2620 communi
2751 2569 2959 2622 ducatu.

1946 2672 2064 2726 Dux
2092 2673 2286 2729 dicitur
2331 2676 2518 2743 Pater,
2552 2678 2651 2733 hoc
2681 2678 2844 2734 Filius
2864 2722 2879 2748 ,
2928 2682 3028 2737 hoc
3049 2684 3285 2752 Spiritus
3317 2702 3441 2741 san-

1876 2768 2015 2817 ctus.
2045 2763 2120 2819 De
2149 2764 2305 2820 Patre
2334 2766 2385 2820 in
2414 2767 2859 2825 Deuteronomio:
2893 2772 2959 2826 Et
2980 2773 3113 2828 dixit
3140 2775 3350 2847 Moyses
3373 2782 3439 2833 all

1874 2868 2088 2910 omnen
2121 2856 2458 2928 Synagogam
2482 2860 2713 2915 ﬁliorum
2743 2861 2905 2917 Israel
2932 2881 2943 2915 :
2974 2863 3174 2921 Scitote
3198 2874 3251 2922 et
3282 2869 3439 2926 intel-

1874 2942 2053 3014 ligite,
2103 2948 2351 3016 quoniam
2400 2949 2452 3003 in
2484 2965 2643 3005 manu
2694 2952 2813 3008 forti
2854 2963 2911 3009 et
2957 2955 3176 3013 brachio
3222 2962 3438 3018 excelso

1876 3036 2057 3093 eduxit
2083 3053 2177 3093 vos
2206 3039 2343 3095 Deus
2370 3048 2545 3096 vester
2562 3042 2630 3097 de
2656 3044 2832 3099 medio
2862 3044 3231 3117 Egyptiorum
3257 3052 3435 3122 (Deut.

1802 3142 1848 3206 ρ
1877 3145 2034 3196 xxvi,
2064 3128 2141 3200 8).
2182 3132 2255 3187 De
2278 3132 2415 3188 Filio
2445 3134 2499 3188 in
2524 3135 2742 3192 Genesi.
2770 3137 2886 3192 Non
2930 3138 3143 3196 deﬁciet
3190 3143 3436 3215 princeps

1876 3220 1944 3277 de
1970 3221 2125 3289 Juda,
2150 3238 2246 3280 nec
2274 3224 2381 3281 dux
2401 3225 2469 3282 de
2493 3225 2781 3284 femoribus
2802 3230 2938 3300 ejus,
2967 3232 3137 3289 donec
3158 3234 3335 3291 'veniat
3354 3242 3437 3293 cui

1876 3316 2168 3383 repositum
2198 3324 2297 3383 est,
2330 3327 2384 3372 et
2429 3319 2483 3373 in
2530 3321 2744 3376 nomine
2774 3323 2889 3390 ejus
2917 3334 3103 3391 gentes
3148 3330 3435 3396 sperabunt

1876 3404 2029 3475 (Gen.
2049 3422 2193 3474 xux,
2211 3408 2319 3478 10).
2338 3409 2413 3465 De
2433 3408 2633 3480 Spiritu
2650 3414 2898 3467 sanctoin
2918 3414 3191 3471 Ezechiele
3208 3436 3222 3475 ;
3242 3420 3435 3474 Eduxit

1875 3510 1964 3552 me
1994 3496 2225 3567 Spiritus
2257 3499 2484 3567 Domini,
2517 3511 2573 3556 et
2595 3504 2769 3571 posuit
2798 3519 2882 3560 me
2912 3506 2965 3559 in
3007 3508 3183 3562 medio
3226 3524 3436 3581 campo,

1876 3595 1929 3641 et
1952 3597 2065 3643 erat
2093 3589 2281 3659 plenus
2299 3592 2507 3646 ossibus
2532 3602 2858 3650 mortuorum
2884 3596 3094 3666 (Ezec/t.
3128 3612 3325 3668 xxxvii,
3359 3606 3434 3673 5).

2406 3701 2631 3759 CAPUT
2669 3706 2898 3761 LXVIII.

2325 3791 2403 3847 De
2428 3797 2686 3849 communi
2708 3799 2985 3853 rocatione.

1948 3900 2115 3955 Vocat
2142 3902 2319 3971 Pater,
2354 3914 2509 3959 vocat
2539 3907 2736 3971 Filius,
2771 3918 2922 3963 vocat
2947 3911 3176 3979 Spiritus
3202 3928 3434 3973 sanctus.

1873 3991 1949 4045 De
1968 3991 2123 4048 Patre
2146 3994 2212 4047 ad
2238 3994 2577 4051 Corinthios:
2607 3998 3045 4070 Unnmquemque
3067 4004 3203 4058 sicut
3233 4013 3436 4063 voeavit

1876 4079 2015 4134 Deus
2058 4082 2127 4136 ita
2161 4084 2414 4151 ambulet,
2444 4085 2582 4140 sicut
2624 4088 2784 4142 etiam
2832 4090 2883 4143 in
2914 4091 3164 4147 Ecclesiis
3191 4098 3435 4153 omnibus

1873 4171 2041 4228 doceo
2065 4172 2116 4245 (1
2144 4173 2261 4229 Cor.
2293 4190 2382 4243 vn,
2409 4175 2522 4246 I7).
2549 4178 2623 4233 De
2652 4178 2787 4233 Filio
2815 4181 2866 4235 in
2890 4182 3177 4253 Evangelio
3202 4203 3215 4238 :
3242 4189 3436 4244 Trans-

1872 4272 2029 4318 eunte
2052 4264 2177 4319 Jesu
2202 4264 2332 4319 vidit
2353 4266 2622 4322 hominem
2648 4270 2926 4338 quemdam
2958 4274 3231 4330 sedentem
3254 4279 3318 4332 ad
3355 4291 3432 4333 te-

1873 4353 2093 4420 Ionium,
2126 4355 2428 4411 Matthteum
2460 4359 2692 4424 nomine,
2725 4372 2775 4415 et
2801 4364 3008 4417 vocavit
3031 4380 3171 4425 eum.
3198 4378 3251 4423 et
3276 4370 3434 4442 473

2988 4457 3062 4511 ου
3087 4458 3286 4526 Spiritu
3319 4480 3435 4517 Satt-

1871 4545 1957 4591 cto
1989 4538 2039 4591 in
2070 4538 2327 4593 Actibus:
2362 4538 2570 4594 Etcum
2595 4544 2858 4598 servirent
2885 4545 3014 4611 Deo,
3046 4546 3178 4602 dixit
3207 4551 3284 4604 eis
3314 4553 3437 4622 Spi-

1872 4628 2008 4682 ritus
2037 4639 2250 4684 sanctns
2280 4646 2293 4683 :
2329 4630 2583 4701 Separate
2626 4635 2754 4688 mihi
2801 4637 3093 4693 Barnabam
3130 4652 3185 4697 et
3213 4644 3434 4701 Paulum

1873 4717 1927 4772 in
1953 4733 2115 4789 Opere
2145 4735 2247 4790 quo
2272 4723 2453 4777 vocavi
2476 4738 2569 4778 eos
2596 4726 2727 4793 (Act.
2762 4743 2873 4794 xui,
2905 4730 2983 4799 9.).

2428 4834 2653 4891 CAPUT
2694 4839 2875 4893 LXIX.

2283 4922 2358 4978 De
2378 4928 2626 4980 communi
2657 4932 3021 4986 misericordia.

1940 5012 2242 5069 Misericors
2269 5014 2445 5080 Pater,
2474 5018 2575 5072 hoc
2604 5018 2786 5087 Filius,
2820 5022 2919 5077 hoc
2949 5026 3175 5093 Spiritus
3201 5042 3433 5084 sanctus.

1870 5099 1941 5153 De
1968 5100 2122 5155 Patre
2154 5104 2206 5155 in
2236 5106 2490 5171 Apostolo
2517 5124 2528 5159 :
2565 5106 2704 5162 Deus
2732 5120 2931 5175 autent,
2971 5115 3061 5183 qui
3091 5117 3241 5170 dives
3270 5131 3349 5174 est
3384 5122 3432 5173 in

1866 5192 2230 5245 misericordia
2252 5238 2264 5261 ,
2300 5194 2350 5247 in
2380 5210 2566 5263 magna
2612 5199 2832 5255 caritate
2863 5204 3113 5260 misertus
3144 5216 3227 5260 est
3267 5212 3436 5261 nostri

1866 5279 2028 5350 (Eph.
2063 5298 2122 5346 ιι,
2166 5282 2243 5352 4).
2272 5285 2345 5339 De
2384 5286 2519 5340 Filio
2565 5288 2615 5341 in
2651 5290 2936 5361 Erangelin
2966 5310 2979 5344 :
3012 5294 3265 5349 Misereor
3314 5296 3433 5349 huic

1867 5374 2055 5437 turba},
2086 5375 2334 5441 quoniam
2366 5377 2595 5431 triduum
2627 5379 2842 5448 habent,
2874 5392 2924 5435 et
2947 5383 3206 5437 dimittere
3242 5400 3334 5439 eos
3352 5387 3432 5453 je-

206 5442 338 5499 Sicut
359 5463 549 5500 aurum
581 5450 633 5504 in
662 5448 877 5505 fornace
918 5452 1163 5519 probavit
1212 5468 1326 5519 eos,
1358 5464 1411 5508 et
1440 5456 1636 5510 invenit
1666 5473 1759 5513 eos
1861 5463 2018 5531 jntms
2050 5466 2172 5518 nolo
2203 5466 2414 5535 (Matth.
2450 5486 2536 5533 xv,
2561 5472 2673 5539 3'2).
2699 5472 2771 5527 De
2799 5442 2998 5543 Spiritu
3038 5484 3223 5527 sancto
3251 5478 3299 5530 in
3333 5442 3433 5531 ia-

206 5534 375 5604 dignos
405 5553 466 5593 se
494 5539 649 5608 (Sap.
674 5556 752 5605 nr,
776 5541 851 5609 6).
889 5542 963 5597 De
986 5544 1183 5612 Spiritu
1212 5559 1306 5598 san
1344 5554 1396 5599 to
1426 5547 1476 5599 in
1510 5546 1755 5602 Salomo-

205 5640 260 5678 ne
288 5645 299 5679 :
330 5631 568 5697 Spiritus
600 5630 802 5685 Domini
839 5633 1026 5700 probat
1056 5636 1211 5688 corda
1238 5634 1425 5703 (Prov.
1473 5653 1578 5690 xvn
1602 5680 1615 5700 ,
1649 5641 1712 5709 5)
1741 5657 1754 5693 :

204 5720 571 5775 cxterminabit
595 5731 766 5775 autem
794 5724 984 5790 impios
1013 5741 1041 5780 a
1077 5735 1211 5783 terra
1247 5727 1425 5798 (Prov.
1455 5745 1514 5798 ιι,
1544 5730 1657 5798 22).

464 5813 738 5878 Parnm.
792 5816 982 5877 LXII.

1864 5556 2039 5607 charia
2064 5572 2076 5607 :
2105 5555 2242 5611 Ecce
2271 5574 2371 5627 ego
2398 5558 2663 5615 ell‘undam
2708 5577 2868 5628 super
2905 5562 3116 5615 domum
3154 5563 3339 5632 David,
3381 5581 3438 5622 ct

1862 5658 2023 5713 super
2052 5661 2145 5701 eos
2169 5649 2257 5716 qui
2284 5648 2525 5702 habitant
2548 5651 2600 5702 in
2634 5649 2929 5704 Jerusalem
2959 5650 3215 5718 Spiritum
3249 5660 3433 5727 gratia:

1862 5746 1914 5789 et
1942 5738 2295 5795 miserationis
2326 5738 2508 5809 (Zac/t.
2541 5756 2631 5808 ιιι,
2672 5737 2775 5807 10).

2845 5829 2922 5890 l’a
