3962 6178
422 263 525 316 ἆὲῖ

985 371 1208 428 CAPUT
1252 370 1417 425 LXX.

743 462 818 516 De
849 466 1102 517 communi
1129 462 1444 517 habitatione
1473 457 1664 527 templi.

407 566 413 580 '
480 552 771 621 Templum
805 553 995 619 Patris,
1027 553 1278 622 templum
1303 550 1445 614 Filii,
1480 547 1731 616 templum
1753 543 1989 614 Spiritus

426 647 611 700 sancti.
649 646 720 700 De
764 645 920 699 Patre
968 644 1019 697 in
1067 643 1322 712 Apostolo
1363 640 1684 710 :Templum
1711 637 1852 691 enim
1896 633 1991 687 Dei

427 720 664 791 sanctum
695 745 794 803 est,
814 735 955 803 quod
980 736 1108 790 estis
1136 748 1253 789 vos.
1281 733 1447 788 Nemo
1479 744 1574 784 vos
1593 728 1737 783 fallat
1762 744 1773 779 :
1806 726 1851 781 si
1873 725 1993 795 quis

429 827 682 894 templum
714 824 804 878 Dei
828 825 1125 889 violaverit,
1153 823 1426 894 disperdet
1455 822 1603 876 illum
1633 820 1770 874 Deus
1793 815 1845 888 (I
1869 814 1990 871 Cor.

429 932 505 980 ιιι,
538 916 646 985 17).
678 917 753 971 De
800 916 933 971 Filio
963 917 1015 971 in
1046 916 1402 987 Apocalypsi:
1444 914 1507 968 Et
1538 914 1725 982 platea:
1765 907 1996 964 civitatis

429 1021 561 1060 auro
588 1006 787 1061 mundo
812 1049 825 1072 ,
854 1016 908 1061 et
948 1007 1203 1075 templum
1247 1006 1300 1061 in
1328 1020 1387 1061 ea
1432 1020 1536 1059 non
1565 1002 1670 1057 vidi
1696 1018 1709 1054 :
1738 998 1997 1054 Dominus

431 1109 609 1154 autem
638 1109 691 1153 et
717 1099 900 1169 Agnus
948 1100 1201 1167 templum
1251 1100 1368 1167 ejus
1407 1106 1490 1152 est
1518 1096 1698 1165 (Apoc.
1729 1106 1850 1156 ται,
1878 1088 1995 1157 22).

430 1193 507 1246 De
533 1192 732 1261 Spiritu
754 1201 938 1245 sancto
966 1192 1032 1246 ad
1061 1190 1368 1247 Corinthios
1393 1208 1407 1243 :
1471 1194 1548 1243 An
1577 1185 1829 1256 ignoratis
1861 1197 1999 1250 quo-

433 1284 573 1337 niam
622 1298 846 1352 corpora
888 1292 1065 1338 vestra
1096 1283 1352 1352 templum
1381 1282 1433 1335 in
1476 1280 1626 1333 vobis
1661 1284 1743 1331 est
1769 1274 2002 1345 Spiritus

429 1376 618 1439 sancti,
643 1388 799 1443 quem
827 1372 1032 1427 habetis
1057 1388 1084 1424 a
1115 1373 1223 1425 Deo
1252 1370 1305 1440 (ι
1334 1370 1455 1425 Cor.
1485 1385 1560 1436 vt,
1596 1366 1721 1437 19)?

980 1461 1225 1517 CAPUT
1263 1461 1452 1516 LXXI.

818 1551 914 1604 De
940 1553 1194 1605 communi
1215 1546 1593 1605 constitutione.

484 1642 788 1698 'Constitnit
812 1642 1002 1706 Pater,
1049 1642 1188 1697 idem
1220 1641 1422 1707 Filius,
1457 1640 1595 1695 idem
1628 1636 1863 1707 Spiritus
1884 1648 2008 1689 san-

1734 248 1960 307 VICILII
1998 242 2370 305 TAPSENSIS

2008 366 2057 424 Α
2085 373 2204 414 sum
2252 353 2576 425 gloriamur,
2608 348 2701 406 sed
2764 345 3056 405 secundum
3101 358 3406 401 mensuram
3464 346 3663 417 regulae

2089 463 2192 519 qua
2222 460 2438 501 mensus
2461 451 2544 499 est
2572 442 2726 497 nobis
2752 440 3005 495 Dominus
3033 437 3189 493 .lesus
3212 451 3515 492 mensuram
3541 452 3667 506 per-

3564 234 3662 291 528

2092 536 2326 607 tingendi
2356 549 2524 604 usque
2552 533 2618 587 ad
2660 546 2755 586 vos
2799 527 2891 601 (II
2926 527 3045 582 Cor.
3094 543 3150 592 ι,
3184 526 3295 596 12).
3335 526 3413 580 De
3461 525 3667 594 Spiritu

2094 637 2280 683 sancto
2299 628 2351 681 in
2374 626 2690 681 Salomone:
2739 619 2968 690 Spiritus
2990 616 3260 687 sapientiae
3282 616 3453 685 replet
3473 629 3665 684 pacem

2092 730 2147 775 et
2177 712 2273 774 dat‘
2310 717 2500 773 salutis
2554 714 2818 776 fructum;
2853 710 3019 774 vidit,
3070 719 3124 763 et
3173 706 3562 773 dinumeravit,
3615 714 3670 760 et

2095 822 2308 866 mensus
2336 815 2418 863 est
2446 813 2669 875 utraque
2695 805 2750 857 in
2775 802 2918 857 dono
2949 799 3042 854 Dei
3078 797 3267 867 (Eccli.
3294 813 3331 862 ι,
3362 795 3481 863 22).

2641 912 2865 969 CAPUT
2905 908 3118 965 LXXV.

2519 993 2525 1003 ’
2553 1004 2627 1059 De
2657 1000 2907 1057 communi
2951 996 3217 1051 modestia.

2171 1098 2422 1154 Modestia
2452 1096 2647 1161 Patris,
2676 1092 2938 1148 modestia
2966 1087 3110 1155 Filii,
3152 1083 3407 1139 modestia
3432 1080 3671 1151 Spiritus

2102 1191 2290 1246 sancti.
2321 1190 2393 1243 De
2423 1186 2577 1241 Patre
2597 1187 2652 1240 in
2677 1182 2910 1239 Ieremia
2941 1199 2952 1232 :
2983 1181 3148 1249 Deus,
3177 1178 3267 1247 qui
3297 1172 3552 1229 modeStia
3579 1179 3670 1223 tua

2104 1288 2287 1334 sancta
2316 1274 2640 1332 constituisti
2670 1273 2869 1339 omnia,
2890 1271 3149 1341 deprecor
3176 1279 3236 1323 ut
3256 1266 3350 1321 des
3370 1261 3541 1318 servis
3568 1260 3672 1312 tuis

2104 1372 2324 1441 gratiam
2357 1369 2410 1421 in
2435 1373 2724 1435 conspectu
2764 1364 2902 1433 regis
2944 1361 3260 1433 Babylonis,
3292 1356 3374 1411 cui
3406 1367 3502 1423 pro
3537 1363 3661 1441 pec-

2107 1439 2244 1518 catis
2271 1458 2468 1513 nostris
2486 1466 2543 1512 et
2572 1464 2777 1526 patrum
2802 1463 3102 1509 nostrorum
3130 1447 3391 1506 tradidisti
3420 1458 3517 1498 nos
3542 1439 3673 1511 (Ba-

2107 1551 2255 1604 ruclt.
2280 1565 2337 1615 ιι,
2364 1548 2473 1617 14).
2496 1547 2574 1602 De
2604 1546 2739 1600 Filio
2762 1545 2829 1600 ad
2850 1543 3193 1600 Corinthios:
3224 1539 3462 1594 Obsecro
3492 1539 3673 1586 autem

2108 1656 2225 1703 vos,
2253 1640 2463 1705 fratres,
2478 1651 2573 1706 per
2591 1634 3052 1690 mansuetudinem
3072 1641 3125 1688 et
3147 1625 3459 1686 modestiam
3472 1618 3674 1677 Christi

431 1745 565 1790 ctus.
601 1734 675 1788 De
697 1733 854 1787 Patre
870 1731 1167 1788 Jeremias:
1202 1732 1342 1786 Dixit
1372 1732 1628 1786 Dominus
1659 1730 1835 1783 Deus:
1867 1726 2006 1780 Ecce
2037 1732 2083 1791 B
2114 1730 2200 1801 (ll
2235 1728 2353 1783 Cor.
2386 1744 2440 1791 ι,
2474 1726 2550 1792 1).
2587 1726 2662 1780 De
2706 1724 2918 1794 Spiritu
2946 1732 3131 1778 sancto
3171 1721 3225 1774 in
3270 1712 3508 1784 Epistola
3535 1707 3681 1764 Petri

433 1840 532 1894 ego
560 1825 807 1879 consritui
832 1834 883 1879 te
910 1823 1066 1879 hodie
1096 1837 1256 1892 super
1278 1831 1464 1892 gentes
1485 1830 1539 1876 et
1566 1835 1753 1890 regna,
1782 1827 1838 1872 ut
1866 1816 2007 1871 evel-

440 1915 521 1968 las
550 1924 604 1968 et
631 1914 894 1977 deSIruas,
926 1921 979 1966 et
1007 1912 1324 1977 retediﬁces,
1350 1922 1405 1967 et
1431 1914 1635 1981 plantes
1661 1908 1790 1980 (Jer.
1819 1924 1855 1970 ι,
1892 1905 2004 1976 10).

436 2005 511 2057 De
540 2003 676 2056 Filio
701 2004 753 2057 in
780 2002 1037 2058 Actibus:
1068 2002 1125 2056 in
1154 2002 1242 2059 die
1286 2017 1390 2072 quo
1419 2003 1689 2070 apostolos
1722 1999 1882 2068 elegit
1913 2012 2009 2066 per

438 2095 693 2162 Spiritum
722 2102 988 2161 sanctum,
1014 2092 1205 2163 quibus
1234 2092 1505 2147 constituit
1533 2090 1824 2160 praedicare
1848 2084 2011 2157 474

438 2184 780 2253 Evangelium
809 2184 945 2255 (Act.
976 2198 1011 2237 ι.
1040 2184 1120 2254 2).
1148 2183 1225 2239 De
1254 2181 1454 2252 Spiritu
1480 2190 1666 2236 sancto
1689 2178 1780 2233 ubi
1806 2191 1964 2245 supra
1991 2193 2003 2227 :

439 2274 712 2329 Attendite
740 2274 893 2328 vobis
943 2282 997 2329 et
1049 2273 1297 2328 universo
1325 2271 1472 2343 gregi
1504 2273 1555 2324 in
1586 2283 1691 2339 quo
1721 2282 1814 2321 vos
1840 2265 2007 2335 Spiri-

440 2376 526 2419 tus
544 2375 756 2419 sanctus
786 2364 1058 2420 constituit
1090 2365 1369 2432 episc0pos
1390 2362 1528 2431 (Act.
1561 2376 1651 2428 xx,
1674 2360 1791 2427 28).

985 2456 1212 2511 CAPUT
1252 2454 1462 2509 LXXII.

790 2547 883 2602 "De
915 2549 1169 2602 communi
1194 2549 1630 2618 manifestatione.

514 2643 812 2699 Manifestat
858 2643 1047 2710 Pater,
1107 2642 1413 2697 manifestat
1455 2641 1649 2707 Filius,
1703 2636 2012 2694 manifestat

445 2743 674 2810 Spiritus
695 2752 930 2797 sanctus.
966 2741 1041 2796 De
1070 2741 1226 2795 Patre
1264 2741 1329 2795 ad
1357 2741 1664 2795 Romanos:
1705 2736 1839 2803 Quia
1869 2734 2010 2805 quod

443 2846 626 2890 notum
648 2846 728 2891 est
752 2834 873 2899 Dei,
909 2834 1251 2890 manifestum
1281 2843 1363 2889 est
1386 2834 1527 2897 illis,
1558 2832 1701 2887 Deus
1730 2831 1874 2885 enim
1904 2830 2013 2883 illis

442 2924 800 2980 manifestavit
828 2924 1017 2993 (Rom.
1051 2940 1100 2990 ι,
1135 2922 1253 2993 19).
1294 2922 1370 2977 De
1414 2921 1628 2976 Filioin
1681 2920 2011 2989 Evangelia:

445 3017 555 3071 lloc
586 3018 808 3085 primum
836 3017 1108 3086 signorum
1139 3016 1267 3070 fecit
1292 3016 1447 3071 Jesus
1474 3016 1527 3068 in
1562 3013 1707 3068 Cana
1744 3010 2009 3074 Galilaeae.

444 3122 497 3164 et
545 3108 903 3164 manilestavit
932 3110 1222 3178 potentiam
1262 3122 1410 3162 suam
1444 3106 1636 3176 (Joan.
1668 3103 1906 3173 11,11).
1940 3104 2013 3158 De
2040 3095 2088 3159 C

446 3200 646 3267 Spiritu
666 3206 855 3253 sancto
875 3198 940 3252 ad
962 3198 1271 3254 Corinthios
1296 3198 1633 3266 :‘Unicuique
1656 3206 1832 3250 autem
1864 3196 2019 3250 datur

449 3286 810 3355 muniit-statio
836 3287 1069 3357 Spiritus
1096 3287 1161 3341 ad
1190 3288 1474 3343 utilitatem
1505 3288 1556 3359 (ει
1592 3284 1713 3343 Cor.
1742 3301 1834 3353 xu,
1869 3287 1947 3356 7).

986 3378 1213 3434 CAPUT
1250 3378 1486 3434 LXXIII.

890 3467 966 3522 De
992 3473 1244 3522 communi
1265 3471 1564 3524 ostensione.

523 3562 768 3617 Ostendit
795 3561 952 3616 Pater
973 3602 988 3627 ,
1016 3563 1250 3617 ostendit
1290 3562 1457 3617 Filius
1479 3604 1494 3630 ,
1523 3563 1759 3619 ostendit
1779 3564 2024 3635 Spiritus

452 3662 689 3708 sanctus.
724 3652 797 3708 De
825 3652 979 3708 Patre
1000 3652 1064 3707 ad
1089 3653 1427 3709 Timotheum
1459 3672 1473 3709 :
1496 3654 1565 3710 Ut
1590 3670 1774 3711 serves
1800 3657 2023 3711 manda-

456 3757 565 3799 tum
582 3744 699 3799 sine
720 3744 927 3800 macula
950 3744 1438 3814 irreprehensibile,
1461 3761 1627 3814 usque
1650 3728 1716 3802 ad
1741 3748 2024 3804 adventum

454 3836 665 3892 Domini
696 3835 861 3891 nostri
883 3834 1008 3890 Jesu
1037 3834 1257 3903 Christi,
1288 3852 1445 3907 quem
1474 3838 1526 3891 in
1554 3839 1666 3893 suis
1698 3838 2027 3908 temporibus

366 3992 369 3995 γ
454 3925 698 3982 ostendet
727 3928 913 3980 beatus
942 3933 998 3981 et
1038 3927 1182 3981 solus
1216 3937 1401 3995 potens
1432 3928 1543 3983 Rex
1584 3944 1790 3998 regum,
1825 3939 1880 3985 et
1925 3930 2029 3985 Do-

455 4018 631 4071 minus
649 4016 1034 4071 dominanttum
1054 4016 1106 4089 (Ι
1130 4017 1262 4073 Tim.
1287 4036 1359 4084 vr,
1382 4019 1493 4092 M).
1519 4020 1595 4076 De
1618 4022 1755 4076 Filio
1778 4022 1829 4075 in
1853 4022 2031 4076 Evan-

456 4109 630 4176 gelia:
661 4108 789 4163 Dico
819 4108 968 4163 vobis
1014 4110 1202 4163 amicis
1239 4111 1374 4165 meis
1396 4154 1410 4177 ,
1442 4127 1507 4165 ne
1547 4113 1783 4169 timeatis
1813 4127 1908 4169 eos
1934 4116 2026 4183 qui

458 4200 710 4254 occidunt
758 4215 986 4270 corpus,
1027 4211 1081 4255 et
1106 4212 1223 4268 post
1268 4203 1381 4256 [nec
1427 4218 1531 4259 non
1566 4202 1763 4259 habent
1800 4205 2030 4273 amplius

458 4292 583 4359 quid
617 4292 811 4345 faciant
837 4308 853 4348 :
878 4291 1153 4346 ostendam
1202 4302 1380 4347 autem
1412 4294 1565 4349 vobis
1586 4309 1751 4363 quem
1798 4296 2029 4352 timeatis

459 4384 614 4453 (an.
654 4383 875 4453 stt,4).
925 4384 991 4437 Et
1036 4384 1087 4437 in
1134 4384 1459 4455 Evangelio:
1495 4386 1655 4441 Multa
1685 4388 1823 4442 bona
1865 4403 2025 4456 Opera

461 4476 667 4531 ostendi
696 4475 868 4538 vobis.
899 4485 1115 4543 propter
1138 4476 1278 4545 quod
1305 4477 1491 4531 horum
1513 4492 1647 4547 opus
1674 4478 1920 4547 lapidatis
1945 4494 2030 4536 me
2060 4459 2106 4518 Ῑ)

464 4566 643 4635 (Joan.
680 4580 734 4629 χ,
757 4563 871 4634 52).
908 4566 979 4618 De
1004 4565 1203 4632 Spiritu
1225 4575 1411 4621 sancto
1437 4566 1503 4619 ad
1531 4567 1871 4623 Corinthios:
1906 4569 2032 4625 Ser-

463 4671 555 4710 mo
610 4670 759 4709 mcus
798 4666 851 4709 et
896 4655 1205 4725 pra'dicatio
1254 4671 1374 4711 mea
1414 4672 1517 4711 non
1572 4658 1625 4714 in
1654 4660 1913 4714 suasoriis
1949 4676 2035 4714 sa~

465 4744 681 4814 pientis:
710 4744 906 4815 verbis,
930 4746 1021 4799 sed
1052 4746 1102 4799 in
1133 4747 1442 4803 ostensione
1472 4748 1707 4817 Spiritus
1737 4759 1790 4804 ct
1820 4752 2038 4807 virtutis

468 4831 523 4903 (1
551 4832 669 4887 Cor.
697 4849 755 4902 ιι,
785 4833 861 4903 4).

994 4928 1219 4984 CAPUT
1265 4931 1504 4987 LXXIV.

918 5019 995 5075 De
1038 5026 1290 5078 communi
1331 5043 1584 5083 mensura.

545 5112 844 5167 Mensuram
875 5113 964 5167 dat
1000 5113 1179 5182 Pater,
1215 5132 1518 5174 mensuram
1550 5119 1638 5173 dat
1667 5120 1856 5186 Filius,
1893 5137 2042 5177 men-

474 5218 652 5258 suram
682 5203 773 5257 dat
799 5204 1030 5272 Spiritus
1059 5216 1293 5262 sanctus.
1340 5209 1415 5263 De
1450 5210 1607 5265 Patre
1636 5212 1699 5265 ad
1730 5214 1999 5269 Romanos
2026 5232 2039 5268 :

475 5296 587 5352 Non
611 5298 728 5366 plus
756 5296 917 5368 475
945 5313 1101 5368 quam
1130 5307 1342 5368 oportet
1371 5314 1580 5369 sapere,
1622 5304 1713 5357 sed
1741 5320 1935 5372 sapere
1976 5307 2041 5361 ad

475 5399 581 5445 tem
591 5389 905 5458 perantiam,
927 5391 1211 5460 unicuique
1227 5392 1363 5445 sicut
1382 5393 1518 5447 Dens
1544 5395 1769 5462 partitus
1784 5406 1870 5452 est
1894 5414 2041 5453 men-

476 5494 654 5534 suram
686 5479 809 5535 Ildei
841 5480 1017 5551 (Rom.
1047 5497 1143 5548 stt,
1199 5483 1273 5550 5).
1301 5482 1376 5537 De
1420 5482 1554 5538 Filio
1594 5484 1658 5538 ad
1696 5485 2041 5546 Corinthios:

475 5566 585 5623 Sed
616 5578 670 5625 et
689 5584 787 5624 nos
811 5571 911 5640 ipsi
933 5573 1074 5627 inter
1098 5572 1455 5642 nosmetipsos
1486 5576 1768 5630 metientes
1817 5588 1870 5632 et
1897 5594 2046 5633 com-

484 5666 731 5725 parantes
760 5661 1115 5734 nosmetipsos
1139 5661 1558 5735 nobismetipsis,
1599 5681 1704 5721 non
1734 5668 1787 5724 in
1818 5670 2044 5729 immen-

2112 1821 2344 1892 apostoli
2373 1839 2385 1872 :
2414 1819 2529 1873 Non
2559 1818 2891 1875 extrinsecus
2911 1816 3225 1885 capillorum
3252 1808 3562 1880 implicitus,
3588 1810 3679 1857 aut

2117 1912 2233 1967 auri
2254 1909 2621 1976 circumdatio,
2649 1918 2741 1962 aut
2770 1907 2982 1961 habitus
3004 1905 3442 1961 vestimentorum
3465 1897 3675 1958 cultior,

2120 2003 2215 2057 sed
2257 2001 2347 2071 qui
2376 2001 2665 2055 absconsus
2689 2007 2772 2053 est
2798 1996 2958 2052 homo
2993 1991 3384 2063 incorruptibili
3421 1984 3679 2042 modestis

2108 2092 2355 2162 Spiritus,
2378 2090 2466 2161 qui
2491 2097 2573 2146 est
2601 2096 2724 2142 ante
2746 2088 2911 2141 Deum
2934 2084 3167 2154 locuples
3187 2082 3239 2154 (ι
3269 2080 3413 2135 Petr.
3446 2092 3523 2142 ιιι,
3548 2076 3625 2143 5).

2634 2195 2865 2253 CAPUT
2914 2194 3151 2250 LXXVI.

2569 2291 2645 2344 De
2672 2289 2933 2344 communi
2967 2287 3225 2340 missione.

2182 2381 2328 2437 Misit
2347 2380 2529 2444 Pater,
2552 2378 2698 2433 misit
2720 2377 2909 2441 Filius,
2934 2375 3080 2430 misit
3099 2372 3330 2442 Spiritus
3352 2364 3683 2423 sanctus.Be

2117 2476 2276 2531 Patre
2305 2475 2358 2528 in
2387 2471 2645 2541 Apostolo
2671 2486 2686 2524 :
2712 2470 2861 2524 Misit
2883 2470 3023 2523 Deus
3048 2466 3244 2521 Filium
3273 2476 3426 2518 suum
3451 2460 3503 2515 in
3534 2459 3685 2513 simi-

2113 2565 2335 2621 litudine
2382 2564 2561 2620 carnis
2611 2563 2813 2632 peccati
2863 2561 3042 2631 (Rom.
3090 2573 3202 2621 vnt,
3234 2558 3314 2625 5).
3349 2555 3421 2608 De
3445 2549 3685 2605 'Filioin

2114 2655 2438 2725 Evangelia:
2460 2651 2581 2710 Misi
2598 2667 2695 2706 vos
2717 2660 2919 2707 metere
2935 2650 3021 2704 ubi
3046 2662 3149 2702 non
3172 2642 3483 2702 seminastis
3506 2637 3563 2711 (1
3568 2655 3686 2692 oan.

2117 2764 2201 2811 tv,
2233 2746 2347 2815 38).
2378 2745 2456 2801 De
2480 2744 2682 2814 Spiritu
2727 2751 2910 2797 sancto
2942 2741 2999 2795 in
3030 2738 3249 2794 Actibus
3275 2735 3482 2789 :‘Petro
3527 2730 3689 2784 haesi.

2117 2846 2260 2893 tante
2288 2836 2355 2890 de
2382 2835 2498 2889 visu
2526 2874 2541 2898 ,
2578 2832 2723 2887 dixit;
2736 2832 2785 2886 ei
2809 2831 3038 2900 Spiritus
3065 2836 3316 2884 sanctus:
3338 2826 3525 2892 Surge,
3554 2818 3692 2875 vade

2114 2942 2236 2983 cum
2262 2926 2388 2993 illis,
2419 2924 2669 2994 quoniam
2692 2935 2791 2991 ego
2821 2920 2940 2975 misi
2970 2933 3064 2973 eos
3091 2918 3227 2989 (Aet.
3254 2932 3308 2982 ι,
3337 2912 3454 2981 20).

2627 3034 2856 3091 CAPUT
2895 3031 3155 3090 LXXVII.

2543 3127 2620 3182 De
2650 3128 2904 3181 communi
2942 3124 3276 3195 protectione.

2198 3220 2364 3291 4⁸76
2389 3219 2626 3288 Protegit
2648 3217 2824 3281 Pater,
2846 3214 3077 3286 protegit
3105 3213 3294 3277 Filius,
3319 3209 3548 3280 protegit
3578 3205 3695 3276 Spi-

2129 3312 2264 3365 ritus
2284 3319 2519 3365 sanctus.
2560 3308 2636 3362 De
2666 3305 2823 3362 Patre
2851 3307 2905 3360 in
2936 3305 3142 3375 psalmo
3170 3299 3497 3370 octogesimo
3540 3299 3697 3353 tertio

2123 3404 2294 3476 (Vera.
2316 3404 2427 3473 10):
2458 3402 2755 3465 Protector,
2781 3413 2921 3454 nunc
2940 3397 3119 3467 aspice
3136 3395 3189 3449 in
3219 3390 3565 3448 IacieChristi
3591 3390 3691 3442 tui.

2133 3495 2209 3550 De
2234 3494 2376 3549 Filio
2403 3494 2455 3546 in
2486 3493 2692 3561 psalmo
2721 3499 2878 3546 sexto
2907 3488 3125 3544 decimo.
3145 3483 3440 3558 (Versat):
3477 3481 3697 3536 Custodi

2126 3601 2241 3652 me,
2266 3584 2506 3639 Domine
2527 3592 2620 3648 ,ut
2649 3581 2901 3651 pupillam
2950 3579 3122 3643 oculi;
3151 3578 3253 3632 sub
3269 3575 3449 3630 umbra
3494 3573 3698 3626 alarum

2129 3685 2335 3732 tuarum
2365 3682 2581 3745 protege
2611 3687 2717 3728 me.
2746 3672 2822 3727 De
2845 3671 3046 3740 Spiritu
3075 3676 3271 3724 sancto
3294 3666 3347 3720 in
3375 3665 3661 3720 Salomone
3687 3682 3701 3716 :

2129 3766 2362 3834 Spiritus
2385 3762 2890 3832 Domini..protectio
2907 3768 3013 3829 est,
3028 3767 3098 3814 .et
3124 3758 3514 3812 ﬁrmamentum
3543 3753 3704 3806 virtu—

2129 3860 2197 3915 tis
2230 3856 2415 3927 (Eccli.
2437 3870 2620 3924 xxxiv,
2655 3854 2770 3924 19).

2633 3965 2857 4021 CAPUT
2906 3963 3183 4019 LXXVIII.

2486 4058 2562 4113 De
2591 4058 2845 4112 communi
2877 4055 3037 4124 digito
3066 4053 3351 4107 Trinitatis.

2205 4150 2410 4219 Digitus
2432 4149 2628 4212 Patris,
2652 4146 3013 4217 digitnsFilii,
3038 4145 3235 4213 digitus
3262 4142 3488 4211 Spiritus
3511 4139 3703 4193 sancti.

2132 4240 2208 4294 De
2237 4241 2393 4293 Patre
2433 4240 2485 4293 in
2521 4238 2746 4292 Exodo:
2781 4237 3037 4291 Dixerunt
3068 4235 3207 4303 magi
3252 4230 3514 4287 Pharaoni
3554 4230 3703 4297 regi:

2134 4330 2333 4398 Digitus
2358 4328 2452 4382 Dei
2482 4338 2564 4384 est
2587 4326 2783 4400 (Exod.
2815 4342 2933 4391 vnt,
2962 4324 3073 4394 19).
3104 4323 3234 4378 Item
3261 4323 3333 4377 ibi
3361 4338 3374 4374 :
3409 4322 3474 4374 Et
3500 4320 3707 4385 accepit

2138 4420 2344 4491 Moyses
2366 4419 2498 4473 duas
2524 4418 2729 4475 tabulas
2755 4419 2983 4488 scriptas
3010 4416 3179 4486 digito
3208 4413 3302 4468 Dei
3328 4410 3523 4483 (Exod.
3550 4424 3705 4474 xm,

2138 4515 2249 4586 18).
2278 4516 2352 4571 De
2383 4515 2515 4570 Filio
2543 4516 2593 4569 in
2624 4515 2935 4585 Evangelio:
2970 4513 3038 4568 Et
3062 4511 3326 4568 inclinans
3353 4523 3410 4563 se
3436 4507 3593 4561 Jesus
3624 4507 3709 4559 di-

2135 4607 2244 4675 gito
2271 4605 2538 4659 scribebat
2557 4606 2608 4659 in
2627 4617 2768 4660 terra
2782 4603 2972 4674 .(loan.
3001 4619 3116 4669 vm,
3144 4604 3224 4673 6).
3259 4602 3333 4655 De
3355 4598 3558 4667 Spiritu
3585 4614 3709 4653 san-

2139 4708 2225 4753 cto
2256 4700 2305 4751 in
2333 4698 2622 4767 Evangelio
2648 4715 2660 4748 :
2693 4699 2750 4752 Si
2796 4712 2893 4766 ego
2923 4698 2974 4750 in
2998 4697 3169 4765 digito
3199 4695 3289 4749 Dei
3320 4692 3477 4761 ejicio
3507 4690 3711 4744 ἀτειιιοο

2144 4789 2248 4851 nia,
2273 4789 2451 4857 utique
2474 4787 2913 4857 appr0pinquavit
2941 4788 2991 4840 in
3022 4786 3171 4840 vobis
3188 4798 3405 4854 regnum
3432 4780 3522 4834 Dei
3550 4780 3704 4849 (Luc.

2146 4894 2220 4943 st,
2245 4877 2354 4945 20).
2380 4878 2433 4930 In
2465 4878 2570 4931 alio
2592 4877 2711 4931 loco
2739 4877 2829 4933 :Si
2852 4891 2950 4946 ego
2979 4877 3031 4929 in
3063 4874 3263 4943 Spiritu
3288 4873 3378 4927 Dei
3409 4869 3570 4939 ejicio
3597 4868 3706 4922 das.

2144 4985 2347 5032 mones,
2363 4971 2553 5026 scitote
2574 4972 2693 5041 quia
2708 4970 2947 5040 pervenit
2966 4969 3019 5023 in
3038 4982 3132 5021 vos
3146 4980 3363 5036 regnum
3387 4962 3477 5017 Dei
3492 4960 3708 5031 (Matth.

2144 5079 2238 5130 ιη’
2264 5062 2380 5132 28"
2670 5130 2894 5187 CAPUT
2949 5129 3184 5185 LXXIX.

2669 5225 2745 5279 De
2778 5227 3030 5279 communi
3060 5224 3181 5291 ﬁde.

2222 5316 2380 5372 Fides
2412 5316 2601 5381 Patris,
2649 5316 2778 5371 fides
2806 5316 2947 5384 Filii,
2979 5316 3109 5371 fides
3140 5316 3369 5385 Spiritus
3399 5313 3591 5367 sancti.
3640 5309 3715 5359 De

2150 5407 2307 5463 Pa're
2333 5407 2396 5461 ad
2420 5408 2684 5462 Romanos
2705 5425 2717 5460 :
2741 5408 2878 5475 Quid
2901 5409 3043 5462 enim
3064 5409 3106 5462 si
3122 5409 3336 5477 quidam
3363 5407 3571 5461 illorum
3600 5418 3711 5458 non

2148 5498 2526 5555 crediderunt:
2553 5500 2785 5569 nunquid
2818 5501 3159 5557 incredulitas
3189 5502 3401 5556 illorum
3436 5498 3590 5551 fidem
3619 5496 3714 5549 Dei

2147 5590 2422 5646 evacuavit
2447 5592 2617 5658 (Rom.
2654 5608 2731 5659 ιιι,
2761 5593 2849 5660 3)?
2880 5593 2953 5649 De
2982 5593 3117 5649 Filio
3144 5594 3196 5649 in
3224 5591 3525 5663 Apostolo:
3559 5588 3717 5654 Quod

2147 5690 2327 5740 autem
2349 5683 2467 5739 vivo
2490 5685 2539 5738 in
2570 5698 2749 5753 carne,
2773 5685 2827 5740 in
2847 5684 2953 5744 ﬁde
2979 5686 3099 5743 vivo
3128 5686 3245 5743 Filii
3272 5685 3386 5755 Dei,
3414 5682 3504 5754 qui
3527 5679 3720 5735 ditent
