3960 6176
244 308 329 363 ΕΘ

1329 296 1597 353 CONTRA
1640 293 2045 351 VAIIIMADUM
2086 294 2208 348 LIB.
2255 294 2339 349 ιιι.

3365 296 3470 348 450

244 416 462 488 me(Gal.
484 430 542 479 ιι,
566 415 683 484 20).
712 414 785 469 De
806 413 1008 482 Spiritu
1034 418 1219 466 sancto
1242 411 1331 465 ubi
1352 426 1514 480 supra
1540 430 1550 462 :
1580 411 1791 466 Ilaben-
1817 424 1869 481 Α
1894 409 1961 465 ad
1988 409 2270 479 imaginem
2293 421 2466 471 suam,
2500 415 2556 461 et
2584 406 2871 463 insufﬂavit
2899 409 2952 464 in
2983 410 3171 466 faciem
3201 410 3320 480 ejus
3350 412 3477 481 spi-

246 520 313 562 tes
342 505 579 561 eumdem
611 504 859 573 spiritum
892 502 1015 557 ﬁdei
1045 501 1184 557 sicut
1211 502 1465 570 scripturn
1498 513 1581 558 est
1607 520 1621 556 :
1658 504 1789 559 Cre-

246 598 355 661 didi,
386 606 602 666 propter
628 594 770 665 quod
801 594 1010 649 locutus
1035 608 1154 648 sum
1193 591 1277 664 (II
1311 592 1432 647 Cor.
1465 610 1539 660 iv,
1571 593 1682 662 15).

801 704 1025 761 CAPUT
1056 703 1217 759 XXC.

651 795 730 850 De
756 796 1013 849 communi
1036 795 1384 864 prwdictione.

306 891 450 961 477
480 887 731 942 Ριαξάίιὶι
780 886 975 952 Pater,
1023 884 1269 954 praedixit
1312 883 1502 949 Filius,
1551 884 1798 953 praedixit

250 981 455 1051 Spiritus
485 988 723 1034 sanctus.
754 977 829 1032 De
859 978 1016 1031 Patre
1041 978 1093 1030 in
1123 976 1345 1031 Actibus
1383 994 1396 1028 :
1428 976 1566 1030 Deus
1594 985 1794 1043 autem,

250 1087 352 1143 qua:
375 1071 622 1141 praedixit
643 1085 737 1139 per
763 1084 824 1125 os
844 1078 1148 1125 sanctorum
1170 1067 1547 1138 prophetarum
1580 1082 1800 1122 suarum

247 1168 373 1235 juxta
398 1164 668 1218 Christum
698 1177 851 1217 suum
880 1161 1118 1231 implevit
1142 1161 1277 1228 (Act.
1305 1176 1387 1226 ιιι,
1412 1161 1521 1227 18).
1553 1159 1625 1214 De
1651 1160 1790 1212 Filio

252 1259 297 1311 in
314 1256 597 1323 Evangelia
628 1272 643 1308 :
677 1255 743 1308 Et
776 1252 1012 1307 nuntiate
1056 1251 1331 1318 fratribus,
1375 1251 1499 1321 quia
1537 1249 1801 1321 praecedet

250 1364 330 1402 vos
349 1349 395 1401 in
417 1345 719 1411 Galilaeam;
754 1345 828 1401 ibi
857 1360 978 1399 eum
1008 1344 1276 1411 videbitis,
1308 1359 1432 1399 ecce
1456 1344 1678 1414 praedixi
1704 1358 1801 1397 vo-

251 1440 319 1494 bis
342 1438 554 1504 (Matth.
588 1450 779 1503 xxviii,
812 1436 886 1505 7).
924 1435 999 1489 De
1029 1434 1234 1503 Spiritu
1256 1442 1441 1489 sancto
1462 1434 1514 1488 in
1544 1433 1797 1488 Actibus:

249 1528 387 1581 Stans
412 1540 542 1581 vero
568 1524 759 1579 Petrus
786 1538 905 1578 cum
936 1523 1207 1586 undecim,
1234 1523 1447 1578 elevata
1465 1510 1749 1578 vacc‘dixit
1784 1541 1798 1578 :

249 1618 344 1672 Viri
366 1619 578 1684 fratres,
613 1622 828 1685 oportet
867 1613 1081 1683 impleri
1118 1614 1455 1682 Scripturam
1486 1629 1639 1683 quain
1667 1629 1801 1683 pra:-

248 1710 367 1764 dixit
384 1709 614 1778 Spiritus
639 1717 857 1764 sanctus
887 1720 982 1775 per
1010 1720 1072 1759 as
1116 1704 1278 1759 David
1302 1704 1367 1759 de
1400 1704 1555 1770 Juda,
1583 1708 1670 1773 qui
1704 1706 1801 1759 fuit

1896 503 2054 557 ritum
2084 501 2228 565 vitae,
2258 510 2310 555 et
2335 499 2506 554 factus
2534 510 2616 554 est
2642 499 2801 555 homo
2847 503 2899 556 in
2926 502 3158 556 animam
3202 502 3474 558 viventem

1900 592 2051 662 (Gen.
2086 612 2145 661 ιι,
2177 600 2258 666 7).
2287 598 2361 654 De
2385 598 2522 653 Filio
2550 599 2600 651 iu
2640 597 2932 666 Evangelia
2963 613 2977 649 :
3010 597 3073 651 Et
3101 597 3389 651 insufllavit
3420 597 3475 651 in
3582 640 3605 647 ε

1898 687 2091 741 faciem
2137 688 2515 758 discipulorum
2562 704 2776 744 suorum
2824 689 3010 743 dicens
3042 704 3056 740 :
3088 688 3327 757 Accipite
3354 687 3479 757 Spi-

1899 776 2058 831 ritum
2085 788 2323 833 sanctum
2356 777 2534 850 (Joan.
2561 796 2656 845 xx,
2678 782 2791 850 22).
2843 780 2923 834 De
2970 779 3172 849 Spiritu
3202 787 3388 834 sancto
3420 778 3476 833 in

1900 870 2221 927 Ezechiele:
2256 874 2379 929 Ilazc
2400 874 2530 930 dicit
2574 875 2876 931 Dominus:
2931 878 2977 930 A
3024 882 3253 944 quatuor
3298 876 3475 930 ventis

1908 961 2041 1026 veni,
2078 961 2310 1030 Spiritus
2335 1003 2351 1029 ,
2375 972 2429 1017 et
2467 962 2679 1017 insufﬂa
2728 979 2892 1033 super
2943 974 3185 1020 mortuos
3227 966 3379 1029 istos,
3421 976 3478 1019 et

1900 1052 2217 1107 reviviscent
2248 1052 2458 1121 (Ezech.
2483 1069 2679 1118 xxxvii,
2710 1054 2787 1121 9).

2450 1160 2677 1217 CAPUT
2716 1161 2925 1217 XXCV.

2345 1253 2420 1309 De
2454 1254 2709 1307 communi
2736 1250 3031 1323 repletione.

1975 1341 2160 1410 Implet
2192 1342 2371 1407 Pater,
2413 1344 2601 1413 implet
2628 1345 2817 1409 Filius,
2850 1347 3033 1414 implet
3076 1344 3310 1414 Spiritus
3353 1362 3483 1400 san-

1903 1440 2039 1485 ctus.
2075 1432 2149 1487 De
2176 1433 2332 1488 Patre
2358 1434 2409 1487 in
2439 1433 2673 1488 Jeremia
2712 1453 2723 1486 :
2755 1436 2880 1490 Haec
2909 1437 3037 1489 dicit
3064 1435 3320 1490 Dominus
3343 1436 3482 1492 Deus

1905 1522 2061 1577 Israel
2097 1542 2110 1577 :
2139 1524 2343 1579 Caelum
2367 1536 2421 1581 et
2449 1536 2647 1582 terram
2677 1528 2873 1597 impleo
2902 1527 3035 1599 (Jer.
3074 1544 3226 1593 mu,
3258 1528 3371 1599 21).
3406 1530 3482 1584 De

1906 1612 2044 1667 Filia
2064 1614 2114 1668 in
2147 1616 2404 1683 Apostolo
2437 1634 2449 1669 :
2482 1617 2739 1672 Dominus
2760 1628 2936 1673 autem
2963 1618 3179 1687 impleat
3206 1621 3369 1674 corda
3397 1636 3486 1674 ve-

1904 1717 2013 1759 stra
2035 1707 2181 1761 omni
2207 1722 2371 1777 opere
2399 1719 2454 1764 et
2500 1725 2751 1765 sermone
2796 1711 2937 1765 bona
2987 1708 3076 1783 (II
3104 1710 3235 1765 Tim.
3274 1727 3334 1778 ιι,
3372 1713 3483 1781 l6).

248 1801 335 1853 dux
358 1815 541 1855 eorum
564 1800 655 1869 qui
681 1797 1204 1866 comprehenderunt
1233 1796 1415 1851 Jesurn
1449 1797 1583 1864 (Act.
1620 1812 1658 1862 ι,
1685 1796 1794 1865 16).
1830 1790 1876 1851 Β
1906 1800 1979 1855 De
2008 1800 2172 1873 5.79
2201 1802 2402 1872 Spiritu
2427 1812 2613 1858 sancto
2660 1804 2712 1857 in
2750 1803 2970 1857 Actibus
2999 1820 3012 1855 :
3045 1803 3241 1859 Factus
3285 1814 3367 1859 est
3395 1820 3485 1859 su-

788 1909 1015 1964 CAPUT
1050 1909 1231 1963 XXCI.

657 2000 733 2055 De
760 2001 1014 2054 communi
1047 2000 1372 2053 documento.

307 2092 459 2146 Docet
483 2092 665 2159 Pater,
704 2092 860 2146 ducet
881 2090 1073 2157 Filius,
1104 2091 1261 2145 docet
1290 2090 1524 2159 Spiritus
1564 2101 1799 2147 sanctus.

250 2183 312 2237 De
350 2183 509 2259 Patre
550 2184 605 2237 in
651 2184 856 2253 psalmo
897 2183 1289 2253 septuagesimo
1319 2182 1495 2251 (Vera.
1526 2185 1616 2254 17)
1650 2202 1662 2237 ;
1697 2186 1803 2239 Do-

247 2276 379 2329 cuisti
406 2292 517 2341 me,
558 2276 721 2340 Deus,
755 2291 785 2330 a
819 2276 1102 2343 juventute
1123 2290 1263 2330 mea.
1310 2276 1376 2329 Et
1412 2277 1461 2329 in
1504 2277 1803 2331 centesimo

246 2367 633 2436 quadragesimo
689 2367 845 2420 tertio
877 2365 1053 2436 (l'ers.
1074 2364 1132 2434 1)
1164 2383 1177 2417 :
1210 2365 1523 2420 Benedictus
1546 2367 1804 2422 Dominus

251 2457 383 2519 Deus,
414 2456 514 2527 qui
541 2457 701 2511 docet
727 2471 917 2510 manus
944 2471 1094 2511 meas
1137 2456 1202 2510 ad
1232 2458 1497 2526 praelium,
1527 2467 1579 2511 et
1608 2456 1801 2527 digitos

247 2562 375 2602 meos
395 2547 458 2601 ad
502 2548 724 2601 bellum.
776 2548 849 2604 De
878 2546 1018 2602 Filia
1058 2547 1113 2601 in
1138 2547 1428 2615 Evangelia
1461 2564 1475 2601 :
1508 2548 1577 2602 Et
1606 2549 1802 2604 circui-

248 2637 320 2690 bat
342 2638 495 2692 lesus
522 2639 767 2691 civitates
806 2652 995 2693 omnes
1045 2647 1101 2693 et
1139 2638 1377 2703 castella,
1406 2638 1606 2693 docens
1632 2640 1687 2693 in
1710 2654 1801 2710 sy-

244 2728 435 2798 nagogis
462 2744 659 2783 eorum
688 2727 900 2798 (Matth.
924 2744 994 2795 ιν,
1023 2728 1140 2798 25).
1177 2729 1244 2783 Et
1288 2729 1480 2783 iterum
1516 2746 1528 2780 :
1560 2729 1691 2784 Cum
1718 2744 1800 2786 se-

244 2819 403 2887 disset,
433 2822 652 2890 aperuit
680 2836 741 2876 as
766 2835 946 2886 suum,
977 2830 1030 2875 et
1054 2821 1278 2875 docebat
1303 2818 1623 2892 eos(Matth.
1649 2821 1800 2891 v,2).

246 2910 306 2965 De
328 2912 529 2983 Spiritu
558 2924 744 2967 sancto
774 2912 826 2965 in
864 2912 1155 2982 Evangelia
1190 2930 1202 2965 :
1235 2912 1368 2966 Cum
1396 2919 1574 2967 autem
1597 2912 1804 2969 venerit

244 3002 533 3059 Paracletus
556 3003 649 3058 ille
674 3002 893 3072 spiritus
921 3002 1185 3069 veritatis,
1222 3002 1436 3058 docebit
1462 3016 1561 3059 vos
1584 3016 1801 3059 omnem

244 3096 506 3152 veritatem
541 3094 721 3167 (Joan.
754 3110 866 3162 xvr,
894 3094 1009 3163 15).

794 3206 1017 3263 CAPUT
1040 3204 1247 3261 XXCII.

696 3298 773 3354 De
808 3301 1068 3353 communi
1104 3300 1338 3369 imperio.

307 3389 524 3461 Imperat
556 3391 741 3456 Pater,
770 3390 912 3446 idem
935 3392 1121 3457 Filius,
1146 3392 1286 3448 idem
1311 3392 1543 3462 Spiritus
1564 3402 1804 3452 sanctus.

250 3479 309 3536 De
340 3482 488 3537 Patre
518 3482 575 3536 in
607 3482 849 3552 Epistola
879 3482 1020 3537 Petri
1065 3482 1295 3537 secnnda
1338 3501 1351 3538 :
1397 3484 1522 3539 Haec
1559 3485 1701 3540 enim
1732 3485 1808 3540 fa-

252 3574 431 3631 cientes
459 3592 573 3630 non
605 3576 875 3641 errabitis,
905 3576 998 3632 sed
1019 3576 1411 3632 ministrabitur
1437 3578 1591 3636 vobis
1619 3578 1806 3634 introi~

246 3674 315 3719 tus
334 3668 380 3721 in
405 3677 675 3724 aeternum
703 3668 987 3737 imperium
1017 3669 1109 3724 Dei
1162 3667 1246 3741 (ll
1300 3669 1447 3724 Petr.
1480 3686 1519 3736 ι,
1568 3670 1682 3741 10).
1731 3672 1808 3729 De

246 3759 430 3817 Filiain
457 3764 761 3834 Evangelia
796 3780 811 3817 :
840 3763 1011 3819 Surde
1042 3774 1099 3819 et
1124 3772 1269 3819 mute
1304 3763 1548 3834 spiritus,
1581 3780 1681 3834 ego
1710 3765 1804 3820 tibi

245 3852 424 3924 impero
470 3869 529 3911 ut
576 3871 745 3912 exeas
785 3856 854 3911 ab
895 3871 981 3921 eo,
1024 3866 1080 3912 et
1124 3856 1357 3925 amplius
1386 3872 1453 3912 ne
1482 3857 1721 3913 introeas
1753 3861 1805 3914 in

246 3960 347 4001 eum
375 3948 572 4018 (Marc.
608 3964 688 4013 ιιι,
719 3946 834 4018 24).
864 3947 1026 4019 478
1069 3948 1135 4003 Et
1166 3965 1180 4002 :
1219 3947 1507 4018 Imperavit
1550 3961 1708 4004 vento
1753 3960 1808 4006 et

244 4040 383 4107 mari,
399 4052 452 4097 et
475 4042 620 4095 facta
642 4052 724 4095 est
748 4042 1104 4111 tranquillitas
1116 4058 1306 4113 magna
1322 4043 1536 4115 (Matth.
1553 4061 1665 4111 vm,
1684 4044 1800 4114 26).

245 4131 307 4186 De
326 4133 520 4203 Spiritu
551 4145 742 4189 sancto
773 4136 823 4189 in
853 4135 953 4192 Job
982 4135 1099 4204 (Job
1132 4153 1349 4202 xxxvnt,
1384 4136 1476 4207 29)
1525 4155 1539 4192 :
1590 4141 1662 4195 De
1690 4140 1807 4208 Spi-

243 4225 332 4278 ritu
379 4225 599 4280 Dumini
651 4227 805 4281 datur
841 4227 1035 4297 glacies
1069 4244 1231 4297 super
1260 4238 1479 4285 terram.
1515 4231 1581 4285 Et
1619 4231 1755 4286 infra
1787 4249 1802 4288 :

248 4314 456 4383 Imperio
484 4334 589 4373 suo
612 4319 734 4374 fecit
763 4320 958 4387 nivem,
1000 4322 1230 4389 patentia
1261 4338 1353 4377 sua
1393 4323 1584 4392 giravit
1609 4329 1801 4381 caelum

244 4408 291 4460 in
315 4410 533 4467 tircuitu
560 4412 746 4482 gloriae
768 4427 879 4466 suae
921 4411 1039 4483 (Job
1072 4430 1272 4481 xxxvii,
1303 4414 1385 4485 6).

767 4504 991 4559 CAPUT
1032 4505 1260 4559 XXCIII.

676 4593 751 4648 De
789 4596 1043 4650 communi
1080 4598 1376 4667 disciplina.

304 4682 590 4753 Disciplina
619 4685 816 4752 Patris,
846 4686 1125 4755 disciplina
1158 4688 1302 4753 Filii,
1329 4689 1611 4757 dismplina
1642 4690 1807 4759 Spiri-

240 4782 316 4827 uts
340 4776 528 4829 sancti.
560 4776 635 4831 De
659 4776 816 4831 Patre
843 4777 892 4829 in
913 4778 1227 4833 Salomone:
1256 4779 1376 4845 Fili,
1412 4796 1477 4834 ne
1508 4781 1821 4849 neglexeris

236 4864 565 4934 disciplinam
616 4867 761 4931 Dei,
811 4883 981 4937 neque
1027 4868 1247 4923 delicias
1297 4869 1366 4923 ab
1413 4885 1478 4924 eo
1527 4886 1807 4939 correptus

237 4952 413 5021 (Prov.
446 4972 525 5022 ιιι,
554 4959 665 5026 11).
702 4961 773 5012 De
797 4958 931 5012 Filio
974 4961 1024 5013 in
1073 4963 1278 5028 psalmo
1324 4967 1553 5030 septima
1598 4963 1808 5018 decimo

238 5044 399 5113 (Vera.
426 5049 523 5115 ’56)
559 5065 575 5101 :
609 5052 840 5103 Dextera
882 5060 969 5103 tua
1021 5051 1257 5120 suscepit
1288 5068 1393 5119 me,
1429 5063 1480 5108 et
1529 5052 1808 5123 disciplina

235 5146 313 5187 tua
343 5138 457 5206 ipsa
492 5155 583 5192 ine
621 5142 856 5205 docebit,
900 5153 953 5197 et
1001 5142 1242 5198 doctrina
1287 5155 1373 5200 tua
1402 5146 1595 5215 diriget
1622 5161 1709 5202 me
1753 5148 1809 5201 in

230 5229 403 5284 ﬁnem.
458 5232 539 5286 De
587 5233 796 5301 Spiritu
837 5245 1021 5290 sancta
1069 5237 1120 5290 in
1170 5236 1460 5291 Salomone
1510 5255 1522 5290 :
1579 5238 1809 5307 Spiritus

229 5323 361 5373 enim
385 5324 692 5394 disciplina:
718 5326 933 5396 ell‘ngiet
965 5309 1165 5395 fictum,
1196 5340 1250 5384 et
1277 5331 1488 5385 auferet
1517 5346 1575 5385 se
1605 5346 1635 5384 a
1664 5332 1810 5402 cogi-

228 5415 543 5481 tationibus,
567 5432 687 5485 qua:
723 5426 849 5471 sunt
875 5420 988 5472 sine
1016 5420 1287 5474 intellectu
1325 5421 1479 5491 (Sap.
1510 5437 1546 5487 t,
1584 5422 1661 5493 v).

783 5508 1006 5564 CAPUT
1040 5508 1269 5565 XXCIV.

638 5600 715 5655 De
742 5603 995 5655 communi
1040 5604 1396 5673 insuﬂlatione.

294 5691 546 5745 Insniﬂat
576 5692 749 5759 Pater,
781 5694 1015 5749 insufﬂat
1046 5695 1244 5762 Filius,
1296 5698 1527 5752 insufﬂat
1578 5676 1810 5767 Spiritus

227 5794 460 5837 sanctus.
492 5783 575 5838 De
604 5783 758 5841 Patre
780 5785 832 5841 in
860 5787 1049 5853 Genesi
1078 5806 1087 5840 :
1122 5788 1182 5844 Et
1205 5788 1329 5843 fecit
1367 5787 1505 5846 Deus
1530 5788 1804 5848 hominem

1833 3149 1881 3214 C
1910 3108 2046 3176 (Act.
2071 3124 2129 3176 ιι,
2162 3108 2275 3180 38).

1909 1892 2019 1947 bito
2046 1907 2210 1948 sanus
2238 1903 2487 1965 tanquam
2516 1896 2737 1963 Spiritus
2778 1895 2970 1959 validi,
3021 1905 3076 1949 et
3102 1896 3342 1965 implevit
3370 1911 3485 1952 om-

1906 1998 2028 2040 nem
2050 1984 2226 2040 Iocum
2250 1987 2300 2041 in
2328 2000 2434 2056 quo
2460 1994 2618 2042 erant
2642 1986 2898 2041 sedentes
2932 1986 3068 2057 (Act.
3103 2003 3160 2052 ιι,
3181 1987 3216 2039 2
3224 2000 3265 2055 ).

2431 2099 2659 2155 CAPUT
2702 2099 2933 2155 XXCVI.

2413 2192 2486 2246 De
2523 2194 2783 2246 communi
2830 2194 2988 2247 dono.

1978 2281 2185 2336 Donum
2204 2282 2299 2336 Dei
2328 2283 2523 2346 Patris,
2556 2283 2755 2338 donum
2787 2283 2928 2353 Filii,
2955 2285 3150 2339 donum
3177 2294 3232 2340 et
3252 2285 3485 2354 Spiritus

1905 2374 2097 2429 sancti.
2127 2375 2199 2429 De
2230 2375 2387 2430 Patre
2416 2376 2468 2429 in
2494 2376 2752 2445 Apostolo
2780 2392 2798 2430 :
2835 2376 3015 2442 Gratia
3042 2379 3175 2433 salvi
3208 2379 3328 2434 facti
3358 2383 3487 2435 estis

1906 2481 2001 2533 per
2028 2465 2225 2532 ﬁdem,
2271 2477 2326 2521 et
2374 2466 2477 2522 hoc
2523 2482 2629 2522 non
2681 2483 2749 2523 ex
2794 2468 2967 2533 vobis,
3009 2470 3101 2524 Dei
3150 2471 3355 2526 Donum
3405 2484 3487 2527 est

1904 2555 2123 2628 (Ephes.
2159 2573 2217 2623 ιι,
2240 2557 2319 2628 8).
2371 2559 2447 2613 De
2498 2559 2638 2614 Filia
2688 2560 2740 2614 in
2790 2560 3282 2629 Salomone:Quia
3330 2579 3487 2619 nemo

1904 2664 2023 2706 esse
2069 2660 2244 2721 potest
2287 2654 2590 2719 continens,
2616 2653 2716 2708 nisi
2758 2654 2899 2709 Deus
2921 2654 3047 2720 det;
3075 2665 3128 2710 et
3159 2656 3261 2709 hoc
3301 2655 3477 2723 ipsum

1902 2743 2183 2813 sapientia:
2213 2746 2520 2810 erat,scire
2549 2746 2701 2815 cujus
2742 2754 2886 2801 esset
2933 2746 3035 2801 hoc
3080 2748 3277 2802 donum
3326 2748 3485 2817 (Sap.

1903 2851 2018 2901 vni,
2046 2835 2126 2906 2).
2159 2836 2237 2891 De
2260 2836 2461 2907 Spiritu
2486 2848 2674 2893 sancto
2702 2837 2754 2890 in
2780 2836 3003 2892 Actibus
3038 2856 3050 2890 :
3100 2838 3479 2893 Paenitentiam

1902 2929 2065 2999 agite,
2100 2939 2154 2983 et
2184 2930 2484 2999 baptizetur
2511 2930 2870 2997 unusquisque
2920 2929 2973 2984 in
3017 2930 3231 2987 nomine
3273 2932 3485 2986 Domini

1902 3018 2032 3075 Jesu
2079 3018 2306 3084 Christi,
2364 3029 2419 3091 et
2463 3020 2736 3089 accipietis
2785 3021 2986 3076 donum
3036 3021 3271 3092 Spiritus
3314 3026 3485 3081 sancti

2435 3179 2662 3235 CAPUT
2702 3180 2956 3235 XXCVII.

2373 3271 2449 3327 De
2469 3274 2722 3326 communi
2754 3273 3026 3329 locutione.

1980 3384 2237 3454 Loquitur
2266 3385 2446 3451 Pater,
2479 3385 2716 3455 loquitur
2758 3385 2941 3453 Filius,
2983 3388 3219 3458 loquitur
3259 3391 3489 3460 Spiritus

1910 3484 2149 3530 sanctus.
2208 3475 2285 3531 De
2340 3475 2499 3532 Patre
2555 3479 2607 3531 in
2665 3478 2869 3545 psalmo
2934 3480 3271 3549 sexagesimo
3318 3484 3491 3551 primo

1912 3566 1931 3636 (
1949 3566 2091 3621 Verr.
2119 3567 2212 3637 12)
2242 3586 2255 3619 :
2290 3567 2469 3623 Semel
2501 3568 2708 3624 locutus
2728 3578 2810 3624 est
2832 3570 2993 3637 Dens,
3021 3570 3126 3625 duo
3154 3573 3270 3629 haec
3289 3574 3489 3630 audivi.

1910 3654 1979 3709 Et
2005 3673 2019 3710 :
2047 3656 2189 3711 Deus
2217 3656 2427 3712 locutus
2453 3666 2536 3712 est
2575 3658 2630 3713 in
2659 3668 2846 3713 sancta
2873 3674 2972 3713 sua
3025 3660 3196 3729 (Psal.
3230 3678 3357 3731 cvtt,
3408 3664 3491 3734 8).

1910 3747 1986 3803 De
2032 3747 2166 3802 Filia
2206 3747 2261 3802 in
2302 3748 2592 3819 Evangelia
2635 3749 2954 3819 :Laquente
2999 3749 3127 3805 Jesu
3172 3753 3240 3806 ad
3281 3753 3489 3818 turbas,

1911 3838 2049 3893 Ecce
2080 3848 2251 3894 mater
2288 3839 2404 3909 ejus
2434 3848 2487 3894 e‘t
2515 3839 2705 3893 fratres
2731 3840 2859 3893 foris
2902 3841 3133 3907 stabant,
3184 3851 3489 3908 quaerentes

1910 3929 2055 3997 loqui
2087 3944 2207 3983 cum
2239 3944 2304 3985 ea
2333 3928 2548 4001 (Matth.
2580 3946 2671 3995 ιιιι,
2704 3929 2815 4000 46).
2855 3930 2983 3986 Item
3016 3931 3085 3985 ibi
3122 3951 3135 3985 :
3162 3932 3375 4001 Loquar
3395 3947 3491 3986 vo-
3540 3982 3555 4005 ,

1909 4020 2013 4085 bis,
2042 4030 2092 4073 et
2117 4035 2219 4074 non
2243 4020 2459 4075 creditis
2490 4019 2667 4090 (Joan.
2696 4037 2746 4087 ιι,
2774 4021 2890 4089 25).
2934 4022 3010 4077 De
3052 4024 3254 4093 Spiritu
3303 4035 3490 4079 sancta
3527 4007 3562 4047 κ’

1908 4110 1961 4164 in
2018 4110 2275 4179 Apastalo
2321 4125 2336 4163 :
2398 4111 2628 4180 Spiritus
2677 4122 2759 4166 est
2822 4114 2911 4182 qui
2959 4114 3190 4182 loquitur
3235 4114 3487 4183 mysteria

1910 4200 1958 4272 (Ι
1989 4201 2105 4256 co"
2140 4216 2246 4267 ω’
2274 4200 2353 4272 2"
2430 4272 2656 4328 CAPUT
2694 4272 2969 4328 xxcvnt.

2318 4363 2398 4419 De
2422 4367 2681 4420 communi
2708 4367 3060 4422 retributione.

1984 4478 2263 4534 Retribuat
2294 4479 2474 4549 Pater,
2508 4481 2769 4536 retribuet
2800 4482 2989 4551 Filius,
3024 4483 3283 4538 retribuet
3311 4484 3485 4554 Spiri-

1913 4583 1995 4627 tus
2018 4581 2255 4626 snnctus.
2282 4573 2354 4627 De
2385 4572 2543 4627 Patre
2571 4573 2624 4627 in
2652 4575 2912 4644 Apostolo
2940 4590 2954 4628 :
2988 4574 3045 4629 Si
3079 4584 3254 4630 tamen
3282 4575 3486 4645 justum

1911 4671 1994 4717 est
2023 4663 2160 4732 apud
2195 4664 2362 4719 Deum
2390 4664 2687 4720 retribuere
2719 4665 2800 4719 his
2826 4665 2917 4735 qui
2952 4680 3047 4720 vos
3078 4667 3358 4733 tribulant,
3390 4668 3487 4721 tri-

1912 4755 2271 4821 bulationem;
2314 4766 2367 4811 et
2400 4757 2548 4812 vobis
2588 4757 2677 4825 qui
2723 4758 3067 4822 tribulamini,
3112 4760 3349 4829 requiem
3401 4761 3483 4829 (Il

1912 4846 2066 4901 Thes.
2101 4863 2140 4911 ι,
2170 4846 2247 4917 6).
2281 4848 2358 4903 De
2386 4847 2521 4902 Filia
2551 4849 2603 4901 in
2652 4849 2909 4916 Apostalo
2948 4865 2962 4902 :
3007 4850 3133 4904 Mihi
3181 4852 3488 4917 vindictam,

1913 4953 2013 5007 ego
2043 4940 2362 5007 retribuam,
2403 4938 2535 4993 dicit
2574 4938 2829 4994 Dominus
2878 4938 3051 5009 (Rom.
3106 4956 3198 5006 xtl,
3248 4941 3359 5009 19).
3414 4944 3491 4998 De

1911 5030 2113 5100 Spiritu
2144 5041 2332 5085 sancto
2359 5031 2523 5100 480
2565 5031 2617 5086 in
2653 5030 2897 5085 Judicum
2932 5052 2944 5084 :
2992 5032 3051 5087 Si
3081 5034 3227 5089 enim
3267 5049 3487 5102 congre-

1913 5123 2155 5192 gaverint
2184 5139 2242 5177 se
2268 5123 2320 5178 in
2356 5139 2540 5191 unum,
2564 5134 2620 5178 et
2644 5124 2889 5179 venerint
2935 5125 3001 5179 ad
3035 5126 3290 5180 terminos
3330 5126 3481 5180 Jeru-

1912 5213 2100 5278 salem,
2146 5224 2200 5267 et
2243 5216 2667 5284 expugnaverint
2694 5232 2809 5283 vos,
2856 5233 2956 5288 ego
2987 5221 3190 5277 mittam
3219 5220 3472 5287 Spiritum

1912 5317 2110 5368 meum,
2141 5314 2195 5358 et
2221 5304 2478 5359 retribuet
2510 5307 2587 5359 eis
2613 5322 2731 5374 qua).
2759 5309 2859 5378 ipsi
2892 5311 3253 5365 retribuerunt
3276 5310 3447 5363 vobis.

2436 5419 2663 5476 CAPUT
2716 5421 2946 5475 XXCIX.

2337 5509 2414 5564 De
2454 5513 2709 5565 communi
2736 5515 3061 5581 respectione.

1984 5600 2217 5671 Respicit
2258 5603 2437 5671 Pater,
2486 5604 2704 5673 respicit
2753 5605 2933 5669 Filius,
2989 5605 3208 5672 respicit
3250 5606 3486 5676 Spiritus

1914 5712 2150 5751 Sanetus.
2187 5698 2259 5751 De
2284 5698 2438 5752 Patre
2462 5698 2514 5752 in
2548 5698 2741 5752 Genesi
2772 5716 2782 5747 :
2812 5697 3063 5764 Respexit
3089 5699 3227 5753 Deus
3252 5702 3305 5754 in
3351 5702 3485 5757 Abel

1914 5802 1966 5848 et
1997 5806 2155 5861 super
2185 5806 2406 5847 munera
2433 5792 2544 5859 ejus
2572 5808 2583 5844 :
2619 5805 2775 5859 super
2807 5789 2935 5845 Cain
2966 5801 3146 5850 autem
3174 5805 3227 5853 ct
3258 5811 3482 5852 nntncra
