3962 6178
409 358 504 411 451

1719 336 1939 393 VlClLll
1979 336 2346 394 TAPSENSIS

3540 326 3644 382 £52

407 470 520 537 ejus
551 479 652 519 non
679 461 911 529 TCS(iCXll
936 457 1087 527 ((142.1.
1115 470 1184 518 tv,
1214 455 1287 519 .i).
1317 453 1391 505 De
1420 448 1548 503 Filio
1576 448 1626 503 in
1652 445 1977 537 Evangelio:
2008 464 2059 523 Α
2087 448 2341 517 Apostolo
2368 461 2383 500 :
2412 443 2480 500 Ut
2510 442 2706 513 fulgeat
2736 444 2787 498 in
2821 444 2900 500 eis
2926 442 3237 498 illuminatio
3258 440 3487 513 Spiritus
3516 454 3644 497 san-

412 558 718 628 liespieiens
758 554 911 608 Jelus
962 550 1307 619 cogitationes
1354 559 1565 607 eorum,
1623 541 1758 595 dixit
1788 558 1799 592 :
1834 536 1970 604 Quid

407 620 653 719 cogitatis
700 644 836 699 mala
884 643 935 696 in
985 638 1235 694 cordibus
1280 636 1471 689 vestris
1514 620 1729 702 (Matth.
1772 642 1847 693 ιλ,
1880 626 1972 697 4)?

408 743 483 797 De
530 739 726 808 Spiritu
768 742 951 787 sancto
996 732 1047 783 in
1080 726 1398 808 Apocalypsi
1445 724 1547 777 :ili
1592 730 1714 775 sunt
1761 727 1965 787 septem

411 834 631 902 spiritus
685 827 773 897 qui
827 824 1113 894 inspiciunt
1168 805 1467 872 universam
1524 824 1717 870 terram
1766 811 1973 882 (Apoc.

408 941 460 987 ν’
496 922 570 990 ω’
1004 978 1238 1035 CAPUT
1268 976 1377 1031 xc.

888 1075 963 1129 De
1014 1070 1271 1126 communi
1318 1066 1525 1137 placito.

486 1197 687 1251 Placuit
714 1192 880 1255 Patri,
906 1188 1101 1258 placuit
1130 1184 1284 1248 Filio,
1313 1180 1507 1251 placuit
1529 1175 1746 1246 Spiritui
1775 1181 1977 1227 saneto.

416 1290 491 1343 De
514 1290 668 1341 Patre
701 1287 751 1338 in
779 1279 1037 1351 Apostolo
1062 1294 1077 1331 :
1109 1276 1296 1329 Postea
1327 1286 1482 1341 quam
1510 1267 1705 1338 placuit
1739 1265 1866 1329 Deo,
1893 1262 1982 1330 qui

416 1395 502 1433 me
523 1376 820 1447 segregavit
868 1388 929 1426 ex
983 1381 1133 1423 utero
1181 1363 1367 1419 matris
1414 1374 1569 1421 metu,
1618 1366 1676 1410 ut
1720 1355 1986 1409 revelaret

417 1443 608 1523 Filium
632 1443 781 1518 suum
812 1463 861 1514 in
897 1474 978 1512 me
1010 1456 1152 1526 (Gal.
1186 1470 1224 1517 ι,
1255 1452 1367 1520 15).
1401 1449 1469 1503 Et
1490 1449 1542 1500 in
1572 1445 1777 1513 psalmo
1810 1461 1822 1495 :
1870 1443 1977 1496 Pla-

414 1562 525 1615 cuit
550 1559 661 1610 Deo
692 1567 851 1620 super
880 1550 1098 1603 vitulum
1131 1542 1406 1599 novellum
1449 1551 1647 1593 cornua
1686 1533 1986 1603 producen-

418 1655 598 1704 temet
624 1644 844 1713 ungulas
876 1639 1044 1710 (Psat.
1078 1650 1259 1698 vant,
1291 1632 1405 1702 5‘2).
1439 1632 1512 1684 De
1545 1628 1677 1683 Filio
1705 1627 1755 1680 in
1782 1624 1985 1694 psalmo

417 1736 748 1807 sexagesimo
770 1726 1202 1800 septimo(V~ers.
1235 1724 1324 1793 17)
1356 1738 1371 1775 :
1408 1721 1638 1776 Montem
1669 1717 1723 1771 in
1746 1731 1849 1784 quo
1879 1714 1987 1783 pla-

2079 540 2145 596 cti
2174 539 2256 611 (II
2292 538 2406 593 Cor.
2438 553 2507 602 tv,
2541 538 2616 604 4).
2785 588 2791 593 _

2643 625 2863 681 CAPUT
2897 624 3077 680 XCIV.

2505 719 2577 773 De
2598 718 2848 773 communi
2874 717 3213 787 apparitione.

2150 812 2314 883 482
2366 810 2624 879 Apparuit
2667 809 2839 874 Pater,
2884 805 3077 873 Filius,
3128 804 3358 876 Spiritus
3408 816 3646 865 sanctus.

2082 902 2156 955 De
2183 902 2336 955 Patre
2374 901 2426 953 in
2475 898 2693 953 Actibus
2726 914 2739 949 :
2794 897 2935 952 Deus
2976 894 3161 965 gloria:
3213 896 3459 964 apparuit
3501 894 3648 953 Patri

2082 1000 2266 1046 nostro
2315 989 2580 1045 Abraham
2608 974 2748 1043 'cum
2803 995 2946 1043 esset
2995 988 3046 1040 in
3093 986 3467 1056 Mesopotamia
3502 988 3649 1058 (Act.

2083 1098 2179 1148 vn,
2207 1083 2289 1153 2).
2322 1082 2397 1136 De
2431 1080 2564 1136 Filio
2604 1081 2655 1134 in
2677 1078 2899 1134 Joannis
2925 1078 3163 1147 Epistola
3200 1095 3213 1130 :
3263 1080 3377 1147 Ipse
3406 1081 3654 1148 apparuit

2084 1172 2267 1236 Filius,
2300 1182 2356 1225 ut
2381 1169 2558 1224 solvat
2587 1182 2748 1238 opera
2791 1167 2987 1223 diaboli
3027 1166 3097 1238 (ι
3140 1166 3298 1221 Joan.
3340 1183 3419 1233 ιιι,
3453 1169 3545 1237 8).
3578 1169 3653 1223 [‘e

2084 1262 2283 1331 Spiritu
2312 1268 2496 1314 sancto
2525 1259 2577 1312 in
2607 1257 2707 1312 Job
2735 1271 2750 1311 :
2792 1256 2855 1311 Et
2883 1256 3099 1326 spiritus
3127 1257 3369 1326 apparuit
3396 1257 3448 1310 in
3475 1257 3653 1311 oculis

2086 1357 2220 1410 meis
2252 1371 2267 1409 :
2294 1362 2344 1407 et
2390 1352 2710 1406 horruerunt
2742 1348 2918 1418 capilli
2950 1349 3075 1413 mei,
3108 1357 3163 1403 et
3192 1348 3396 1402 vultum
3426 1358 3479 1400 et
3522 1362 3651 1417 spe-

2082 1448 2220 1500 ciem
2252 1459 2357 1499 non
2396 1443 2539 1509 vidi,
2588 1441 2681 1498 sed
2720 1449 2925 1495 tantum
2975 1446 3163 1494 vacem
3207 1439 3486 1495 audiebam
3528 1438 3654 1509 (Job

2084 1551 2159 1604 ’γ’
2196 1533 2306 1603 ’ὅγ’
2641 1599 2866 1655 CAPUT
2920 1598 3073 1653 xcv.

2540 1692 2619 1745 De
2665 1692 2917 1744 communi
2955 1691 3176 1743 veritate.

417 1764 748 1807 SCRUECDIIIIU
770 1764 994 1800 δῦμιΙΙιΙυ
1026 1764 1045 1797 \
1067 1764 1080 1780 V
1107 1764 1202 1780 νισι
1242 1764 1257 1778 ι
1278 1764 1323 1793 I,
1356 1764 1371 1775 ο
1408 1764 1638 1776 διον--νν-.-
1669 1764 1722 1771 υ--
1750 1764 1841 1784 τι.--
1879 1764 1891 1783 ⁸
1916 1764 1958 1766 γη

417 1831 527 1885 cuit
570 1827 680 1882 Deo
709 1823 951 1879 habitare
998 1820 1051 1873 in
1103 1832 1188 1885 eo,
1222 1815 1419 1870 etenim
1450 1811 1703 1865 Dominus
1734 1805 1987 1861 habitabit
2019 1820 2063 1880 Β
2159 1785 2369 1885 very“
2403 1783 2580 1853 Ρθιθτν
2614 1783 2811 1836 Verius
2845 1782 3028 1846 Filius:
3053 1783 3152 1835 ίιοο
3180 1789 3234 1835 οι
3264 1780 3493 1849 Spiritus
3519 1764 3646 1833 5³η·

419 1932 585 1989 usque
630 1917 680 1971 in
726 1915 906 1977 ﬁnem,
956 1920 1061 1964 etc.
1106 1906 1181 1960 De
1210 1903 1411 1973 Spiritu
1439 1907 1623 1954 saneto
1648 1897 1700 1951 in
1728 1894 1983 1949 Actibus:

418 1983 622 2065 Placuit
648 2001 864 2074 Spiritui
893 2008 1076 2053 saneto
1101 2006 1154 2051 et
1183 1995 1358 2058 nobis,
1392 1990 1521 2046 nihil
1546 1987 1775 2058 ampiius
1801 1983 1989 2039 oneris

418 2103 694 2170 imponere
724 2094 872 2149 vobis
902 2092 1037 2161 (Act.
1070 2103 1157 2150 xv,
1181 2087 1297 2153 ‘28),
1333 2095 1438 2139 etc.

996 2197 1230 2255 CAPUT
1272 2191 1405 2250 XCI.

875 2292 952 2348 De
968 2290 1223 2348 communi
1264 2287 1541 2341 intellectu.

488 2414 821 2474 Intellectum
851 2409 940 2464 dat
981 2406 1157 2471 Pater,
1207 2404 1307 2454 hoe
1357 2397 1560 2461 Filius,
1608 2393 1711 2447 hoc
1759 2390 1991 2461 Spiritus

423 2514 659 2561 sanctus.
686 2502 762 2556 De
785 2499 941 2552 Patre
967 2497 1017 2549 in
1040 2494 1247 2564 psalmo
1273 2488 1457 2558 quinto
1482 2485 1691 2540 decimo
1710 2481 1988 2552 (Versﬂ):

422 2596 735 2654 lienedicam
769 2589 1073 2647 Dominum,
1106 2583 1194 2653 qui
1248 2579 1372 2634 mihi
1408 2576 1592 2632 tribuit
1634 2574 1983 2628 intellectum.

422 2693 498 2747 De
530 2689 661 2743 Filio
686 2687 736 2739 in
769 2682 1023 2751 Apostoio
1060 2695 1072 2730 :
1100 2673 1341 2742 lntelige
1367 2684 1484 2739 qua:
1510 2668 1649 2733 dico,
1668 2664 1826 2736 581
1844 2662 1992 2716 dabit

424 2782 564 2838 enim
595 2778 685 2832 tibi
718 2750 976 2828 Dominus
1003 2766 1336 2821 intellecrum
1370 2758 1451 2831 (II
1504 2757 1639 2811 Tim.
1672 2770 1736 2820 ιι,
1785 2754 1866 2822 7).
1919 2750 1993 2804 De

425 2873 623 2943 Spiritu
652 2875 834 2922 sancto
863 2861 956 2916 ubi
984 2872 1141 2927 supra
1175 2874 1187 2909 :
1220 2854 1347 2909 ideo
1394 2860 1445 2905 et
1497 2862 1594 2903 nos
1635 2860 1699 2901 ex
1748 2857 1849 2913 qua
1901 2841 1993 2895 die

424 2962 742 3025 audivimus,
777 2970 882 3011 non
909 2964 1183 3007 cessamus
1215 2960 1312 3017 pro
1351 2943 1501 2997 vobis
1530 2946 1747 2994 orantes
1797 2945 1851 2990 et
1893 2947 1992 3003 po-

432 3024 734 3116 stulantes,
774 3030 838 3102 Aut
883 3037 1208 3110 impleamiri
1240 3034 1506 3105 agnitione
1534 3026 1823 3084 voluntatis
1851 3024 1989 3090 ejus,

426 3150 479 3203 in
510 3144 655 3201 omni
682 3137 939 3210 sapientia
970 3141 1023 3189 et
1054 3131 1324 3187 intellectu
1346 3123 1573 3195 spiritali
1608 3118 1739 3193 (Col.
1776 3131 1813 3183 ι,
1839 3116 1916 3187 9).

986 3241 1209 3299 CAPUT
1248 3238 1407 3293 XCII.

850 3337 925 3392 De
948 3332 1202 3389 communi
1233 3326 1575 3383 mundatione.

502 3455 719 3513 Mandat
764 3453 922 3507 Pater
949 3489 963 3515 ,
1000 3444 1221 3502 mundat
1271 3440 1457 3503 Filius,
1503 3432 1724 3491 mundat
1769 3428 1998 3498 Spiritus

432 3556 664 3604 sanctus.
699 3543 776 3599 De
805 3540 961 3595 Patre
1002 3536 1055 3591 in
1087 3531 1365 3588 Ezechiele
1400 3545 1413 3579 :
1448 3525 1514 3580 Et
1553 3524 1728 3577 salvos
1758 3533 1849 3573 eos
1876 3516 1999 3569 facit

437 3641 507 3694 de
548 3634 811 3691 universis
854 3628 1069 3683 sedibus
1118 3623 1250 3683 suis,
1282 3621 1334 3674 in
1365 3617 1558 3688 quibus
1601 3610 1996 3683 peccaverbnt:

434 3727 703 3785 mandabo
732 3738 846 3787 eos,
870 3729 923 3776 et
950 3726 1107 3773 erunt
1136 3713 1266 3769 mihi
1296 3710 1543 3783 populus,
1573 3715 1629 3763 et
1663 3719 1763 3774 ego
1800 3717 1893 3756 ero
1921 3700 1999 3753 eis

438 3822 583 3877 Deus
610 3836 625 3885 ;
659 3821 847 3872 se'rvus
876 3824 1027 3865 meus
1048 3806 1213 3863 David
1244 3819 1341 3858 rex
1370 3814 1529 3872 super
1558 3810 1674 3863 eos,
1720 3801 1774 3849 et
1821 3797 2002 3861 pastor

434 3915 536 3971 erit
562 3909 799 3966 omnium
827 3917 1011 3959 eorum
1045 3897 1258 3971 (Eucti.
1284 3909 1493 3955 xxxvii,
1531 3891 1645 3960 25).
1678 3888 1754 3943 De
1783 3885 1918 3941 Filio
1948 3884 1999 3936 in

438 4000 774 4071 Evangelio:
821 3994 1034 4049 Iiabens
1078 3988 1430 4045 ventilabrum
1477 3982 1532 4036 in
1584 3992 1741 4034 manu
1790 3990 1907 4041 sua,
1949 3980 2002 4027 et

440 4062 714 4150 mundabit
760 4099 941 4140 aream
987 4095 1171 4147 suam,
1210 4086 1265 4134 et
1310 4071 1652 4143 congregabit
1679 4068 1905 4121 fructum
1947 4062 2002 4117 in

437 4188 630 4239 horrea
664 4194 778 4246 sua,
810 4176 989 4246 paleas
1013 4181 1188 4226 autem
1220 4166 1496 4222 comburet
1520 4161 1623 4230 igni
1656 4153 2005 4223 inexstingui-

433 4276 525 4330 bili
555 4272 765 4345 (Matth.
799 4284 877 4334 ιιι,
907 4265 1017 4335 12).
1051 4264 1119 4319 Et
1147 4280 1160 4316 :
1191 4260 1328 4316 Caro
1372 4266 1440 4345 et
1473 4252 1690 4322 sanguis
1718 4249 1840 4304 Filii
1888 4247 2004 4316 ejus

436 4335 658 4418 mundat
685 4372 783 4413 nos
811 4357 876 4411 ab
905 4354 1048 4410 omni
1079 4357 1298 4421 peccato
1328 4346 1375 4417 (1
1407 4342 1566 4398 Joan.
1600 4357 1638 4406 ι,
1669 4339 1745 4409 7).
1777 4337 1853 4392 De
1882 4335 2005 4404 Spi-

437 4454 543 4506 ritu
574 4459 760 4505 sancto
788 4448 838 4501 iu
869 4446 1002 4499 lsaia
1042 4461 1054 4495 :
1090 4442 1153 4496 Et
1198 4436 1472 4494 mundabit
1512 4431 1769 4487 Dominus
1817 4425 2004 4481 sordes

2094 1887 2230 1933 ctus.
2260 1876 2338 1931 De
2365 1875 2519 1929 Patre
2550 1876 2601 1927 in
2644 1872 2847 1942 psalmo
2879 1872 3149 1926 tricesimo
3189 1870 3363 1942 (Vera.
3391 1871 3445 1939 6)
3490 1888 3502 1921 :
3552 1871 3652 1923 lico

2090 1967 2302 2024 demisti
2331 1980 2438 2031 me,
2470 1965 2690 2019 Domine
2724 1964 2864 2017 Deus
2894 1962 3148 2019 veritatis.
3196 1963 3253 2017 in
3302 1974 3489 2015 manus
3514 1969 3651 2026 tuas,

2091 2060 2340 2123 Domine,
2362 2055 2678 2112 commendo
2692 2054 3145 2124 spiritum'meum.
3164 2052 3236 2107 De
3258 2053 3390 2106 Filio
3412 2052 3463 2105 in
3480 2052 3654 2105 Evan-

2090 2152 2229 2223 gelio
2262 2167 2276 2203 :
2312 2150 2423 2219 Ego
2455 2163 2570 2202 sum
2601 2147 2706 2213 via,
2734 2146 2950 2212 veritas,
2985 2153 3035 2199 et
3069 2145 3172 2198 vita
3204 2142 3381 2213 (Joan.
3428 2157 3539 2208 xw,
3573 2140 3655 2210 6).

2092 2243 2221 2297 Item
2251 2242 2363 2309 ipse
2389 2238 2454 2292 ad
2488 2238 2692 2292 Patrem
2726 2255 2736 2288 :
2773 2236 2963 2292 Sermo
2993 2236 3111 2290 ttius
3148 2232 3341 2289 veritas
3368 2242 3451 2287 est
3473 2231 3654 2303 (Joan.

2092 2347 2222 2401 xvn,
2255 2330 2367 2399 17).
2415 2329 2489 2383 De
2529 2326 2729 2396 Spiritu
2774 2333 2961 2380 saneto
3005 2330 3057 2379 In
3099 2323 3337 2395 Epistola
3382 2321 3603 2378 Joannis
3637 2336 3656 2374 :

2092 2421 2319 2491 Spiritus
2347 2427 2430 2475 est
2456 2418 2653 2474 veritas
2682 2414 2732 2488 (ι
2762 2415 2918 2470 Joan.
2953 2432 3005 2481 v,
3037 2414 3113 2484 (i).

2653 2526 2876 2584 CAPUT
2917 2525 3100 2581 XCVI.

2550 2621 2627 2675 De
2652 2616 2905 2673 communi
2933 2616 3195 2671 mandato.

2163 2714 2376 2771 Mandat
2400 2713 2581 2782 Pater,
2610 2712 2826 2765 mandat
2853 2708 3041 2775 Filius,
3074 2709 3172 2762 hoc
3202 2714 3256 2762 et
3288 2706 3516 2777 Spiritus
3538 2719 3658 2759 san-

2094 2818 2230 2864 ctus.
2292 2806 2365 2861 De
2414 2804 2572 2860 Patre
2633 2805 2685 2858 in
2748 2803 2949 2873 psalmo
3022 2799 3361 2870 sexagesimo
3429 2800 3661 2866 septimo

2096 2899 2270 2972 (Vera.
2298 2895 2412 2969 29):
2436 2882 2646 2959 blanda,
2678 2893 2839 2961 Deus,
2858 2891 3034 2945 virtuti
3064 2900 3186 2945 tum.
3208 2888 3274 2942 Et
3304 2887 3577 2942 mandavit
3604 2887 3659 2941 in

2094 2999 2354 3045 :eternum
2385 2996 2762 3043 testamentum
2807 2998 2957 3037 suum
2990 2980 3160 3052 (l’sal.
3185 2995 3272 3046 ex,
3304 2978 3380 3047 9).
3405 2979 3480 3033 De
3525 2977 3661 3032 Filio

2093 3081 2147 3135 in
2194 3080 2478 3147 Evangelio
2536 3095 2547 3129 :
2601 3076 2725 3129 llaec
2775 3072 2987 3138 mando,
3035 3081 3092 3126 ut
3146 3070 3374 3140 diligatis
3429 3070 3660 3122 invicem

2024 3182 2070 3245 (ξ
2103 3171 2280 3246 (Ιοαιι.
2316 3187 2407 3238 vv,
2438 3165 2548 3240 17).
2582 3167 2657 3223 De
2680 3164 2880 3236 Spiritu
2903 3170 3107 3227 sancto,
3142 3163 3192 3215 in
3222 3160 3351 3214 Isaia
3394 3174 3410 3213 :
3443 3158 3662 3212 Verum-

2104 3275 2279 3318 tamen
2299 3260 2533 3330 legitima
2560 3271 2677 3313 mea
2708 3254 2995 3321 custodite,
3024 3266 3143 3323 qua:
3169 3265 3266 3322 ego
3289 3248 3479 3305 mando
3508 3246 3661 3302 vobis

2094 3355 2165 3411 de
2194 3354 2393 3425 Spiritu
2415 3364 2557 3417 meo,
2589 3347 2720 3403 dicit
2748 3344 3023 3400 Dominus.

2649 3438 2872 3496 CAPUT
2913 3434 3114 3492 XCVII.

2512 3532 2587 3589 De
2616 3528 2867 3586 communi
2897 3525 3246 3594 inSpiratiorze.

2170 3616 2330 3702 [‘83
2361 3623 2588 3694 inspirat
2611 3620 2789 3685 Pater,
2836 3616 3060 3685 inspirat
3100 3611 3289 3674 Filius,
3337 3614 3391 3663 et
3434 3607 3704 3676 Spiritus‘

2101 3699 2334 3779 sanet—us.
2366 3719 2442 3775 De
2470 3716 2625 3772 Patre
2655 3714 2706 3767 in
2737 3710 2875 3766 libro
2896 3708 2995 3763 Job
3020 3724 3032 3759 :
3057 3703 3282 3774 Spiritus
3304 3700 3392 3771 qui
3412 3699 3534 3754 fecit
3556 3713 3658 3761 me,

2102 3825 2154 3871 et
2185 3811 2461 3883 inspiratio
2511 3803 2886 3874 omnipotentis
2938 3796 3033 3851 Dei
3070 3795 3158 3865 qui
3207 3792 3363 3847 docet
3409 3803 3492 3844 me
3544 3787 3666 3857 (Job

2102 3882 2283 3973 xxxu,
2303 3904 2378 3974 8).
2408 3903 2481 3956 De
2515 3899 2649 3953 Filio
2678 3896 2732 3950 in
2762 3894 2968 3965 psalmo
3005 3889 3233 3959 septimo
3256 3886 3463 3941 decimo
3486 3882 3663 3953 (γεγε.

2105 4000 2230 4070 ii):
2262 3996 2343 4052 Ab
2380 3991 2741 4060 increpatione
2780 3995 2888 4049 tua,
2923 3983 3166 4047 Domine,
3208 3977 3275 4032 ab
3321 3975 3669 4045 inspiratione

2105 4061 2321 4159 spiritus
2363 4084 2454 4138 irae
2504 4090 2628 4135 tuae.
2690 4075 2766 4132 De
2809 4074 3011 4143 Spiritu
3043 4077 3225 4125 sancto
3253 4070 3303 4121 in
3336 4061 3665 4134 Evangelia:

2107 4153 2333 4250 Spiritus
2363 4174 2453 4229 ubi
2482 4172 2592 4227 vult
2618 4168 2803 4239 spirat,
2828 4174 2881 4219 et
2909 4176 3094 4218 vocem
3136 4160 3252 4229 ejus
3292 4157 3442 4213 audis
3484 4153 3665 4228 (Joan.

2105 4286 2181 4340 m’
2206 4269 2283 4339 8)’
2313 4276 2415 4323 ω’
2640 4326 2863 4383 CAPUT
2901 4322 3129 4380 XCVIII.

2491 4425 2566 4479 De
2597 4416 3279 4489 communi‘signi/icatione.

441 4544 665 4597 ﬁliorum
697 4548 750 4593 et
792 4538 1017 4591 ﬁliarum
1065 4533 1237 4594 Sion,
1264 4541 1317 4584 et
1358 4526 1668 4596 sanguinem
1707 4518 1999 4610 Jerusalem
2030 4542 2083 4602 Β
2176 4538 2449 4610 Signiﬁcat
2477 4537 2655 4602 Pater,
2685 4532 2949 4603 signiﬁcat
2981 4530 3176 4592 Filius,
3232 4510 3333 4580 hoc
3363 4532 3416 4579 et
3443 4522 3673 4592 Spiritus

438 4630 746 4686 emundabit
772 4627 837 4680 de
869 4623 1042 4679 medio
1071 4621 1186 4691 ejus
1212 4619 1265 4673 in
1294 4618 1483 4688 sp'ritu
1524 4612 1708 4684 judicii
1741 4618 1792 4665 et
1815 4606 2002 4678 spiritu

437 4717 642 4773 ardoris
679 4713 833 4787 (Isai.
858 4728 929 4778 tv,
957 4713 1038 4782 4).

986 4821 1211 4878 CAPUT
1251 4818 1438 4874 XCIII.

814 4915 890 4970 De
916 4914 1167 4969 communi
1208 4909 1607 4965 illuminatiane.

509 5029 772 5085 lliuminat
801 5027 978 5090 Pater,
1010 5023 1270 5078 illuminat
1301 5019 1489 5082 Filius,
1534 4984 2000 5079 illuminatSpiri-

438 5134 524 5180 tus
566 5130 798 5178 sanctus.
847 5117 921 5172 De
967 5116 1122 5171 Patre
1151 5117 1203 5169 in
1256 5112 1461 5183 psalmo
1512 5108 1739 5177 septimo
1795 5101 2001 5158 decimo

438 5216 612 5289 (Vera.
644 5213 739 5283 29)
769 5228 782 5266 :
815 5211 894 5267 Tu
914 5208 1236 5264 illuminabis
1256 5207 1529 5261 lucernam
1558 5215 1753 5264 meam;
1781 5197 2002 5253 Domine

440 5310 579 5364 Deus
602 5320 777 5372 meus,
808 5304 1045 5359 illumina
1070 5299 1316 5354 tenebras
1342 5310 1508 5350 meas.
1528 5296 1603 5348 De
1632 5292 1768 5346 Filio
1789 5292 1840 5344 in
1863 5292 2003 5357 Apo-

436 5401 573 5454 stolo
606 5415 618 5450 :
647 5396 780 5451 Cum
810 5404 983 5448 autem
1014 5389 1215 5445 venerit
1262 5385 1542 5451 Dominus,
1592 5391 1645 5436 et
1673 5381 2003 5435 illuminare-

437 5491 507 5546 rit
534 5487 842 5545 abscondita
874 5484 1231 5544 tenebrarum,
1286 5486 1340 5533 et
1368 5476 1544 5546 palam
1598 5474 1759 5528 faciet
1805 5472 2003 5541 cogita-

439 5584 607 5637 tiones
629 5582 806 5637 cordis
834 5593 1017 5636 eorum
1045 5573 1096 5645 (1
1121 5574 1241 5628 Cor.
1281 5588 1354 5638 tv,
1393 5572 1467 5642 5).
1511 5570 1577 5624 Et
1615 5570 1808 5623 iterum
1848 5584 1861 5621 :
1896 5567 2002 5620 Ex-

438 5685 593 5739 snrge
615 5674 703 5740 qui
732 5670 952 5736 dormis,
981 5674 1035 5722 et
1065 5665 1211 5721 eleva
1240 5674 1291 5719 te
1317 5678 1346 5716 a
1378 5661 1628 5723 mortuis,
1662 5667 1715 5713 et
1741 5659 2004 5711 illumina-

439 5759 514 5814 bit
538 5770 589 5816 te
617 5760 859 5815 Christus
887 5756 1103 5829 (Ephes.
1130 5771 1184 5825 v,
1216 5754 1327 5825 19).
1376 5753 1451 5808 De
1480 5749 1680 5822 Spiritu
1728 5757 1914 5804 sancto
1949 5748 2000 5801 in

2107 4642 2343 4689 sanctus.
2384 4630 2461 4684 De
2489 4628 2649 4683 Patre
2693 4625 2745 4678 in
2798 4623 3003 4693 psalmo
3053 4615 3488 4690 quinquagesimo
3530 4629 3675 4668 nono

2110 4723 2288 4797 (γεγε.
2318 4721 2372 4789 6)
2408 4739 2418 4772 :
2451 4720 2619 4784 Deus,
2642 4715 2880 4785 repulisti
2907 4727 3026 4779 nos,
3058 4720 3112 4767 et
3149 4708 3411 4765 deduxiSti
3439 4721 3558 4761 nos.
3609 4706 3677 4757 Et

2109 4814 2244 4872 infra
2277 4830 2292 4868 :
2322 4811 2518 4867 Dedisti
2551 4807 2909 4863 metuentibus
2934 4814 2986 4860 te
3012 4802 3479 4873 signiﬁcationem,
3509 4808 3566 4851 ut
3598 4800 3678 4848 tn-

2108 4910 2303 4980 gianta
2335 4904 2465 4959 l‘aeie
2494 4917 2669 4956 arcus.
2712 4900 2787 4953 De
2814 4898 2951 4952 Filio
2978 4897 3029 4949 in
3061 4892 3379 4964 Apocalypsi
3412 4910 3426 4946 ε
3463 4889 3679 4959 Apoca-

2110 4979 2274 5071 lypsis
2314 4995 2439 5051 Jesu
2483 4990 2709 5055 Christi,
2748 5003 2907 5058 quam
2935 4985 3082 5042 dedit
3116 4985 3191 5039 illi
3220 4983 3360 5038 Deus
3388 4979 3681 5037 ostendere

2107 5088 2275 5143 servis
2303 5085 2434 5149 suis,
2460 5091 2514 5138 et
2537 5079 2872 5149 signiﬁcavit,
2901 5079 3116 5131 mittens
3137 5090 3231 5143 per
3250 5074 3497 5144 angelum
3520 5087 3676 5127 suum

2110 5192 2267 5232 servo
2290 5190 2389 5232 suo
2418 5172 2606 5227 Joanni
2635 5171 2815 5240 (Apoc.
2851 5184 2887 5234 ι,
2932 5165 3006 5237 1).
3042 5166 3118 5220 De
3158 5164 3358 5233 Spiritu
3396 5172 3584 5218 sancto
3610 5164 3674 5215 ai

2111 5268 2365 5323 Hebrznos
2398 5280 2413 5319 :
2443 5263 2556 5318 Non
2587 5263 2702 5316 sine
2731 5260 3010 5328 sanguine,
3066 5269 3223 5324 quem
3271 5252 3430 5308 oii‘ert
3478 5267 3576 5322 pro
3619 5266 3680 5304 se

2108 5371 2161 5416 et
2186 5373 2283 5429 pro
2335 5356 2515 5427 populi
2568 5351 2889 5422 ignorantia,
2943 5347 3277 5418 signiﬁcante
3326 5344 3428 5399 hoc
3471 5341 3680 5411 Spiritu

2111 5460 2295 5507 sancto
2317 5446 2499 5520 (Hebr.
2526 5460 2598 5511 Ix,
2620 5442 2695 5512 7).

2676 5552 2898 5608 CAPUT
2938 5548 3123 5604 XCIX.

2493 5648 2563 5702 De
2587 5644 2839 5701 communi
2859 5638 3303 5711 evangeliaatione.

2210 5763 2553 5833 Evangelium
2606 5759 2697 5817 Dei
2728 5756 2925 5851 Patris,
2960 5750 3307 5823 Evangelium
3340 5744 3486 5814 Filii,
3532 5742 3708 5798 Evan—
