3960 6176
208 412 298 468 ωδ
1138 388 1267 445 (ΖοΝ
1284 385 1410 441 ΓΒΑ
1450 380 1772 437 PALLADll

1885 377 2191 434 ΑιιιΑΝυιι
2236 374 2360 429 LIB.
2402 374 2437 428 l.
3325 371 3426 459 1...“

207 521 380 593 g‘clium
413 509 637 582 Spiritus
680 503 869 560 sancti.
919 501 994 556 De
1044 500 1205 553 Patre
1249 496 1315 551 ad
1357 493 1696 548 Timotheum
1733 508 1744 545 :
1776 494 1831 554 Α
2342 578 2436 593 Μ.

210 576 268 675 Et
285 619 325 672 si
349 576 472 685 quid
495 606 634 664 aliud
660 620 805 660 sanae
826 600 1081 659 doctrina:
1120 597 1455 658 adversatur,
1498 606 1619 661 quae
1662 599 1745 645 est
1933 666 2069 685 nu
2313 576 2918 685 “Willet-fligi

212 660 476 776 Qui};
496 660 872 777 “Evangelium
925 701 1110 772 gloriae
1164 697 1303 753 beati
1355 698 1451 753 Dei
1498 693 1560 767 (I
1612 693 1745 747 Tim.

1921 666 2283 741 hshllluxit
2313 666 2489 731 Pater,
2538 666 2709 720 illuxit
2752 665 2937 729 Filius,
2988 662 3161 717 illuxit
3197 660 3430 731 Spiritus

1866 767 2067 777 .-_-.__-
2115 757 2186 777 η-
2215 757 2367 777 ω.--
2396 756 2441 777 ε-
2484 756 2726 777 ._-_._.-
2764 756 2943 777 πμ---
2978 761 3151 777 -...-_.
3182 752 3265 777 -..ε
3302 749 3427 777 ,ιε-ει

522 809 657 865 Filio
675 751 748 863 ἒς]
794 751 1050 875 Epheusios
1087 819 1100 855 :
1145 802 1475 857 lnterficicns
1503 751 1750 853 ‘inimici-

1871 767 2089 820 sanctus,
2115 757 2191 813 De
2215 757 2371 811 Patre
2396 756 2447 810 in
2473 756 2730 827 Apostolo
2763 773 2777 808 :
2806 756 2944 810 Deus
2977 761 3153 809 autem
3179 752 3269 823 qui
3300 751 3435 804 dixit

1871 847 1917 887 In
1947 846 2184 887 Ipnphrie
2214 846 2390 887 lnmpn
2428 846 2821 887 cniemlpenprn,
2857 845 3033 887 illittil
3080 844 3134 887 in
3183 840 3434 887 mrdilms

987 840 1050 917 ξω
1087 844 1100 855 ’
1145 840 1742 917 ’⁸⁸⁸⁸⁵“’“ζξ”””,,”έξί”γ’ί’ξᾲ
1852 847 1917 901 de
1947 846 2184 902 tenebris
2214 846 2391 902 lumen
2428 846 2827 914 splendescere,
2857 845 3034 898 illuxit
3080 844 3135 896 in
3183 840 3434 895 cordibus

217 922 326 975 ίίεω
364 918 415 971 in
441 913 757 981 semetipsot
790 915 849 1008 ei
881 906 1106 1008 Ye'fe"?
1139 902 1525 1008 θνθξιεθηῇθγίί
1565 915 1749 1008 pfcem
1856 936 2045 992 vestris
2076 934 2163 1008 (II
2194 936 2312 990 Cor.
2336 952 2407 1000 tv.
2438 902 2516 1005 ti).
2549 936 2622 991 De
2645 936 2777 990 Filio
2812 902 2877 991 vin
2907 934 3109 1005 pSaImo
3138 932 3434 988 centesimo

219 1022 402 1097 (εριιεδ.
434 1032 492 1081 ιι,
523 1010 636 1081 lli).
667 1009 796 1064 Item
821 1005 933 1061 ibi:
964 1002 1135 1058 Testis
1161 1002 1303 1057 enim
1331 1000 1751 1089 mihivestDcus,
1860 1000 2095 1097 semimo‘
2133 1028 2344 1083 decimo
2391 1000 2576 1097 (γὼ⁸
2630 1027 2726 1093 π’
2784 1027 2875 1093 27)
2908 1000 2934 1081 ἐ
2982 1025 3297 1081 Benedictus
3343 1020 3436 1091 qui

220 1124 291 1179 cui
332 1117 497 1174 servio
554 1114 609 1167 in
654 1110 840 1179 Spiritu
884 1121 1003 1161 meo
1044 1106 1095 1160 in
1145 1103 1431 1173 Evangelio
1477 1101 1595 1155 Filii
1641 1102 1757 1170 ejus

1870 1120 2007 1175 venit
2024 1119 2074 1173 in
2099 1120 2313 1175 nomine
2339 1119 2570 1184 Domini,
2604 1120 2741 1174 Deus
2764 1119 3041 1182 Dominus,
3065 1126 3119 1171 et
3145 1116 3321 1169 illuxit
3338 1129 3434 1169 no-

223 1224 369 1295 (Rom.
401 1235 436 1283 ι,
462 1215 540 1287 9).
574 1214 650 1281 De
676 1211 875 1279 Spiritu
893 1216 1076 1263 sancto
1106 1206 1159 1260 in
1180 1206 1417 1275 Epistola
1442 1204 1584 1259 Petri
1610 1222 1621 1256 :
1649 1202 1757 1257 νο·
1861 1210 1961 1265 bis.
1999 1211 2070 1266 De
2102 1210 2301 1279 Spiritu
2332 1218 2517 1265 sancto
2545 1209 2596 1263 in
2650 1211 2907 1278 propheta
2935 1226 2947 1260 :
3001 1207 3115 1261 Non
3147 1206 3434 1260 absconde-

226 1324 291 1378 his
315 1328 480 1373 autem
509 1318 943 1369 monstraverunt
970 1307 1103 1370 haec,
1133 1308 1220 1374 qui
1252 1306 1401 1358 vobis
1432 1304 1761 1374 evangeliza-
1863 1309 1948 1355 tur
1978 1302 2113 1356 ultra
2136 1301 2297 1357 facies
2328 1316 2445 1356 mea
2470 1302 2537 1355 ab
2562 1303 2663 1366 eis,
2694 1316 2789 1371 pro
2817 1315 2881 1356 eo
2928 1299 3069 1367 quod
3100 1298 3271 1352 illuxit
3314 1295 3435 1365 Spi-

227 1429 390 1479 verunt
415 1420 466 1472 in
491 1414 698 1485 Spiritu
726 1416 911 1468 sancto
941 1406 992 1479 (1
1016 1405 1159 1461 Petr.
1192 1421 1231 1474 ι,
1267 1404 1375 1474 12).
1863 1393 2016 1485 ritus
2045 1406 2223 1485 meus.
2242 1406 2402 1485 super
2443 1393 2750 1485 universam
2798 1392 3015 1451 domum
3064 1389 3261 1455 Israel,
3310 1388 3443 1443 dicit

1868 1480 2120 1535 Dominus
2150 1478 2363 1550 (Ezech.
2395 1496 2580 1547 xxxix,
2603 1480 2716 1549 ‘29).

256 1638 3403 1686 ἡ

270 1671 1827 1701 W

981 1766 1638 1879 VIGILII
1701 1764 2687 1895 TAPSENSIS

483 1958 1217 2091 CONTRA
1308 1951 2361 2085 PALLADIUM
2453 1952 3248 2079 ARIANUM

1558 2150 1821 2225 LIBRI
1874 2152 2112 2227 DUO.

1384 2358 1730 2446 LIBER
1786 2361 2261 2447 PRIMUS.

784 2540 977 2586 GESTA
1012 2536 1445 2583 EPISCOPORUM
1481 2534 1792 2589 AQUILEIE
1820 2534 2163 2580 ADVERSUM
2202 2537 2573 2583 HBRETICOS
2606 2540 2896 2584 ABIANOS.

299 2646 437 2725 5,85
464 2644 691 2718 Syagrio
712 2652 766 2698 et
796 2642 1057 2697 Eucherio
1078 2656 1165 2694 vv.
1204 2654 1287 2694 cc.
1318 2651 1486 2704 coss.,
1512 2653 1569 2690 ιιι
1599 2650 1766 2691 nonas
1802 2635 1850 2695 Β
1879 2650 2127 2691 venarum
2156 2638 2363 2707 c0piam
2408 2640 2724 2695 recolentes.
2754 2640 2885 2694 Nam
2922 2640 3063 2709 quod
3100 2641 3447 2705 Ambrosius,

244 2728 559 2810 Septembris,
591 2736 857 2806 Aquileia:
882 2737 935 2788 in
967 2732 1203 2787 Ecclesia
1228 2730 1628 2785 considentibus
1657 2728 1773 2796 epi-
1883 2735 1936 2782 et
1965 2729 2083 2782 vita:
2115 2730 2303 2783 merito
2332 2740 2386 2785 et
2412 2731 2502 2785 Dei
2530 2732 2837 2799 dignatione
2879 2732 3196 2801 conspicuus
3242 2734 3444 2802 cpisco-

245 2831 409 2897 scopis,
438 2824 858 2896 Aquileiensium
888 2822 1114 2877 civitatis
1137 2820 1441 2886 Valeriano,
1469 2818 1774 2881 Ambrosio,
1884 2830 1981 2886 pus
2008 2817 2480 2874 Mediolanensium
2526 2820 2775 2885 civitatis,
2826 2822 2897 2876 ibi
2926 2821 3317 2876 multitudinem
3350 2840 3453 2877 non

248 2918 448 2975 Eusebio
472 2962 487 2987 ,
529 2918 801 2979 Limcnio,
856 2914 1093 2979 Anemio,
1138 2912 1361 2979 Sabino,
1416 2910 1775 2975 Abundantio,
1885 2921 2017 2975 opus
2043 2922 2160 2961 esse
2187 2911 2439 2978 suggerit,
2464 2910 2551 2963 ubi
2576 2910 2771 2964 veritas
2803 2926 2905 2963 non
2950 2911 3219 2966 laboraret
3249 2913 3300 2964 in
3332 2914 3455 2981 plu-

248 3012 470 3071 Artemio,
518 3008 857 3071 Constantio,
897 3006 1067 3068 Justo,
1112 3004 1398 3068 Philastro,
1442 2999 1776 3071 Constantio,
1887 2996 2053 3061 ribus.
2080 2996 2125 3050 Si
2177 2997 2347 3052 100313
2375 3008 2516 3054 esset
2565 2999 2620 3053 in
2668 3001 2887 3069 pauciS:
2921 3015 3081 3070 sctitte
3127 3018 3312 3057 eorum
3360 3004 3450 3072 qui

248 3097 511 3166 Theodoro,
549 3097 869 3164 Almaehio,
898 3096 1178 3159 Domnino,
1208 3094 1475 3157 Amantio,
1526 3093 1779 3160 Maximo,
1887 3096 2069 3142 contra
2105 3097 2341 3144 astarent
2374 3090 2775 3155 assertionibus,
2808 3099 2861 3145 et
2898 3092 3205 3147 sacerdotes
3252 3094 3457 3146 vicina.

249 3188 417 3256 Felice,
448 3191 725 3255 Bassiano,
752 3186 1016 3253 Numidio,
1062 3185 1332 3251 Januario,
1381 3183 1628 3252 Proculo,
1680 3184 1784 3238 lle-
1884 3192 1999 3232 rum
2050 3193 2114 3235 ex
2152 3180 2299 3235 ltalia
2331 3180 2631 3247 civitatum,
2678 3182 2809 3237 satis
2857 3182 3170 3252 abundeque
3213 3183 3461 3238 sufficere

252 3278 455 3346 iodoro,
502 3280 733 3347 Jovino,
786 3278 998 3341 Felice,
1045 3275 1475 3345 Exsuperantio,
1527 3275 1783 3343 Diogene,
1884 3284 2044 3341 posse
2085 3272 2359 3341 suggerit,
2396 3273 2765 3328 abstinendum
2800 3274 3182 3329 venerabilium
3213 3279 3450 3329 virorum

252 3370 461 3437 Maximo,
482 3368 821 3435 Macedonio,
834 3367 1107 3436 Cassiano,
1132 3366 1783 3432 Marcello‘etEustathio,
1886 3362 2198 3432 fatigatione
2227 3366 2533 3420 censuimus
2564 3383 2577 3419 :
2611 3382 2679 3421 ne
2708 3368 2827 3436 quis
2849 3368 2932 3421 vel
2962 3375 3170 3421 maturo
3194 3382 3312 3423 navo
3342 3382 3455 3436 gra-

254 3460 498 3530 episcopis.
1890 3452 1991 3518 vis,
2021 3452 2107 3507 vel
2131 3454 2393 3522 corporali
2441 3454 2714 3510 debilitate
2760 3455 3055 3523 confectus,
3087 3456 3167 3509 vel
3199 3456 3453 3510 laudabili

306 3551 573 3605 Ambrosius
597 3550 871 3621 episwpus
899 3547 1028 3602 dixit
1063 3562 1081 3600 :
1113 3545 1207 3600 Diu
1238 3547 1368 3602 citra
1395 3555 1508 3600 acta
1539 3545 1785 3600 tractavi-
1891 3550 2202 3610 paupertate
2222 3543 2521 3612 mediocris,
2560 3547 2795 3602 insuetas
2826 3554 3040 3615 repetat
3070 3554 3262 3613 terras,
3293 3556 3347 3601 et
3376 3562 3463 3601 re-

259 3653 368 3693 mus.
394 3642 454 3696 Et
480 3643 735 3711 quoniam
765 3648 907 3693 tanta
933 3638 1204 3707 sacrilegia
1247 3652 1277 3690 a
1305 3637 1461 3691 Patre
1486 3636 1706 3690 Palladii
1731 3644 1786 3691 et
1891 3631 2052 3702 liqua.

258 3731 537 3787 Secundiani
586 3732 793 3787 nostris
836 3730 1049 3784 auribus
1093 3729 1424 3798 ingeruntur,
1472 3737 1526 3780 ut
1573 3727 1787 3782 difficile
1814 3734 1861 3799 α
1960 3725 2255 3781 Ambrosius
2283 3728 2547 3799 episcopus
2576 3730 2705 3783 dixit
2734 3745 2753 3784 :
2789 3729 2926 3784 Ecce
2956 3729 3097 3799 quod
3127 3729 3468 3785 Christianus

258 3822 493 3891 quisquam
521 3822 715 3878 credat
771 3830 873 3874 tam
903 3828 1085 3888 aperte
1135 3832 1228 3872 eos
1270 3816 1643 3885 blaSpbem-are
1687 3830 1784 3885 po-
1887 3817 2161 3871 constituit
2188 3819 2492 3887 imperator.
2518 3818 2695 3874 Noluit
2720 3820 2968 3889 injitriam
3003 3821 3176 3874 facere
3206 3821 3466 3878 sacerdo-

262 3909 396 3965 tuisse
428 3930 440 3963 :
471 3913 549 3967 vel
579 3927 652 3966 ne
685 3924 784 3978 qua
816 3909 912 3978 ipsi
944 3907 1235 3963 calliditate
1278 3906 1415 3960 dicta
1463 3919 1556 3959 sua
1604 3912 1788 3974 postea
1891 3907 2032 3961 tibus
2062 3924 2074 3960 :
2106 3908 2250 3977 ipsos
2280 3909 2597 3978 interpretes
2625 3910 2899 3964 constituit
2928 3910 3227 3978 episcopos.
3262 3913 3337 3964 Ac
3370 3926 3465 3979 per

263 4015 423 4069 negare
442 4010 730 4066 conentur,
775 3999 899 4054 licet
924 3999 991 4054 de
1038 4006 1302 4052 tantorum
1349 3997 1679 4051 sacerdotum
1712 4003 1791 4051 te—
1891 3996 2012 4063 hoc,
2042 3999 2290 4066 quoniam
2318 3999 2369 4053 in
2395 4000 2712 4054 sacerdotali
2736 4000 2963 4055 concilio
2986 4001 3344 4062 consedimus,
3376 4016 3463 4053 re-

258 4093 536 4151 stiﬁcatione
562 4092 801 4150 dubitari
830 4108 935 4147 non
968 4099 1163 4162 queat:
1195 4100 1367 4145 tamen
1394 4092 1645 4159 quoniam
1677 4105 1791 4143 om-
1892 4087 2095 4155 sponde
2120 4088 2187 4143 ad
2215 4103 2279 4143 ea
2323 4104 2445 4158 quae
2488 4089 2583 4144 tibi
2630 4100 3021 4159 proponuntur.
3069 4090 3179 4144 Arii
3226 4090 3453 4158 epistola

260 4184 388 4239 nibus
424 4186 696 4256 episcopis
734 4184 943 4253 placet,
990 4183 1119 4236 flant
1159 4191 1301 4248 acta,
1330 4190 1387 4235 ut
1432 4181 1794 4250 unusquisque
1894 4177 2029 4233 lecta
2057 4188 2176 4233 est:
2207 4179 2366 4233 etiam
2394 4195 2532 4234 nunc
2574 4181 2907 4249 recitabitur,
2939 4183 2981 4235 si
3015 4181 3108 4234 tibi
3138 4180 3372 4235 videtur.
3420 4182 3466 4236 A

260 4276 606 4342 professionem
648 4290 802 4332 suam
847 4285 1031 4344 postea
1056 4287 1253 4343 negare
1291 4287 1396 4329 non
1442 4272 1624 4341 possit.
1656 4269 1795 4338 Quid
1899 4271 2162 4341 principio
2192 4272 2352 4328 habet
2379 4272 2756 4342 blasphemias,
2787 4274 2956 4327 solum
2982 4273 3191 4328 Patrem
3213 4282 3472 4327 aeternum

256 4362 392 4430 igitur
411 4369 574 4437 vobis,
606 4369 783 4422 sancti
812 4366 932 4436 viri,
965 4367 1173 4435 placeat
1197 4362 1574 4419 declarandum
1602 4370 1704 4417 est.
1897 4363 2048 4419 dixit.
2100 4364 2155 4420 Si
2185 4364 2276 4419 tibi
2326 4365 2542 4420 videtur
2598 4366 2736 4436 quod
2780 4366 2871 4420 Dei
2916 4366 3075 4421 Filius
3118 4368 3475 4435 sempiternus

322 4454 490 4513 Omnes
509 4458 738 4530 episcOpi
763 4458 996 4511 dixerunt
1025 4473 1043 4511 :
1070 4456 1265 4511 Placet.
1898 4470 2001 4510 non
2038 4455 2108 4509 sit
2138 4497 2151 4519 ,
2202 4457 2300 4510 hoc
2332 4455 2500 4523 ipsum
2538 4456 2983 4524 quemadmodum
3034 4457 3112 4510 vis
3163 4465 3344 4510 astrne
3376 4472 3390 4509 :
3425 4456 3472 4510 si

318 4543 461 4617 486
499 4548 800 4602 Ambrosius
841 4548 1105 4616 episcopus
1146 4546 1275 4599 dixit
1316 4560 1334 4598 :
1380 4544 1797 4612 Disceptationcs
1901 4547 2258 4602 damnandum
2289 4554 2466 4617 putas,
2500 4548 2692 4602 damna
2723 4547 3084 4617 Evangelium.
3110 4547 3349 4601 Prmsens
3393 4556 3477 4600 est

262 4646 427 4691 "cura:
476 4654 542 4693 ex
593 4655 656 4695 re
704 4638 972 4693 firmanda:
1010 4646 1133 4693 sunt
1170 4638 1369 4707 scripto
1409 4636 1694 4707 imperiali,
1743 4644 1800 4690 ut
1903 4638 2295 4706 etApostolus.
2323 4653 2509 4693 omnes
2549 4639 2847 4706 Scriptura!
2877 4648 3071 4706 ιιι-ωειιο
3119 4646 3284 4701 sunt,
3335 4638 3478 4690 unde

268 4725 551 4795 ³¹¹ν8εηιιι¹⁵ι
1904 4730 1983 4783 vis
2019 4738 2226 4793 astrue,
2259 4730 2302 4783 si
2335 4738 2486 4799 putas
2517 4746 2619 4783 non
2659 4744 2779 4784 esse
2823 4729 2915 4782 Dei
2956 4728 3151 4782 Filium
3192 4730 3478 4797 sempiter-

317 4814 613 4875 Sabinianus
639 4820 885 4874 diaconus
910 4820 1130 4873 recitavit
1158 4834 1181 4873 :
1906 4834 2052 4873 num.

319 4907 562 4979 Ambigua
616 4910 925 4980 dogmatum
966 4910 1265 4965 reverentia
1307 4925 1381 4965 ne
1400 4910 1694 4966 dissideant
1720 4910 1811 4965 sa?
1978 4909 2248 4963 Palladius
2278 4912 2421 4965 dixit.
2458 4911 2647 4966 Vestro
2674 4912 2847 4966 studio
2877 4910 3070 4967 factum
3096 4921 3196 4979 est,
3225 4914 3363 4967 sicut
3394 4917 3471 4969 in-

264 4998 500 5067 cerdotes,
529 5015 693 5068 quam
732 5002 959 5069 primum
988 5000 1220 5069 experiri
1268 5002 1561 5069 cupientes,
1607 5016 1800 5055 conve-
1908 5002 2051 5055 dicat
2080 5003 2236 5057 lectio
2257 5017 2421 5057 sacra:
2446 5017 2475 5056 τι
2509 5003 2658 5056 vobis
2682 5004 2918 5070 prolatae,
2946 5012 3003 5057 ut
3031 5018 3134 5057 non
3153 5014 3297 5058 esset
3320 5020 3482 5073 gene-
3512 5040 3513 5045 η

264 5089 359 5141 nire
386 5091 434 5144 in
475 5092 895 5160 Aquileiensium
922 5092 1212 5155 civitatem,
1239 5107 1304 5146 ex
1334 5092 1550 5146 dimcesi
1596 5093 1801 5146 meritis
1832 5100 1881 5159 ι)
1914 5091 2023 5145 rale
2044 5099 2097 5145 et
2128 5091 2339 5158 plenum
2368 5091 2674 5145 concilium.
2716 5093 3041 5147 Ahsentibns
3075 5094 3477 5148 consacerduti--

261 5180 571 5235 excellentiae
624 5193 727 5236 tua:
770 5182 1024 5236 creditam
1057 5221 1071 5245 ,
1123 5182 1401 5250 episc0pos
1449 5182 1799 5249 iusseramus.
1904 5182 2002 5235 bus
2029 5182 2222 5236 nostris
2252 5196 2349 5237 nos
2370 5181 2527 5252 487
2577 5184 2901 5251 respondere
2951 5201 3055 5237 non
3100 5199 3401 5255 possumus.

261 5266 417 5337 Neque
453 5276 596 5326 enim
636 5273 1012 5327 controversia:
1062 5272 1237 5327 dubia:
1282 5274 1560 5327 sententia:
1606 5275 1804 5328 rectius
1979 5274 2273 5327 Ambrosius
2325 5274 2588 5343 episcopus
2633 5274 2762 5328 dixit
2812 5292 2829 5329 :
2877 5278 2977 5342 Qui
3021 5287 3142 5331 sunt
3188 5288 3469 5330 ροιιευτιρε

265 5367 484 5423 poterant
527 5363 793 5432 expediri,
838 5380 995 5432 quam
1022 5363 1068 5417 si
1099 5364 1300 5419 oborta:
1329 5364 1688 5418 altercationis
1720 5366 1801 5419 in-
1909 5364 2116 5420 vestri?

265 5455 498 5516 lerpretes
523 5452 678 5520 ipsos
702 5454 1157 5508 constituissemus
1195 5456 1491 5519 antistites;
1526 5465 1580 5509 ut
1614 5456 1805 5511 videli-
1983 5456 2253 5511 Palladius
2282 5458 2413 5511 dixit
2443 5474 2463 5513 :
2492 5459 2792 5515 Orientales
2820 5460 3078 5528 episcopi.

266 5547 334 5590 cet
355 5554 379 5590 a
407 5542 599 5609 quibus
616 5542 1027 5610 proficiscuntur
1050 5546 1281 5599 instituta
1311 5546 1583 5609 doctrina),
1609 5548 1675 5601 ab
1700 5549 1805 5603 cis—
1982 5548 2274 5602 Ambrosius
2302 5549 2717 5619 episcopusdixit
2742 5566 2761 5604 :
2788 5552 3003 5605 interim
3034 5552 3154 5621 quia
3188 5566 3267 5618 su,
3288 5550 3486 5605 eriori-

269 5626 365 5679 dem
388 5630 658 5685 discordis
691 5632 997 5688 eruditionis
1043 5636 1403 5702 repugnantia:
1447 5638 1803 5692 solverentur.
1916 5640 2012 5695 bus
2038 5642 2365 5708 temporibus
2393 5644 2676 5696 concilium
2704 5642 2781 5696 sic
2822 5645 3014 5696 factum
3055 5652 3156 5704 est.
3200 5654 3258 5697 ut
3295 5645 3491 5700 Orien-

271 5712 422 5783 Nchte
464 5735 597 5775 sane
630 5736 773 5775 nunc
798 5723 950 5777 aliter
975 5722 1220 5791 jubemus
1257 5738 1318 5777 ac
1356 5724 1650 5793 jussimus;
1702 5744 1806 5782 non
1916 5731 2049 5783 tales
2080 5732 2131 5784 in
2162 5732 2396 5787 Orientis
2430 5734 2665 5800 partibus
2695 5733 2976 5788 constituti
3026 5734 3287 5793 haberent
3312 5739 3492 5793 conci-

273 5808 577 5871 tolerantes
619 5820 871 5887 praecepti
904 5827 1169 5887 tenorem,
1198 5818 1289 5873 sed
1329 5820 1647 5888 superfluam
1682 5834 1807 5876 con-
1844 5865 1867 5873 ί
1918 5823 2064 5892 litua,
2092 5824 2459 5881 Occidentales
2482 5826 2535 5880 in
2559 5826 2846 5882 Occidente
2875 5868 2889 5895 ,
2935 5845 3034 5886 nos
3084 5830 3136 5886 in
3184 5830 3510 5887 Occidentis-
