3960 6176
285 348 379 407 ιῦτ

1289 349 1557 408 CONTRA
1595 349 1989 408 PALLADlUM
2028 346 2334 407 ARIANUM
2375 350 2500 405 LIB.
2543 351 2583 405 Ι.

3423 352 3533 408 638

283 457 404 516 lium
434 460 529 516 Dei
556 467 885 518 cateternum
908 474 1027 517 cum
1064 459 1221 519 Patre
1246 478 1353 519 non
1379 465 1680 532 conﬁtetur,
1713 480 1839 521 ana-
1867 463 1921 521 Α
1943 460 2130 515 ordine
2150 462 2465 516 conﬁteatur
2494 445 2572 528 (si
2599 468 2775 514 tamen
2820 459 3131 530 conﬁtetur)
3158 459 3315 533 [.91
3354 462 3534 519 Pallad

280 556 453 610 thema
478 556 763 611 habeatur.

350 647 541 702 Omnes
566 649 795 720 episcopi
819 650 1056 705 dixerunt
1081 667 1101 705 :
1130 652 1443 708 Anathema.

346 739 642 792 Ambrosius
664 740 932 807 episwpus
959 739 1087 793 dixit
1127 756 1147 793 :
1191 740 1378 796 Dicant
1413 744 1570 797 etiam
1600 742 1853 797 Afrorum

276 830 459 897 legati,
481 822 834 899 qui‘omnium
864 828 1056 885 civium
1088 830 1193 886 huc
1217 832 1443 887 attulere
1465 836 1776 888 sententias.

345 913 501 970 Felix
528 917 793 987 episcopus
810 927 857 971 et
886 917 1080 989 legatus
1108 918 1285 975 dixit:
1312 920 1367 975 Si
1406 922 1496 989 qui
1534 920 1724 976 Filium
1752 922 1848 977 Dei

277 1005 965 1074 negaveritsempiternum,
990 1017 1042 1061 et
1062 1017 1385 1062 coaeternum
1412 1010 1703 1078 negaverit,
1740 1026 1846 1065 non

278 1099 421 1152 salus
458 1112 557 1168 ego
584 1099 789 1169 legatus
822 1099 980 1153 totius
1025 1100 1286 1155 Africanae
1317 1103 1600 1170 provinciae
1626 1102 1844 1171 damno,

276 1188 367 1243 sed
416 1197 472 1242 et
541 1195 764 1241 cunctus
814 1187 1008 1243 chorus
1060 1190 1407 1245 sacerdotalis
1468 1192 1557 1260 qui
1604 1194 1848 1247 adhunc

283 1283 476 1330 emtum
536 1276 931 1331 sanctissimum
984 1292 1070 1332 me
1128 1279 1298 1345 misit,
1345 1280 1502 1334 etiam
1558 1280 1672 1350 ipse
1724 1292 1845 1338 ante

277 1365 566 1418 damnavit.

340 1454 582 1507 Ammius
604 1454 870 1524 episcopus
891 1453 1063 1507 dixit:
1091 1454 1261 1522 Caput
1290 1454 1505 1525 Illyrici,
1550 1472 1654 1511 non
1687 1456 1857 1529 490

278 1543 377 1595 nisi
405 1543 596 1596 civitas
627 1554 708 1597 est
736 1541 1067 1597 Sirmiensis.
1099 1542 1209 1611 Ego
1227 1544 1384 1614 igitur
1401 1546 1680 1614 episcopus
1703 1548 1845 1600 illius

269 1630 496 1684 civitatis
550 1647 689 1685 sum.
756 1632 890 1685 Eum
937 1633 1025 1701 qui
1072 1647 1177 1686 non
1220 1636 1505 1689 conﬁtetur
1531 1635 1720 1690 Filium
1755 1639 1847 1692 Dei

268 1732 529 1777 xtemum
563 1732 619 1777 et
664 1731 991 1777 coaeternum
1035 1724 1204 1790 Patri,
1258 1726 1399 1794 quod
1451 1736 1535 1781 cst
1566 1730 1849 1799 sempiter-

1952 550 2095 615 dius,
2120 563 2174 605 et
2201 552 2341 605 dicat
2360 562 2538 605 utrum
2569 550 2854 605 Dominum
2884 551 2975 605 Dei
3006 551 3191 605 Filium
3220 553 3390 607 dicat?

2021 641 2294 695 Palladius
2323 644 2486 696 dixit:
2516 643 2648 698 Cum
2669 644 2811 698 dicat
2839 644 3038 700 Filius:
3076 663 3093 695 t
3123 644 3189 698 Ut
3216 653 3524 713 cognoscant

1949 742 1997 786 te
2024 734 2186 786 solum
2206 749 2379 785 verum
2412 734 2707 799 Dominum,
2738 743 2783 788 et
2813 750 2960 803 quem
2979 734 3156 788 misisti
3178 733 3357 789 Iesum
3371 734 3512 788 Chri-

1948 834 2078 876 stum
2110 821 2288 892 (Joan.
2324 838 2449 886 xvtt,
2485 823 2595 892 5),:
2622 837 2742 878 cum
2769 823 2961 877 all‘ectu
2987 839 3053 877 an
3085 824 3344 877 veritate?

2016 912 2313 967 Ambrosius
2342 913 2606 981 episcopus
2635 914 2764 967 dixit
2793 928 2829 967 :‘
2860 913 3092 968 Joannes
3119 913 3253 967 dixit
3288 913 3341 967 in
3390 913 3511 981 Epi-

1948 1005 2080 1059 SlOizt
2113 1019 2239 1059 sua:
2274 1004 2375 1057 Hic
2403 1012 2473 1058 est
2505 1020 2675 1059 verast
2700 1003 2867 1060 Deus)
2889 1002 3105 1072 (Iloan.
3136 1020 3193 1067 ν,
3228 1004 3341 1074 20).
3374 1004 3513 1073 Nega

1948 1094 2068 1150 hoc.

2020 1183 2288 1238 Palladius
2332 1186 2511 1239 dixit:
2548 1187 2683 1241 Cum
2730 1186 2903 1241 dicam
2934 1185 3027 1240 tibi
3070 1200 3253 1241 verum
3299 1186 3515 1252 Filium,

1948 1274 2201 1342 proﬁteor
2229 1289 2411 1329 veram
2442 1277 2606 1331 etiam
2638 1277 2993 1333 divinitatem.

2018 1368 2313 1421 Ambrosius
2364 1369 2628 1439 episcopus
2681 1371 2811 1424 dixit
2842 1387 2861 1424 :
2918 1370 2985 1425 Et
3030 1370 3084 1424 in
3113 1369 3215 1424 hoc
3242 1380 3321 1423 est
3352 1370 3514 1429 fraus.

1948 1455 2039 1510 Sic
2060 1456 2205 1511 enim
2235 1458 2428 1512 soletis
2458 1458 2638 1513 dicere
2667 1474 2828 1513 unam
2871 1469 2924 1514 et
2947 1475 3128 1514 veram
3158 1460 3514 1524 divinitatem,

1950 1556 2006 1599 ut
2029 1547 2198 1601 Patris
2228 1548 2619 1615 tantummodo,
2646 1564 2749 1604 non
2763 1550 2923 1604 etiam
2939 1550 3054 1603 Filii
3078 1564 3257 1603 veram
3280 1559 3334 1603 et
3355 1564 3528 1602 unam.

1949 1636 2280 1691 divinitatem
2314 1637 2523 1693 dicatis.
2577 1641 2715 1709 Ergo
2742 1640 2787 1695 si
2818 1648 3000 1709 aperte
3031 1641 3113 1693 vis
3142 1640 3341 1703 dicere,
3390 1641 3525 1708 quia-

1950 1727 2015 1781 ad
2046 1727 2353 1797 Scripturas
2377 1744 2463 1784 me
2487 1744 2767 1799 provocas,
2805 1730 2892 1785 dic
2920 1730 3060 1800 quod
3091 1730 3222 1785 dixit
3248 1731 3516 1797 evangeli-

264 1825 408 1875 num,
465 1812 751 1867 anathema
797 1812 948 1878 dico;
997 1817 1089 1869 sed
1118 1817 1278 1869 etiam
1310 1816 1374 1871 iis
1402 1818 1495 1886 qui
1537 1817 1676 1873 idem
1728 1835 1832 1873 non
1865 1839 1911 1899 Β
1949 1827 2027 1872 sta
2051 1819 2321 1874 Joannes:
2360 1838 2379 1870 t
2410 1820 2507 1874 Hie
2534 1821 2747 1875 estDeus
2772 1838 2970 1884 verus,»
2997 1830 3086 1876 aut
3115 1836 3245 1890 nega
3279 1822 3524 1875 dictum;

266 1900 606 1955 conﬁtentur.

329 1988 631 2044 Ambrosius
656 1992 921 2061 episcOpus
961 1993 1088 2047 dixit
1120 2010 1139 2047 :
1183 1993 1374 2051 Audite
1416 1998 1713 2067 sequentia.
1770 1997 1837 2053 Et

264 2077 527 2129 recitatum
558 2086 684 2132 est:
729 2086 758 2129 ἰ
786 2079 969 2134 Solum
994 2090 1258 2147 internum,
1304 2084 1467 2138 solum
1509 2086 1616 2139 sine
1665 2087 1831 2153 initio,

266 2166 424 2218 solum
449 2180 650 2230 verum,
678 2168 841 2221 solum
866 2170 1295 2225 immortalitatem
1317 2172 1596 2227 habentem.
1635 2194 1652 2225 ι

325 2254 627 2308 Ambrosius
651 2257 919 2325 episcopus
945 2259 1074 2312 dixit
1105 2275 1123 2313 :
1164 2260 1229 2314 Et
1256 2260 1308 2314 in
1337 2261 1437 2317 hoc
1465 2262 1658 2317 damna
1684 2279 1829 2332 eum,

264 2342 345 2409 qui
372 2353 532 2412 negat
564 2343 757 2399 Filium
791 2347 956 2402 Deum
984 2363 1191 2403 verum.
1246 2351 1375 2404 Cum
1421 2353 1561 2406 enim
1607 2355 1722 2423 ipse
1761 2356 1833 2411 sit

263 2430 473 2495 veritas,
506 2434 959 2501 quemadmodum
984 2452 1092 2491 non
1120 2447 1205 2492 est
1234 2439 1373 2495 Deus
1402 2442 1603 2497 verus?
1642 2442 1709 2497 Et
1735 2445 1829 2497 ud-

262 2518 382 2571 didit
408 2534 439 2572 ἴ
457 2519 601 2586 Quid
632 2521 707 2576 ad'
731 2522 868 2579 hoc?

326 2608 603 2666 Palladius
627 2614 757 2666 dixit
783 2629 802 2667 :
833 2613 1025 2669 Filium
1054 2631 1237 2671 verum
1261 2620 1351 2688 qui
1384 2634 1486 2673 non
1509 2621 1689 2676 dicat?

322 2700 621 2756 Ambrosius
647 2703 907 2774 episwpus
930 2705 1098 2761 dixit:
1121 2710 1278 2762 Arius
1308 2710 1541 2778 negavit.

323 2788 596 2847 Palladius
624 2793 754 2847 dixit
781 2794 962 2852 :Cum
1008 2798 1291 2868 Apostolus
1337 2798 1501 2863 dicat,
1550 2797 1825 2853 Christum

258 2890 418 2948 super
443 2884 625 2937 omnia
650 2883 841 2953 Deum,
874 2897 1051 2957 potest
1073 2888 1265 2958 aliquis
1306 2901 1501 2957 negare
1529 2902 1712 2943 verum
1741 2888 1828 2943 Fi-

258 2968 382 3026 lium
411 2972 542 3027 Dei?

324 3060 619 3117 Ambrosius
654 3066 917 3136 episcOpus
942 3067 1114 3121 dixit:
1170 3067 1235 3122 Ut
1262 3068 1400 3123 scias
1429 3082 1586 3138 quam
1623 3068 1825 3137 simpli-

258 3150 387 3205 citer
416 3164 618 3208 veritas
660 3170 692 3209 a
740 3157 892 3211 nobis
930 3157 1251 3227 requiratur,
1298 3173 1424 3214 ecce
1469 3159 1588 3214 dico
1635 3174 1735 3229 ego
1763 3168 1821 3216 ut

258 3240 405 3305 dicis,
426 3243 522 3297 sed
559 3246 913 3316 semiplenum
944 3248 1114 3303 habeo
1146 3267 1158 3302 :
1200 3265 1320 3304 cum
1360 3250 1500 3305 enim
1542 3251 1615 3305 ita
1662 3250 1816 3316 dicis,

259 3332 454 3388 videris
506 3349 707 3403 negare
758 3337 925 3391 Deum
968 3353 1193 3394 verum:
1234 3341 1280 3394 si
1308 3348 1483 3395 autem
1514 3340 1824 3410 simpliciter

257 3419 520 3475 conﬁteris
542 3438 728 3478 verum
751 3424 918 3481 Deum
940 3426 1131 3484 Filium
1175 3427 1289 3497 Dei,
1331 3444 1397 3486 eo
1428 3431 1616 3487 ordine
1644 3441 1823 3487 astruo

258 3524 358 3579 quo
383 3511 495 3579 ipse
518 3528 778 3583 propono.

320 3598 593 3656 Palladius
615 3605 783 3659 dixit:
817 3606 927 3676 Ego
962 3610 1253 3664 secundum
1278 3610 1580 3679 Scripturas
1615 3610 1710 3665 tibi
1742 3611 1821 3666 lo-

257 3702 405 3757 quor,
434 3706 620 3747 verum
639 3693 833 3749 Filium
860 3697 951 3752 Dei
981 3699 1261 3753 Dominum
1287 3700 1424 3756 dico.

318 3779 612 3836 Ambrosius
638 3785 901 3855 episcopus
927 3788 1100 3842 dixit:
1133 3789 1326 3845 Verum
1359 3791 1641 3845 Dominum
1686 3791 1819 3846 dicis

256 3864 438 3924 Filium
466 3871 592 3926 Dei?

319 3957 594 4016 Palladius
633 3964 761 4018 dixit
789 3982 807 4021 :
833 3966 967 4023 Cum
996 3983 1182 4025 verum
1224 3972 1417 4028 Filium
1448 3973 1638 4041 dicam,
1691 3974 1817 4045 quid

252 4052 471 4117 amplius
492 4054 516 4106 Τ

314 4142 611 4199 Ambrosius
655 4148 920 4218 episcopus
965 4153 1138 4205 dixit:
1184 4153 1299 4208 Non
1354 4170 1538 4224 quaero
1589 4164 1817 4211 tantum—

251 4229 401 4283 modo
430 4242 489 4286 ut
518 4250 703 4289 verum
727 4236 917 4293 Filium
945 4242 1111 4310 dicas,
1136 4243 1228 4298 sed
1259 4252 1317 4299 nt
1339 4259 1520 4300 verum
1538 4247 1814 4302 Dominum

250 4313 336 4371 Dei
372 4319 560 4375 Filium
594 4322 761 4377 dicas.

310 4404 559 4462 Eusebius
580 4412 846 4480 epist-Opus
872 4415 999 4469 dixit
1027 4432 1045 4469 :
1084 4416 1329 4474 Christus
1358 4421 1498 4474 Deus
1526 4438 1682 4478 verus
1711 4434 1813 4487 est,

252 4496 534 4583 secundum
591 4501 831 4555 omnium
889 4504 1075 4573 ﬁdem,
1132 4516 1186 4562 et
1237 4510 1555 4566 catholicam
1613 4513 1817 4583 profes-

250 4582 447 4637 sionem
463 4586 486 4637 ?

312 4669 583 4730 Palladius
608 4677 737 4731 dixit
760 4695 781 4733 :
812 4680 983 4736 Verus
1008 4684 1172 4742 Filius
1201 4688 1292 4742 Dei
1315 4699 1416 4745 est.

312 4759 561 4853 Eusebius
585 4767 851 4837 episcopus
883 4772 1055 4827 dixit:
1082 4775 1210 4830 Nam
1240 4787 1294 4833 et
1322 4794 1419 4833 nos
1446 4795 1543 4850 per
1574 4782 1812 4853 adoptio-

242 4861 361 4901 nem
391 4850 484 4904 ﬁlii
514 4867 721 4921 sumus,
754 4857 843 4913 ille
865 4862 1161 4918 secundum
1189 4869 1567 4936 proprietatem
1597 4850 1813 4941 genera-

242 4938 403 5026 tionis
426 4941 638 4998 divinae.
670 4946 736 4999 Et
764 4948 963 5004 addidit
996 4968 1014 5004 :
1044 4952 1332 5011 Conﬁteris
1357 4973 1485 5026 ergo
1509 4938 1690 5014 verum
1726 4963 1811 5017 Fi-

240 5025 367 5083 lium
392 5031 486 5086 Dei
518 5034 799 5091 Dominum
832 5055 1017 5097 verum
1044 5058 1186 5113 esse,
1235 5025 1526 5103 secundum
1560 5051 1810 5107 divinita-

240 5127 343 5174 tem
374 5131 433 5177 et
462 5127 839 5195 praprietatem
852 5132 883 5184 ‘l

236 5303 283 5356 ὁ.
307 5212 584 5272 Palladius
631 5221 809 5281 dixit:
851 5224 1045 5282 Verum
1089 5228 1183 5285 Dci
1235 5230 1428 5286 Filium
1488 5235 1813 5305 unigenitum

272 5319 377 5356 :co.

272 5319 377 5360 :CO.

304 5397 559 5455 Eusebius
579 5405 843 5472 episcopus
869 5411 1003 5464 dixit
1041 5428 1061 5466 :
1107 5413 1217 5468 lloc
1246 5429 1373 5482 ergo
1421 5425 1574 5484 putas
1626 5431 1809 5477 contra

236 5487 565 5560 St-ripturas,
592 5496 637 5547 si
661 5496 911 5553 Christus
944 5503 1085 5557 Deus
1114 5520 1271 5560 verus
1302 5522 1423 5563 esse
1452 5510 1690 5567 dicatur?

303 5579 539 5650 Cumque
582 5582 859 5642 Palladius
894 5594 1142 5657 reticeret,
1208 5596 1503 5653 Ambrosius
1545 5603 1815 5671 episcopus

235 5676 409 5729 dixit:
438 5676 621 5734 Solum
654 5697 840 5739 verum
869 5686 1057 5743 Filium
1088 5690 1179 5744 Dei
1209 5693 1299 5761 qui
1322 5694 1467 5758 dicit,
1495 5705 1547 5750 ct
1573 5712 1676 5751 non
1704 5700 1818 5759 vult

235 5766 421 5824 dicere
440 5769 728 5859 Dominum
762 5792 967 5850 verum,
1000 5781 1211 5838 videtur
1240 5800 1452 5856 negare.
1504 5788 1613 5844 lloc
1655 5790 1815 5860 igitur

2008 1907 2280 1964 Palladius
2297 1909 2468 1965 dixit:
2491 1910 2703 1980 Absque
2720 1912 2858 1966 Filio
2883 1912 3015 1967 alius
3037 1915 3249 1982 genitus
3272 1928 3377 1965 non
3405 1921 3509 1966 est.

2009 1998 2257 2053 Eusebius
2279 2001 2539 2071 episcopus
2569 2002 2697 2054 dixit
2724 2017 2741 2054 :
2771 2001 3019 2058 Christus
3048 2018 3215 2057 verus
3246 2003 3385 2056 Deus
3422 2016 3505 2055 se-

1936 2089 2167 2145 cundum
2197 2093 2439 2146 omnium
2472 2092 2631 2147 ﬁdem
2656 2101 2714 2148 et
2737 2094 3052 2148 catholicam
3082 2094 3522 2163 professionemy

1932 2195 2007 2235 an
2033 2183 2084 2234 in
2116 2182 2383 2238 sententia
2408 2192 2493 2238 tua
2525 2184 2667 2239 Deus
2692 2198 2849 2240 verus
2880 2198 2983 2240 non
3012 2186 3131 2241 est?

2006 2270 2280 2326 Palladius
2306 2274 2432 2327 dixit
2456 2289 2477 2326 :
2503 2273 2683 2328 Virtus
2713 2273 2810 2329 Dei
2838 2275 3005 2329 nostri
3028 2282 3129 2330 est.

2008 2363 2302 2417 Ambrosius
2330 2367 2595 2431 episcopus
2633 2366 2761 2419 dixit
2792 2382 2810 2419 :
2854 2365 2968 2419 Non
3017 2365 3181 2421 habes
3209 2367 3505 2421 libertatem

1930 2452 2238 2521 proﬁtendi,
2267 2467 2329 2509 ac
2355 2469 2451 2524 per
2475 2455 2597 2522 hoc,
2626 2455 2905 2509 anathema
2935 2455 2982 2510 ei
3017 2455 3106 2525 qui
3140 2471 3245 2511 non
3271 2458 3497 2512 conﬁte-

1932 2549 2017 2597 tur
2043 2558 2230 2597 verum
2256 2543 2423 2599 Deum
2450 2544 2644 2599 Filium
2672 2544 2789 2599 Dei.

2003 2634 2188 2689 Omnes
2216 2636 2441 2706 episcopi
2461 2636 2697 2689 dixerunt
2730 2651 2748 2689 :
2779 2635 3077 2690 Anathema
3108 2636 3370 2691 habeatur
3405 2640 3515 2705 qui-

1925 2723 2189 2779 Christum
2211 2725 2402 2779 Filium
2432 2725 2548 2793 Dei,
2577 2726 2858 2781 Dominum
2887 2742 3069 2781 verum
3121 2742 3223 2781 non
3274 2728 3497 2785 dixerit.

1928 2814 2120 2868 lterum
2150 2814 2389 2870 addidit:
2425 2834 2444 2867 ε
2470 2814 2652 2871 Solum
2671 2831 2862 2884 verum,
2888 2816 3051 2871 solum
3070 2819 3515 2871 immortalitatem

1928 2904 2215 2961 habentem.
2274 2926 2293 2959 ι

1998 2994 2292 3051 Ambrosius
2331 2998 2595 3069 episc0pus
2636 2999 2814 3054 dixit:
2844 2999 3010 3054 Filius
3054 3000 3148 3053 Dei
3199 2999 3358 3053 habet
3401 3000 3507 3053 im-o

1927 3087 2433 3154 mortalitatem,aut
2460 3105 2566 3143 non
2598 3090 2778 3158 habet,
2802 3090 3094 3145 secundum
3128 3091 3497 3145 divinitatem?

1996 3176 2266 3232 Palladius
2293 3179 2457 3233 dixit:
2478 3180 2786 3247 Apostolnm
2819 3180 3074 3245 admittis,
3101 3195 3169 3233 an
3192 3181 3335 3233 non?
3357 3182 3497 3235 «Rex

1921 3282 2118 3338 regum,
2148 3268 2235 3335 qui
2249 3266 2385 3322 solus
2401 3268 2545 3322 habet
2568 3269 2999 3322 immortalitatem
3022 3269 3070 3339 (1
3096 3270 3227 3323 Tim.
3250 3286 3317 3336 ιἰ,
3341 3270 3485 3338 16).»

1994 3357 2287 3410 Ambrosius
2323 3358 2589 3429 episcopus
2627 3359 2756 3413 dixit
2788 3375 2805 3412 :
2835 3359 2910 3414 De
2951 3359 3077 3413 Chri
3113 3369 3166 3414 to
3218 3361 3354 3415 Filio
3396 3361 3511 3417 Dci'

1922 3447 2045 3517 quid
2075 3447 2247 3502 dicis?

1993 3535 2262 3591 Palladius
2303 3538 2432 3592 dixit
2465 3554 2483 3593 :
2511 3538 2753 3594 Christus
2781 3554 2971 3595 nomen
3014 3540 3248 3595 divinum
3280 3550 3382 3607 est,
3424 3556 3490 3596 an

1921 3624 2248 3680 humanum?

1992 3714 2245 3771 Eusebius
2265 3718 2528 3788 episcopus
2547 3720 2675 3774 dixit
2701 3736 2719 3775 :
2748 3721 3048 3776 Secundum
3073 3724 3249 3777 carnis
3280 3725 3491 3792 quidem

1919 3814 2311 3862 sacramentum
2350 3808 2594 3865 Christus
2644 3810 2835 3866 dicitur
2875 3830 2889 3866 :
2931 3813 3023 3866 sed
3073 3814 3212 3868 idem
3259 3816 3396 3869 Dens
3440 3826 3495 3871 et

1920 3893 2080 3948 homo
2110 3906 2213 3951 est.
3530 3966 3545 3975 .

1990 3984 2263 4041 Palladius
2291 3988 2422 4042 dixit
2449 4004 2469 4042 :
2499 3989 2741 4045 Christus
2771 4005 2965 4047 nomen
2995 3994 3179 4050 carnis
3203 4004 3306 4059 est,
3333 3996 3490 4050 Chri—

1919 4081 2033 4129 stus
2054 4091 2246 4131 nomen
2270 4077 2559 4133 humanum
2591 4088 2692 4146 est,
2726 4090 2780 4136 et
2810 4084 3130 4150 respondete
3160 4101 3254 4139 vos
3276 4087 3427 4139 mihi.

1990 4162 2238 4218 Eusebius
2264 4167 2526 4235 episcopus
2550 4169 2680 4222 dixit
2709 4185 2727 4222 :
2757 4170 2892 4238 Quid
2932 4173 3213 4241 superﬁuis
3245 4175 3499 4228 imnmraa

1920 4253 2036 4307 ris?
2066 4254 2197 4309 Cum
2229 4256 2777 4328 legeretur-impietas
2806 4261 2944 4327 Arii,
2988 4262 3078 4331 qui
3120 4263 3220 4317 hoc
3262 4265 3392 4318 dicit
3428 4266 3493 4319 de

1920 4343 2098 4409 Patre,
2130 4347 2250 4415 quia
2281 4347 2425 4402 solus
2447 4349 2608 4404 habet
2630 4351 3104 4417 immortalitatem,
3152 4356 3375 4407 attulisti
3404 4366 3493 4409 te-

1919 4436 2228 4492 stimonium
2277 4438 2343 4493 ad
2382 4454 2700 4495 consensum
2746 4442 3033 4512 impietatis
3067 4446 3196 4507 Arii,
3246 4461 3311 4498 ex
3347 4449 3491 4515 Apo-

1844 4554 1891 4612 υ
1920 4526 2078 4593 Stolo,
2100 4528 2307 4584 dicens:
2338 4530 2473 4595 (Qui
2492 4533 2632 4586 solus
2649 4532 2796 4588 habet
2815 4536 3497 4601 immortalitatem,etlucem

1921 4614 2112 4669 habitat
2137 4618 2529 4675 inaccessibilem
2555 4620 2797 4692 (Ibid.).»
2831 4623 2932 4678 Sed
2956 4624 3000 4677 si
3025 4626 3294 4694 intelligis,
3330 4628 3494 4679 totius

1920 4714 2121 4760 naturae
2147 4708 2453 4778 dignitatem
2479 4714 2531 4767 in
2553 4712 2644 4767 Dei
2668 4716 2881 4769 nomine
2903 4717 3197 4783 expressit:
3225 4718 3489 4787 siquidem

1919 4796 1968 4849 in
2002 4797 2095 4851 Dei
2118 4800 2330 4855 nomine
2352 4800 2512 4874 492
2546 4802 2701 4858 Pater
2721 4812 2772 4859 et
2801 4804 2964 4859 Filius
2990 4806 3358 4877 designantur.

1988 4885 2261 4944 Palladius
2291 4891 2460 4946 dixit:
2495 4895 2558 4946 Et
2581 4909 2679 4963 ego
2708 4909 2803 4950 vos
2827 4896 2970 4963 quod
3003 4898 3322 4969 interrogavi
3351 4943 3367 4968 ,
3405 4916 3492 4956 re-

1918 4980 2183 5048 spondere
2214 4983 2478 5038 noluistis;

1992 5071 2285 5125 Ambrosius
2306 5075 2570 5142 episwpus
2598 5076 2761 5129 dixit:
2786 5078 2985 5148 Aperte
3010 5079 3077 5134 de
3104 5088 3155 5135 te
3175 5083 3493 5136 sententiam

1921 5174 2148 5228 quaero:
2191 5161 2359 5217 Filius
2393 5164 2482 5218 Dei
2519 5166 2677 5220 habet
2706 5167 3161 5226 immortalitatem
3201 5170 3490 5227 secundum

1922 5252 2321 5321 generationem
2354 5253 2611 5324 divinam,
2646 5271 2711 5311 an
2738 5274 2843 5312 non
2876 5258 3100 5313 habet?

1996 5339 2264 5395 Palladius
2293 5342 2463 5400 dixit:
2494 5346 2799 5402 Secundum
2830 5350 3224 5417 generationem
3252 5349 3488 5405 divinam

1924 5429 2340 5499 ittcorrnptibilis
2365 5442 2475 5499 est;
2510 5450 2606 5504 per
2626 5451 2839 5492 carnem
2871 5447 3109 5491 mortuus
3140 5448 3239 5491 est.

1989 5522 2285 5577 Ambrosius
2312 5526 2578 5597 episcopus
2615 5528 2746 5581 dixit
2783 5544 2802 5581 :
2844 5528 2957 5581 Non
2995 5527 3240 5579 divinitas
3282 5536 3493 5584 mortua

1920 5622 2021 5683 est,
2056 5615 2147 5670 sed
2170 5630 2296 5670 caro
2323 5628 2529 5673 mortua
2560 5627 2663 5674 est.

1995 5706 2267 5761 Palladius
2296 5710 2467 5765 dixit:
2496 5711 2654 5773 Ante,
2685 5721 2781 5760 vos
2815 5704 2942 5759 mihi
2966 5704 3306 5773 respondete.

1995 5799 2288 5854 Ambrosius
2311 5801 2569 5871 episcopus
2600 5798 2727 5851 dixit
2750 5813 2766 5851 :
2798 5795 2964 5851 Filius
2986 5795 3079 5851 Dei
3101 5799 3391 5855 secundum
3414 5801 3493 5855 die
