3960 6176
505 324 606 377 459

1807 315 2025 372 ViGlLll
2064 316 2430 371 TAPSENSIS

3624 320 3723 373 420

503 451 777 505 vinitatem
802 448 964 517 habet
990 434 1465 515 immortalitatem,
1494 461 1561 504 an
1593 461 1699 503 non
1727 447 1919 502 habet?
1954 448 2061 505 Sed
2087 433 2141 491 Α
2168 440 2273 485 lum
2305 430 2485 497 Video)
2521 428 2709 483 qum
2745 429 2839 484 Dei
2864 429 3126 486 Palladius
3152 445 3345 501 ηεῧητθ
3365 439 3588 487 conatus
3620 444 3722 488 θεί-

503 540 660 594 etiam
704 538 917 594 fraudes
953 548 1006 593 et
1048 538 1267 594 insidias
1309 546 1424 592 tuas
1471 551 1576 592 non
1620 536 1912 593 secundum
1950 538 2063 592 Arii

502 628 891 697 professionem
919 626 1223 696 prodidisti.
1256 624 1324 679 Et
1343 626 1545 680 addidit
1571 641 1591 679 :
1615 626 1715 693 Qui
1744 626 1937 680 Filium
1970 625 2063 682 Dei

503 726 664 787 negat
684 719 880 773 habere
906 718 1379 783 immortalitatem,
1411 716 1539 784 quid
1564 716 1720 771 vobis
1747 716 1993 772 videtur?

577 808 766 861 Omnes
794 808 1013 876 episcopi
1039 807 1275 861 dixerunt
1300 822 1319 859 :
1346 806 1641 862 Anathema
1669 806 1948 860 habeatur.

574 895 846 950 Palladius
873 896 1042 949 dixit:
1066 895 1248 953 Status
1276 894 1484 951 divinus
1505 894 1819 950 immortalis
1842 894 1957 949 est?

574 987 869 1041 Ambrosius
898 988 1161 1055 episcopus
1188 986 1357 1039 dixit:
1388 987 1576 1041 Astute
1597 994 1651 1039 et
1668 986 1785 1047 hoc,
1802 995 1856 1038 ut
1876 984 1944 1038 de
1968 983 2065 1039 Dei

502 1078 639 1133 Filio
666 1078 797 1136 nihil
825 1078 1092 1146 exprimas
1118 1077 1411 1131 evidenter.
1454 1076 1519 1130 Et
1539 1090 1638 1142 ego
1662 1074 1803 1138 dico,
1837 1073 2062 1128 Immor-

504 1171 761 1225 talitatem
793 1169 953 1223 habet
974 1169 1066 1223 Dei
1093 1167 1257 1226 Filius
1274 1164 1562 1221 secundum
1587 1163 1937 1220 divinitatem.
1961 1162 2066 1217 Aut

504 1274 659 1327 nega,
696 1259 809 1327 «qui
840 1258 984 1311 habet
1014 1257 1494 1315 immortalitatem.»

576 1348 841 1402 Palladius
871 1349 999 1400 dixit
1016 1365 1035 1401 :
1058 1346 1300 1402 Christus
1320 1357 1560 1401 mortuus
1587 1353 1687 1412 est,
1712 1353 1800 1398 aut
1830 1343 1959 1398 non?

571 1439 862 1492 Ambrosius
881 1438 1144 1507 episwpus
1170 1437 1335 1490 dixit:
1356 1434 1656 1490 Secundum
1680 1448 1913 1489 carnem.
1937 1432 2065 1487 Anio

504 1542 589 1585 ma
617 1536 795 1582 nostra
827 1540 933 1580 non
964 1526 1205 1580 moritur.
1236 1524 1501 1593 Scriptum
1520 1524 1756 1579 estenim
1790 1540 1802 1574 ε
1839 1541 1853 1573 ι
1890 1520 2064 1575 Nolite

504 1619 677 1671 timere
695 1634 778 1671 eos
824 1617 912 1686 qui
936 1631 1139 1670 carnem
1162 1624 1370 1684 possunt
1386 1616 1628 1679 occidere,
1648 1615 1871 1666 animum
1892 1621 2063 1664 autent

505 1725 605 1763 non
630 1706 1067 1778 possunt(Matth.
1093 1723 1146 1771 ι,
1169 1706 1316 1775 28).»
1334 1706 1464 1759 Cum
1489 1706 1645 1773 igitur
1674 1706 1848 1757 anima
1879 1712 2058 1757 nostra

2238 521 2484 575 Eusebius
2505 519 2768 589 episcopus
2794 520 2921 573 dixit
2946 538 2965 573 :
2994 520 3092 588 Qui
3117 529 3273 590 negat
3294 520 3387 576 Dei
3418 521 3612 577 Filium
3637 536 3727 577 sa-

2166 614 2418 683 pientem,
2444 611 2723 665 anathema
2752 610 2841 665 sit.

2240 704 2426 758 Omnes
2453 704 2675 773 episwpi
2700 701 2939 755 dixerunt
2972 718 2989 755 :
3013 702 3332 757 Anathema.

2236 792 2486 847 Eusebius
2528 793 2654 846 dixit
2693 808 2711 845 :
2751 792 2920 848 Etiam
2972 791 3334 849 Secundianus
3388 794 3453 848 ad
3502 793 3604 851 hoc
3639 810 3727 852 re-

2166 882 2442 955 spondeat.

2237 976 2460 1043 Cumque
2490 975 2845 1030 Secundianus
2866 975 3113 1042 reticeret,
3146 975 3438 1031 Ambrosius
3459 978 3727 1049 episwpus

2168 1066 2341 1119 dixit:
2365 1065 2465 1133 Qui
2497 1075 2653 1133 tacet,
2686 1066 2948 1135 integrum
2985 1066 3099 1119 vult
3125 1066 3323 1121 habere
3358 1067 3634 1135 judicium.
3662 1068 3729 1122 Et

2167 1157 2413 1213 addidit:
2460 1157 2643 1212 Solum
2673 1157 2881 1211 Patrem
2932 1157 3126 1211 bonum
3169 1171 3289 1211 cum
3337 1157 3492 1226 dicit,
3534 1157 3727 1213 Filium

2167 1246 2440 1301 confessus
2467 1255 2569 1311 est,
2601 1262 2667 1301 an
2697 1247 2947 1316 negavit?

2240 1336 2507 1390 Palladius
2533 1339 2661 1390 dixit
2690 1354 2708 1390 :
2744 1336 2989 1407 Legimus
3011 1357 3023 1392 :
3061 1357 3078 1389 «
3103 1340 3211 1407 Ego
3236 1356 3345 1392 sum
3369 1350 3542 1409 pastor
3566 1342 3727 1395 bonus

2169 1425 2345 1495 (Joan.
2370 1444 2422 1491 x,
2449 1427 2593 1494 11),»
2617 1436 2670 1483 et
2696 1442 2790 1483 nos
2810 1430 3085 1498 negamus?
3108 1429 3239 1496 Quis
3257 1445 3359 1485 non
3373 1431 3729 1487 dieatbonum

2166 1521 2257 1576 Dei
2290 1519 2515 1574 Filium?

2234 1608 2529 1662 Ambrosius
2554 1608 2812 1678 episcOpus
2824 1608 2953 1662 dixit
2973 1623 2989 1661 :
3008 1608 3146 1679 Ergo
3166 1609 3338 1665 bonus
3349 1618 3430 1665 est
3446 1610 3730 1666 Christus?

2238 1696 2503 1751 Palladius
2531 1698 2660 1751 dixit
2688 1714 2705 1751 .'
2734 1699 2929 1751 Bonus.

503 1774 639 1854 mori
668 1814 771 1854 non
795 1774 982 1867 possit,
1012 1805 1165 1867 putas
1185 1774 1325 1866 quod
1347 1796 1590 1852 Christus
1614 1796 1905 1849 secundum
1928 1793 2058 1847 divi-
2092 1774 2139 1833 Β
2238 1793 2532 1847 Ambrosius
2561 1794 2825 1862 episwpus
2853 1774 3021 1847 dixit‘:
3044 1792 3177 1848 Male
3205 1809 3331 1864 ergo
3348 1795 3506 1850 Arius
3528 1796 3597 1850 de
3618 1797 3731 1852 solo

504 1892 721 1945 nitatem
750 1897 990 1943 mortuus
1016 1889 1116 1942 sit?

573 1980 843 2034 Palladius
888 1979 1017 2032 dixit
1056 1992 1075 2030 :
1117 1977 1298 2032 Mortis
1339 1976 1749 2046 appellationem
1802 1990 1965 2045 quare
2006 1984 2060 2030 tu

506 2070 690 2124 horres
705 2070 728 2121 ’ἒ

575 2159 867 2213 Ambrosius
897 2158 1164 2227 episcopus
1192 2156 1322 2210 dixit
1356 2171 1375 2210 :
1418 2154 1529 2210 Imo
1565 2169 1668 2210 non
1714 2154 1941 2219 horreo,
1970 2152 2067 2208 sed

508 2250 799 2315 conﬁteor,
838 2248 1128 2303 secundum
1172 2262 1386 2303 carnem
1420 2262 1613 2302 meam.
1670 2248 1763 2302 Est
1790 2246 1930 2301 cnim
1975 2260 2069 2314 per

507 2352 664 2407 quem
686 2351 716 2390 a
746 2338 934 2391 mortis
964 2336 1188 2390 vinculis
1213 2350 1329 2403 sum
1364 2336 1648 2390 revinctus.

577 2424 845 2479 Palladius
880 2425 1055 2478 dixit:
1094 2424 1316 2478 Mortem
1356 2425 1623 2493 separatio
1668 2425 1793 2479 facit
1828 2423 2067 2493 spiritus.

511 2513 642 2567 Nam
666 2513 908 2568 Christus
930 2515 1093 2568 Filius
1126 2514 1219 2569 Dei
1247 2527 1462 2571 carnem
1480 2513 1733 2583 suscepit,
1762 2523 1815 2569 et
1837 2528 1930 2583 per
1955 2527 2068 2568 car-

506 2618 629 2657 nem
653 2610 893 2657 mortuus
923 2611 1023 2658 851.

576 2693 866 2747 AmbrOsius
888 2695 1147 2764 epismpus
1177 2694 1306 2747 dixit
1332 2710 1351 2746 :
1374 2695 1640 2764 Scriptum
1665 2703 1769 2763 est,
1800 2694 2071 2749 Christum

506 2799 741 2852 passum.
766 2784 1067 2840 Secundum
1094 2799 1307 2840 carnem
1334 2787 1495 2855 igitur
1520 2799 1707 2861 passus
1739 2794 1842 2853 est,
1870 2799 2071 2859 secun-

506 2875 632 2929 dum
659 2876 987 2932 divinitatem
1022 2876 1182 2931 habet
1203 2878 1679 2933 immortalitatem.
1711 2877 1824 2945 Hoc
1861 2878 1951 2947 qui
1979 2890 2075 2933 ne-

509 2974 616 3034 gat,
646 2965 889 3021 diabolus
920 2974 1022 3021 est.
1812 2950 1813 2955 η

578 3054 852 3111 Palladius
873 3057 1005 3110 dixit
1032 3074 1043 3108 :
1079 3058 1188 3126 Ego
1216 3057 1400 3112 Arium
1433 3072 1537 3113 non
1569 3056 1712 3113 novi.

582 3150 874 3202 Ambrosius
898 3150 1164 3216 episcopus
1193 3149 1323 3202 dixit
1350 3166 1367 3202 :
1397 3150 1537 3219 Ergo
1566 3152 1706 3203 male
1727 3149 1860 3203 dixit
1888 3148 2067 3216 Arius,

509 3255 630 3294 cum
656 3240 813 3293 etiam
838 3240 1002 3293 Filius
1041 3240 1133 3294 Dei
1170 3239 1364 3294 habeat
1394 3239 1848 3295 immortalitatem
1876 3253 2071 3295 secun-

507 3330 632 3385 dum
664 3323 1023 3384 divinitatem.
1055 3328 1125 3382 Et
1160 3330 1399 3384 addidit:
1429 3332 1571 3387 Bene
1596 3330 1751 3397 dixit,
1794 3330 1861 3385 an
1895 3331 2075 3386 male?

578 3418 846 3474 Palladius
875 3419 1003 3473 dixit
1031 3435 1051 3474 :
1080 3418 1193 3475 Non
1222 3424 1517 3475 consentio.

578 3508 872 3563 Ambrosius
887 3512 1151 3581 episcopus
1172 3510 1337 3563 dixit:
1352 3510 1511 3581 493
1527 3509 1622 3565 Cui
1650 3526 1752 3566 non
1772 3514 2075 3569 consentis‘i

508 3598 802 3653 Anathema
828 3600 902 3654 illi
931 3600 1019 3669 qui
1046 3614 1152 3654 non
1182 3601 1415 3668 explicat
1442 3601 1562 3655 ﬁdei
1591 3601 1909 3659 libertatem.

587 3689 773 3743 Omnes
794 3690 1016 3759 episcOpi
1042 3690 1277 3743 dixerunt
1300 3705 1317 3742 :
1343 3690 1664 3745 Anatbema.

582 3778 853 3833 Palladius
880 3780 1010 3833 dixit
1036 3794 1055 3832 :
1085 3778 1251 3833 Dicite
1281 3780 1421 3849 quod
1458 3779 1642 3848 vultis,
1680 3782 1797 3850 ejus
1825 3789 1909 3837 est
1939 3783 2075 3837 divi-

508 3869 647 3923 nitas
672 3869 1006 3923 immortalis.

578 3960 872 4014 Ambrosius
894 3962 1159 4030 episcopus
1181 3961 1309 4014 dixit
1332 3977 1351 4015 :
1381 3961 1589 4031 Cujus?
1618 3963 1788 4019 Patris
1818 3979 1885 4018 an
1912 3973 1966 4021 et
1988 3964 2074 4033 Fi-

508 4052 598 4107 lii?
630 4052 694 4106 Et
714 4053 913 4106 addidit
938 4073 954 4105 :
984 4053 1172 4107 Multas
1190 4053 1487 4123 impietates
1516 4057 1783 4126 congessit
1803 4058 1981 4125 Arius,
2007 4058 2074 4113 ad

506 4143 638 4198 alias
668 4152 1018 4198 transeamus.
1044 4143 1111 4196 Et
1133 4144 1396 4199 recitatum
1416 4156 1489 4198 est
1515 4184 1531 4210 ,
1557 4146 1735 4201 Sowu
1756 4162 2069 4202 SAPIENTEI.

578 4233 847 4287 Palladius
870 4234 1000 4287 dixit
1030 4249 1049 4288 :
1083 4234 1237 4288 Pater
1260 4249 1291 4288 a
1313 4238 1372 4291 Se
1394 4238 1564 4305 sapit,
1597 4236 1759 4291 Filius
1780 4246 1957 4293 autem
1983 4251 2073 4293 sa-

508 4328 663 4399 piens
693 4342 796 4382 non
829 4337 931 4381 est.

577 4416 871 4470 Ambrosius
912 4416 1173 4485 episcopus
1202 4418 1332 4469 dixit
1376 4433 1395 4469 :
1440 4416 1577 4486 Ergo
1617 4416 1787 4472 Filius
1835 4432 1939 4473 non
1988 4427 2071 4473 est

507 4510 741 4577 sapiens,
769 4522 887 4561 cum
911 4508 981 4562 sit
1008 4508 1118 4575 ipse
1150 4508 1450 4575 sapientia?
1478 4507 1609 4563 Nam
1631 4520 1685 4581 et
1706 4523 1801 4564 nos
1822 4509 2070 4579 dicimus,

508 4600 629 4667 quia
661 4613 725 4651 ex
754 4599 907 4653 Patre
929 4607 1081 4652 natus
1110 4608 1191 4654 est
1219 4597 1404 4652 Filius.

582 4685 829 4741 Eusebius
856 4690 1119 4758 episwpus
1148 4688 1318 4742 dixit:
1349 4689 1441 4742 Est
1470 4688 1666 4756 aliquid
1692 4698 1796 4744 tam
1828 4690 2071 4759 impium,

512 4786 620 4830 tam
654 4777 953 4845 profanum,
988 4794 1165 4849 quam,
1187 4780 1327 4849 quod
1357 4779 1511 4845 dixit,
1538 4781 1853 4849 sapientiam
1883 4782 2075 4837 Filium

512 4867 606 4923 Dei
634 4867 859 4935 negare?

583 4955 856 5010 Palladius
882 4958 1010 5011 dixit
1038 4975 1057 5013 :
1086 4959 1352 5030 Sapientia
1380 4960 1594 5015 dicitur.
1639 4960 1739 5027 Qui
1768 4968 1944 5029 potest
1987 4976 2073 5016 sa-

510 5045 759 5117 pientiam
793 5046 1091 5115 denegare?

580 5137 876 5191 Ambrosius
900 5138 1162 5207 episcopus
1190 5142 1361 5196 dixit:
1388 5144 1613 5212 Sapiens
1640 5151 1744 5208 est,
1777 5157 1843 5197 an
1876 5144 2016 5199 non?

582 5228 855 5283 Palladius
887 5230 1018 5283 dixit
1041 5246 1058 5282 :
1082 5232 1348 5299 Sapientia
1375 5245 1477 5288 est.

580 5320 871 5376 Ambrosius
894 5321 1153 5390 episwpus
1182 5322 1346 5376 dixit:
1378 5325 1602 5393 Sapiens
1641 5342 1790 5396 ergo,
1835 5342 1956 5382 cum
2002 5326 2073 5380 sit

510 5412 789 5477 sapientia.

581 5502 851 5559 Palladius
884 5505 1012 5558 dixit
1044 5522 1065 5561 :
1094 5506 1393 5561 Secundum
1438 5506 1739 5577 Scripturas
1788 5510 1935 5564 vobis
1984 5524 2074 5563 rc-

511 5593 852 5659 ενοιιὰεηὶυξ.

583 5682 871 5739 Ambrosius
901 5688 1162 5760 episcopus
1182 5687 1310 5743 dixit
1337 5704 1353 5743 :
1380 5688 1552 5744 Etiam
1572 5687 1861 5758 sapientem
1887 5690 2075 5759 (quan-

2167 1884 2323 1937 Patre
2344 1884 2496 1949 dixit,
2525 1898 2644 1938 cum
2670 1883 2831 1937 etiam
2860 1883 3028 1937 Filius
3053 1872 3166 1949 Dei,
3195 1885 3337 1939 Deus
3367 1888 3621 1942 omnibus
3641 1890 3729 1943 sit.

2238 1972 2510 2027 Palladius
2540 1973 2668 2026 dixit
2693 1988 2711 2027 :
2738 1972 2839 2039 Qui
2878 1973 3071 2028 bonum
3117 1989 3226 2029 non
3271 1975 3400 2031 dicit
3427 1975 3727 2047 Christum,

2168 2063 2306 2118 male
2332 2062 2479 2117 dicit.

2240 2154 2488 2209 Eusebius
2517 2155 2783 2225 episcopus
2809 2156 2937 2210 dixit
2968 2173 2985 2210 :
3018 2155 3287 2212 Christum
3324 2158 3489 2215 Deum
3530 2159 3732 2216 bonum

2169 2245 2467 2301 confiteris?
2489 2245 2618 2299 Nam
2643 2254 2697 2326 et
2724 2259 2823 2315 ego
2847 2246 3017 2301 bonus
3042 2260 3181 2301 sum.
3202 2247 3328 2302 Mihi
3354 2248 3508 2315 dixit,
3533 2250 3732 2320 «Euge,

2170 2352 2308 2390 serve
2330 2334 2682 2406 bone(Matth.
2707 2351 2831 2402 xxv,
2856 2335 3004 2405 21).»
3032 2337 3121 2403 Ει,
3146 2338 3347 2393 «Homo
3364 2341 3527 2394 bonus
3539 2344 3732 2409 profert

2171 2426 2234 2479 de
2257 2426 2492 2479 thesauro
2519 2441 2611 2480 suo
2642 2426 2772 2478 bona
2803 2424 2951 2494 (Luc.
2984 2441 3054 2492 τι,
3084 2428 3231 2499 45).»

2240 2515 2511 2569 Palladius
2540 2516 2671 2568 dixit
2702 2533 2719 2569 :
2748 2516 2863 2570 iam
2890 2515 3022 2581 dixi,
3045 2533 3182 2573 nunc
3204 2520 3354 2576 vobis
3376 2535 3483 2576 non
3506 2535 3733 2592 respon-

2172 2606 2273 2660 deo
2302 2619 2468 2674 usque
2491 2605 2559 2659 ad
2590 2605 2803 2673 plenum
2834 2607 3140 2662 concilium.

2242 2695 2534 2749 Ambrosius
2561 2696 2824 2765 episcopus
2855 2696 2987 2750 dixit
3014 2716 3028 2751 :
3067 2698 3233 2753 Μιαωί
3263 2700 3533 2767 dicebant,
3568 2701 3735 2757 bonus

2173 2794 2285 2848 est;
2317 2792 2372 2840 et
2401 2784 2559 2838 Arius
2580 2792 2738 2852 negat
2764 2785 2884 2852 quia
2915 2784 3079 2842 Filius
3108 2787 3198 2841 Dei
3227 2787 3395 2843 bonus
3420 2798 3523 2845 est.

2243 2874 2512 2929 Palladius
2542 2876 2671 2928 dixit
2696 2892 2712 2928 :
2734 2875 2900 2947 494
2926 2878 3029 2944 Qui
3052 2887 3237 2947 potest
3268 2881 3368 2936 hoc
3397 2882 3636 2951 negare?

2242 2964 2491 3020 Eusebius
2510 2966 2775 3035 episcopus
2801 2968 2971 3021 dixit:
3010 2969 3190 3025 Bonus
3218 2979 3301 3026 est
3327 2986 3453 3042 ergo
3480 2973 3629 3029 Deus
3655 2972 3736 3030 Fi-

2174 3054 2274 3112 lius
2304 3056 2413 3111 Dei.
3190 3067 3206 3079 '

2246 3145 2518 3200 Palladius
2533 3144 2661 3201 dixit
2688 3162 2703 3199 :
2738 3146 2915 3203 Bonus
2936 3147 3092 3203 Pater
3108 3148 3304 3204 bonum
3322 3148 3515 3204 Filium
3534 3152 3735 3222 genuit.

2247 3235 2546 3303 Ambrosius
2586 3237 2851 3306 episcopus
2891 3238 3019 3291 dixit
3051 3253 3070 3291 :
3118 3239 3181 3293 Et
3209 3253 3308 3293 nos
3335 3240 3503 3296 bonos
3535 3244 3738 3311 genuit,

2175 3327 2270 3383 sed
2292 3342 2397 3381 non
2418 3327 2708 3383 secundum
2730 3328 3082 3384 divinitatem.
3114 3329 3279 3385 Deum
3301 3329 3500 3385 bonum
3528 3331 3628 3389 Dei
3656 3332 3738 3386 Fi-

2176 3417 2303 3473 lium
2330 3417 2500 3472 dicis?

2246 3507 2517 3560 Palladius
2540 3509 2706 3562 dixit:
2740 3508 2904 3562 Filius
2936 3509 3029 3563 Dei
3051 3509 3219 3564 bonus
3248 3519 3348 3565 est.

2244 3598 2537 3652 Ambrosius
2566 3600 2830 3669 episcopus
2858 3601 3027 3655 dixit:
3054 3601 3212 3657 Vides
3240 3616 3391 3673 ergo,
3437 3605 3566 3673 quia
3587 3604 3737 3661 Chri-

2176 3698 2335 3754 stum,
2362 3688 2558 3743 bonum
2588 3690 2800 3755 Filium,
2849 3706 2952 3745 non
2991 3691 3185 3747 bonum
3216 3691 3380 3747 Deum
3406 3692 3570 3761 dicis,
3602 3695 3740 3764 quod

2175 3792 2205 3832 a
2239 3788 2290 3833 te
2310 3778 2584 3846 quaeritur.
2614 3780 2681 3834 Et
2710 3781 2911 3834 addidit
2942 3795 2960 3833 :
2998 3781 3095 3847 Qui
3128 3781 3327 3837 bonum
3353 3783 3520 3838 Deum
3553 3783 3739 3840 Filium

2176 3867 2271 3921 Dei
2299 3868 2461 3922 Deum
2486 3883 2588 3923 non
2609 3870 2912 3935 conﬁtetur,
2940 3870 3241 3925 anathema.

2249 3957 2434 4013 Omnes
2454 3958 2673 4031 episcopi
2693 3960 2931 4014 dixerunt
2953 3976 2971 4015 :
2992 3960 3308 4019 Anathema.
3340 3960 3471 4018 Item
3488 3964 3738 4032 recitavit,

2173 4047 2352 4103 Sowu
2381 4062 2677 4103 rorssrsu.
3000 4097 3003 4101 «

2246 4140 2540 4194 Ambrosius
2584 4140 2845 4211 episwpus
2874 4141 3001 4196 dixit
3028 4156 3046 4196 :
3083 4142 3277 4198 Potens
3306 4151 3388 4199 est
3427 4143 3598 4199 Filius
3627 4143 3720 4199 Dei

2173 4244 2239 4285 an
2267 4227 2411 4284 non?

2248 4320 2522 4374 Palladius
2541 4320 2672 4376 dixit
2697 4335 2717 4374 :
2745 4320 2845 4387 Qui
2866 4321 3041 4376 omnia
3074 4321 3219 4387 fecit,
3253 4336 3359 4379 non
3393 4332 3475 4378 est
3509 4323 3741 4392 potens?

2177 4409 2269 4481 qui
2293 4412 2473 4465 omnia
2501 4408 2647 4473 iecit,
2678 4410 2853 4466 minus
2881 4420 2964 4466 est
2990 4411 3218 4479 potens?

2252 4502 2549 4556 Ambrosius
2573 4502 2837 4572 episwpus
2862 4502 2990 4556 dixit
3018 4518 3037 4555 :
3066 4502 3207 4572 Ergo
3240 4501 3397 4558 Arius
3426 4503 3572 4558 male
3592 4503 3743 4557 dixit.

2178 4592 2246 4646 Et
2267 4593 2499 4645 addidit:
2526 4592 2621 4647 Vel
2648 4592 2698 4646 in
2727 4594 2828 4648 hoc
2848 4594 3067 4648 damnas
3092 4594 3318 4649 Arium?

2248 4682 2520 4737 Palladius
2548 4683 2721 4737 dixit:
2752 4682 2903 4739 Unde
2928 4684 3041 4739 scio
3079 4684 3171 4754 qui
3210 4683 3348 4738 scit?
3387 4683 3501 4753 Ego
3532 4698 3634 4753 pro
3662 4697 3743 4736 mo

2180 4775 2479 4845 respondeo
2510 4775 2625 4833 tibi.

2253 4866 2544 4920 Ambrosius
2583 4865 2845 4935 episcOpus
2880 4865 3054 4919 dixit:
3084 4864 3249 4920 Filius
3278 4862 3487 4920 Domini
3521 4864 3618 4918 Dei
3657 4876 3745 4932 po—

2185 4964 2302 5011 tens
2324 4956 2440 5009 est?

2250 5049 2522 5103 Palladius
2546 5049 2672 5103 dixit
2699 5065 2717 5101 .'
2745 5048 2960 5103 Potens.

2252 5140 2543 5193 Ambrosius
2574 5140 2839 5210 episcopus
2866 5140 3034 5192 dixit:
3061 5138 3199 5193 Dens
3229 5138 3397 5193 bonus
3419 5139 3537 5191 est?

2254 5230 2521 5284 Palladius
2544 5231 2672 5284 dixit
2700 5246 2718 5283 :
2768 5230 2883 5285 Jam
2914 5230 3022 5285 dixi
3054 5230 3246 5285 Filium
3278 5230 3371 5285 Dei
3418 5229 3740 5299 unigenitum

2181 5338 2299 5377 esse
2330 5331 2617 5391 potentem.

2144 5414 2157 5417 “
2250 5416 2540 5470 Ambrosius
2568 5415 2830 5485 episcopus
2851 5415 3018 5469 dixit:
3045 5414 3323 5469 Dominum
3356 5422 3627 5483 potentem
3650 5412 3673 5463 Τ

2251 5506 2525 5560 Palladius
2556 5506 2684 5560 dixit
2713 5521 2732 5559 :
2766 5506 2952 5560 Filium
2976 5505 3068 5559 Dei
3103 5512 3391 5573 patentem.

2254 5599 2545 5653 Ambrosius
2583 5599 2849 5667 episc0pus
2880 5597 3007 5650 dixit
3051 5611 3067 5648 :
3114 5596 3365 5650 Potentes
3404 5603 3456 5648 (ἰ
3505 5592 3747 5647 homines

2182 5698 2321 5745 sunt.
2346 5689 2610 5758 Scriptum
2633 5698 2742 5745 est:
2779 5687 2944 5754 «Quid
2966 5685 3205 5759 gloriaris
3226 5686 3275 5741 in
3304 5686 3517 5752 malitia,
3544 5682 3634 5753 qui
3663 5696 3741 5750 po-
