3962 6178
344 335 430 389 μί
1284 322 1544 379 CONTRA
1590 322 1989 379 PALLADIUM
2031 321 2339 378 ARIANUM
2380 322 2508 376 LIB.
2554 322 2593 374 I.

3475 326 3578 380 “2

339 463 439 505 tens
466 464 518 502 es
543 448 596 499 in
617 442 883 514 iniquitate
897 439 1066 510 (Psat.
1096 455 1170 505 ιι,
1199 439 1323 510 τὴῖι
1350 438 1418 493 Εῑ
1443 437 1601 492 alibi:
1635 436 1794 490 «Cum
1820 437 1901 490 in-
1933 440 1986 498 Α
2080 435 2333 490 Eusebius
2360 437 2625 505 episcopus
2650 435 2811 487 dixit:
2835 434 2983 489 Sicut
3015 437 3063 488 in
3096 436 3262 490 l'orma
3286 438 3425 491 servi
3446 454 3576 491 con-

340 541 531 605 ﬁrmor,
565 546 684 589 tunc
712 544 893 603 potens
916 548 1026 585 sum
1054 526 1154 599 (ΙΙ
1176 527 1293 582 Cor.
1325 542 1418 593 sit,
1456 527 1611 595 10).»
1648 525 1823 580 llluda
1854 534 1905 579 te

340 628 577 698 requiro,
602 634 662 679 ut
692 622 997 680 conﬁtearis
1024 620 1306 676 Dominum
1340 627 1611 688 patentem
1656 631 1774 672 esse
1810 616 1907 670 Dei

337 720 529 774 Filium
574 715 845 771 Christum
878 731 891 765 :
922 721 1014 766 aut
1062 711 1108 766 si
1150 724 1347 779 negas,
1393 717 1590 762 astrue.
1646 706 1776 760 Nam
1816 706 1906 775 qui

340 822 496 861 unam
534 805 826 875 potentiam
857 802 978 856 dico
1008 800 1182 855 Patris
1211 807 1264 853 et
1296 797 1448 864 Filii,
1482 797 1561 851 sic
1590 796 1780 850 Filium
1811 796 1906 850 Dei

340 900 458 954 dico
484 905 757 968 potentem
789 895 928 949 sicut
961 903 1015 949 et
1051 894 1290 948 Patrem.
1337 892 1552 945 Dubitas
1584 905 1711 960 ergo
1740 890 1905 945 conti-

338 990 434 1045 teri
464 995 735 1058 potentem
761 1000 881 1041 esse
903 984 1182 1039 Dominum
1213 982 1306 1037 Dei
1334 979 1556 1035 Filium?

404 1080 680 1135 Palladius
706 1079 835 1132 dixit
858 1093 875 1131 :
901 1077 1019 1132 Jam
1036 1076 1141 1130 dixi
1173 1074 1462 1129 secundum
1490 1072 1905 1142 disputationem

338 1182 493 1244 prout
522 1184 806 1241 possumus
836 1167 1223 1236 respondemus
1247 1165 1417 1219 vobis.
1464 1163 1572 1218 Vos
1620 1164 1766 1217 enim
1797 1161 1899 1215 soli

338 1263 498 1318 vultis
528 1260 900 1330 essejudices,
934 1271 1030 1311 vos
1053 1256 1352 1324 litigatores
1393 1267 1515 1307 esse
1568 1252 1749 1305 vultis.
1790 1250 1907 1305 Non

337 1356 484 1412 vobis
513 1354 903 1423 respondemus
932 1364 1093 1414 nunc,
1116 1348 1208 1403 sed
1241 1349 1292 1400 in
1323 1344 1549 1403 concilio
1577 1343 1823 1415 generali
1854 1351 1910 1398 et

338 1447 493 1516 pleno
518 1442 964 1512 reSpondebimus
993 1439 1164 1493 vobis.

404 1535 701 1588 Ambrosius
725 1533 985 1604 episwpus
1012 1530 1180 1583 dixit:
1238 1526 1534 1581 Anathema
1560 1526 1636 1581 illi
1683 1525 1773 1595 qui
1818 1540 1908 1579 ne-

337 1636 421 1696 gat
451 1624 735 1679 Dominum
762 1629 1029 1692 potentem
1051 1619 1343 1674 Christum.

408 1714 593 1769 Omnes
606 1712 827 1783 episcOpi
849 1712 1086 1765 dixerunt
1107 1724 1125 1761 :
1149 1709 1467 1763 Anathema.
1489 1706 1513 1758 ι
1523 1713 1620 1759 tem
1634 1705 1902 1759 recitatum

336 1815 409 1860 εει
441 1820 457 1859 .‘
486 1806 666 1859 SOLU)!
695 1817 998 1867 POTENTES“,
1027 1815 1228 1854 OMNIUM
1257 1813 1497 1853 ιυωεωι.

408 1894 679 1947 Palladius
707 1878 835 1946 dixit
864 1906 883 1945 :
912 1890 1157 1946 Omnium
1180 1889 1415 1958 judicem
1443 1887 1635 1942 Filium
1665 1886 1783 1941 Dei.
1811 1886 1903 1939 Est

338 1986 423 2056 qui
452 1986 565 2050 dat,
593 1993 679 2039 est
700 1984 787 2053 qui
824 1984 1048 2050 accepit.

407 2077 701 2130 Ambrosius
729 2075 889 2146 [.95
920 2075 1185 2143 ep’sc0pus
1212 2073 1341 2125 dixit
1366 2089 1385 2125 :
1414 2073 1513 2127 Per
1539 2069 1762 2140 gratiam
1813 2067 1906 2120 dc-

338 2163 435 2231 dit,
475 2180 540 2218 an
576 2180 671 2232 per
694 2163 976 2218 naturam?
1018 2162 1083 2216 Et
1110 2163 1415 2216 hominibus
1450 2159 1902 2228 daturjudicium.

406 2256 682 2310 Palladius
721 2255 888 2308 dixit:
920 2255 1129 2309 Patrem
1173 2255 1428 2323 majorem
1460 2253 1617 2318 dicis,
1644 2260 1733 2305 aut
1764 2249 1907 2304 non?

410 2345 709 2399 Ambrosius
730 2346 990 2414 episcopus
1017 2345 1145 2397 dixit
1170 2360 1188 2397 :
1214 2343 1403 2398 Postea
1430 2342 1766 2411 respondebo
1787 2341 1901 2395 tibi.

408 2434 679 2489 Palladius
702 2435 830 2487 dixit
862 2449 878 2486 :
909 2432 1021 2503 Ego
1059 2434 1155 2489 tibi
1188 2448 1293 2488 non
1321 2432 1680 2503 respondebo,
1724 2432 1768 2487 si
1798 2446 1906 2488 non

340 2527 628 2594 respondes
660 2526 805 2581 mihi.

409 2618 664 2673 Eusebius
702 2618 966 2688 episcOpus
1002 2620 1170 2673 dixit:
1191 2618 1302 2673 Nisi
1335 2619 1663 2686 impietatem
1699 2618 1811 2672 Arii
1839 2632 1905 2673 ex

336 2709 525 2764 ordine
576 2710 933 2775 damnaveris,
968 2709 1330 2779 interrogandi
1374 2708 1471 2762 tibi
1510 2723 1616 2763 non
1659 2708 1904 2764 dabimus

336 2799 660 2854 facultatem.

404 2889 677 2944 Palladius
705 2891 835 2944 dixit
864 2904 882 2943 :
906 2890 1021 2944 Non
1058 2889 1152 2944 tibi
1178 2888 1506 2957 respondeo.

404 2979 699 3034 Ambrosius
719 2980 984 3048 episcopus
1011 2980 1137 3032 dixit
1160 2994 1179 3032 :
1206 2978 1372 3034 Filius
1400 2978 1493 3033 Dei
1527 2979 1687 3051 (sicut
1707 2979 1900 3035 lectum

334 3071 435 3140 est)
458 3071 626 3139 judex
653 3079 754 3135 est,
789 3078 879 3125 ant
904 3071 1047 3124 non?

2015 526 2254 591 stitutus,
2307 527 2530 581 inlerior
2572 541 2726 580 servo
2765 540 2869 579 non
2913 526 3029 592 fuit,
3076 527 3145 580 ita
3194 528 3245 580 in
3285 527 3455 580 forma
3489 529 3576 582 Dei

2009 620 2352 685 constitutus,
2390 620 2609 674 inferior
2634 619 2741 674 Deo
2770 634 2890 675 esse
2934 636 3039 673 non
3070 622 3259 689 potuit.

2080 710 2375 763 Ambrosius
2414 711 2676 779 episcopus
2717 712 2884 765 dixit:
2942 714 3048 766 Aut
3090 712 3176 766 dic
3222 714 3345 781 quia
3389 725 3581 766 secun-

2015 800 2141 855 dum
2167 800 2498 856 divinitatem
2523 803 2697 857 minor
2723 812 2806 858 est
2828 803 2991 857 Filius
3024 801 3137 857 Dei.

2066 878 2357 945 Palladius
2379 892 2549 946 dixit:
2572 893 2730 949 Pater
2752 894 2919 963 major
2947 903 3047 949 est.

2081 982 2378 1035 Ambrosius
2414 984 2679 1051 episcopus
2706 986 2834 1037 dixit
2862 1001 2879 1037 :
2908 984 3210 1039 Secundum
3240 998 3476 1038 carnem.

2082 1070 2354 1127 Palladius
2376 1074 2541 1127 dixit:
2571 1074 2708 1139 oQui
2738 1089 2812 1125 me
2827 1075 2982 1139 misit,
3013 1077 3177 1143 major
3193 1084 3263 1127 est
3282 1089 3378 1128 me.
3396 1093 3412 1125 ι
3435 1070 3574 1127 Caro

2011 1163 2169 1217 missa
2197 1162 2360 1234 496
2390 1173 2475 1218 est
2501 1178 2528 1216 a
2556 1164 2687 1229 Deo,
2718 1172 2809 1216 aut
2834 1162 2999 1215 Filius
3028 1163 3153 1216 Dei?

2081 1255 2379 1309 Ambrosius
2408 1256 2675 1325 cpiscopus
2704 1256 2831 1308 dixit
2856 1273 2874 1307 :
2894 1252 3099 1308 Falsari
3128 1268 3157 1307 a
3186 1253 3337 1307 vobis
3366 1251 3576 1307 divinas

2010 1343 2318 1415 Scripturas
2349 1345 2508 1399 hodie
2536 1345 2966 1415 comprobamus.
3016 1344 3104 1398 Sic
3141 1344 3282 1398 enim
3312 1344 3575 1411 scriptum

2009 1442 2123 1490 est:
2158 1453 2175 1485 ‹
2192 1433 2375 1488 Pacem
2394 1451 2558 1488 meam
2587 1436 2653 1489 do
2674 1436 2810 1489 vobis
2825 1478 2838 1501 ,
2864 1450 3039 1503 parem
3057 1450 3214 1488 meam
3236 1435 3464 1503 relinquo
3491 1450 3576 1486 vo-

2011 1525 2105 1578 bis.
2134 1525 2254 1577 Non
2278 1526 2505 1578 turbetur
2525 1540 2611 1577 cor
2635 1533 2874 1579 vestrum.
2908 1523 3028 1577 Non
3049 1526 3299 1594 quomodo
3319 1524 3401 1577 hic
3423 1540 3575 1577 mun-

2010 1615 2105 1668 dus
2129 1614 2236 1681 dat,
2273 1625 2319 1667 et
2346 1632 2439 1684 ego
2476 1616 2541 1668 do
2566 1616 2723 1668 vobis.
2759 1617 2821 1669 Si
2850 1616 3125 1685 diligerctis
3159 1633 3236 1669 me
3264 1612 3572 1685 gauderetis',

2010 1704 2129 1773 quia
2156 1704 2284 1769 dixi,
2326 1703 2469 1757 Vada
2501 1706 2567 1757 ad
2602 1704 2830 1766 Patrem,
2862 1707 2979 1773 quia
3005 1704 3163 1759 Pater
3196 1710 3359 1775 major
3387 1722 3465 1758 me
3502 1712 3574 1758 est

1934 1792 1978 1851 Β
2010 1794 2188 1865 (Joan.
2206 1793 2477 1862 slv,27).s
2498 1793 2609 1847 Non
2628 1794 2781 1858 dixit,
2810 1796 2908 1858 Qui
2928 1812 3004 1848 me
3026 1796 3178 1860 misit,
3202 1800 3367 1867 major
3385 1812 3461 1848 me
3477 1802 3571 1848 est.

2078 1883 2352 1937 Palladius
2372 1885 2499 1938 dixit
2530 1901 2547 1938 :
2574 1885 2729 1939 Pater
2756 1886 2922 1953 major
2951 1898 3051 1940 est.

2077 1979 2371 2032 Ambrosius
2421 1981 2685 2053 episcopus
2731 1980 2899 2032 dixit:
2926 1979 3218 2033 Anathcma
3262 1979 3337 2033 illi
3381 1979 3467 2049 qui
3507 1979 3575 2033 ad

2007 2066 2213 2122 divinas
2243 2068 2545 2138 Scripturas
2576 2067 2723 2122 addit
2750 2067 2946 2138 aliquid
2969 2078 3056 2121 aut
3087 2068 3299 2122 minuit.

2081 2159 2268 2212 Omnes
2288 2159 2515 2227 episwpi
2536 2159 2777 2211 dixerunt
2804 2174 2823 2212 :
2854 2158 3166 2214 Anathema.

2075 2250 2367 2303 Ambrosius
2392 2250 2656 2318 episcOpus
2682 2248 2820 2317 jdixit
2851 2263 2870 2301 :
2895 2246 3195 2303 Secundum
3221 2262 3435 2302 carnem
3470 2247 3564 2300 Fi-

2005 2339 2109 2394 lius
2135 2340 2307 2393 minor
2331 2349 2411 2392 est
2446 2340 2630 2405 Patre,
2666 2338 2956 2393 secundum
3002 2338 3328 2393 divinitatem
3356 2338 3574 2406 aequalis

2006 2432 2081 2485 est
2128 2430 2291 2484 Patri.
2336 2430 2463 2499 Legi
2508 2430 2668 2498 igitur
2710 2430 2968 2497 aequalem
3020 2429 3115 2483 Dei
3164 2430 3357 2483 Filium
3408 2429 3571 2493 Patri,

2007 2522 2146 2575 sicut
2172 2521 2278 2590 jam
2303 2530 2358 2576 et
2384 2521 2586 2589 prolata
2609 2521 2932 2588 exemplaria
2967 2526 3245 2574 testantur.
3269 2520 3571 2574 Secundum

2006 2628 2219 2668 carnem
2251 2622 2426 2669 autem
2452 2614 2576 2685 quid
2608 2614 2817 2668 miraris
2842 2616 3124 2677 minorem,
3150 2627 3266 2667 cum
3300 2612 3491 2666 dixerit
3515 2628 3574 2665 se

2004 2719 2239 2773 servum,
2266 2720 2388 2759 cum
2419 2705 2618 2759 dixerit
2644 2721 2704 2759 se
2730 2704 2981 2773 lapidem,
3014 2719 3134 2758 cum
3159 2704 3356 2758 dixerit
3381 2718 3438 2758 se
3467 2704 3572 2757 mi-

2004 2807 2191 2847 norem
2228 2793 2450 2862 angelis,
2504 2795 2627 2861 quia
2648 2795 2905 2862 scriptum
2952 2802 3056 2863 est,
3088 2813 3106 2845 ‹
3139 2793 3411 2847 Minorasti
3457 2810 3571 2847 eum

2005 2882 2159 2950 paulo
2186 2882 2350 2934 minus
2375 2883 2437 2934 ab
2465 2883 2657 2949 angelis
2683 2882 2852 2951 (Psal.
2880 2898 2991 2947 vm,
3022 2883 3140 2951 6)?)

2074 2971 2345 3025 Palladius
2383 2973 2510 3026 dixit
2542 2988 2560 3026 :
2588 2971 2752 3041 lmpie
2780 2988 2873 3027 vos
2905 2981 3209 3028 asserentes
3233 2973 3388 3028 video
3420 2988 3564 3029 :non

2006 3060 2157 3115 vobis
2182 3061 2567 3131 respondemus
2596 3063 2712 3116 sine
2736 3062 3087 3117 auditoribus.

404 3131 679 3212 Palladius
718 3131 891 3213 dixit:
919 3159 976 3213 Si
1003 3174 1109 3212 non
1157 3158 1451 3227 respondes
1495 3158 1644 3225 mihi,
1677 3173 1776 3230 ego
1804 3160 1902 3216 tibi
1928 3131 1977 3198 (ἶ
2078 3150 2303 3205 Sabinus
2330 3154 2598 3222 episcopus
2626 3152 2796 3206 dixit:
2818 3152 2983 3207 Nemo
3013 3152 3080 3206 ab
3103 3167 3168 3208 eo
3196 3152 3428 3222 requirat
3452 3167 3570 3209 seu-

333 3260 391 3304 ut
416 3250 582 3319 impio
611 3265 714 3306 non
742 3251 1057 3319 respondeo.

401 3339 697 3392 Ambrosius
747 3341 1009 3410 episcOpus
1056 3339 1186 3392 dixit
1226 3354 1246 3391 :
1285 3338 1461 3394 Habes
1512 3339 1900 3409 professionem

333 3444 527 3500 meam,
554 3448 658 3501 qua
690 3432 1029 3501 respondebo
1057 3432 1176 3487 tibi.
1213 3433 1428 3487 Interim
1460 3435 1763 3504 pcrlegatur
1790 3438 1904 3505 epi-

333 3521 465 3575 stola
505 3522 645 3575 Arii.
682 3520 746 3573 Et
789 3523 989 3575 addidit
1020 3522 1113 3577 :ln
1156 3522 1384 3590 epistola
1428 3522 1540 3577 Arii
1584 3524 1823 3580 invenies
1851 3534 1903 3582 et

333 3613 432 3666 hoc
457 3612 794 3681 sacrilegium
822 3613 961 3680 quod
994 3623 1046 3667 tu
1085 3614 1308 3668 moliris.

404 3702 678 3757 Palladius
720 3703 851 3757 dixit
876 3720 893 3757 :
918 3704 1027 3774 Ego
1058 3719 1176 3773 qua:
1205 3705 1497 3774 interrogo,
1528 3720 1633 3760 non
1679 3719 1900 3776 reSpon-

336 3792 491 3847 detis.
1818 3800 1827 3809 κ

400 3883 654 3937 Eusebius
686 3882 951 3951 episcOpus
976 3882 1146 3937 dixit:
1173 3882 1366 3937 Filium
1397 3881 1490 3937 Dei
1524 3882 1686 3938 Deum
1724 3898 1902 3953 mqua-

335 3974 435 4029 lem
461 3973 713 4028 dicimus.

404 4063 682 4118 Palladius
718 4063 850 4117 dixit
876 4079 894 4117 :
920 4062 998 4117 Tu
1035 4061 1197 4132 judex
1235 4076 1314 4129 es,
1353 4062 1429 4117 tui
1466 4071 1780 4133 exceptorcs
1816 4064 1902 4121 hic

338 4164 481 4210 sunt.

399 4244 699 4298 Ambrosius
724 4245 983 4315 episcOpus
1004 4244 1163 4298 dixit:
1182 4244 1427 4301 Scribant
1450 4246 1545 4311 tui,
1575 4245 1663 4313 qui
1694 4244 1898 4300 volunt.

405 4335 680 4389 Palladius
708 4334 870 4387 dixit:
900 4334 1056 4389 Pater
1078 4333 1249 4403 major
1269 4343 1373 4400 est,
1396 4344 1486 4388 aut
1515 4336 1659 4389 non?

400 4423 655 4478 Eusebius
698 4425 965 4493 episc0pus
1010 4424 1137 4477 dixit
1171 4441 1183 4476 :
1224 4424 1524 4479 Secundum
1571 4424 1897 4479 divinitatem

333 4514 554 4583 aequalis
599 4523 685 4569 est
712 4486 882 4569 Pilius
916 4513 1078 4568 Patri.
1127 4515 1302 4570 llabcs
1340 4517 1393 4570 in
1433 4516 1723 4586 Evangelia
1756 4517 1895 4585 quod

333 4605 497 4661 Judaei
525 4605 987 4674 persequebantur
1006 4620 1151 4674 eum,
1180 4607 1298 4675 quia
1328 4622 1431 4662 non
1462 4609 1632 4662 solum
1659 4596 1898 4662 solvebat

334 4696 631 4758 sabbatum,
662 4695 755 4749 sed
784 4704 838 4749 et
860 4695 1069 4750 Patrem
1097 4710 1246 4750 suum
1270 4696 1477 4751 dicebat
1509 4698 1693 4763 Deum,
1719 4712 1897 4766 acqua-

334 4783 435 4839 lem
467 4799 527 4839 se
568 4783 771 4840 iaciens
806 4784 917 4839 Deo
945 4783 1123 4853 (Joan.
1154 4802 1206 4853 ν,
1240 4787 1350 4857 18).
1400 4787 1552 4853 Quod
1580 4802 1705 4856 ergo
1745 4788 1894 4855 impii

336 4884 719 4945 persequentes
761 4875 991 4932 confessi
1033 4886 1192 4943 sunt,
1237 4892 1335 4932 nos
1374 4876 1656 4933 credentes
1701 4893 1895 4948 negare

331 4981 436 5021 non
471 4982 777 5036 possumus.

401 5082 697 5135 Ambrosius
744 5082 1014 5151 episwpus
1051 5083 1181 5137 dixit
1212 5098 1229 5134 :
1260 5082 1322 5136 Et
1342 5082 1467 5136 alibi
1500 5083 1662 5137 habes
1699 5099 1710 5134 :
1749 5100 1767 5133 ι
1801 5082 1900 5147 Qui

331 5188 441 5223 eum
464 5183 591 5224 esset
612 5172 667 5224 in
689 5171 854 5240 forma
881 5170 995 5239 Dei,
1026 5188 1123 5226 non
1150 5173 1381 5242 rapinam
1403 5173 1680 5225 arbitratus
1701 5181 1770 5224 est
1797 5187 1901 5225 esse

328 5276 383 5313 se
408 5264 654 5328 aequalem
686 5260 818 5327 Deo,
863 5262 952 5315 sed
984 5264 1305 5329 semetipsum
1348 5263 1642 5326 exinanivit,
1682 5265 1900 5333 formam

328 5351 458 5402 servi
486 5350 761 5418 accipiens,
785 5351 838 5403 in
868 5351 1251 5406 similitudinem
1280 5353 1536 5405 hominum
1563 5355 1752 5421 factus,
1784 5353 1902 5405 obe—

328 5440 473 5492 diens
496 5456 651 5508 usque
681 5440 750 5492 ad
766 5449 977 5494 mortem
1003 5440 1221 5511 (Philip.
1251 5458 1306 5510 ll,
1332 5442 1443 5512 6),»
1475 5441 1539 5493 Et
1558 5442 1786 5495 addidit:
1809 5441 1901 5497 Vi-

328 5529 423 5583 des
450 5530 574 5600 quia
602 5530 652 5584 in
685 5532 850 5585 forma
886 5532 976 5587 Dei
1020 5535 1240 5602 aequalis
1266 5535 1379 5589 est?
1409 5534 1503 5585 (Et
1533 5535 1772 5602 formam,
1807 5534 1889 5587 in-

329 5615 468 5686 quii,
502 5622 634 5675 servi
663 5623 908 5693 accepit.»
954 5624 1009 5678 ln
1047 5639 1153 5693 quo
1176 5640 1301 5691 ergo
1328 5625 1501 5679 minor
1528 5625 1644 5680 est?
1689 5624 1893 5682 Secun-

334 5711 457 5766 dunt
483 5712 709 5769 fortnam
742 5717 927 5786 utique
962 5717 1123 5786 servi,
1155 5730 1259 5771 non
1294 5718 1407 5772 Dei.

2008 3244 2229 3298 tentiam
2261 3243 2350 3312 qui
2380 3252 2483 3297 tam
2525 3243 2814 3297 innumeris
2858 3244 3133 3298 sententiis
3161 3242 3568 3311 blasphemavit.

2076 3332 2348 3387 Palladius
2372 3333 2501 3388 dixit
2534 3349 2553 3388 :
2579 3333 2692 3388 Non
2720 3333 2869 3388 vobis
2899 3333 3305 3403 respondemus.

2077 3448 2302 3503 Sabinus
2340 3451 2607 3520 episwpus
2648 3449 2810 3503 dixit:
2839 3449 2919 3504 Ab
2949 3450 3196 3503 omnibus
3219 3449 3327 3518 jztm
3356 3449 3573 3504 damna-

2007 3552 2090 3598 tus
2130 3548 2216 3597 est
2253 3542 2536 3596 Palladius.
2572 3541 2685 3596 Arii
2737 3541 3082 3609 bl.t$phemite
3122 3542 3292 3596 multo
3340 3542 3574 3596 minores

2005 3642 2129 3689 sunt
2167 3650 2324 3705 quam
2379 3633 2626 3688 Palladii.
2679 3632 2742 3686 Et
2783 3650 2897 3685 cum
2946 3633 3213 3686 Palladius
3272 3634 3575 3687 surrexisset

2005 3734 2153 3793 atque
2174 3725 2312 3794 foras
2339 3724 2475 3777 exire
2502 3723 2735 3776 voluisset
2760 3736 2776 3774 :
2797 3722 2938 3783 Ideo,
2969 3723 3150 3790 inquit,
3185 3723 3419 3776 surrexit
3441 3719 3564 3775 Pal-

2004 3811 2197 3879 ladius,
2249 3812 2500 3881 quoniam
2547 3811 2747 3879 apertis
2799 3811 3193 3879 Scripturarum
3252 3810 3573 3864 testimoniis

2003 3902 2421 3958 convincendum
2470 3916 2587 3955 esse
2626 3915 2683 3954 se
2725 3900 2914 3965 cernit,
2968 3900 3109 3953 sicut
3138 3898 3246 3967 jam
3292 3900 3574 3954 convictus

2005 4002 2113 4050 est.
2167 3993 2255 4049 Sic
2302 3990 2442 4045 enim
2497 3992 2689 4045 lectum
2732 3998 2843 4056 est,
2898 3989 3190 4043 secundum
3238 3989 3572 4043 divinitatem

2005 4083 2147 4153 quod
2183 4081 2400 4151 aequalis
2436 4080 2580 4135 Patri
2614 4080 2779 4135 Filius
2818 4081 2906 4133 sit.
2938 4079 3179 4146 Accipiat
3216 4087 3392 4132 autem
3444 4080 3568 4147 quia

2004 4174 2170 4230 Filius
2189 4173 2287 4228 Dei
2310 4172 2598 4228 secundum
2626 4169 2953 4225 divinitatem
2978 4169 3233 4238 majorem
3264 4183 3367 4223 non
3392 4168 3570 4224 habet.

2003 4264 2268 4333 Scriptum
2300 4272 2382 4317 est
2410 4279 2423 4317 :
2460 4280 2478 4313 ι
2514 4262 2729 4315 Abrahae
2745 4277 2857 4313 cum
2895 4260 3258 4328 repromisisset
3282 4258 3427 4312 'Deus
3449 4275 3573 4327 quo-

2002 4358 2138 4411 niam
2170 4357 2367 4409 nullum
2395 4354 2553 4408 alium
2588 4353 2797 4408 habebat
2835 4353 3099 4421 majorem,
3138 4368 3227 4420 per
3253 4367 3399 4419 quem
3419 4354 3573 4422 jura-

2001 4456 2096 4515 rct,
2116 4447 2310 4517 jurauit
2334 4462 2423 4515 per
2447 4445 2767 4513 semetipsum
2791 4442 2973 4514 (Hebr.
3005 4458 3077 4511 vt,
3112 4442 3253 4511 15).»
3283 4440 3445 4496 Vides
3471 4440 3568 4509 igi—

2006 4548 2091 4593 tur
2119 4540 2469 4607 Scripturam,
2519 4525 2641 4607 quia
2688 4537 2888 4591 nullum
2920 4535 3082 4589 alium
3117 4535 3372 4604 majorem
3414 4532 3573 4587 habet

2002 4645 2098 4700 per
2120 4644 2274 4697 quem
2297 4629 2528 4698 juraret.
2562 4627 2729 4682 Filius
2771 4635 2950 4681 autem
2998 4634 3098 4689 est,
3135 4625 3202 4679 de
3248 4640 3351 4694 quo
3379 4623 3573 4677 dicitur

2000 4721 2251 4791 quoniam
2281 4721 2396 4789 ipse
2424 4719 2571 4774 visus
2596 4726 2679 4773 est
2708 4718 2955 4772 Abrahae.
2990 4716 3136 4773 Unde
3158 4716 3301 4772 etait
3330 4731 3344 4771 :
3379 4715 3573 4768 «Atria-

2001 4815 2118 4868 ham
2150 4815 2280 4868 diem
2312 4829 2478 4867 meum
2500 4813 2647 4877 vidit,
2679 4821 2726 4865 et
2753 4812 2954 4882 gavisus
2984 4818 3053 4864 est
3082 4809 3266 4879 (Joan.
3289 4824 3405 4875 Vill,
3442 4808 3564 4863 56.»

2072 4906 2341 4960 Palladius
2369 4905 2500 4958 dixit
2522 4920 2541 4958 :
2576 4902 2763 4956 (Pater
2784 4904 2951 4972 major
2976 4911 3099 4955 est.)

2073 5013 2325 5067 Eusebius
2343 5016 2611 5083 episcopus
2640 5012 2768 5065 dixit
2794 5028 2812 5065 :
2841 5010 3061 5078 Quando
3090 5020 3147 5064 ut
3176 5011 3315 5077 Deus
3336 5011 3565 5077 locutus,

2003 5103 2258 5171 majorem
2286 5117 2389 5156 non
2422 5102 2606 5156 habuit
2635 5118 2650 5168 ;
2675 5102 2885 5171 quando
2921 5110 2978 5155 ut
3002 5101 3158 5157 homo
3195 5101 3426 5168 locutus,
3458 5114 3568 5155 ma-

1996 5196 2169 5265 jorem
2194 5196 2399 5249 habuit.

2075 5308 2346 5361 Palladius
2378 5309 2505 5361 dixit
2535 5324 2553 5361 :
2578 5308 2733 5363 Pater
2761 5308 2942 5378 genuit
2981 5307 3189 5371 Filium,
3224 5304 3381 5375 497
3411 5304 3569 5358 Pater

2004 5402 2147 5457 misit
2177 5401 2391 5456 Filium.

2083 5515 2379 5568 Ambrosius
2408 5515 2676 5583 episcopus
2718 5514 2844 5566 dixit
2876 5529 2893 5565 :
2926 5509 3217 5563 Anatltcma
3257 5508 3329 5561 illi
3362 5507 3447 5578 qui
3479 5523 3561 5562 nco

2005 5615 2093 5677 gat
2143 5606 2335 5659 Filium
2381 5607 2673 5661 secundum
2726 5602 3051 5657 divinitatem
3099 5600 3355 5669 aequalem
3404 5600 3569 5657 Patri.

2082 5716 2267 5772 Omnes
2297 5719 2518 5787 episcopi
2539 5718 2773 5770 dixerunt
2800 5729 2817 5767 :
2842 5710 3156 5767 Anathcma.
