3962 6178
362 398 466 459 “3

1699 379 1925 439 VIGILII
1965 377 2337 441 TAPSENSIS

3507 376 3611 433 Ui

433 509 707 566 Palladius
729 506 858 560 dixit
880 520 899 560 :
924 503 1092 558 Filius
1112 499 1380 568 subjectus
1408 493 1574 560 Patri,
1598 492 1770 549 Filius
1794 507 1926 561 prte-
1955 496 2008 554 Δ
2031 506 2149 561 qua:
2169 489 2441 545 consensit
2470 486 2679 568 Arianze
2700 486 2978 555 impietati.
3006 480 3206 541 Placuit
3232 486 3325 541 tibi
3351 488 3400 540 in
3431 490 3607 543 media

363 612 516 672 cepta
542 598 715 654 Patris
740 594 991 651 custodit.

435 690 729 745 AmbrOaius
772 687 1040 754 episwpus
1078 681 1209 733 dixit
1248 694 1267 732 :
1296 677 1583 746 Subjectus
1637 672 1931 728 secundum

363 780 542 837 carnis
582 778 863 831 rationem.
894 768 1180 825 ’Cceterum
1212 778 1266 823 et
1324 768 1437 835 ipse
1481 764 1768 819 meministi
1810 761 1933 831 quia

364 868 559 939 legisti,
592 883 610 918 ‹
638 864 800 918 Nemo
845 862 975 915 venit
997 862 1064 913 ad
1086 876 1182 924 me,
1219 860 1315 913 nisi
1337 873 1485 929 quem
1524 854 1680 908 Pater
1714 861 1937 905 attraxe-

366 961 432 1012 rit
458 956 635 1025 (Joan.
662 969 734 1016 vt,
761 952 906 1021 44).»

437 1049 658 1105 Sabinus
681 1046 942 1115 episcopus
984 1043 1159 1096 dixit:
1192 1042 1339 1096 Dicat
1380 1042 1423 1097 si
1456 1039 1750 1095 secundum
1795 1038 1936 1093 divi-

368 1142 589 1195 nitatem
620 1135 894 1205 subjectus
936 1141 1019 1187 est
1044 1133 1211 1196 Patri,
1252 1147 1317 1185 an
1360 1131 1654 1187 secundum
1694 1130 1939 1183 incarna-

372 1235 593 1288 tionem.

440 1320 711 1376 Palladius
751 1316 879 1370 dixit
911 1331 929 1369 :
960 1315 1099 1383 Ergo
1131 1313 1288 1368 Pater
1315 1313 1486 1379 major
1515 1320 1618 1367 est.

438 1410 733 1465 Ambrosius
770 1408 1038 1475 episcopus
1074 1404 1245 1456 dixit:
1278 1401 1344 1455 Et
1382 1401 1504 1455 alibi
1533 1398 1789 1467 scriptum
1820 1405 1938 1451 est:

380 1524 399 1555 ι
428 1501 622 1555 Fidelis
649 1499 787 1551 Deus
811 1511 830 1550 :
850 1511 939 1566 per
965 1509 1111 1563 quem
1135 1493 1299 1545 vocati
1327 1494 1443 1545 estis
1464 1492 1516 1543 in
1542 1489 1943 1543 communionem

370 1594 497 1648 Filii
530 1596 641 1664 ejus
673 1588 724 1659 (1
758 1588 876 1641 Cor.
907 1602 946 1651 ι,
991 1582 1103 1653 9).»
1140 1584 1250 1652 Ego
1270 1582 1390 1637 dico
1427 1584 1635 1636 Patrem
1683 1580 1940 1649 majorem

371 1698 494 1738 esse
521 1678 813 1737 secundum
841 1675 1019 1731 carnis
1046 1673 1489 1742 assumptionem,
1523 1687 1680 1743 quam
1711 1670 1945 1739 suscepit

371 1776 541 1829 Filius
564 1771 681 1836 Dei,
713 1783 818 1824 non
848 1765 1139 1823 secundum
1163 1764 1517 1819 divinitatem.

2037 582 2278 651 epistola:
2310 579 2538 634 lectione
2570 566 2870 647 proponere
2898 577 3039 647 quod
3079 577 3314 632 volebas.
3363 577 3606 645 Respon-

2038 688 2155 726 sum
2184 671 2275 724 tibi
2309 681 2410 734 est,
2444 668 2890 739 quemadmodum
2933 669 3145 722 Patrem
3176 668 3432 737 majorem
3465 668 3615 723 dixe-

2040 765 2110 816 rit
2136 761 2303 815 Filius
2336 761 2454 824 Dei,
2493 774 2558 813 eo
2583 760 2722 828 quod
2757 752 3051 813 secundum
3095 761 3274 814 carnis
3315 761 3613 829 susceptio-

2043 868 2163 906 nem
2212 851 2377 905 Filins
2432 849 2689 918 majorem
2751 848 2962 904 Patrem
3019 850 3234 904 dixerit.
3280 851 3613 918 Proposuisti

2042 944 2199 996 etiam
2231 940 2526 1009 subjectum
2564 953 2683 993 esse
2710 936 2905 993 Filium
2937 936 3054 1005 Dei,
3087 948 3139 993 et
3173 940 3227 994 in
3271 941 3370 994 hoc
3394 954 3617 1008 respon-

2044 1048 2159 1089 sum
2209 1032 2302 1086 tibi
2350 1041 2457 1098 est,
2497 1031 2618 1099 quia
2663 1029 2934 1109 subjectus
2983 1029 3153 1083 Filius
3188 1027 3281 1085 Dei
3326 1032 3618 1086 secundum

2043 1139 2259 1181 carnem
2290 1134 2391 1189 eSt,
2443 1139 2545 1178 non
2577 1122 2869 1179 secundum
2896 1122 3249 1178 divinitatem.
3282 1123 3460 1178 [labes
3490 1139 3617 1192 prn-

2045 1216 2330 1270 lessionem
2362 1223 2622 1282 nostram,
2650 1229 2789 1268 nunc
2816 1214 2938 1268 audi
2977 1224 3191 1269 caetera.
3216 1214 3475 1281 Quoniam
3516 1215 3616 1268 tibi

2046 1320 2358 1373 responsum
2386 1312 2490 1368 est,
2523 1304 2788 1373 responde
2816 1305 2881 1358 ad
2904 1318 2967 1359 ea
2990 1318 3107 1373 quae
3138 1304 3408 1372 leguntur.

2119 1396 2391 1449 Palladius
2412 1396 2580 1448 dixit:
2608 1394 2722 1449 Non
2756 1396 2855 1449 tibi
2879 1394 3200 1464 respondeo,
3230 1395 3349 1463 quia
3373 1408 3619 1460 quiecun-

2049 1502 2151 1556 que
2176 1501 2275 1556 ego
2314 1485 2447 1551 dixi,
2480 1500 2585 1539 non
2621 1494 2745 1539 sunt
2775 1486 2992 1553 scripta.
3022 1484 3211 1539 Vestra
3254 1485 3619 1538 tantummodo

2051 1583 2352 1638 scribuntur
2374 1582 2555 1637 verba.
2589 1580 2704 1635 Non
2738 1580 2893 1635 vobis
2922 1581 3244 1647 respondeo.

2121 1694 2415 1747 Ambrosius
2436 1695 2700 1763 episc0pus
2726 1694 2856 1747 dixit
2880 1711 2896 1746 :
2924 1695 3111 1749 Omnia
3133 1695 3284 1751 vides
3311 1695 3494 1749 scribi.
3521 1695 3621 1749 De-

2055 1786 2219 1854 nique
2243 1800 2363 1854 quae
2389 1785 2584 1853 scripta
2612 1795 2756 1844 sunt.
2798 1785 3071 1840 abundant
3101 1786 3165 1840 ad
3198 1795 3302 1840 tute
3338 1785 3623 1856 impietatis

438 1862 711 1917 Palladius
759 1862 939 1914 dixit:
967 1858 1098 1923 Quae
1140 1856 1281 1911 enim
1328 1853 1656 1922 comparatio
1702 1860 1786 1907 est
1827 1849 1948 1904 Filii

2091 1849 2328 1931 ndicium.
2353 1875 2422 1930 Et
2448 1849 2694 1930 addidit:
2722 1875 3033 1931 Creaturam
3074 1878 3208 1932 dicis
3237 1849 3526 1944 Christum,
3555 1893 3622 1931 an

371 1956 506 2011 Dei?
537 1955 605 2009 Et
625 1967 752 2008 caro
773 1958 947 2020 potest
972 1947 1173 2010 dicere,
1208 1946 1344 1999 Deus
1372 1958 1458 1997 me
1481 1942 1651 2011 major
1677 1950 1779 1995 est.
1807 1939 1945 1993 Caro

374 2047 711 2115 loquebatur,
741 2050 834 2096 aut
862 2037 1134 2101 divinitas,
1162 2035 1283 2104 quia
1327 2035 1397 2088 ibi
1424 2042 1539 2088 erat
1563 2031 1728 2087 caro?

447 2134 744 2188 Ambrosius
789 2131 1055 2201 episcopus
1091 2127 1223 2179 dixit
1253 2140 1272 2178 :
1299 2122 1436 2179 Caro
1470 2124 1588 2179 sine
1626 2124 1802 2177 anima
1843 2137 1947 2177 non

375 2226 634 2295 loquitur.

453 2314 705 2370 Eusebius
735 2313 1003 2383 episcopus
1030 2311 1161 2364 dixit
1188 2325 1206 2363 :
1238 2308 1381 2362 Deus
1418 2307 1471 2360 in
1509 2318 1671 2359 carne
1698 2302 1952 2372 loqueba-

377 2419 465 2465 tur
512 2406 805 2464 secundum
836 2418 1073 2468 carnem,
1107 2401 1320 2472 quando
1345 2400 1553 2453 dicebat
1584 2415 1596 2449 :
1636 2415 1653 2447 ‹
1684 2396 1821 2462 Quid
1871 2411 1952 2448 me

380 2498 737 2573 persequimini
785 2496 1037 2550 hominem
1088 2492 1275 2566 (Joan.
1316 2507 1428 2555 vnt,
1463 2489 1633 2560 40)?»
1662 2487 1795 2554 Quis
1850 2485 1955 2541 hoc

380 2591 556 2648 dixit?

450 2681 724 2737 Palladius
754 2680 881 2734 dixit
906 2695 925 2733 :
954 2679 1117 2733 Filius
1140 2676 1256 2731 Dei.

448 2772 745 2825 Ambrosius
785 2771 1048 2841 episcopus
1082 2768 1252 2820 dixit:
1281 2765 1420 2819 Deus
1470 2778 1598 2834 ergo
1650 2764 1818 2818 Filius
1858 2763 1955 2818 Dei

380 2871 463 2918 est
499 2860 791 2917 secundum
843 2860 1201 2924 divinitatem,
1245 2864 1300 2912 et
1344 2856 1505 2912 homo
1547 2863 1629 2911 est
1666 2853 1955 2912 secundum

382 2965 623 3007 carnem.

453 3042 726 3097 Palladius
747 3042 876 3096 dixit
900 3057 918 3095 :
946 3039 1172 3097 Carnem
1201 3039 1458 3109 suscepit.

454 3133 702 3189 Eusebius
748 3134 1013 3202 epismpus
1061 3131 1192 3184 dixit
1234 3131 1426 3199 :Ergo
1483 3128 1732 3183 humanis
1776 3124 1957 3182 verbis

387 3241 515 3282 usus
552 3234 636 3280 est
652 3225 679 3278 i

455 3316 733 3370 Palladius
771 3315 945 3368 dixit:
977 3311 1200 3367 Carnem
1228 3312 1514 3367 humanam
1556 3310 1812 3380 suscepit.

459 3408 756 3461 Ambrosius
782 3406 1044 3474 episcOpns
1076 3404 1205 3455 dixit
1234 3420 1253 3456 :
1286 3403 1433 3457 Dicat
1460 3404 1584 3470 quia
1617 3417 1721 3456 non
1764 3414 1958 3455 secun-

389 3500 516 3554 dum
556 3498 893 3552 divinitatem
923 3495 1213 3563 Apostolus
1239 3494 1372 3547 dixit
1400 3494 1718 3561 subjectum,
1748 3491 1841 3546 sed
1874 3505 1963 3544 sc-

388 3587 615 3642 cundum
638 3600 875 3641 carnem.
905 3582 1172 3651 Scriptum
1188 3592 1269 3636 est
1295 3582 1434 3636 enim
1463 3600 1475 3635 :
1509 3601 1525 3631 ‹
1558 3581 1863 3634 Ilumiliavit
1884 3595 1963 3631 se-

392 3676 682 3747 metipsum,
734 3679 901 3743 factus
952 3672 1188 3727 obediens
1241 3687 1394 3741 usque
1434 3670 1501 3722 ad
1552 3680 1761 3723 mortem
1802 3667 1960 3740 (Plii-

394 3766 484 3836 lip.
511 3781 567 3829 u,
603 3765 712 3833 8).»
739 3764 796 3817 ln
815 3778 919 3832 quo
948 3776 1078 3831 ergo
1105 3770 1326 3816 mortem
1353 3759 1618 3830 gustavit?

463 3855 732 3909 Palladius
753 3854 880 3907 dixit
902 3870 921 3907 :
947 3853 1080 3919 Quia
1103 3868 1162 3907 se
1190 3852 1407 3905 httmilia
1419 3852 1514 3904 vit.

460 3946 757 3999 Ambrosius
778 3945 1045 4012 episcopus
1068 3943 1194 3995 dixit
1220 3957 1239 3995 :
1269 3941 1379 3994 Non
1414 3939 1687 4003 divinitas,
1716 3935 1810 3990 sed
1841 3949 1966 3990 caro

392 4037 667 4091 ltumiliata
697 4044 779 4091 est
809 4045 966 4104 atque
989 4033 1244 4101 subjecta.
1276 4031 1339 4083 Et
1366 4030 1569 4082 addidit
1598 4044 1615 4080 :
1646 4026 1965 4082 Creaturam

391 4129 684 4198 perlectam
712 4128 847 4183 bene
869 4125 1003 4180 dixit
1023 4124 1201 4187 Arius,
1233 4137 1300 4175 an
1332 4121 1471 4174 male
1496 4119 1669 4173 dixit?

463 4220 737 4273 Palladius
759 4219 887 4272 dixit
914 4233 932 4269 :
958 4216 1069 4286 Ego
1112 4215 1207 4269 tibi
1236 4228 1341 4268 non
1381 4209 1705 4283 respondeo,
1738 4207 1966 4265 auctori-

393 4319 555 4365 tatem
585 4326 688 4363 non
718 4307 959 4362 babenti.

462 4400 755 4453 Ambrosius
786 4400 1051 4468 episcopus
1074 4396 1201 4449 dixit
1232 4411 1250 4449 :
1273 4394 1532 4449 Proﬁtere
1557 4391 1696 4459 quod
1723 4390 1822 4444 vis.

465 4490 736 4545 Palladius
762 4490 892 4543 dixit
920 4505 940 4544 :
962 4488 1077 4543 Non
1103 4487 1403 4556 respondeo
1433 4485 1609 4541 vobis.

2051 1981 2213 2035 negas
2235 1966 2257 2018 ?

2121 2056 2391 2110 Palladius
2412 2056 2542 2111 dixit
2565 2073 2583 2111 :
2606 2056 2720 2111 Non
2747 2059 3064 2127 respondeo.

2122 2150 2414 2204 Ambrosius
2428 2150 2694 2219 episcOpus
2717 2149 2847 2204 dixit
2864 2148 3033 2204 :Ante
3057 2149 3243 2204 horam
3270 2148 3406 2204 citra
3426 2157 3620 2212 actam,

2052 2253 2171 2295 cum
2192 2238 2459 2309 legeretur
2509 2240 2631 2307 quia
2658 2236 2822 2292 Arius
2847 2238 2981 2292 dixit
3003 2246 3307 2293 creaturam
3330 2236 3622 2301 Christum,

2054 2330 2279 2400 negasti.
2323 2330 2571 2385 Oblatum
2622 2338 2706 2384 est
2753 2330 2852 2384 tibi
2897 2339 2956 2384 ut
3000 2329 3285 2384 damnares
3323 2328 3625 2399 perﬁdiam,

2054 2422 2293 2477 noluisti.
2322 2421 2419 2476 Vel
2448 2435 2590 2475 nunc
2626 2420 2734 2486 dic,
2764 2427 2941 2474 utrum
2975 2429 3130 2474 natus
3159 2433 3224 2474 ex
3258 2418 3412 2473 Patre
3449 2416 3609 2474 Chri-

2053 2521 2168 2567 stus
2194 2514 2283 2581 sit,
2307 2525 2373 2566 an
2403 2521 2633 2567 creatus.

2128 2601 2401 2656 Palladius
2445 2602 2573 2656 dixit
2601 2618 2619 2656 :
2646 2602 2705 2658 Si
2730 2601 2913 2669 vultis,
2955 2611 3270 2671 exceptores
3316 2601 3489 2657 nostri
3534 2615 3627 2655 ve-

2056 2695 2225 2762 niant,
2244 2705 2298 2750 et
2316 2695 2398 2749 sic
2426 2702 2593 2749 totum
2621 2693 2940 2760 excipiatur.

2131 2786 2355 2842 Sabinus
2376 2788 2635 2855 episcopus
2665 2785 2835 2839 dixit:
2858 2785 3101 2840 Adducat
3127 2799 3256 2841 suos
3284 2794 3624 2855 exceptores.

2131 2876 2409 2933 Palladius
2454 2878 2583 2931 dixit
2613 2893 2632 2932 :
2667 2878 2834 2934 Pleno
2872 2879 3102 2935 concilio
3144 2880 3295 2934 vobis
3334 2879 3627 2948 responde-

2059 2970 2254 3026 bimus.

2132 3060 2429 3115 Ambrosius
2451 3060 2716 3130 episcopus
2751 3060 2921 3114 dixit:
2952 3058 3164 3115 Attalus
3194 3058 3246 3112 in
3280 3066 3505 3112 tractatu
3536 3056 3630 3110 Ni-

2060 3150 2195 3204 cmni
2241 3149 2449 3204 concilii
2493 3147 2828 3216 subscripsit.
2892 3147 3057 3215 Neget
3096 3147 3289 3200 factum
3330 3147 3451 3215 quia
3483 3146 3630 3199 venit

1983 3216 2029 3278 ε
2061 3240 2127 3293 ad
2176 3239 2481 3294 concilium.
2538 3239 2691 3293 Dicat
2736 3239 2892 3294 hodie
2934 3250 3113 3293 utrum
3166 3240 3543 3307 subscripserit
3579 3239 3638 3292 in

2063 3336 2287 3384 tractatu
2312 3328 2511 3383 Nicaeni
2538 3328 2770 3392 concilii,
2804 3343 2869 3381 an
2900 3344 3028 3383 non.

2135 3419 2363 3489 Cumque
2419 3419 2621 3473 Attalus
2685 3419 2953 3483 reticeret,
3022 3419 3311 3473 Ambrosius
3372 3419 3641 3488 episcopus

2064 3512 2197 3565 dixit
2223 3527 2242 3564 :
2273 3510 2485 3565 Attalus
2524 3510 2834 3580 presbyter,
2858 3510 2982 3564 licet
3007 3510 3147 3563 inter
3174 3512 3400 3563 Arianos
3438 3512 3526 3575 sit,
3556 3519 3640 3562 ta-

2065 3616 2185 3654 men
2210 3600 2371 3655 habet
2398 3600 2771 3655 auctoritatem
2801 3600 3074 3670 loquendi.
3109 3600 3302 3655 Libere
3327 3598 3641 3669 profiteatur

2066 3700 2245 3744 utrum
2293 3689 2679 3759 subscripserit
2708 3691 2761 3745 in
2796 3698 3024 3745 tractatu
3065 3690 3263 3746 Nicmni
3293 3691 3503 3746 concilii
3538 3692 3642 3747 sub

2065 3779 2316 3849 episcopo
2347 3792 2445 3833 suo
2475 3778 2790 3847 Agrippino,
2820 3795 2886 3832 an
2912 3793 3039 3833 non.

2138 3870 2345 3922 Attalus
2397 3870 2526 3922 dixit
2564 3886 2582 3924 :
2617 3870 2780 3941 499
2820 3870 2941 3925 iam
2983 3870 3164 3926 dixisti
3220 3886 3307 3926 me
3355 3871 3642 3941 aliquoties

2068 3958 2396 4025 damnatum,
2426 3974 2535 4013 non
2559 3960 2650 4014 tibi
2682 3962 3002 4029 respondeo.

2139 4049 2429 4103 Ambrosius
2457 4051 2718 4120 episcopus
2743 4052 2871 4105 dixit
2898 4051 3303 4121 :Subscripsisti
3325 4052 3376 4106 in
3409 4059 3641 4108 tractatu

2070 4143 2280 4197 concilii
2312 4142 2535 4213 Nic-aeni,
2568 4152 2658 4198 aut
2687 4145 2831 4199 non?

2139 4237 2339 4292 Attalus
2367 4238 2496 4293 dixit
2527 4255 2546 4293 :
2574 4239 2687 4294 Non
2719 4238 2812 4294 tibi
2856 4240 3173 4309 respondeo.

2142 4326 2414 4383 Palladius
2468 4331 2595 4383 dixit
2626 4346 2644 4384 :
2673 4331 2830 4386 Modo
2882 4331 3037 4386 vultis
3093 4340 3372 4388 tractatum
3419 4331 3639 4403 plenum

2072 4419 2275 4487 haberi,
2300 4430 2388 4475 aut
2412 4434 2516 4475 non
2540 4420 2563 4472 ἲ

2144 4508 2466 4563 Chromatius
2487 4510 2745 4580 presbyter
2764 4510 2933 4564 dixit:
2955 4510 3261 4565 Creaturam
3286 4525 3387 4565 non
3410 4513 3642 4580 negasti,

465 4583 687 4636 Sabinus
711 4584 976 4651 episcopus
999 4580 1126 4634 dixit
1153 4596 1171 4634 :
1206 4581 1306 4635 Pro
1335 4580 1465 4634 Ario
1494 4594 1600 4634 non
1633 4573 1954 4647 respondes?

2091 4600 2360 4654 totentiam
2385 4600 2607 4670 negasti,
2638 4601 2814 4654 omnia
2841 4601 3043 4669 negasti
3072 4616 3191 4670 qua:
3217 4601 3349 4657 ﬁdes
3377 4601 3646 4657 catholica

394 4672 460 4726 ad
492 4673 815 4740 interrogata
836 4686 943 4725 non
974 4670 1304 4738 respondes?

473 4759 742 4812 Palladius
770 4760 899 4813 dixit
924 4775 941 4811 :
974 4758 1076 4812 Pro
1098 4758 1225 4812 Ario
1247 4773 1345 4827 ego
1374 4772 1479 4811 non
1506 4756 1782 4825 respondi.

467 4849 684 4902 Sabinus
704 4848 970 4916 episcopus
993 4847 1119 4899 dixit
1143 4862 1161 4899 :
1189 4846 1365 4914 Usque
1395 4846 1527 4925 adeo
1556 4845 1720 4916 498
1742 4859 1969 4913 respon-

394 4940 541 5005 disti,
580 4946 638 4992 ut
669 4938 859 4992 Filium
891 4937 985 4992 Dei
1024 4952 1247 5007 negares
1288 4947 1582 5007 potentem,
1624 4952 1848 5007 negares
1874 4952 1969 4993 ve-

396 5045 513 5087 rum
545 5029 729 5083 Deum.

472 5118 742 5172 Palladius
773 5117 943 5172 dixit:
971 5117 1083 5188 Ego
1114 5126 1165 5174 te
1186 5117 1419 5189 judicem
1461 5133 1564 5174 non
1592 5120 1785 5188 patior,
1811 5132 1968 5189 quem

398 5211 684 5278 impietatis
707 5224 894 5280 arguo.

467 5302 690 5357 Sabinus
733 5300 999 5371 episcopus
1028 5300 1155 5355 dixit
1181 5318 1194 5354 :
1219 5299 1337 5370 Ipse
1376 5315 1476 5355 nos
1502 5300 1723 5369 coegisti
1755 5299 1966 5355 sedere.

472 5393 743 5448 Palladius
786 5394 959 5448 dixit:
988 5394 1231 5448 Mandavi
1273 5402 1331 5448 ut
1369 5394 1653 5461 sederetis,
1692 5404 1750 5447 ut
1777 5407 1967 5462 argue-

398 5500 512 5538 rem
544 5500 659 5541 vos.
690 5487 865 5553 Quare
892 5484 1231 5553 subripuiStis
1277 5484 1625 5554 imperatori?
1659 5484 1726 5540 Ut
1751 5486 1967 5555 plenum

398 5577 679 5632 concilium
712 5593 815 5633 non
847 5586 1010 5645 esset,
1039 5576 1371 5645 obripuistis.

474 5682 762 5740 Ambrosius
787 5689 1050 5756 episcopus
1075 5687 1203 5741 dixit
1226 5703 1243 5740 :
1265 5687 1396 5742 Cum
1430 5689 1540 5743 Arii
1567 5690 1867 5758 impietates
1895 5691 1970 5746 le-

398 5784 671 5845 gerentur,
716 5787 768 5833 et
814 5778 1058 5848 impietas
1108 5790 1190 5835 tua
1234 5783 1430 5851 pariter
1471 5783 1819 5841 condemnata
1865 5796 1965 5855 εει,

2069 4690 2364 4760 profitetur.

2141 4779 2364 4835 Sabinus
2418 4779 2678 4850 episwpus
2717 4780 2847 4834 dixit
2877 4796 2896 4832 :
2925 4779 3110 4835 Testes
3138 4794 3319 4834 sumus
3369 4794 3467 4834 nos
3496 4779 3650 4834 Atta-

2068 4870 2176 4924 lum
2205 4869 2582 4939 subscripsisse
2610 4871 2662 4923 in
2693 4870 2915 4925 concilio
2959 4868 3194 4935 Nicteno,
3228 4882 3279 4925 et
3330 4885 3472 4925 nunc
3501 4872 3648 4927 nolle

2071 4964 2415 5032 respondere.
2443 4964 2578 5029 Quid
2606 4967 2809 5020 cunctis
2833 4966 3077 5020 videtur?

2143 5058 2364 5128 Cumque
2385 5058 2583 5112 Attalus
2606 5059 2851 5125 reticeret,
2878 5060 3169 5112 Ambrosius
3190 5060 3457 5126 episcopus
3476 5057 3606 5110 dixit
3628 5071 3648 5109 :

2072 5152 2223 5205 Dicat
2250 5160 2424 5204 utrum
2453 5150 2833 5220 subscripserit
2856 5153 2907 5205 in
2935 5160 3154 5206 tractatu
3183 5152 3396 5206 concilii
3427 5150 3647 5215 Nicxni,

2072 5251 2164 5297 aut
2194 5257 2321 5295 non.

2143 5329 2416 5386 Palladius
2436 5333 2563 5386 dixit
2588 5350 2605 5386 :
2630 5333 2892 5404 Exceptor
2918 5343 3097 5390 vester
3117 5343 3169 5389 et
3200 5342 3379 5387 noster
3402 5338 3564 5396 stent,
3592 5336 3650 5383 et

2077 5423 2254 5479 omnia
2276 5424 2528 5477 scribant.
3634 5463 3642 5469 .

2156 5513 2461 5570 Valerianus
2512 5516 2776 5584 episropus
2828 5516 3148 5571 dixit:Jam
3199 5532 3318 5587 qua:
3367 5514 3546 5571 dixisti
3592 5520 3652 5567 et

2078 5607 2301 5675 negasti,
2336 5608 2530 5675 scripta
2553 5614 2676 5660 sunt
2696 5604 2891 5658 omnia.

2148 5696 2419 5750 Palladius
2453 5697 2580 5748 dixit
2602 5711 2620 5748 :
2651 5694 2815 5749 Dicite
2843 5694 2984 5764 quod
3014 5695 3191 5750 vultis.

2150 5787 2442 5841 Ambrosius
2471 5787 2734 5855 episcopus
2761 5787 2888 5842 dixit
2913 5803 2930 5842 :
2960 5787 3090 5863 Quia
3140 5786 3335 5856 sapius
3364 5785 3472 5842 vult
3500 5783 3651 5839 dam-
