3960 6176
332 378 430 440 “Si

1316 383 1583 443 CONTRA
1625 389 2014 449 PALLADIUM
2054 395 2360 452 ARIANUM
2400 396 2525 453 LIB.
2568 398 2608 453 l.

3457 410 3559 468 ue

335 503 442 558 nari
465 500 757 571 Palladius,
785 500 870 569 qui
896 502 1002 571 jam
1035 500 1334 572 frequenter
1357 506 1745 572 damnatusest,
1766 508 1885 578 lego
1914 514 1967 571 Α
1992 519 2141 580 parte
2168 521 2496 580 exceptores.
2526 513 2638 568 Non
2678 515 2897 583 potestis
2940 530 3060 574 esse
3103 518 3310 589 judices
3333 535 3375 575 ει
3408 528 3557 576 audi-

336 591 600 661 epiStolam
632 590 770 654 Arii,
802 605 957 661 quam
988 591 1080 647 ille
1117 594 1287 649 noluit
1318 595 1693 653 condemnare.
1726 596 1894 652 Proﬁ-

338 682 509 737 temini
534 680 675 750 quod
698 680 848 735 vobis
875 680 1102 737 videtur.

405 772 587 824 Omnes
616 770 842 839 episwpi
880 769 1109 824 dixerunt
1144 786 1164 825 :
1193 770 1435 841 Legatur.

403 860 465 914 Et
492 862 703 914 recitata
743 866 817 914 est
848 875 865 912 :
892 859 1039 915 ΝΑτο
1065 876 1240 915 Αυτειι
1268 875 1368 916 non
1395 876 1679 931 PU'I'ATIVE,
1719 872 1773 919 et
1801 878 1887 919 re-

334 954 494 1023 hqua.

396 1042 694 1096 Ambrosius
740 1043 1005 1111 episcopus
1028 1045 1486 1114 dixit:Respondi
1532 1045 1622 1100 tibi
1656 1046 1724 1102 de
1775 1061 1891 1100 ma.

330 1134 461 1203 jore,
491 1134 743 1204 respondi
798 1135 890 1190 libi
931 1144 984 1190 et
1027 1136 1095 1191 de
1118 1137 1380 1205 subjecto,
1409 1151 1548 1192 nunc
1584 1147 1636 1193 et
1668 1139 1779 1208 ipse
1808 1153 1893 1194 re-

329 1224 550 1295 sponde.

395 1313 670 1369 Palladius
724 1314 899 1369 dixit:
937 1315 1050 1370 Non
1094 1315 1448 1386 respondebo,
1496 1318 1596 1372 nisi
1647 1325 1892 1372 auctores

274 1478 285 1487 _
329 1406 539 1461 veniant
568 1414 690 1477 post
717 1407 1036 1462 dominicam
1066 1407 1227 1463 diem.

394 1497 689 1552 Ambrosius
706 1500 966 1570 episcopus
988 1500 1153 1553 dixit:
1181 1500 1412 1556 Veneras
1437 1510 1778 1567 tractaturus,
1797 1502 1891 1558 sed

329 1598 673 1661 posteaquam
711 1591 883 1660 objeci
914 1592 1031 1657 tibi,
1064 1592 1237 1646 vidisti
1266 1594 1378 1648 Arii
1407 1594 1705 1663 epistolam,
1733 1610 1890 1663 quam

327 1680 579 1733 damnare
604 1680 838 1746 noluisti,
869 1693 1109 1736 asserere
1132 1693 1305 1735 autem
1335 1696 1438 1736 non
1469 1692 1618 1752 potes
1647 1701 1660 1736 :
1696 1682 1895 1738 idcirco

327 1786 467 1827 nunc
495 1771 693 1842 refugis
724 1782 776 1828 et
811 1771 1093 1827 cavillaris.
1127 1773 1368 1828 Plenarie
1412 1773 1580 1841 ipsam
1623 1776 1841 1829 recitato
1874 1790 1889 1827 :

1994 606 2137 654 tores
2157 613 2261 653 non
2287 600 2626 657 habuerimus
2649 619 2664 667 ;
2692 612 2747 658 et
2764 606 2864 660 nisi
2891 621 2954 661 ex
2972 617 3194 678 utraque
3223 619 3373 678 parte
3400 626 3559 665 vene-

1991 689 2099 743 rint
2129 688 2217 757 qui
2246 690 2481 755 audiant,
2510 707 2613 747 non
2640 694 2791 749 vobis
2822 697 3223 764 respondemus.

2061 779 2355 834 Ambrosius
2399 782 2663 851 episwpus
2704 784 2834 838 dixit
2881 801 2901 838 :
2942 786 3083 852 Quos
3119 787 3359 856 quaeritis
3410 788 3560 841 audi-

1992 869 2171 924 tores?

2064 956 2339 1011 Palladius
2366 956 2496 1011 dixit
2526 973 2543 1010 :
2570 957 2705 1014 Sunt
2725 958 2811 1013 hic
2832 959 3075 1015 honorati
3102 962 3272 1015 multi.

2065 1046 2288 1101 Sabinus
2337 1048 2596 1118 episcopus
2649 1048 2778 1101 dixit
2818 1064 2837 1101 :
2900 1049 3029 1104 Post
3075 1057 3153 1105 tot
3201 1050 3560 1120 blasphemias

1990 1135 2258 1191 auditores
2279 1136 2449 1205 petis?

2012 1222 2015 1227 λ
2062 1230 2359 1283 Ambrosius
2401 1230 2665 1300 episcopus
2718 1230 2845 1285 dixit
2888 1246 2907 1283 :
2936 1229 3252 1287 Sacerdotes
3294 1231 3360 1286 de
3409 1232 3558 1286 laicis

1987 1318 2225 1388 judicare
2247 1320 2460 1385 debent,
2491 1337 2595 1375 non
2619 1321 2738 1376 laici
2758 1323 2825 1377 de
2844 1322 3208 1380 sacerdmibus
3228 1339 3244 1388 ;
3267 1323 3359 1378 sed
3383 1333 3556 1379 tamen

1992 1425 2123 1480 quos
2149 1411 2353 1478 judices
2374 1420 2517 1479 petas
2538 1412 2717 1468 dicito.

2064 1501 2340 1556 Palladius
2368 1504 2494 1556 dixit
2524 1519 2542 1556 :
2568 1503 2847 1558 Auditores
2869 1504 3101 1559 veniant.

2064 1590 2385 1645 Chromatius
2429 1594 2684 1661 presbyter
2730 1594 2860 1646 dixit
2886 1594 3081 1647 :Salva
3121 1593 3559 1650 condemnatione

1993 1684 2330 1753 sacerdotali,
2356 1685 2480 1754 quin
2502 1692 2558 1738 et
2582 1684 2671 1755 qui
2700 1684 2917 1751 Palladii
2956 1693 3081 1739 sunt
3132 1686 3289 1740 etiam
3322 1688 3372 1740 in
3403 1687 3558 1755 pleno

1997 1775 2261 1843 legantur.

326 1862 390 1915 ad
418 1862 628 1932 singula
650 1862 754 1915 dic.
782 1860 969 1917 Utrum
1021 1862 1261 1916 Christus
1291 1870 1501 1917 creatus
1526 1863 1784 1929 videatur,
1823 1878 1891 1918 an
1924 1850 1971 1910 Β
2065 1864 2339 1918 Palladius
2365 1865 2535 1917 dixit:
2562 1863 2674 1919 Non
2700 1867 3073 1934 permittantur
3093 1866 3235 1935 loqui
3264 1866 3556 1929 auditores,

326 1952 424 2006 fuit
451 1953 668 2021 quando
710 1967 814 2007 non
852 1952 948 2008 fuit
974 1952 1231 2017 Christus,
1262 1968 1331 2009 au
1360 1969 1489 2009 vero
1538 1970 1751 2024 semper
1796 1955 1894 2009 fuit

327 2043 633 2113 unigenitus
662 2045 753 2100 Dei
791 2045 973 2100 Filius.
1004 2046 1134 2101 Cum
1162 2047 1274 2102 Arii
1315 2049 1593 2114 epistolam
1636 2049 1890 2115 audieris,

326 2146 412 2189 aut
436 2134 654 2201 damna,
677 2144 766 2189 aut
798 2135 982 2201 proba.

394 2224 673 2281 Palladius
723 2228 901 2281 dixit:
954 2226 1085 2282 Cum
1135 2226 1420 2297 impietatis
1462 2237 1514 2284 tc
1541 2244 1787 2299 arguam,
1841 2237 1893 2284 te

326 2316 499 2385 judice
521 2332 629 2369 non
649 2325 788 2373 utor.
811 2316 1193 2388 Transgressor
1211 2333 1290 2372 es.

397 2408 621 2464 Sabinus
667 2410 927 2479 episwpus
982 2407 1321 2475 dixit:Quas
1368 2409 1666 2476 impietates
1708 2408 1893 2477 obiicis

328 2497 476 2555 fratri
510 2510 691 2555 nostro
721 2510 775 2554 et
804 2500 1170 2555 consacerdoti
1200 2500 1481 2557 Ambrosio
1506 2501 1529 2555 ?
1554 2500 1735 2559 dicito.

400 2589 673 2645 Palladius
726 2589 854 2645 dixit
881 2605 899 2644 :
923 2591 1040 2646 Jam
1088 2592 1239 2647 vobis
1268 2592 1376 2647 dixi
1410 2611 1422 2644 :
1458 2593 1621 2649 Pleno
1665 2593 1893 2649 concilio

325 2682 682 2751 respondebo,
705 2691 757 2738 et
786 2682 1135 2754 praesentibus
1180 2686 1503 2742 auctoribus.

400 2775 694 2828 Ambrosius
744 2774 1004 2845 episcopus
1058 2776 1186 2829 dixit
1227 2792 1245 2828 :
1276 2774 1331 2829 In
1369 2789 1622 2831 consessu
1672 2776 1893 2831 fratrum

324 2876 569 2918 meorum
585 2866 740 2933 cupio
757 2864 1016 2919 confutari
1044 2875 1095 2920 et
1118 2865 1381 2935 redargui.
1409 2866 1535 2932 Qua:
1553 2867 1711 2935 igitur
1734 2866 1801 2921 im
1809 2866 1894 2935 pie

326 2952 578 3018 dixerim,
626 2954 806 3008 dicito.
852 2954 959 3010 Sed
1004 2954 1197 3025 impius
1240 2956 1335 3011 tibi
1386 2957 1586 3024 videor,
1632 2957 1721 3026 qui
1776 2956 1894 3027 pie-

326 3053 495 3099 tatem
525 3052 720 3100 astruo.

399 3136 625 3191 Sabinus
675 3138 936 3206 episwpus
978 3138 1137 3209 500
1184 3140 1521 3211 dixit:Ergo
1576 3140 1769 3210 impius
1798 3138 1890 3195 tibi

326 3229 563 3295 videtur,
598 3230 684 3299 qui
714 3231 825 3285 Arii
855 3231 1213 3300 blasphemias
1243 3235 1449 3303 arguit?

398 3317 673 3373 Palladius
717 3320 895 3374 dixit:
928 3320 1041 3392 Ego
1086 3338 1190 3377 non
1239 3324 1424 3394 negavi
1463 3324 1658 3380 bonum
1702 3324 1891 3380 Filium

325 3407 445 3466 Dei.

394 3502 694 3557 Ambrosius
741 3504 1003 3573 episwpus
1047 3504 1177 3559 dixit
1208 3520 1226 3558 :
1256 3504 1396 3561 Dicis
1446 3520 1574 3576 ergo
1624 3506 1889 3562 Christum

322 3589 496 3646 Deum
522 3591 753 3646 bonum?

389 3679 665 3735 Palladius
691 3682 818 3735 dixit
843 3698 862 3735 :
881 3680 996 3736 Non
1019 3682 1170 3738 vobis
1192 3684 1509 3752 respondeo.

398 3768 702 3823 Valerianus
731 3770 993 3841 epist-Opus
1022 3766 1151 3825 dixit
1178 3788 1197 3826 :
1227 3772 1400 3827 Nolite
1427 3772 1647 3825 multum
1671 3771 1885 3840 adigere

317 3855 633 3925 Palladium,
665 3874 769 3916 non
810 3869 981 3930 potest
1022 3876 1148 3917 vera
1180 3872 1357 3917 nostra
1387 3863 1694 3931 simpliciter
1720 3864 1886 3917 conti-

316 3951 440 4005 teri.
466 3949 638 4019 Ipsius
665 3952 803 4006 enim
831 3953 1156 4006 conscientia
1188 3952 1380 4021 duplici
1410 3951 1733 4020 blasphemia
1758 3967 1885 4005 con-

315 4041 437 4094 fusa
484 4049 583 4095 est.
625 4040 754 4094 Nam
785 4056 813 4094 a
852 4040 1179 4095 Photinianis
1220 4050 1300 4095 est
1332 4041 1641 4106 ordinatus,
1672 4052 1723 4095 et
1763 4056 1883 4096 cum

314 4132 449 4201 ipsis
471 4138 553 4183 est
578 4129 888 4196 damnatus;
919 4139 972 4185 et
1002 4145 1141 4185 nunc
1170 4130 1376 4200 plenius
1402 4130 1763 4186 damnabitur.

382 4220 661 4275 Palladius
682 4220 811 4275 dixit
836 4237 854 4275 :
886 4221 997 4278 Hoc
1020 4222 1202 4290 proba.

384 4311 614 4366 Sabinus
640 4312 900 4384 episwptts
940 4316 1068 4369 dixit
1113 4332 1131 4368 :
1175 4314 1289 4369 Non
1320 4315 1475 4370 aliter
1492 4322 1698 4385 poterat
1726 4314 1882 4369 Chri-

316 4410 459 4459 stum
491 4419 669 4459 verum
713 4420 933 4475 negare,
962 4407 1063 4461 nisi
1102 4417 1346 4462 auctores
1376 4422 1500 4463 suos
1543 4417 1879 4478 sequeretur.

384 4492 679 4547 Ambrosius
701 4494 966 4565 episcopus
1012 4496 1180 4550 dixit:
1210 4496 1459 4567 Obiecisti
1502 4512 1588 4553 me
1617 4512 1736 4553 esse
1783 4498 1881 4552 im-

316 4582 463 4651 pium
494 4602 506 4636 ε
534 4586 633 4641 hoc
662 4585 847 4654 proba.

390 4670 657 4727 Palladius
684 4676 811 4729 dixit
840 4693 858 4729 :
885 4676 1282 4747 Expositioncm
1323 4686 1557 4733 nostram
1585 4667 1877 4733 at'feriinus.

315 4761 450 4817 Cum
474 4764 822 4832 attulerimus,
845 4774 969 4821 tunc
990 4768 1277 4835 diSputatio
1300 4768 1597 4823 habebitur.

386 4854 678 4911 Ambrosius
702 4858 963 4926 episcOpus
988 4858 1153 4912 dixit:
1174 4859 1373 4913 Damna
1402 4860 1721 4928 impietatem
1745 4857 1876 4912 Arii.

385 4947 518 5002 Cum
545 4950 769 5002 reticeret
808 4947 1096 5013 Palladius,
1132 4949 1377 5003 Eusebius
1417 4950 1678 5020 episwpus
1700 4949 1830 5003 dixit
1860 4966 1878 5003 :

311 5035 609 5107 Superﬂuis
637 5038 1002 5092 immoramur.
1021 5038 1124 5092 Tot
1165 5037 1461 5107 impietates
1482 5038 1591 5091 Arii
1615 5038 1881 5094 Palladius

312 5128 492 5183 noluit
515 5128 888 5193 condemnare,
923 5129 1032 5184 imo
1058 5130 1230 5199 potius
1279 5128 1565 5185 asserendo
1604 5129 1881 5186 confessus

310 5233 419 5280 est.
451 5222 596 5277 liunc
622 5222 709 5291 qui
741 5236 843 5277 non
872 5223 1105 5285 damnat,
1134 5223 1321 5278 similis
1367 5221 1505 5276 illius
1530 5229 1632 5287 est,
1675 5231 1730 5277 ct
1773 5223 1880 5278 ha:-

308 5313 518 5368 reticus
542 5311 659 5378 jure
681 5311 936 5366 dicendus
957 5320 1055 5366 est.

387 5406 577 5457 Omnes
632 5403 853 5472 episwpi
885 5403 1158 5456 dixerunt:
1182 5399 1227 5454 A
1258 5399 1412 5455 nobis
1450 5398 1697 5454 omnibus
1750 5414 1877 5454 ana-

306 5496 493 5549 thema
523 5494 593 5548 sit
622 5492 881 5549 Palladio.

380 5605 683 5659 Ambrosius
717 5605 977 5675 episcopus
1024 5601 1522 5673 dixit:Acquiescis
1574 5609 1632 5656 ut
1686 5610 1877 5657 extera

307 5697 588 5770 lcgantur,
613 5697 856 5751 Palladi?

387 5785 668 5847 Palladius
691 5789 852 5845 dixit:
874 5787 1003 5847 Date
1030 5786 1312 5859 auditores,
1336 5789 1542 5844 veniant
1568 5803 1633 5843 ex
1659 5794 1877 5857 utraque

1994 1956 2207 2011 veniant
2237 1966 2290 2011 et
2310 1971 2373 2009 ex
2405 1964 2629 2025 utraque
2658 1966 2807 2024 parte
2830 1967 3167 2026 exceptores,
3191 1964 3245 2011 et
3269 1958 3558 2026 responde.

1994 2045 2126 2100 bunt
2149 2045 2301 2099 vobis
2329 2044 2380 2097 hi
2413 2046 2464 2098 in
2493 2044 2720 2099 concilio
2744 2046 2997 2115 generali.

2064 2139 2352 2191 Ambrosius
2393 2138 2654 2208 episcOpus
2685 2138 2812 2191 dixit
2845 2153 2863 2192 :
2889 2137 3001 2191 Etsi
3026 2139 3078 2192 in
3108 2138 3286 2192 multis
3316 2137 3559 2206 impieta.

1992 2229 2132 2284 tibus
2156 2228 2515 2297 deprehensus
2546 2228 2633 2296 sit,
2657 2227 3018 2283 erubescimus
3064 2237 3239 2285 tamen
3282 2238 3339 2283 ut
3375 2228 3557 2283 videa-

1993 2327 2078 2373 tur
2106 2320 2260 2390 501
2292 2320 2379 2389 qui
2411 2318 2761 2373 sacerdotium
2795 2318 2895 2373 sibi
2925 2318 3159 2373 vindicat
3207 2334 3234 2371 a
3268 2319 3416 2373 laicis
3439 2333 3557 2373 esse

1992 2410 2291 2466 damnatus.
2319 2411 2394 2464 Ac
2423 2424 2517 2478 per
2562 2409 2682 2473 hoc,
2708 2410 2954 2480 quoniam
2983 2418 3035 2464 et
3064 2410 3113 2464 in
3142 2409 3244 2463 hoc
3271 2412 3382 2479 ipso
3408 2410 3556 2463 dam-

1993 2502 2197 2558 nandus
2227 2512 2309 2557 est
2340 2501 2430 2568 qui
2470 2501 2724 2556 laicorum
2767 2509 3035 2568 exspectat
3071 2501 3407 2566 sententiam,
3437 2516 3557 2555 cum

1992 2592 2159 2662 magis
2193 2591 2259 2647 de
2306 2591 2457 2647 laicis
2496 2590 2799 2646 sacerdotes
2840 2590 3069 2644 debeant
3101 2589 3367 2658 judicare,
3406 2589 3556 2656 juxta

1993 2697 2057 2737 ea
2102 2697 2220 2751 quae
2273 2681 2431 2736 hodie
2481 2681 2778 2736 audivimus
2835 2678 3129 2735 Palladium
3184 2677 3554 2746 proﬁtentem,

1994 2781 2047 2827 et
2071 2772 2225 2841 juxta
2253 2787 2316 2827 ea
2344 2788 2462 2843 qua!
2488 2773 2848 2829 condemnare
2874 2773 3061 2842 noluit,
3094 2773 3379 2841 pronuntio
3409 2771 3554 2825 illum

1993 2861 2290 2917 sacerdotio
2319 2863 2590 2932 indignum
2621 2870 2673 2916 et
2697 2861 2986 2917 curandum
3016 2870 3076 2916 ut
3103 2863 3154 2917 in
3181 2862 3297 2916 loco
3326 2861 3439 2930 ejus
3469 2875 3553 2915 cas

1996 2953 2222 3010 tholicus
2243 2953 2535 3009 ordinetur.

2066 3043 2249 3097 Omnes
2277 3044 2494 3115 episwpi
2521 3044 2758 3097 dixerunt
2784 3060 2801 3097 :
2828 3044 3126 3100 Anathema
3157 3044 3410 3101 Palladio.

2063 3134 2351 3188 Ambrosius
2371 3134 2631 3204 episcopus
2670 3135 2798 3188 dixit
2827 3150 2846 3188 :
2884 3136 3175 3203 Imperator
3210 3134 3553 3189 clementissi-

1923 3211 1968 3273 C
1999 3239 2115 3280 mus
2153 3233 2208 3279 et
2234 3223 2562 3279 Christianus
2590 3224 2924 3280 sacerdotum
2951 3225 3150 3295 judicio
3179 3239 3389 3279 causam
3421 3233 3465 3287 ⁸,
3500 3232 3552 3278 et

1997 3322 2055 3368 ut
2085 3314 2182 3384 ipsi
2206 3314 2389 3369 arbitri
2420 3323 2597 3369 essent
2622 3315 2981 3370 altercationis
3014 3316 3063 3368 in
3094 3314 3217 3385 quid
3246 3314 3553 3369 constituis-

1995 3418 2195 3459 semus.
2253 3404 2512 3469 Quoniam
2565 3405 2724 3472 igitur
2766 3405 2919 3460 nobis
2942 3404 3195 3473 judicium
3232 3404 3440 3457 videtur
3460 3404 3554 3458 de-

1990 3495 2175 3561 latum,
2209 3496 2469 3565 interpres
2505 3502 2586 3552 est
2625 3497 2894 3568 Scriptura
2927 3516 2939 3551 :
2969 3497 3387 3565 condemnemus
3435 3496 3553 3549 Pal-

1989 3583 2207 3648 ladium,
2242 3585 2329 3654 qui
2376 3586 2521 3654 impii
2553 3584 2665 3640 Arii
2696 3586 2865 3640 noluit
2917 3587 3173 3640 damnare
3217 3586 3554 3639 sententiam.

1988 3674 2054 3728 Et
2106 3678 2226 3745 quia
2283 3677 2396 3745 ipse
2445 3677 2537 3732 Dei
2589 3678 2779 3732 Filium
2826 3680 3228 3747 sempiternum,
3259 3687 3311 3731 et
3365 3685 3553 3731 caetera

1986 3780 2103 3835 quae
2125 3767 2257 3820 actis
2287 3767 2511 3833 harent,
2544 3770 2782 3838 negavit:
2818 3784 2945 3838 ergo
2974 3769 3252 3822 anathema
3278 3768 3556 3823 habeatur.

2060 3859 2246 3913 Omnes
2293 3860 2512 3929 epitCOpi
2553 3860 2791 3913 dixerunt
2829 3875 2846 3913 :
2886 3859 3084 3914 Omnes
3136 3859 3555 3914 condemnemus

1984 3964 2103 4004 eum
2129 3967 2141 4001 :
2186 3949 2462 4003 anathema
2487 3949 2761 4004 habeatur.

2055 4040 2350 4094 Ambrosius
2403 4042 2666 4111 episcapus
2712 4041 2840 4094 dixit
2871 4056 2890 4095 :
2919 4040 3175 4108 Quoniam
3205 4055 3390 4095 omnes
3419 4055 3549 4094 con-

1985 4132 2177 4187 sistunt
2218 4132 2317 4185 viri
2363 4132 2676 4196 Christiani,
2719 4142 2774 4189 et
2828 4134 2938 4188 Deo
2977 4133 3181 4202 probati
3225 4133 3451 4199 fratres,
3496 4143 3554 4187 et

1984 4220 2393 4277 consacerdotes
2439 4221 2629 4289 nostri,
2661 4221 2803 4276 dicat
2850 4222 3209 4289 unusquisque
3260 4220 3399 4289 quod
3448 4221 3549 4274 sibi

1984 4312 2211 4367 videtur.

2060 4401 2363 4455 Valerianus
2415 4402 2676 4472 episcopus
2711 4401 2834 4454 dixit
2867 4417 2887 4455 :
2932 4401 3057 4454 Mihi
3100 4400 3311 4468 quidem
3343 4399 3553 4455 videtur

1984 4492 2105 4561 quia
2136 4492 2225 4560 qui
2256 4491 2435 4545 Arium
2464 4490 2722 4555 defendit,
2763 4491 2992 4545 Arianus
3022 4497 3104 4545 est
3135 4506 3148 4542 :
3186 4492 3275 4559 qui
3304 4490 3551 4559 blasphe-

1906 4566 1959 4624 D
1985 4583 2116 4635 mias
2158 4582 2323 4651 ipsius
2377 4597 2478 4636 non
2527 4581 2868 4648 condemnat,
2916 4582 3033 4649 ipse
3060 4580 3401 4648 blasphemus
3440 4590 3544 4635 est.

1980 4673 2210 4743 Ideoque
2245 4673 2544 4743 hujusmodi
2597 4674 2865 4730 hominem
2905 4672 3176 4727 consortio
3214 4672 3547 4727 sacerdotum

1980 4780 2175 4821 censeo
2203 4781 2320 4821 esse
2349 4765 2600 4820 alienum.

2052 4856 2318 4912 Palladius
2346 4858 2515 4910 dixit:
2537 4858 2778 4925 Coepistis
2801 4857 3021 4913 ludere?
3042 4858 3209 4918 ludite
3241 4879 3255 4920 :
3287 4864 3402 4918 sine
3422 4878 3547 4918 con-

1981 4949 2104 5003 cilio
2129 4947 2381 5003 Orientali
2410 4948 2559 5002 vobis
2588 4962 2691 5003 non
2717 4949 3123 5018 respondemus.

2055 5058 2293 5111 Anemius
2340 5059 2602 5129 episwpus
2649 5060 2940 5117 Sirmiensis
2994 5064 3124 5118 dixit
3169 5078 3189 5117 :
3237 5063 3548 5133 Quicunque

1985 5149 2215 5204 haereses
2236 5150 2456 5205 Arianas
2487 5166 2591 5206 non
2615 5154 2951 5223 condemnat,
2983 5155 3212 5210 Arianus
3232 5156 3301 5209 sit
3320 5170 3541 5208 necesse

1982 5248 2082 5294 est.
2113 5241 2263 5295 llunc
2285 5241 2444 5310 igitur
2464 5242 2692 5297 alienum
2718 5246 2875 5299 etiam
2898 5260 2927 5298 a
2950 5253 3129 5300 nostra
3170 5243 3543 5299 communione

1983 5338 2035 5384 et
2063 5330 2378 5384 sacerdotali
2420 5340 2559 5386 cmtu
2587 5332 2761 5387 denuo
2790 5334 3046 5402 privatum
3090 5348 3209 5387 esse
3237 5345 3540 5386 censemus.

2050 5443 2372 5499 Constantius
2388 5448 2646 5518 episcOpus
2659 5446 2929 5500 Amusicus
2945 5445 3100 5499 dixit:
3116 5443 3404 5497 Palladium
3426 5445 3540 5499 Arii

1980 5535 2317 5606 discipulum,
2343 5539 2492 5607 cujus
2521 5540 2816 5607 impietates
2838 5538 2947 5606 jam
2974 5537 3100 5589 olim
3128 5536 3391 5590 damnata:
3418 5547 3543 5592 sunt

1978 5642 2006 5681 a
2035 5628 2270 5697 patribus
2298 5631 2490 5685 nostris
2521 5630 2573 5683 in
2614 5628 2838 5684 concilio
2863 5628 3097 5697 Nicano,
3122 5635 3175 5682 et
3212 5641 3352 5683 nunc
3381 5626 3542 5687 hodie

2053 5802 2077 5829 ⁸
2101 5792 2255 5847 Deest
2284 5792 2528 5860 permisit.
