3962 6178
304 343 315 352 ⁸
336 338 435 391 H7

1664 324 1879 383 VfGlLll

2039 326 2286 383 ’SENSIS
3486 337 3513 388 εί
3530 339 3583 389 i8

334 450 579 523 prolatae,
610 462 729 501 cum
786 454 1190 515 recenserentur
1234 440 1473 499 Palladio
1520 440 1763 509 singulae,
1797 453 1903 492 non
1934 441 1982 500 Α
2008 440 2095 509 qui
2126 440 2481 510 blaSphemias
2502 450 2555 496 et
2585 441 2883 512 impietates
2914 442 3024 498 Arii
3049 459 3152 500 non
3184 447 3575 515 condemnavit,

334 541 584 596 confusus
618 548 718 602 est,
748 536 872 591 dum
906 537 996 591 Dei
1025 536 1218 591 Filium
1251 549 1278 588 a
1326 528 1433 586 Deo
1465 531 1617 585 Patre
1639 545 1758 584 esse
1786 529 1907 583 alie-

336 648 459 687 num
492 646 611 685 cum
640 638 879 684 creatura
902 628 1205 689 conﬁtetur,
1238 640 1357 679 cum
1389 621 1731 692 temporalem
1756 620 1904 684 dicit,

335 730 616 783 Dominum
670 740 850 779 verum
906 732 1084 794 negat,
1148 721 1200 775 in
1254 718 1636 788 sempiternum
1713 728 1907 770 censeo

335 834 455 873 esse
485 816 868 871 damnandum.

403 906 582 961 Justus
610 907 873 976 episcopus
894 904 1024 957 dixit
1052 920 1070 957 :
1093 903 1409 971 Palladium,
1431 901 1522 971 qui
1550 898 1907 967 blasphemias

333 1001 447 1055 Arii
476 1000 730 1053 damnare
783 997 969 1062 noluit,
1017 994 1111 1050 sed
1164 995 1321 1049 etiam
1380 992 1547 1061 magis
1600 990 1758 1058 502
1814 988 1908 1041 has

334 1090 575 1145 confiteri
604 1089 829 1152 videtur,
852 1100 1050 1140 censeo
1076 1085 1297 1139 ulterius
1320 1082 1651 1155 sacerdotem
1676 1080 1777 1135 dici
1800 1094 1907 1134 non

335 1195 513 1249 posse,
548 1193 645 1233 nec
686 1178 828 1232 inter
860 1176 1141 1246 episcopos
1168 1173 1426 1244 deputari.

405 1271 650 1325 Eventius
719 1271 982 1339 episcopus
1028 1266 1328 1320 Ticiniensis
1376 1264 1560 1317 dixit:
1593 1259 1908 1323 Palladium,

335 1364 425 1432 qui
459 1363 785 1431 impietatem
816 1359 927 1412 Arii
959 1358 1212 1411 damnare
1255 1353 1443 1418 noluit,
1474 1351 1702 1405 arbitror
1728 1364 1757 1404 a
1784 1364 1912 1404 con-

335 1453 502 1506 sortio
529 1449 846 1505 sacerdotali
874 1448 925 1500 in
965 1454 1275 1515 perpetuum
1305 1456 1423 1497 esse
1444 1449 1731 1495 remotum.

407 1542 762 1595 Abundantius
828 1540 1089 1607 episcopus
1159 1535 1491 1588 Tridentinus
1536 1530 1665 1586 dixit
1716 1547 1734 1584 :
1777 1529 1910 1587 Cum

335 1634 612 1690 evidentes
643 1631 997 1700 blaSphemias
1022 1627 1285 1683 Palladius
1311 1625 1582 1689 defendat,
1605 1624 1908 1679 damnatum

334 1740 394 1781 se
421 1741 488 1779 ex
522 1724 752 1779 concilio
784 1720 1109 1791 Aquileiensi
1140 1725 1449 1787 cognoscat.

405 1815 656 1870 Eusebius
705 1814 969 1881 episcopus
998 1811 1327 1866 Bononiensis
1373 1810 1498 1863 dixit
1526 1828 1536 1862 :
1568 1808 1699 1875 Quia
1726 1806 1910 1874 impie-

336 1916 471 1961 tates
512 1906 625 1959 Arii
666 1904 930 1958 diabolico
966 1904 1103 1973 style
1144 1902 1497 1969 conscriptas,
1550 1915 1681 1970 quas
1709 1914 1814 1953 non
1846 1899 1911 1952 li-

334 2000 487 2055 cebat
524 2012 621 2052 nec
648 1996 713 2050 ad
756 2010 912 2050 aures
942 1995 1245 2059 admittere,
1281 1993 1544 2047 Palladius
1585 2007 1687 2046 non
1740 1990 1913 2044 solum

333 2092 506 2147 noluit
531 2090 911 2151 condemnare,
958 2087 1051 2141 sed
1079 2096 1133 2141 et
1173 2101 1356 2141 earum
1408 2084 1615 2137 exstitit
1656 2091 1911 2145 assertrr,

334 2181 578 2253 negando
601 2180 794 2235 Filium
820 2178 915 2233 Dei
936 2177 1129 2232 Filium
1154 2191 1364 2242 verum,
1388 2175 1669 2228 Dominum
1693 2173 1913 2235 bonum,

334 2271 616 2327 Dominum
660 2271 979 2337 sapientem,
1012 2267 1292 2321 Dominum
1334 2264 1743 2332 sempiternum,
1776 2263 1914 2321 hunc

333 2381 363 2417 a
405 2374 549 2419 ccetu
597 2360 935 2426 sacerdotali,
976 2369 1031 2413 et
1080 2374 1197 2414 mea
1246 2356 1531 2420 sententia,
1574 2363 1629 2413 et
1677 2354 1914 2408 omnium

335 2456 721 2513 catholicorum
766 2452 967 2522 judicio
1002 2451 1235 2504 arbitror
1262 2449 1535 2517 jure-csse
1584 2445 1912 2499 damnatum.

406 2548 630 2603 Sabinus
680 2546 947 2613 episc0pus
1004 2540 1334 2595 Placentinus
1406 2539 1534 2591 dixit
1578 2553 1596 2591 :
1652 2537 1913 2603 Quoniam

336 2638 541 2694 cunctis
584 2634 902 2705 patefactum
936 2641 1019 2687 est
1074 2630 1391 2693 Palladium,
1441 2626 1650 2681 Arianae
1680 2625 1916 2694 perﬁdire

338 2737 631 2793 auctorem,
662 2725 885 2794 ejusque
930 2720 1260 2790 impietatem
1317 2729 1521 2783 tenere,
1567 2727 1687 2786 qua:
1731 2725 1915 2789 contra

338 2818 643 2888 evangelica
673 2824 725 2871 ct
754 2814 1044 2882 apostolica
1075 2811 1315 2866 instituta
1348 2806 1508 2871 venit,
1538 2808 1681 2876 justa
1714 2807 1763 2861 in
1796 2821 1915 2861 eum

338 2909 499 2963 totius
554 2906 761 2962 concilii
814 2906 915 2959 lata
972 2902 1236 2959 sententia
1283 2909 1365 2955 est
1417 2916 1430 2950 :
1474 2896 1563 2967 qui
1618 2913 1751 2952 mere
1794 2897 1918 2952 licet

337 3001 614 3071 pravitatis
660 2996 750 3069 [Ε.
787 2994 1079 3066 parvitatis]
1112 2994 1372 3048 sententia
1403 2990 1703 3046 sacerdotio
1744 2989 1916 3045 denuo

338 3094 580 3164 privatus
602 3108 669 3145 ex
704 3091 805 3165 ltoc
836 3096 1178 3151 sacrosancto
1210 3095 1350 3140 cmtu
1377 3087 1496 3154 jure
1526 3083 1777 3152 pellatur.

410 3184 563 3240 Felix
590 3194 636 3238 et
674 3162 947 3237 Numidius
978 3180 1131 3250 legati
1179 3179 1420 3246 Afrorum
1451 3178 1688 3229 dixerunt
1717 3189 1737 3227 :
1767 3154 1920 3226 Aria-
1945 3159 1990 3221 C

340 3292 423 3331 me
448 3275 671 3330 haeresis
714 3282 897 3337 sectae,
927 3272 980 3326 in
1037 3285 1138 3341 qua
1170 3268 1437 3323 Palladius
1484 3268 1535 3319 in
1587 3265 1915 3335 Aquileiensi

339 3364 543 3435 synodo
582 3363 883 3418 declaratus
929 3370 1045 3429 est,
1078 3361 1380 3416 anathema.
1441 3358 1545 3413 Sed
1587 3367 1639 3411 et
1681 3372 1774 3412 eos
1826 3357 1914 3427 qui

340 3462 523 3511 contra
552 3456 833 3510 veritatem
861 3452 1091 3510 Nicazna:
1133 3450 1320 3521 synodi
1366 3457 1721 3519 repugnantes
1767 3457 1911 3515 sunt,

340 3561 437 3601 con
449 3546 564 3601 dem
574 3561 779 3599 namus.

411 3637 669 3691 Limenius
716 3636 985 3704 episcopus
1037 3633 1363 3686 Vercelleusis
1414 3631 1543 3685 dixit
1601 3646 1618 3684 :
1665 3630 1915 3685 Arianam

341 3730 641 3785 doctrinam
671 3743 816 3795 saepe
845 3740 967 3783 esse
1012 3724 1313 3785 damnatam
1364 3721 1701 3791 manifesrum
1733 3728 1840 3783 est;
1866 3729 1918 3776 et

342 3821 463 3874 ideo
492 3818 754 3873 Palladius
779 3823 1072 3871 conventus
1098 3814 1151 3868 in
1181 3812 1279 3868 hac
1307 3822 1486 3867 sancta
1517 3814 1720 3883 synodo
1750 3811 1915 3881 Aqui-

342 3910 549 3971 leiensi,
574 3922 679 3978 quo
702 3906 869 3961 noluit
896 3905 1167 3973 corrigere
1190 3904 1274 3959 vel
1299 3903 1602 3968 emendare,
1628 3903 1722 3957 sed
1751 3902 1917 3970 magis

343 3999 606 4070 probavit,
640 3998 1052 4068 deprehensibili
1088 4011 1147 4052 se
1176 3998 1446 4051 collutavit
1486 3996 1725 4065 perﬁdia,
1758 4009 1915 4064 quam

340 4106 399 4145 se
436 4090 643 4160 publice
668 4090 935 4159 professus
957 4099 1038 4145 est
1066 4098 1247 4146 tenere
1280 4108 1291 4143 :
1323 4090 1463 4143 hunc
1499 4089 1763 4144 sententia
1800 4102 1917 4142 mea

340 4190 394 4236 et
413 4195 511 4250 ego
542 4181 795 4250 proﬁteor
823 4180 1094 4236 consortio
1122 4179 1439 4235 sacerdotali
1471 4194 1592 4237 esse
1624 4180 1913 4246 privatum.

415 4271 732 4325 Maximinus
773 4273 1036 4340 episcopus
1067 4269 1366 4324 Emonensis
1393 4272 1522 4324 dixit
1550 4287 1569 4324 :
1600 4271 1914 4338 Palladium,

342 4365 428 4434 qui
468 4364 824 4433 blaSphemias
854 4365 964 4417 Arii
1008 4378 1107 4419 nec
1137 4364 1394 4419 damnare
1417 4363 1603 4430 voluit,
1633 4363 1726 4418 sed
1752 4364 1919 4434 magis

342 4457 457 4523 ipse
500 4455 777 4521 confessus
824 4462 925 4518 est,
968 4453 1109 4522 juste
1134 4469 1195 4508 ac
1223 4454 1413 4509 merito
1455 4468 1574 4509 esse
1606 4456 1911 4509 damnatum

2009 533 2147 586 sicut
2196 542 2250 587 et
2292 535 2474 589 exteri
2528 536 2936 592 consacerdotes
2989 536 3093 590 mei
3146 546 3201 592 et
3251 554 3349 608 ego
3390 554 3591 598 censeo

2008 625 2392 685 damnandum.

2080 716 2396 771 Heliodorus
2416 720 2675 789 cpiscOpus
2689 720 2983 775 Altiniensis
3000 722 3128 775 dixit
3150 738 3168 775 :
3185 722 3283 790 Qui
3308 724 3582 791 perﬁdiatn

2008 806 2122 862 Arii
2163 810 2507 879 omniumque
2563 810 2955 878 haereticorum,
2986 826 3210 881 quorum
3256 827 3476 869 consors
3504 826 3586 870 est

2012 899 2295 967 Palladius,
2332 902 2491 970 hujus
2524 902 2776 971 insipiens
2802 918 2914 967 cor,
2944 904 3032 973 qui
3070 906 3347 961 veritatem
3381 914 3590 962 nonest

2010 994 2309 1058 confessus,
2343 1007 2463 1049 cum
2492 994 2698 1048 exteris
2729 992 3193 1059 consacerdotibus
3226 995 3358 1051 meis
3390 997 3593 1066 pariter

2009 1086 2326 1141 condemno.

2082 1174 2237 1231 Felix
2276 1177 2538 1247 episcopus
2571 1175 2870 1231 Jadertinus
2915 1178 3042 1231 dixit
3074 1192 3092 1230 :
3121 1176 3411 1232 Palladium
3440 1221 3454 1246 ,
3498 1181 3589 1248 qui

2012 1267 2401 1337 blasphemavit
2430 1271 2644 1337 Filium,
2668 1272 2807 1327 sicut
2835 1271 2994 1328 Arius
3019 1314 3034 1340 ,
3063 1287 3184 1328 cum
3223 1272 3470 1329 omnibus
3497 1287 3590 1341 pa-

2013 1361 2143 1413 riter
2170 1362 2487 1417 condemno.

2089 1450 2382 1525 Theodorus
2402 1454 2670 1521 episc0pus
2694 1455 3047 1510 Octodorensis
3070 1456 3198 1509 dixit
3225 1472 3243 1509 :
3270 1455 3588 1525 Palladium,

2016 1540 2103 1609 qui
2131 1540 2402 1613 Christum
2432 1542 2597 1597 Deum
2617 1559 2819 1611 verum,
2839 1555 3165 1600 coxternum
3187 1545 3324 1600 Patri
3351 1548 3592 1616 negavit,

2018 1648 2117 1687 nec
2144 1633 2501 1688 Christianum
2553 1634 2717 1701 hunc,
2749 1650 2847 1690 nec
2893 1636 3225 1691 sacerdotem
3281 1637 3388 1691 ullo
3433 1638 3591 1691 modo

2016 1738 2317 1778 CCDSCHIUS.

1939 1800 1988 1862 Β
2089 1812 2373 1867 Domninus
2397 1814 2661 1885 cpiscopus
2687 1812 3193 1883 GratianOpolitanus
3220 1816 3353 1869 dixit
3375 1831 3393 1868 :
3425 1816 3593 1870 Palla‘

2018 1904 2162 1961 dium
2195 1906 2245 1959 in
2279 1905 2497 1974 perﬁdia
2548 1905 2660 1960 Arii
2710 1916 3130 1975 permanentem,
3172 1909 3223 1962 in
3257 1916 3589 1977 perpetuum,

2014 1997 2151 2051 sicut
2203 2007 2257 2051 et
2314 1997 2500 2051 fratres
2530 1996 2936 2062 damnaverunt,
2968 1997 3127 2051 etiam
3177 2006 3231 2052 et
3259 2012 3358 2067 ego
3398 2013 3593 2052 censeo

2015 2100 2133 2141 esse
2170 2085 2551 2140 damnandum.

2087 2176 2342 2230 Proculus
2362 2178 2626 2246 episcopus
2652 2175 3051 2231 Massiliensium
3077 2178 3202 2232 dixit
3232 2193 3249 2231 :
3271 2177 3592 2241 Palladium,

2017 2269 2107 2338 qui
2138 2270 2248 2323 Arii
2278 2269 2632 2338 blasphemias
2682 2270 2782 2323 sub
2805 2270 3033 2338 quadam
3088 2270 3244 2338 impia
3277 2268 3596 2324 hmreditate

2018 2373 2125 2414 non
2150 2359 2555 2425 condemnando
2608 2360 2867 2427 defendit,
2901 2361 3037 2415 sicut
3077 2360 3217 2414 hunc
3248 2371 3301 2414 et
3330 2360 3593 2429 plurimo-

2018 2468 2133 2508 rum
2158 2454 2268 2522 jam
2316 2453 2694 2508 veneraliilium
2748 2453 3080 2508 sacerdotum
3126 2452 3391 2507 sententia
3445 2452 3594 2507 blas-

2019 2545 2267 2615 phemum
2289 2545 2606 2614 designavit,
2632 2553 2791 2613 atque
2817 2543 3118 2598 sacerdotio
3145 2543 3376 2597 alienum
3418 2543 3594 2608 duxit,

2018 2648 2136 2687 mea
2182 2633 2379 2702 pariter
2406 2633 2668 2690 sententia
2717 2633 2770 2686 in
2820 2640 3131 2702 perpetuum
3178 2630 3597 2687 condemnatum

2019 2722 2279 2794 designat.

2088 2814 2342 2886 Diogenes
2386 2815 2651 2884 episcopus
2700 2813 3006 2867 Genavensis
3059 2812 3237 2865 dixit:
3274 2810 3595 2881 Palladium,

2020 2906 2111 2977 qui
2154 2905 2420 2961 Christum
2474 2906 2754 2959 Dominum
2813 2904 2979 2958 Deum
3028 2917 3234 2968 verum,
3266 2903 3495 2957 similem
3540 2914 3599 2959 et

2021 2996 2275 3065 :rqualem
2318 2995 2459 3050 Patri
2486 2995 2609 3050 dum
2654 3010 2758 3048 non
2791 2994 3093 3058 conﬁtetur,
3115 2993 3344 3063 negavit,
3376 2993 3599 3047 damna-

2025 3090 2219 3143 tionem
2257 3089 2437 3159 judico
2463 3104 2581 3163 cum
2621 3088 2829 3143 caeteris
2858 3088 3106 3143 fratribus
3132 3086 3267 3142 meis
3293 3085 3376 3140 vel
3406 3099 3600 3142 consa-

2022 3180 2323 3236 cerdotibus
2342 3181 2542 3238 sortiri.

2089 3274 2353 3343 Amantius
2379 3275 2642 3345 episcopus
2676 3273 2911 3328 Nitensis
2959 3273 3090 3337 dixit
3119 3290 3139 3328 :
3164 3272 3477 3337 Palladium,
3504 3274 3599 3342 qui

2020 3372 2220 3419 sectam
2252 3363 2364 3417 Arii
2392 3380 2495 3419 non
2518 3363 2807 3427 destruxit,
2833 3362 3124 3418 secundum
3153 3361 3602 3419 eonsacerdotum

2020 3468 2258 3508 meorum
2280 3452 2560 3522 judicium,
2585 3456 2741 3510 etiam
2762 3461 2815 3508 et
2835 3466 2934 3523 ego
2957 3452 3277 3508 condemno.

2087 3542 2371 3597 Januarius
2402 3545 2666 3613 episcopus
2705 3545 2834 3598 dixit
2860 3561 2877 3599 :
2908 3545 3056 3599 Sicut
3100 3558 3289 3600 omnes
3314 3558 3599 3598 consacer-

2021 3634 2173 3690 dotes
2215 3637 2317 3690 mei
2343 3636 2732 3693 damnaverunt
2772 3636 3186 3701 Palladium,ita
3234 3647 3287 3693 et
3338 3653 3435 3707 ego
3483 3637 3605 3707 pari

2014 3726 2215 3795 judicio
2241 3745 2360 3785 eum
2391 3744 2587 3785 censeo
2615 3745 2735 3786 esse
2766 3730 3143 3787 damnandum.

2282 3821 2345 3877 Et
2373 3838 2485 3873 Cum
2513 3820 2867 3877 Secundianus
2910 3822 3258 3893 subripuisset,
3301 3822 3602 3877 Ambrosius

2020 3916 2283 3985 episcOpus
2341 3915 2467 3967 dixit
2512 3930 2530 3968 :
2584 3914 2826 3979 Audisti,
2870 3913 3239 3981 Secundiane,
3299 3913 3601 3982 cujusmodi

2020 4008 2288 4078 Palladius
2353 4008 2548 4076 impius
2599 4006 2958 4072 sententiam,
3004 4004 3323 4060 sacerdotali
3370 4006 3603 4060 concilio

2020 4102 2320 4167 damnatus,
2354 4100 2643 4169 exceperit.
2678 4099 2822 4153 Licet
2851 4097 3185 4167 diSplicuerit
3225 4098 3398 4165 nobis,
3448 4099 3598 4167 quod

2021 4194 2156 4262 ejus,
2186 4193 2286 4247 hoc
2309 4202 2387 4247 est
2411 4190 2630 4246 Palladii
2655 4205 2759 4244 non
2786 4189 3059 4245 horrueris
3084 4190 3393 4253 amentiam,
3416 4196 3600 4242 tamen

2020 4284 2088 4339 de
2127 4293 2178 4338 te
2218 4284 2392 4352 aliqua
2446 4281 2751 4351 specialiter
2793 4292 2995 4349 quaero,
3030 4286 3204 4332 utrum
3260 4277 3355 4331 Dei
3405 4276 3600 4330 Filium

2022 4374 2304 4431 Dominum
2345 4385 2581 4431 nostrum
2610 4372 2791 4428 Jesum
2833 4370 3124 4437 Christum,
3160 4369 3241 4427 vel
3273 4385 3377 4426 non
3408 4382 3599 4424 verum

2026 4466 2188 4520 Deum
2219 4465 2387 4520 dicas.

343 4561 398 4606 et
429 4552 564 4606 Deus
604 4552 770 4613 novit,
819 4556 874 4602 ct
908 4549 1142 4603 ﬁdelium
1171 4550 1495 4604 conscientia
1523 4548 1916 4604 condemnavit.
1947 4524 1999 4583 D
2096 4556 2453 4610 Secundionus
2491 4555 2619 4609 dixit
2662 4569 2681 4608 :
2719 4553 2819 4619 Qui
2864 4560 3021 4621 negat
3066 4550 3346 4604 Dominum
3408 4563 3599 4603 verum

416 4637 815 4711 Exsuperantius
863 4640 1127 4709 episc0pus
1158 4638 1487 4693 Dertonensis
1528 4638 1659 4691 dixit
1689 4654 1707 4691 :
1737 4638 1914 4693 Palla-

343 4731 511 4795 dium,
543 4730 631 4799 qui
652 4738 853 4784 sectam
878 4729 987 4782 Arii
1027 4728 1109 4783 vel
1152 4729 1267 4796 ejus
1316 4729 1612 4783 doctrinam
1664 4728 1920 4807 damnare

344 4822 535 4889 noluit,
560 4821 651 4875 sed
696 4819 950 4886 defendit,
982 4828 1039 4875 ut
1060 4821 1239 4876 caeteri
1264 4830 1542 4876 consortes
1574 4818 1680 4874 mei
1700 4820 1921 4875 damna-

344 4922 556 4978 verunt,
586 4913 745 4967 etiam
771 4922 825 4967 et
852 4928 950 4981 ego
972 4913 1287 4969 condemno.

414 5004 569 5076 503
597 5002 876 5057 Bassianus
901 5005 1166 5073 episcopus
1194 5002 1474 5057 Laudensis
1503 5000 1633 5054 dixit
1657 5016 1675 5054 :
1697 4999 1906 5066 Audivi,

341 5078 481 5149 sicut
525 5103 576 5148 et
621 5093 801 5148 exteri
849 5094 1256 5149 consacerdotes
1296 5094 1417 5156 mei,
1451 5092 1746 5160 impietates
1774 5092 1908 5154 Arii,

341 5201 472 5252 quas
524 5184 793 5238 Palladius
842 5200 945 5237 non
999 5185 1171 5238 solum
1225 5199 1330 5238 non
1375 5183 1771 5249 condemnavit,
1817 5181 1911 5236 sed

340 5274 696 5329 conﬁrmavit.
738 5275 833 5329 llic
866 5278 1148 5330 anathema
1198 5274 1270 5329 sit
1309 5282 1363 5344 et
1402 5274 1706 5329 sacerdotio
1738 5273 1913 5343 priva-

342 5366 505 5420 bitur.

415 5476 671 5531 Pliilaster
720 5477 985 5546 episwpus
1022 5476 1301 5529 Brixianus
1350 5478 1480 5531 dixit
1510 5493 1527 5531 :
1555 5477 1918 5547 Blasphemias

340 5574 395 5618 et
418 5564 745 5629 iniquitatem
772 5567 1017 5633 Palladii,
1042 5568 1128 5636 qui
1154 5567 1402 5620 Arianam
1430 5567 1724 5621 doctrinam
1750 5569 1919 5636 sequi-

339 5663 431 5708 tur
460 5663 512 5706 ct
546 5654 803 5721 defendit,
836 5672 939 5712 una
970 5673 1089 5713 cum
1122 5659 1369 5713 omnibus
1399 5674 1495 5729 ego
1541 5659 1915 5715 condemnavi.

411 5740 732 5800 Constantius
751 5748 1015 5817 cpisc0pus
1038 5750 1376 5806 Sisciancnsis
1399 5751 1525 5805 dixit
1558 5767 1574 5806 :
1600 5750 1915 5823 Palladium,

2026 4664 2146 4706 esse
2173 4648 2384 4703 Patrem
2412 4646 2621 4701 Domini
2667 4657 2718 4700 et
2746 4645 2838 4699 Dei
2883 4644 3049 4697 nostri
3082 4642 3208 4697 Jesu
3234 4640 3452 4705 Christi,
3486 4655 3599 4694 non

2026 4747 2109 4794 est
2152 4738 2505 4804 Christianus,
2563 4749 2662 4790 nec
2712 4735 2801 4804 qui
2860 4742 3013 4803 negat
3067 4733 3261 4787 Filium
3308 4730 3602 4786 Dominum

2028 4844 2232 4884 verum.

2095 4918 2385 4972 Ambrosius
2405 4917 2669 4988 cpiscopus
2691 4914 2817 4970 dixit
2841 4928 2859 4968 :
2888 4913 3053 4968 Deum
3080 4926 3263 4968 verum
3288 4910 3381 4965 Dei
3402 4909 3442 4963 F
3447 4908 3605 4964 ilium

2018 5008 2326 5065 conﬁteris?

2092 5099 2442 5155 Secundianus
2470 5098 2595 5151 dixit
2629 5113 2646 5152 :
2676 5096 2870 5151 Verum
2898 5095 2990 5151 Dei
3015 5094 3229 5161 Filium,
3262 5093 3593 5166 unigenitum

2022 5190 2115 5245 Dei
2146 5189 2184 5243 F
2190 5189 2335 5243 ilium
2364 5204 2546 5243 verum
2570 5187 2710 5242 dico.

2094 5280 2389 5335 Ambrosius
2418 5279 2701 5349 episcOpus'
2730 5278 2856 5331 dixit
2884 5293 2901 5329 :
2931 5275 3124 5330 Verum
3159 5276 3322 5329 Deum
3352 5270 3528 5327 dicis?

2096 5371 2450 5425 Secundianus
2474 5371 2600 5424 dixit
2627 5386 2644 5423 :
2677 5369 2873 5423 Verum
2901 5368 3226 5437 unigenitum
3253 5366 3445 5421 Filium
3477 5364 3599 5434 quis

2022 5469 2177 5529 negat
2203 5476 2385 5514 verum
2417 5460 2608 5513 Filium
2643 5458 2736 5513 Dci
2755 5460 2789 5528 1',

2094 5569 2344 5625 Eusebius
2368 5572 2631 5642 episcopus
2658 5571 2787 5624 dixit
2823 5588 2837 5624 :
2867 5569 2979 5633 Non
3011 5570 3208 5624 sufﬁcit
3238 5568 3373 5639 quod
3404 5567 3594 5622 Filium

2023 5661 2118 5716 Dei
2176 5662 2505 5731 unigenitum
2555 5663 2825 5715 conﬁteris
2855 5677 2868 5725 ;
2902 5676 3019 5714 nam
3054 5660 3155 5712 hoc
3198 5674 3383 5713 omnes
3431 5656 3596 5709 conﬁ-

2021 5762 2230 5820 tentur;
2256 5752 2348 5809 scd
2406 5751 2506 5809 hoc
2555 5762 2729 5808 movet
2771 5752 2908 5819 quod
2954 5751 3108 5808 Arius
3147 5750 3280 5805 dixit
3318 5749 3594 5804 Dominum
