3960 6176
286 331 381 385 ΗΟ
1234 323 1500 379 CONTRA
1543 318 1928 378 PALLADIUM
1970 317 2275 375 ARIANUM
2317 318 2444 375 LIB.
2491 319 2552 373 ll.

3413 324 3514 379 450

280 445 443 500 solum
492 441 726 502 Patrem,
772 437 942 492 solum
990 440 1194 498 verum,
1239 435 1452 503 negavit
1502 433 1694 489 Filium
1746 429 1842 485 Dei
1870 430 1922 492 Α
1945 430 2167 499 adjecit:
2197 430 2272 485 Ne
2295 430 2419 500 quid
2449 428 2520 484 illi
2548 428 2787 483 videatur
2813 443 2932 485 esse
2953 429 3260 500 subreptum
3280 475 3295 499 ,
3319 437 3517 489 conﬁr-

283 534 551 587 Dominum
583 532 792 584 verum.
821 526 1142 596 Simpliciter
1174 525 1365 580 Filium
1417 522 1506 579 Dei
1555 524 1720 580 Deum
1748 542 1843 582 ve-

282 643 391 682 rum
416 623 725 680 conﬁteris?

348 716 701 770 Secundiantts
731 713 861 765 dixit
889 709 1027 777 :Qui
1077 708 1237 763 fuerit
1266 708 1424 763 Arius
1464 708 1669 775 ignoro,
1722 708 1845 777 quid

280 807 469 861 dixerit
498 803 683 858 nescio
725 818 740 855 :
785 815 991 856 mecum
1048 794 1283 868 loqueris
1328 796 1481 851 vivus
1532 796 1598 850 ad
1646 798 1843 851 vivum.

282 898 407 952 Illud
459 896 583 950 dico
623 894 763 963 quod
791 890 1036 947 Christus
1064 889 1237 944 dixit:
1280 887 1614 973 Unigenitum
1657 889 1845 944 Filium

282 1003 336 1043 se
362 986 552 1040 asserit
590 982 782 1052 Patris,
832 981 998 1036 Filius
1055 978 1357 1048 unigenitus
1399 994 1411 1029 :
1446 975 1585 1033 Deus
1625 985 1708 1033 est
1753 976 1847 1033 Dei

282 1075 441 1131 Filius
464 1086 644 1127 verus.

348 1166 639 1221 Ambrosius
688 1164 951 1235 episcopus
982 1162 1112 1216 dixit
1139 1178 1157 1216 :
1182 1161 1323 1217 Deus
1372 1177 1528 1216 verus
1560 1171 1669 1229 est,
1692 1178 1848 1219 verus

287 1256 415 1310 Deus
446 1254 614 1307 Filius
643 1254 804 1308 Deus.
851 1252 917 1306 Et
958 1251 1199 1305 addidit:
1236 1246 1290 1304 ln
1324 1251 1612 1319 Scripturis
1655 1252 1848 1308 divinis

283 1346 533 1412 Scriptum
559 1350 662 1407 est,
695 1361 711 1393 ι
732 1342 850 1411 quia
878 1342 962 1411 qui
971 1344 1153 1412 jurant
1181 1357 1335 1409 super
1378 1350 1579 1407 terram,
1597 1344 1850 1414 jurabmtt

287 1436 443 1489 Deum
468 1450 639 1487 rerum
661 1432 813 1503 (Isai.
836 1447 965 1498 xxv,
989 1431 1135 1501 16).»
1166 1431 1315 1498 Quod
1342 1432 1520 1499 utique
1549 1432 1615 1488 de
1639 1432 1849 1488 Christo

286 1540 395 1580 esse
419 1539 526 1578 non
557 1522 776 1577 dubium
804 1531 906 1576 est.
934 1521 1040 1575 Nos
1077 1535 1203 1590 ergo
1232 1535 1414 1575 verum
1443 1522 1605 1576 Deum
1638 1521 1849 1590 proﬁte-

282 1626 411 1677 tnur,
435 1622 492 1668 et
523 1614 655 1667 ﬁdes
703 1622 886 1667 nostra
925 1611 1037 1681 hinc
1069 1620 1149 1666 est
1178 1622 1229 1665 et
1257 1610 1539 1680 professio,
1572 1613 1694 1679 quia
1731 1612 1850 1666 uni-

281 1705 485 1772 genitus
512 1704 685 1758 Patris
709 1702 896 1767 Filius,
925 1701 1026 1756 hoc
1055 1709 1137 1756 est
1178 1710 1336 1756 verus
1372 1702 1532 1758 Deus.
1558 1703 1656 1759 Dic
1692 1712 1746 1759 et
1794 1713 1849 1759 tu

281 1795 345 1850 de
369 1794 479 1849 Deo
503 1808 657 1858 vero,
688 1793 781 1847 Dei
823 1790 1009 1846 Filium
1046 1791 1212 1846 Deum
1251 1806 1457 1848 verum.

349 1888 705 1943 Secundianus
730 1885 861 1939 dixit
892 1900 910 1938 :
936 1884 1007 1938 De
1033 1884 1141 1938 Deo
1164 1898 1315 1940 vero.

349 1976 647 2030 Ambrosius
677 1976 937 2045 episcOpus
969 1974 1138 2028 dixit:
1178 1973 1341 2029 Filius
1379 1974 1473 2031 Dei
1512 1974 1655 2032 Deus
1694 1992 1852 2033 verus

285 2067 395 2121 e51?

352 2158 709 2213 Secundianus
738 2156 864 2209 dixit
897 2171 915 2209 :
947 2154 1085 2225 Ergo
1110 2154 1355 2209 mendax.

350 2250 643 2304 Antirrosius
669 2249 934 2317 episcopus
965 2247 1095 2299 dixit
1127 2262 1145 2299 :
1183 2246 1237 2300 in
1282 2246 1383 2301 hoc
1426 2246 1662 2301 fraudem
1698 2246 1852 2314 facis,

288 2352 341 2395 ut
365 2356 466 2395 non
494 2341 667 2395 Deum
695 2354 878 2393 verum
902 2338 1070 2401 dicas,
1100 2336 1192 2391 sed
1220 2337 1386 2392 Deum
1412 2335 1763 2406 unigenitum,
1792 2352 1854 2392 ac

289 2447 379 2499 per
402 2431 499 2485 hoc
532 2430 621 2485 dic
644 2429 957 2500 simpliciter
984 2450 996 2485 :
1023 2427 1333 2496 Unigenitus
1371 2428 1466 2483 Dei
1506 2428 1669 2484 Filius
1713 2428 1854 2485 Deus

289 2536 461 2574 VCIUS.
584 2528 591 2533 ’

354 2621 715 2686 Secundianus
756 2629 884 2683 dixit
913 2644 930 2681 :
956 2627 1302 2697 Unigenitum
1334 2628 1447 2683 dixi
1488 2627 1583 2684 Dei
1629 2629 1852 2684 Filium.

356 2719 601 2773 Eusebius
629 2720 893 2788 episc0pus
922 2719 1049 2771 dixit
1082 2734 1100 2771 :
1124 2719 1234 2774 lloc
1264 2719 1519 2777 Photinus
1541 2738 1648 2778 non
1673 2730 1849 2793 negat,

292 2809 386 2863 hoc
410 2808 674 2864 Sabellius
708 2810 1010 2864 conﬁtetur.

361 2902 512 2971 505
548 2898 840 2955 Ambrosius
869 2901 1131 2971 episeopus
1172 2900 1340 2954 dixit:
1374 2901 1437 2955 Et
1478 2902 1565 2971 qui
1606 2902 1707 2958 hoc
1745 2916 1852 2959 non

292 2991 586 3055 conﬁtetur,
612 2991 736 3059 jure
776 2990 1075 3045 damnatur.
1111 2992 1181 3046 Ac
1211 3007 1304 3059 per
1331 2994 1431 3048 hoc
1457 3009 1598 3064 satpe
1630 3006 1680 3051 te
1719 3011 1850 3052 con-

293 3080 457 3143 venio,
477 3080 601 3135 licet
614 3080 911 3135 cavillando
929 3082 1201 3150 negaveris
1217 3083 1517 3137 veritatem.
1539 3084 1652 3139 Non
1670 3101 1851 3157 quaero

294 3178 346 3221 ut
366 3169 729 3223 tantummodo
752 3169 1076 3238 unigenitum
1102 3169 1214 3237 Dei,
1241 3171 1428 3225 Filium
1452 3173 1543 3228 Dei
1568 3175 1733 3244 dicas,
1758 3176 1851 3232 sed
1880 3168 1925 3231 C

296 3258 445 3312 etiam
476 3259 646 3312 Deum
671 3272 880 3312 verum.

361 3346 715 3400 Secundianus
743 3347 916 3400 dixit:
938 3348 1188 3403 Veritatis
1217 3364 1301 3403 me
1332 3364 1542 3405 servum
1576 3354 1850 3421 proﬁteor.

296 3438 412 3504 Quae
439 3438 559 3493 dico
591 3444 699 3492 non
741 3438 1073 3508 scribuntur,
1102 3448 1154 3494 et
1194 3456 1311 3509 quae
1349 3440 1481 3496 dicis
1532 3444 1857 3502 scribuntur.

298 3528 551 3583 Christum
584 3543 769 3582 verum
800 3526 893 3583 Dei
925 3526 1116 3582 Filium
1146 3529 1285 3584 dico.
1309 3530 1437 3597 Quis
1468 3541 1624 3603 negat
1665 3534 1855 3591 Filium

300 3620 381 3675 Dei
404 3636 587 3675 verum
613 3622 771 3676 esse?
866 3686 875 3695 .

362 3712 652 3766 Ambrosius
670 3714 931 3783 episcopus
948 3716 1103 3769 dixit:
1122 3716 1219 3784 Qui
1244 3728 1398 3788 negat
1419 3721 1744 3791 unigenitum
1771 3722 1862 3779 Dei

300 3803 499 3869 Filium,
529 3807 814 3859 anathema
851 3808 939 3861 sit.

365 3892 722 3947 Secundianus
761 3895 935 3949 dixit:
966 3897 1129 3952 Deum
1176 3914 1357 3954 verum
1401 3901 1725 3970 unigenitum
1770 3904 1860 3959 Fi-

301 3982 414 4036 lium
442 3982 578 4038 Dei?
619 3983 755 4048 Quid
788 3985 917 4039 mihi
958 3986 1242 4056 proﬁteris,
1287 3988 1425 4058 quod
1472 4006 1575 4044 non
1612 4000 1694 4046 est
1731 3996 1865 4049 scri-

335 4078 472 4127 tum?

335 4086 472 4127 tum?

302 4086 332 4141 Ρ
366 4148 660 4218 AmbPosius
705 4156 969 4233 episcopus
1016 4166 1195 4224 dixit:
1223 4169 1478 4239 Apertum
1525 4167 1861 4246 sacrilegium

300 4262 394 4317 est,
418 4256 633 4325 quando
655 4253 923 4312 Christum
957 4258 1047 4313 Dei
1080 4260 1271 4316 Filium
1302 4262 1462 4319 Arius
1493 4265 1655 4321 Deum
1682 4286 1866 4325 verum

307 4349 532 4413 negavit.

372 4439 729 4498 Secundianus
774 4444 958 4499 dixit:
998 4446 1176 4502 Jesum
1220 4448 1486 4505 Christum
1536 4453 1727 4511 Filium
1774 4458 1870 4513 Dei

306 4529 499 4673 Eeum,
530 4536 621 4605 qui
652 4536 896 4592 Christus
925 4538 1129 4595 dicatur
1156 4542 1322 4599 Filius
1350 4560 1529 4615 verus,
1558 4548 1747 4605 Filium
1773 4554 1864 4608 Dei

343 4636 440 4673 :co.

343 4636 440 4676 iCO.

372 4734 663 4790 Ambrosius
699 4738 963 4808 episwpus
994 4740 1166 4797 dixit:
1193 4743 1436 4802 Nondum
1481 4750 1772 4818 resipuisti.
1809 4754 1874 4810 Et

1948 529 2057 573 met
2082 520 2396 574 sententiam
2431 530 2603 574 suam.
2647 519 2795 573 Dicat
2829 534 2955 589 ergo
2990 521 3318 590 unigenitum
3360 523 3514 578 Chri—

1948 618 2085 661 stum
2105 651 2117 672 ,
2144 608 2239 661 Dei
2262 608 2453 662 Filium
2474 650 2487 672 ,
2514 608 2678 665 Deum
2711 623 2919 663 Verum.

2019 696 2374 749 Secundianus
2400 697 2563 750 dixit:
2589 696 2702 750 Jam
2730 696 2855 750 dixi.
2883 698 3017 764 Quid
3046 698 3172 753 mihi
3197 708 3513 770 extorquere

1949 783 2029 836 vis
2056 782 2316 851 amplius?

2021 876 2313 930 Ambrosius
2348 878 2609 946 episcupus
2654 877 2821 931 dixit:
2851 877 2985 957 Quid
3015 879 3232 933 dixisti?
3262 880 3418 935 Certe
3464 881 3509 935 si

1948 968 2175 1023 dixisses
2203 966 2377 1036 tanta,
2400 969 2539 1038 quod
2581 967 2811 1038 gloriose
2840 969 3052 1039 dicitur,
3086 984 3227 1039 saepe
3256 982 3506 1041 repeten-

1948 1060 2072 1114 dum
2098 1070 2197 1115 est.

2021 1148 2373 1203 Secundiamts
2419 1149 2589 1203 dixit:
2621 1149 2823 1205 Dictum
2853 1161 2969 1206 est:
3009 1171 3028 1205 ι
3056 1154 3313 1208 Sitsemto
3335 1164 3513 1222 vester,

1946 1245 2143 1301 estest;
2172 1253 2271 1289 non
2300 1253 2400 1291 non
2431 1238 2639 1307 (Matth.
2665 1255 2719 1304 v,
2746 1239 2822 1308 Ξ).
2855 1257 2873 1289 ι

2021 1327 2313 1379 Ambrosius
2342 1328 2602 1395 episwpus
2627 1328 2754 1380 dixit
2778 1344 2794 1380 :
2825 1326 2924 1393 Qui
2951 1327 3081 1383 dicit
3101 1330 3271 1397 ipsum
3305 1330 3515 1385 Patrem

1951 1414 2163 1479 Filium,
2189 1415 2478 1484 sacrilegus
2495 1423 2594 1469 est.
2624 1417 2732 1470 Hoc
2755 1431 2783 1469 a
2806 1425 2856 1471 te
2878 1433 3061 1486 quaero
3083 1428 3139 1472 ut
3158 1419 3303 1475 dicas
3320 1421 3387 1476 de
3408 1422 3520 1475 Deo

1950 1516 2078 1557 vero
2099 1500 2264 1555 Deum
2291 1518 2477 1558 verum
2501 1504 2596 1559 Dei
2639 1506 2828 1559 Filium
2857 1517 3060 1562 natum.

2022 1595 2371 1650 Secundianur
2399 1597 2570 1651 dixit:
2602 1596 2787 1651 Filium
2816 1612 2844 1650 a
2879 1598 2987 1653 Deo
3014 1600 3251 1669 genitum
3284 1601 3518 1671 (dicente

1953 1684 2091 1753 ipso,
2117 1684 2285 1739 Genui
2316 1696 2365 1741 te
2406 1686 2574 1757 [PsaL
2602 1703 2720 1758 crx,
2744 1685 2824 1757 5])
2857 1688 3054 1745 Filiutn
3096 1694 3433 1750 confitentem
3470 1713 3527 1751 se

1880 1808 1927 1867 B
1953 1775 2185 1843 genitum
2212 1789 2331 1830 esse
2357 1775 2499 1829 dico.

2025 1862 2316 1918 Ambrosius
2341 1865 2606 1935 episcOpus
2633 1866 2800 1920 dixit:
2829 1868 2873 1922 A
2900 1867 3012 1924 Deo
3036 1884 3163 1926 vero
3194 1871 3333 1927 Deus
3363 1878 3521 1927 verns'

1953 1952 2076 2008 est?

2027 2042 2381 2098 Secundianus
2423 2045 2601 2099 dixit:
2643 2047 2705 2101 Et
2748 2062 2868 2103 cum
2920 2051 3124 2107 nomini
3165 2054 3325 2108 etiam
3376 2055 3526 2107 addis

1952 2142 2008 2188 et
2038 2146 2247 2202 verum,
2286 2136 2459 2205 audis,
2493 2138 2666 2208 qualis
2692 2139 2746 2194 in
2788 2149 2839 2196 te
2885 2142 3017 2200 ﬁdes
3061 2146 3160 2211 sit,
3189 2154 3242 2200 ct
3274 2148 3529 2202 Christia-

1957 2238 2058 2278 nus
2086 2226 2185 2279 es?

2029 2313 2275 2370 Eusebius
2303 2316 2569 2389 episcOpus
2601 2318 2771 2374 dixit:
2800 2320 2898 2387 Qui
2948 2325 3157 2393 negavit
3186 2324 3331 2380 illum
3365 2324 3530 2383 Deum

1960 2405 2184 2459 verum?
2211 2406 2367 2460 Arius
2392 2416 2447 2462 et
2490 2408 2756 2463 Palladius
2783 2412 3014 2479 negavit.
3053 2414 3130 2467 Tu
3162 2415 3204 2469 si
3251 2416 3414 2472 Deum
3446 2434 3532 2474 vc-

1952 2512 2075 2552 rum
2100 2499 2294 2564 credis,
2322 2499 2483 2554 debes
2511 2501 2825 2570 simpliciter
2851 2503 3158 2572 designare.

2027 2589 2319 2643 Ambrosius
2348 2591 2609 2661 episcopus
2645 2594 2815 2646 dixit:
2850 2593 2907 2649 Si
2951 2610 3056 2649 non
3103 2596 3305 2652 dixeris
3359 2598 3525 2655 Deum

1956 2690 2136 2732 verum
2166 2675 2232 2731 de
2262 2678 2370 2733 Deo
2399 2694 2526 2734 vero
2558 2674 2735 2735 natum
2764 2697 2903 2747 esse,
2926 2685 3195 2740 Christum
3226 2691 3447 2759 negasti.

2028 2764 2382 2821 Secundianus
2414 2768 2582 2822 dixit:
2614 2771 2969 2841 interrogatus
2998 2775 3063 2829 de
3106 2776 3256 2843 Filio,
3291 2779 3413 2833 dedi
3442 2797 3527 2835 re-

1955 2848 2209 2921 Sponsum
2234 2871 2247 2908 :
2272 2857 2712 2925 quemadmodum
2735 2860 2985 2916 deberem
3038 2865 3273 2932 proﬁteri
3312 2883 3533 2938 respon-

1957 2944 2029 2999 di.
2054 2944 2317 3000 Habemus
2341 2955 2569 3002 vestram
2593 2952 2977 3019 expositionem
2995 2994 3009 3020 ,
3037 2952 3196 3028 506
3217 2958 3521 3029 aitet-emus,

1957 3033 2181 3101 legatur.

2028 3125 2322 3181 Ambrosius
2365 3129 2492 3183 dixit
2524 3146 2541 3183 :
2581 3130 2749 3185 Hodie
2790 3133 2980 3191 atl‘erre
3017 3136 3278 3195 debueras
3312 3158 3325 3196 :
3364 3151 3526 3197 cxte-

1958 3228 2074 3268 rum
2110 3215 2475 3287 subterfugere
2497 3221 2728 3274 conaris.
2759 3219 3153 3283 Professionem
3180 3244 3209 3283 a
3237 3246 3322 3286 me
3352 3235 3527 3303 exige,

1958 3314 2011 3360 et
2040 3306 2423 3373 professionem
2459 3325 2486 3364 a
2525 3320 2575 3366 te
2607 3314 2781 3383 exigo.
2825 3316 2963 3373 Deus
2999 3334 3155 3376 verus
3185 3333 3266 3378 est
3307 3322 3399 3381 Dei
3445 3327 3531 3382 Fi-

1959 3394 2100 3450 lius?

2031 3484 2382 3541 Secundianus
2409 3490 2577 3545 dixit:
2607 3491 2918 3562 Unigenitus
2939 3505 3019 3551 est
3045 3498 3185 3555 Deus
3213 3501 3307 3558 Dei
3336 3504 3522 3560 Filius.

1961 3574 2029 3629 Et
2048 3589 2146 3645 ego
2168 3578 2455 3648 interrogo,
2481 3579 2788 3650 unigenitus
2821 3584 2941 3639 est?

2032 3669 2322 3724 Ambrosius
2352 3674 2619 3741 episcOpus
2648 3674 2822 3729 dixit:
2850 3674 3074 3733 Ratione
3105 3692 3411 3746 permoveat
3443 3701 3537 3738 nos

1964 3757 2211 3825 impietas
2232 3768 2284 3813 et
2312 3761 2614 3829 insipientia
2647 3770 2753 3817 tua.
2810 3766 2941 3819 Cum
2985 3767 3117 3821 dicis
3151 3768 3317 3825 Deum
3359 3791 3541 3828 verum

1962 3848 2318 3917 unigenitum,
2353 3866 2457 3904 non
2489 3852 2655 3908 Deum
2680 3870 2865 3910 verum
2892 3857 3047 3923 dicis,
3078 3860 3171 3914 sed
3203 3878 3383 3918 verum
3416 3872 3532 3923 nni-

1963 3939 2195 4007 genitum
2223 3956 2236 3991 :
2263 3953 2326 3994 ac
2354 3954 2449 4009 per
2475 3941 2595 4008 hoc,
2628 3952 2687 3998 ut
2716 3945 2871 3999 istam
2912 3948 3115 4003 adimas
3145 3957 3491 4020 qua-stionem
3517 4002 3530 4025 ,

1966 4031 2036 4084 ita
2062 4031 2339 4099 responde.
2371 4034 2443 4087 Ex
2472 4034 2583 4091 Deo
2611 4050 2735 4091 vero
2758 4037 2897 4093 Deus
2922 4054 3080 4095 verus
3108 4044 3225 4096 est?

2037 4125 2390 4181 Secundiamts
2417 4128 2584 4183 dixit:
2616 4129 2753 4200 Ergo
2780 4130 2923 4186 Deus
2966 4133 3131 4187 Deum
3175 4150 3279 4189 non
3318 4140 3542 4205 genuit?

1973 4217 2109 4272 Deus
2131 4233 2287 4273 verus
2311 4220 2396 4274 ille
2417 4222 2505 4292 qui
2530 4229 2645 4288 est,
2670 4222 2807 4290 quod
2828 4232 2910 4279 est
2936 4227 3143 4295 genuit,
3170 4243 3333 4282 unum
3364 4246 3547 4285 verunt

1970 4309 2295 4378 unigenitum
2331 4310 2522 4366 Filium
2551 4313 2759 4381 genuit.

2040 4401 2329 4456 Ambrosius
2358 4403 2528 4457 dixit:
2558 4401 2672 4458 Non
2698 4402 2968 4459 conﬁteris
2995 4405 3157 4460 Deum
3191 4420 3375 4461 verum
3395 4449 3408 4471 ,
3444 4408 3537 4461 sed

1898 4534 1950 4594 Β
1975 4490 2054 4544 vis
2076 4490 2275 4556 dicere,
2297 4507 2481 4547 verum
2506 4492 2857 4563 unigenitum.
2879 4494 2945 4551 Et
2964 4510 3061 4565 ego
3083 4495 3427 4567 unigenitum,
3453 4500 3545 4552 Sed

1977 4586 2095 4639 dico
2121 4594 2174 4638 et
2208 4586 2369 4641 Deum
2400 4602 2607 4640 verum.

2050 4674 2403 4728 Secundianus
2427 4675 2589 4729 dixit:
2617 4676 2724 4746 Ego
2744 4676 2862 4732 dico
2883 4678 3112 4747 genitum
3138 4694 3167 4732 a
3191 4678 3344 4735 Patre
3366 4693 3549 4734 verum

1980 4762 2218 4830 genitum
2246 4780 2256 4815 :
2293 4762 2414 4817 dico
2444 4763 2708 4819 omnibus.

375 4857 400 4884 ⁸
422 4850 559 4953 flium
586 4854 849 4953 incodice
872 4871 972 4911 ms.
999 4858 1322 4928 Divionensi,
1348 4878 1452 4919 uno
1475 4876 1658 4923 tenore
1678 4869 2017 4940 decurreret,
2048 4890 2143 4930 nos
2171 4886 2345 4932 tamen
2369 4887 2491 4933 oeto
2511 4879 2741 4947 capitum
2774 4881 3063 4949 sectionem
3088 4872 3151 4937 ex
3180 4883 3406 4953 vulgatis
3435 4885 3553 4938 edi-

308 4918 533 4975 tionibus
564 4926 896 4979 retinuitnus.

308 5015 3527 5063 ξ--Ὰ--Ἠ

1396 5105 1732 5189 LIBER
1784 5066 2429 5194 SECUNDUS.

1374 5259 1457 5301 DE
1500 5262 1680 5319 FIDE,
1718 5262 1780 5304 IN
1831 5264 2110 5308 PERSONA
2159 5267 2479 5313 AMBROSII.

807 5470 833 5498 ἰ
855 5460 1078 5521 CAPUT
1115 5467 1397 5526 PRIMUM.

374 5606 670 5664 Ambrosius
707 5612 976 5680 epist-Opus
1003 5614 1132 5670 dixit
1157 5634 1173 5670 :
1204 5619 1391 5676 Multas
1420 5623 1633 5692 quidem
1681 5634 1733 5679 et
1762 5622 1886 5696 gra-

1990 5440 2073 5507 (ΙΙ
2106 5440 2241 5495 Tim.
2267 5457 2337 5507 ιι,
2368 5440 2478 5514 l7).
2506 5444 2610 5499 Sed
2639 5446 2775 5501 vinci
2808 5447 2879 5503 illi
2907 5448 2989 5502 vel
3020 5447 3171 5502 facile
3197 5457 3436 5516 possunt,
3466 5452 3545 5504 vel

1987 5532 2139 5585 facile
2169 5531 2357 5599 vitari,
2392 5551 2612 5604 quorum
2647 5540 2815 5606 prima
2846 5541 3204 5609 propositione
3233 5556 3390 5597 omne
3430 5558 3554 5598 con-

1986 5622 2164 5677 silium
2211 5626 2442 5693 pectoris
2483 5628 2746 5695 proditur.
2788 5631 2853 5681 At
2894 5643 3020 5681 vero
3061 5628 3114 5681 hi
3157 5629 3345 5698 quibus
3398 5634 3552 5706 507

305 5716 403 5756 ves
432 5703 661 5759 haereses
700 5706 944 5761 novimus
981 5723 1008 5761 a
1041 5709 1282 5777 plurimis
1321 5716 1568 5780 ebullire.
1610 5727 1664 5772 et
1695 5722 1893 5776 veneni
1990 5720 2151 5774 multa
2182 5720 2455 5775 nobiscum
2490 5722 2632 5788 paria
2673 5730 2823 5786 sunt,
2858 5721 3009 5776 facile
3048 5735 3269 5792 possunt
3314 5726 3561 5782 innoxius

306 5796 429 5852 vice
457 5798 521 5854 ad
546 5800 789 5854 intimum
821 5808 1006 5870 pectus
1041 5804 1280 5860 canceris
1310 5808 1392 5865 sui
1420 5809 1565 5865 virus
1597 5809 1882 5871 infundere

1993 5823 2198 5872 mentes
2235 5824 2288 5869 et
2331 5815 2429 5869 soli
2494 5814 2603 5869 Deo
2647 5813 2850 5869 deditas
2878 5859 2891 5883 ,
2932 5814 3266 5876 frauduicnta
3305 5822 3558 5879 societate
