3962 6178
384 276 481 331 451

1699 265 1921 322 VlGlLll
1960 265 2320 321 TAPSENSIS

3523 272 3621 325 452

385 423 684 482 perculere,
708 412 834 467 dum
866 412 1124 466 malorum
1150 420 1369 463 suorum
1401 405 1547 459 virus
1575 417 1669 472 per
1696 402 1835 458 bona
1861 416 1957 456 n0-

2076 399 2091 436 ι
2123 383 2233 438 Deo
2280 381 2660 451 primogenitus
2690 381 2831 436 ﬁlius
2875 382 3167 450 appellatus
3195 393 3277 439 est
3323 382 3519 454 (Exod.
3550 402 3618 453 iv,

385 475 494 555 stra
522 475 833 557 defendunt.
866 500 1008 553 Nihil
1030 498 1173 553 enim
1200 493 1553 564 periculosius
1575 488 1658 546 his
1690 489 1959 545 literetieis

2076 476 2171 544 t2).
2204 475 2314 529 Nec
2342 488 2447 528 non
2472 482 2527 528 et
2555 475 2934 542 primogenitus
2959 476 3119 528 totius
3148 484 3407 531 creatura:
3424 476 3551 547 (Col.
3582 495 3622 544 ι,

386 610 508 649 esse
540 603 743 661 potest,
770 594 861 661 qui
890 607 1009 646 cum
1050 591 1253 657 integre
1296 601 1391 655 per
1433 584 1611 639 omnia
1643 584 1955 646 decurrant,

393 697 499 735 uno
532 694 705 736 tamen
734 681 917 745 verbo,
948 693 1011 734 ac
1036 679 1081 731 si
1105 676 1292 731 veneni
1314 682 1485 744 gutta,
1505 688 1706 729 meram
1728 672 1869 726 illam
1900 684 1962 725 ac

387 770 680 837 simplicem
712 768 867 822 fidem
900 765 1178 820 dominicze
1206 771 1260 818 et
1288 764 1487 818 exinde
1518 759 1824 829 apostolica:
1850 767 1960 812 tra-

388 856 605 909 ditionis
635 856 895 908 inlieiunt.
919 854 1069 908 Unde
1096 852 1437 907 vehementer
1460 851 1615 905 nobis
1650 848 1950 903 cavendum

388 955 469 998 est
497 959 563 998 ne
589 958 647 998 se
671 944 757 997 vel
784 943 1027 998 sensibus
1054 942 1140 996 vel
1172 942 1387 996 auribus
1417 940 1615 994 nostris
1648 936 1963 1007 hujusmodi

389 1038 586 1106 aliquid
628 1037 854 1091 latenter
891 1037 1168 1090 insinuet:
1209 1035 1333 1102 quia
1390 1032 1522 1087 nihil
1567 1040 1673 1085 tam
1722 1030 1863 1098 cogit
1912 1027 1966 1082 in

393 1140 650 1193 mortem,
679 1144 835 1197 quam
866 1128 964 1182 sub
1019 1128 1238 1181 obtentu
1269 1125 1391 1179 fidei
1431 1127 1789 1195 integritatem
1820 1124 1968 1191 ejus-

391 1219 513 1273 dem
548 1218 669 1272 lidei
709 1217 928 1271 violare.
982 1213 1051 1269 Ut
1088 1216 1229 1269 enim
1268 1228 1491 1284 gypsum
1544 1228 1678 1283 aqua
1728 1212 1969 1281 permix-

394 1316 504 1361 tum
554 1307 635 1361 lac
673 1306 854 1361 colore
894 1305 1185 1358 mentitur:
1240 1304 1313 1355 ita
1348 1301 1434 1355 hic
1476 1317 1573 1370 per
1616 1299 1968 1354 verisimilem

396 1397 787 1451 confessionem
822 1394 1039 1447 traditio
1077 1393 1287 1446 inimica
1325 1392 1643 1459 suggeritur.
1677 1390 1791 1456 Qua
1818 1389 1884 1442 de
1911 1402 1970 1443 re

393 1500 497 1538 non
545 1484 836 1538 similitudo
870 1479 1247 1542 confessionis,
1280 1479 1375 1532 sed
1418 1491 1611 1532 sensus
1657 1475 1853 1530 mentis
1892 1484 1975 1530 est

395 1574 794 1642 ponderandus,
824 1586 929 1641 quo
967 1570 1237 1625 confessio
1282 1569 1395 1638 ipsa
1437 1569 1703 1624 ﬁrmatur.
1736 1567 1973 1635 Denique

393 1663 439 1717 si
468 1662 770 1733 diligentius
808 1671 864 1716 et
901 1659 1205 1715 accuratius
1236 1658 1553 1725 attendatis,
1585 1674 1681 1713 cur
1709 1658 1976 1712 voluerint

2062 566 2177 637 15),
2197 567 2345 636 quasi
2371 568 2422 619 in
2447 566 2636 620 ordine
2656 565 2916 619 factorum
2941 565 3320 635 primogenitus
3343 569 3622 635 habeatur,

2061 667 2118 711 ut
2144 673 2212 712 ex
2240 672 2305 712 eo
2334 657 2528 711 seriem
2552 656 2835 725 quamdam
2864 656 3107 711 creandis
3136 657 3318 712 mundi
3351 661 3512 715 rebus
3539 676 3625 714 as-

2061 748 2290 818 signent.
2323 747 2559 815 Denique
2587 747 2795 801 sublato
2825 747 3096 818 ὁμουσίου,
3130 747 3183 801 id
3210 757 3293 802 est
3319 751 3477 804 unius
3498 750 3626 804 sub-

2062 838 2271 891 stantiae
2296 836 2582 900 vocabulo;
2615 835 2900 906 ὁμοιούσιον
2934 878 2948 900 ,
2978 837 3030 891 id
3068 846 3149 891 est
3181 837 3409 893 similem
3441 838 3628 895 facturi

2064 941 2160 981 suo
2190 933 2508 995 posuerunt,
2540 939 2660 979 cum
2689 924 2831 978 aliud
2862 924 2931 979 sit
2968 924 3287 990 similitudo,
3320 927 3460 982 aliud
3492 931 3627 982 veri.

2066 1025 2168 1069 tas.
2194 1015 2324 1068 Nam
2353 1024 2407 1068 et
2432 1014 2594 1069 homo
2628 1013 2694 1067 ad
2724 1013 3007 1082 imaginem
3030 1024 3082 1069 et
3110 1016 3509 1071 similitudinem
3541 1019 3631 1071 Dei

2068 1107 2237 1162 factus
2277 1114 2361 1161 est
2404 1104 2555 1178 (Gen.
2580 1121 2629 1169 ι,
2658 1103 2782 1173 26),
2828 1118 2927 1158 nec
2972 1115 3150 1159 tamen
3193 1106 3335 1160 Deus
3376 1116 3498 1161 est:
3533 1122 3631 1161 nec

2068 1196 2210 1266 quod
2236 1196 2374 1249 Deus
2395 1205 2508 1262 est,
2543 1195 2702 1247 homo
2727 1194 3003 1248 exstitisse
3025 1195 3321 1249 credendus
3344 1205 3445 1251 est.
3474 1196 3549 1249 [ta
3578 1206 3634 1252 et

2072 1286 2258 1340 Filium
2292 1286 2383 1339 Dei
2413 1285 2637 1338 similem
2666 1284 2876 1350 volunt,
2902 1292 2959 1337 ut
2980 1299 3099 1338 eum
3128 1283 3340 1339 aliunde
3369 1285 3595 1340 similem
3614 1326 3632 1351 ,

2074 1394 2177 1431 non
2209 1377 2276 1431 de
2305 1378 2417 1443 ipsa
2461 1392 2562 1430 una
2609 1384 2789 1429 sancta
2834 1384 2889 1430 et
2927 1376 3078 1428 beata
3122 1376 3294 1430 Patris
3340 1378 3635 1433 substantia

2074 1467 2270 1521 dicant.
2302 1466 2402 1532 Qui
2429 1466 2473 1519 si
2505 1465 2572 1519 de
2601 1466 2769 1521 Patris
2794 1466 3085 1520 substantia
3116 1482 3219 1521 non
3242 1477 3344 1535 est,
3374 1471 3423 1533 ἐξ
3449 1471 3530 1523 οὐκ
3557 1467 3638 1523 ὅν-

2074 1579 2174 1614 των
2207 1567 2321 1623 est,
2349 1555 2401 1609 id
2432 1564 2513 1609 est
2540 1570 2605 1610 ex
2644 1555 2802 1609 nullis
2841 1555 3195 1621 exstantibus,
3228 1562 3286 1609 ut
3310 1556 3448 1611 idem
3476 1560 3637 1613 Arius

2077 1649 2312 1703 tradidit.
2346 1648 2567 1703 Sublato
2605 1650 2744 1703 enim
2775 1663 2839 1702 eo
2864 1649 3006 1717 quod
3034 1648 3192 1703 Pater
3215 1657 3326 1716 est,
3371 1649 3639 1704 undecun-

395 1753 461 1807 de
487 1732 788 1819 evangelica
817 1761 866 1807 et
897 1752 1188 1820 apostolica
1223 1750 1344 1816 (ille,
1375 1760 1430 1804 et
1460 1751 1528 1805 de
1558 1750 1773 1804 Patrum
1802 1749 1969 1804 uadi-
2008 1732 2051 1791 Β
2076 1756 2179 1810 que
2208 1742 2367 1797 fuerit
2396 1740 2585 1809 Filius,
2609 1755 2826 1796 necesse
2852 1753 2931 1796 est
2958 1750 3014 1797 ut
3043 1750 3097 1796 et
3126 1737 3331 1797 initium
3352 1758 3417 1799 ex
3448 1743 3638 1812 nihilo,

398 1844 562 1904 tione,
591 1842 746 1896 unius
775 1841 1085 1896 substantia:
1112 1854 1306 1894 nomen
1337 1838 1568 1908 auferri,
1604 1840 1787 1908 procul
1814 1838 1973 1892 dubio

399 1930 633 1995 probatis
672 1929 918 1983 bmresim
961 1929 1210 1982 Arianam
1253 1928 1436 1982 subtili
1482 1927 1798 1997 compendio
1827 1926 1975 1981 brevi

394 2018 500 2087 jam
521 2019 729 2073 sublato
748 2018 847 2073 hoc
868 2017 1082 2071 nomine
1104 2016 1486 2071 intromissam.
1504 2016 1615 2071 Nec
1638 2016 1739 2071 hoc
1760 2016 1970 2085 quidem

397 2121 496 2174 ego
512 2107 811 2174 suspicione
827 2116 916 2159 aut
934 2105 1186 2173 opinione
1209 2105 1495 2159 collectum
1515 2104 1752 2169 afﬁrmo;
1779 2118 1877 2159 nec
1892 2105 1976 2173 (ut

399 2196 497 2263 ipsi
535 2197 736 2265 putant)
774 2196 1109 2250 aeademicus
1150 2195 1456 2263 disputator
1491 2197 1713 2261 assisto,
1754 2205 1810 2250 ut
1841 2196 1973 2249 sim-

400 2285 561 2352 plices
586 2299 776 2339 sensus
804 2285 1090 2339 verborum
1116 2285 1408 2339 subtilitate
1434 2294 1814 2353 contorqueam
1835 2325 1849 2349 ,
1875 2284 1972 2338 sed

402 2384 459 2429 ut
487 2384 757 2430 contortos
793 2385 847 2430 et
877 2390 1086 2443 pravos,
1114 2377 1257 2430 tenui
1288 2386 1601 2446 argumento
1627 2378 1969 2445 compositos,

402 2466 456 2519 in
478 2465 646 2519 lucem
669 2465 986 2535 cognitionis
1014 2481 1275 2535 exponam
1295 2509 1309 2533 ,
1332 2483 1438 2538 quo
1467 2469 1673 2523 facilius
1698 2469 1865 2538 possit
1886 2484 1976 2523 co-

400 2555 545 2623 gnita
572 2562 628 2609 et
647 2564 917 2624 comperta
945 2556 1194 2625 iniquitas
1229 2556 1296 2611 ab
1321 2557 1566 2612 omnibus
1597 2558 1806 2613 evitari.
1841 2556 1971 2623 Quae

402 2643 597 2700 etenim
634 2659 823 2711 causa,
850 2661 1034 2715 quaeve
1063 2647 1198 2703 ratio
1241 2648 1473 2715 exstitit,
1506 2657 1564 2704 ut
1600 2650 1739 2719 quod
1770 2650 1976 2704 docen-

400 2733 527 2788 dum
552 2741 606 2789 et
628 2735 768 2804 quod
795 2735 1120 2790 credendum
1145 2736 1349 2791 cunctis
1381 2738 1639 2793 Ecclesiis
1666 2738 1838 2793 fuerat
1866 2747 1975 2793 tra—

400 2824 602 2893 ditum,
635 2826 881 2897 quodque
918 2826 1102 2883 Patres
1132 2830 1300 2884 nostri
1330 2832 1609 2900 apostolici
1639 2832 1739 2887 viri
1786 2841 1974 2887 contra

400 2914 677 2970 universas
704 2915 958 2995 haereses,
980 2926 1034 2972 et
1062 2918 1291 2974 maxime
1314 2922 1586 2987 Arianam,
1611 2924 1762 2992 quasi
1784 2938 1971 2993 quem-

399 3000 523 3055 dam
557 3003 761 3057 obicem
799 3008 1059 3071 veritatis,
1099 3022 1206 3076 quo
1243 3023 1432 3065 omnes
1473 3013 1650 3066 aditus
1699 3014 1973 3082 peStiferaa

400 3090 656 3145 doctrina:
699 3092 1067 3160 obstruerent,
1106 3107 1294 3151 sancto
1338 3100 1537 3168 Spiritu
1580 3102 1850 3169 inundati,
1886 3117 1969 3157 ca-
2003 3088 2047 3150 C

402 3181 593 3236 tholica
631 3184 836 3238 ratione
878 3198 1198 3254 posuerunt,
1233 3204 1337 3243 non
1378 3193 1496 3248 sine
1532 3208 1726 3262 magno
1757 3196 1873 3249 nisu
1908 3195 1977 3251 ab

401 3271 484 3324 bis
509 3272 597 3340 qui
630 3287 769 3327 nunc
796 3274 970 3343 elogio
1002 3275 1216 3334 Ariunte
1251 3280 1387 3337 labis
1414 3284 1610 3339 addicti
1642 3295 1799 3353 sunt,
1827 3288 1977 3342 labu-

401 3368 547 3412 retur
575 3359 800 3428 auferri,
835 3363 936 3417 nisi
964 3374 1020 3418 ut
1049 3366 1241 3423 Filium
1274 3369 1365 3425 Dei
1408 3375 1713 3430 mutabilem
1741 3386 1795 3431 et
1843 3393 1975 3433 con-

403 3448 703 3538 vertibilem
722 3491 738 3516 ,
766 3461 947 3521 utpote
974 3471 1081 3510 non
1108 3456 1174 3513 de
1204 3462 1412 3529 propria
1441 3465 1614 3520 Patris
1643 3469 1938 3526 substantia
1956 3514 1971 3538 ,

401 3537 706 3593 constitisse
730 3540 1071 3612 conﬁngant:
1105 3549 1189 3601 cui
1217 3559 1269 3603 et
1295 3550 1504 3608 initium
1532 3571 1597 3610 ex
1634 3567 1894 3629 tempore,
1922 3537 1979 3618 et

404 3638 579 3680 ortum
607 3643 671 3683 ex
704 3630 889 3699 nihilo,
924 3648 1116 3691 nomen
1145 3654 1209 3694 ex
1234 3640 1425 3711 altero,
1457 3655 1516 3699 ut
1542 3661 1755 3717 semper
1776 3651 1977 3709 docue-

411 3729 536 3774 runt
556 3720 796 3791 (propter
821 3728 959 3794 quod
982 3738 1036 3784 et
1057 3745 1199 3801 saepe
1219 3734 1452 3793 damnati
1475 3740 1635 3813 508
1652 3746 1815 3813 sunt),
1839 3763 1979 3803 nunc

402 3813 510 3877 jam
531 3813 695 3870 libere
715 3825 770 3871 et
785 3831 972 3873 secure
993 3820 1469 3900 incunctantcrque
1492 3831 1748 3890 Ecclesiis
1770 3837 1978 3894 tradere

403 3914 457 3959 et
489 3904 754 3962 insinuare
776 3911 1019 3978 possint?

1025 4027 1249 4087 CAPUT
1288 4032 1350 4090 ll.

479 4109 682 4165 Videtis
709 4127 838 4182 ergo
868 4116 1046 4170 omnia
1077 4134 1173 4174 eos
1202 4122 1254 4175 in
1300 4132 1524 4180 tractatu
1563 4127 1832 4197 ipsorum,
1871 4146 1975 4187 non

404 4200 708 4267 evangelica
741 4201 867 4269 lide,
899 4204 990 4259 sed
1017 4207 1236 4263 subdola
1267 4213 1593 4283 malignitate
1621 4217 1685 4271 ad
1719 4219 1977 4275 seducen-

402 4286 500 4339 dos
539 4288 807 4358 simplices
847 4309 1085 4363 quosque
1130 4303 1391 4367 posuisse.
1433 4305 1548 4359 Non
1587 4307 1695 4376 jam
1735 4319 1839 4364 tam
1883 4325 1976 4366 su-

402 4390 642 4447 spectum
672 4397 830 4483 quam
861 4388 1199 4446 manifestum
1239 4396 1487 4483 omnibus
1529 4414 1651 4455 esse
1681 4401 1870 4468 debet,
1907 4409 1973 4460 ita

2079 1839 2133 1885 et
2160 1841 2332 1885 ortum
2362 1847 2427 1886 ex
2459 1841 2698 1897 tempore
2739 1830 2949 1886 habeat.
2984 1830 3125 1885 Nihil
3154 1832 3295 1886 enim
3334 1834 3451 1887 sine
3490 1834 3639 1889 initio

2076 1920 2179 1976 nisi
2206 1923 2348 1976 solus
2392 1921 2555 1977 Deus.
2580 1919 2733 1975 Unde
2770 1931 2823 1976 et
2854 1920 3039 1991 Filius,
3068 1922 3204 1977 sicut
3233 1922 3348 1992 ipse
3387 1924 3639 1981 Dominus

2076 2013 2184 2066 ait:
2219 2012 2329 2083 Ego
2358 2022 2403 2066 et
2442 2011 2598 2066 Pater
2634 2029 2792 2066 unum
2833 2029 3003 2067 sumus
3048 2012 3224 2084 (Joan.
3250 2030 3311 2081 Χ,
3340 2014 3450 2086 '50).
3483 2015 3641 2082 Quod

2077 2103 2197 2159 ideo
2225 2104 2387 2171 dixit,
2420 2112 2476 2158 ut
2521 2104 2747 2160 duarum
2781 2105 2942 2175 509
2989 2121 3335 2175 personarum
3386 2108 3642 2163 vocabula

2076 2198 2132 2251 in
2160 2198 2316 2251 unius
2354 2196 2566 2251 deitatis
2596 2199 2869 2265 majestate
2901 2209 3244 2265 monstraret,
3275 2203 3410 2255 sicut
3435 2211 3488 2255 et
3514 2217 3642 2270 pro-

2079 2288 2234 2356 pheta
2256 2303 2322 2344 ex
2352 2304 2480 2344 voce
2502 2289 2595 2343 Dei
2618 2308 2632 2344 :
2665 2289 2925 2344 Eructavit
2944 2335 2959 2359 ,
2985 2292 3185 2362 inquit,
3213 2309 3298 2347 cor
3324 2309 3487 2346 meum
3516 2294 3644 2350 Ver-

2076 2380 2194 2433 bum
2217 2381 2429 2449 bonum,
2471 2382 2584 2435 dico
2614 2398 2704 2453 ego
2731 2399 2885 2451 opera
2916 2400 3025 2437 mea
3054 2384 3160 2455 regi
3190 2383 3359 2454 (Psal.
3390 2401 3535 2452 xuv,
3558 2387 3643 2457 2).

2077 2469 2239 2525 Vides
2280 2486 2406 2540 ergo
2451 2470 2553 2525 hoc
2583 2472 2813 2526 Verbum
2863 2473 3059 2527 bonum
3108 2474 3301 2527 Filium
3344 2475 3437 2528 Dei
3483 2490 3641 2542 esse,

2077 2573 2234 2629 quem
2266 2575 2368 2614 non
2400 2561 2611 2615 aliunde
2638 2577 2796 2631 quam
2833 2562 2900 2616 de
2929 2572 3152 2631 paterno
3191 2573 3405 2634 pectore
3442 2574 3496 2619 et
3539 2566 3557 2631 (
3584 2578 3645 2619 ut

2078 2649 2147 2703 ita
2178 2648 2428 2720 dixerim)
2452 2652 2519 2704 de
2549 2660 2697 2705 utero
2723 2651 2899 2706 cordis
2931 2652 3022 2707 Dei
3052 2653 3321 2709 credimus
3350 2665 3552 2712 natum.
3579 2656 3645 2712 Et

2077 2741 2301 2809 proinde
2336 2757 2455 2796 eum
2486 2758 2665 2811 regem
2703 2744 2964 2812 appellat,
2992 2747 3113 2814 quia
3146 2746 3259 2812 ipse
3290 2758 3369 2801 est
3399 2747 3510 2802 Rex
3558 2765 3645 2803 re-

2079 2848 2201 2902 gum
2226 2850 2239 2885 :
2268 2833 2432 2888 Deum
2467 2834 2780 2900 Dominum,
2807 2837 2893 2890 cui
2923 2839 3096 2891 omnia
3124 2838 3301 2892 divina
3326 2844 3486 2908 Opera
3517 2854 3646 2895 suc-

2078 2924 2360 2991 cumbunt;
2405 2925 2494 2994 qui
2535 2926 2712 2982 dixit:
2753 2929 2935 2983 Omnia
2978 2945 3090 2999 quae
3129 2928 3285 2985 Pater
3327 2933 3504 2999 habet,
3535 2948 3647 2988 mea

2077 3028 2197 3071 sunt
2227 3015 2405 3087 (Joan.
2431 3033 2546 3084 xvr,
2580 3020 2685 3089 15).
2723 3020 2795 3074 De
2818 3022 2916 3077 hoc
2939 3031 2994 3077 et
3019 3024 3379 3092 evangelista:
3412 3023 3477 3079 In
3506 3028 3646 3091 prin-

2080 3109 2244 3178 cipio,
2291 3108 2494 3176 inquit,
2535 3119 2642 3163 erat
2695 3109 2949 3179 Verbum,
2996 3122 3042 3166 et
3095 3112 3312 3168 Verbum
3357 3126 3465 3170 erat
3504 3120 3646 3184 apud

2080 3196 2275 3268 Deum,
2302 3208 2349 3251 et
2399 3200 2533 3254 Deus
2573 3210 2681 3254 erat
2724 3201 2964 3257 Verbum.
2997 3203 3185 3257 Omnia
3224 3221 3314 3274 per
3352 3222 3465 3259 cum
3508 3208 3648 3277 facta

2080 3303 2224 3359 sunt,
2261 3301 2312 3345 et
2352 3292 2459 3345 sine
2497 3308 2553 3345 eo
2585 3291 2775 3361 factum
2804 3302 2876 3346 est
2917 3292 3046 3346 nihil
3092 3292 3268 3364 (Joau.
3299 3307 3345 3362 ι,
3378 3293 3451 3362 l).
3485 3295 3647 3363 igitur

2080 3384 2220 3455 quod
2244 3385 2295 3438 in
2321 3382 2579 3453 principio
2600 3392 2713 3435 erat
2733 3422 2747 3445 ,
2772 3395 2982 3451 semper
3008 3381 3170 3437 fuisse
3190 3382 3512 3439 credendum
3534 3395 3638 3439 est.

2079 3474 2186 3532 Sed
2214 3489 2312 3529 nec
2338 3471 2554 3527 aliunde
2579 3486 2696 3527 esse
2717 3485 2871 3541 quam
2897 3486 2960 3527 ex
2982 3486 3046 3526 eo
3067 3472 3158 3542 qui
3189 3471 3502 3542 principium
3531 3489 3643 3529 non

2080 3568 2270 3633 habet,
2304 3565 2357 3620 id
2383 3574 2466 3620 est
2493 3564 2561 3619 de
2586 3563 2747 3619 corde
2775 3562 2966 3629 Patris,
2991 3564 3113 3631 quia
3141 3565 3407 3629 cruciavit,
3432 3566 3601 3633 inquit
3626 3609 3642 3631 ,

2079 3673 2165 3711 cor
2192 3671 2357 3709 meum
2392 3654 2607 3708 Verbum
2652 3654 2853 3706 bonum.
2886 3652 2999 3707 Non
3040 3653 3181 3709 enim
3211 3654 3379 3709 dixit:
3409 3656 3464 3709 ln
3496 3657 3647 3724 prin-

2078 3745 2221 3815 cipio
2260 3744 2457 3799 factum
2502 3753 2585 3799 est
2617 3742 2877 3811 Verbum,
2913 3744 3008 3798 sed
3041 3745 3095 3797 in
3134 3744 3404 3816 principio,
3437 3747 3661 3817 inquit,

2078 3844 2186 3890 erat
2223 3833 2462 3888 Verbum.
2492 3833 2854 3902 Quodcunque
2881 3833 3201 3905 principium
3230 3828 3394 3892 Verbi
3438 3839 3651 3908 signare

2078 3924 2746 3996 volueris,praejudicatum
2777 3924 3156 3997 habebis,quia
3186 3928 3239 3981 in
3264 3929 3646 3998 principio,in-

2077 4016 2224 4085 quit,
2253 4025 2383 4068 erat.
2414 4014 2530 4069 Non
2573 4015 2715 4085 quod
2744 4015 2848 4071 duo
2882 4018 3140 4088 principia
3166 4034 3231 4074 ex
3263 4034 3440 4075 rerum
3480 4020 3651 4075 diver-

2080 4105 2238 4159 sitate
2263 4103 2521 4168 dicamus,
2553 4103 2647 4157 sed
2681 4105 2802 4173 quia
2834 4105 3064 4163 Verbum
3095 4108 3262 4165 Filius
3292 4124 3503 4180 semper
3528 4125 3650 4165 eum

2081 4193 2236 4247 Patre
2264 4203 2372 4257 est,
2406 4203 2457 4247 et
2488 4192 2554 4246 de
2583 4191 2741 4247 Patre
2782 4203 2938 4249 natus
2981 4206 3083 4252 est.
3126 4199 3203 4252 Ae
3250 4200 3470 4268 proinde
3498 4200 3653 4269 cujus

2080 4281 2229 4351 origo
2258 4282 2572 4352 principium
2612 4296 2715 4336 non
2748 4282 2933 4349 habet,
2968 4287 3325 4355 sempiternus
3352 4290 3651 4345 credendus

2081 4381 2203 4427 est:
2234 4371 2355 4440 quia
2384 4386 2481 4426 nec
2512 4371 2667 4426 Pater
2704 4380 2879 4441 potest
2908 4390 3138 4446 unquam
3166 4379 3281 4434 sine
3312 4378 3447 4436 Filio
3476 4381 3651 4436 nomi-

403 4484 498 4524 εοε
528 4452 701 4528 Deum’
722 4468 790 4531 de
817 4478 927 4534 Deo
977 4483 1217 4549 posuisse
1235 4527 1249 4551 ’
1273 4466 1348 4541 σω
1379 4452 1553 4546 Arius“
1576 4452 1975 4551 ἀέὶξξοίεξ
2001 4452 2053 4513 D
2082 4463 2216 4529 nari,
2243 4477 2340 4517 nec
2368 4462 2531 4517 Filius
2560 4462 2675 4517 sine
2699 4461 2855 4519 Patre
2884 4467 3083 4534 vocari,
3107 4481 3170 4522 ac
3197 4483 3291 4538 per
3314 4468 3416 4524 hoc
3436 4485 3651 4539 semper

408 4561 526 4629 bat,
551 4576 607 4618 ut
647 4581 711 4620 ex
740 4566 850 4624 Deo
879 4569 1046 4626 factus
1072 4574 1173 4639 sit,
1202 4590 1307 4631 non
1342 4592 1409 4633 ex
1449 4581 1557 4637 Deo
1602 4593 1775 4640 natus.
1803 4585 1902 4652 Qui
1931 4588 1979 4642 si

407 4664 563 4744 natus
586 4666 700 4724 est,
728 4660 887 4715 unius
913 4664 1221 4721 substantia:
1248 4678 1330 4724 est
1356 4688 1368 4723 :
1401 4674 1444 4726 si
1474 4673 1643 4729 factus
1673 4686 1783 4744 est,
1822 4694 1978 4735 verus

411 4740 577 4796 Filius
608 4759 713 4799 non
743 4756 853 4816 est,
886 4760 937 4805 et
962 4754 1007 4806 si
1034 4768 1190 4810 verus
1221 4757 1385 4813 Filius
1414 4776 1518 4816 non
1557 4775 1667 4831 est,
1699 4740 1797 4821 nec
1822 4784 1979 4824 verus

412 4830 548 4924 Deus
574 4845 674 4888 est.
701 4838 806 4891 Aut
830 4841 873 4893 si
905 4856 1059 4898 verus
1089 4845 1229 4901 Deus
1255 4859 1337 4904 est
1366 4858 1420 4904 et
1448 4851 1515 4906 de
1545 4830 1702 4910 Patre
1731 4872 1834 4911 non
1862 4868 1976 4924 est,

408 4921 515 5014 duo
541 4933 665 4979 sunt
704 4926 959 4986 habentes
988 4933 1179 5002 singuli
1210 4946 1265 4992 et
1298 4940 1601 4997 voluntates
1633 4948 1893 5014 preprias,
1922 4921 1977 5003 et

408 5012 628 5081 imperia
657 5016 887 5076 diversa.
915 5022 1009 5076 Vel
1038 5024 1083 5079 si
1111 5029 1393 5084 concordia
1422 5012 1703 5088 tantuiniet
1728 5012 1980 5093 societate

410 5118 571 5194 unum
599 5114 752 5171 sunt,
785 5124 887 5163 non
918 5120 1094 5167 tamen
1122 5125 1177 5168 et
1215 5117 1509 5174 substantia
1530 5163 1544 5185 ,
1577 5138 1752 5190 verus,
1787 5134 1844 5178 ut
1871 5127 1979 5194 jam

407 5190 515 5244 diri
535 5233 548 5254 ,
582 5196 718 5247 Deus
748 5211 852 5249 non
891 5206 971 5253 est
997 5217 1011 5254 :
1041 5210 1096 5256 et
1127 5204 1202 5259 sic
1227 5206 1327 5260 erit
1356 5209 1492 5264 Deus
1524 5221 1580 5264 ut
1610 5212 1815 5282 Moyses
1846 5190 1982 5269 Pha-
2012 5235 2016 5237 λ

410 5287 558 5341 raoni
590 5287 912 5357 (Exod.vu,
946 5292 1028 5364 l):
1077 5305 1362 5365 potestate,
1407 5316 1513 5355 non
1555 5317 1769 5371 genere.
1815 5306 1979 5361 Filius

410 5392 621 5447 quoque
658 5379 728 5433 ita
760 5383 1055 5440 credendus
1083 5389 1213 5453 erit,
1244 5400 1298 5442 ut
1328 5406 1419 5459 per
1457 5391 1641 5446 Isaiam
1675 5396 1867 5463 populo
1896 5398 1978 5453 di-

407 5476 551 5556 ctum
589 5482 670 5523 cst
697 5489 711 5524 :
743 5470 907 5527 Filios
937 5479 1085 5544 genui
1112 5486 1158 5531 et
1186 5482 1399 5535 exaltari
1433 5480 1584 5552 (Isai.
1615 5500 1660 5550 ι,
1686 5486 1765 5556 2),
1793 5497 1846 5541 et
1873 5490 1977 5543 ali-

413 5555 461 5604 hi
488 5570 502 5607 :
535 5556 618 5609 Dii
647 5562 782 5621 estis,
808 5574 859 5615 et
888 5566 982 5630 ﬁlii
1006 5564 1247 5621 Altissimi
1279 5586 1447 5624 omnes
1480 5570 1650 5639 (Pszzt.
1680 5555 1868 5644 nul,
1898 5580 1972 5647 l5).

409 5642 516 5698 Sed
539 5655 589 5698 cl
619 5650 991 5721 primogeiitus
1013 5657 1081 5711 ita
1110 5656 1409 5729 habebitur,
1438 5663 1703 5732 quomodo
1731 5675 1781 5721 et
1806 5642 1970 5725 Israel

2081 4557 2269 4619 Filius,
2298 4556 2420 4625 quia
2442 4571 2654 4624 semper
2676 4555 2852 4610 Pater.
2879 4554 2946 4609 Et
2977 4555 3133 4625 Deus,
3157 4559 3360 4630 inquit,
3384 4572 3493 4615 erat
3523 4561 3653 4616 Ver-

2082 4646 2218 4700 bum.
2250 4644 2401 4710 Quod
2431 4646 2569 4699 Deus
2593 4651 2704 4710 est,
2735 4660 2946 4715 semper
2974 4656 3089 4715 est;
3134 4665 3202 4705 ne
3231 4651 3276 4705 si
3304 4666 3516 4721 semper
3546 4668 3655 4707 non

2080 4737 2260 4799 fuerit,
2282 4728 2439 4791 v‘erus
2460 4737 2601 4791 Deus
2621 4751 2740 4792 esse
2763 4753 2867 4792 non
2890 4741 3086 4808 possit:
3113 4743 3267 4798 sicuti
3294 4753 3346 4799 et
3369 4745 3421 4799 in
3446 4746 3654 4813 sephia:

2082 4827 2319 4893 nomine,
2343 4825 2464 4895 quia
2494 4825 2783 4880 secundum
2810 4830 3122 4898 Apostolum
3148 4833 3261 4901 ipse
3283 4842 3368 4889 est
3390 4836 3654 4905 sapientia

2083 4914 2253 4970 Patris
2278 4916 2327 4987 (ι
2348 4916 2465 4970 Cor.
2491 4931 2530 4980 ι,
2554 4915 2667 4986 ει).
2694 4915 2825 4989 Ego,
2856 4919 3047 4990 inquit,
3077 4938 3138 4975 ex
3160 4938 3246 4976 ore
3268 4922 3512 4979 Altissimi
3536 4944 3659 4993 pro-

2082 5004 2179 5055 divi
2199 5003 2382 5073 (Eccli.
2412 5020 2555 5069 XXIV,
2582 5005 2656 5072 5).
2683 5005 2795 5061 Non
2815 5022 2944 5079 ergo
2968 5012 3181 5067 aliunde
3203 5028 3361 5082 quam
3380 5015 3447 5070 de
3475 5016 3653 5079 Patre,

2082 5095 2202 5160 quia
2227 5110 2437 5164 semper
2464 5097 2786 5161 cum,Patrc.
2816 5100 2877 5154 Et
2910 5102 3029 5157 ideo
3056 5103 3326 5174 Sapientia
3354 5106 3446 5160 Dei
3477 5109 3659 5175 appel-

2083 5185 2240 5251 latur,
2269 5197 2328 5241 ut
2354 5204 2619 5260 nunquam
2655 5191 2809 5247 Pater
2845 5196 2961 5248 sine
2989 5199 3270 5266 sapientia,
3301 5199 3404 5255 hoc
3430 5213 3513 5257 εει
3541 5203 3658 5257 sine

2082 5274 2219 5328 Filio
2246 5291 2342 5331 suo
2374 5280 2535 5355 fuisse
2564 5281 2831 5337 credatur.
2868 5285 2989 5340 Haec
3015 5297 3098 5342 est
3123 5290 3212 5344 illa
3240 5292 3503 5361 sapientia
3530 5292 3655 5347 inef-

2080 5364 2273 5428 labilis,
2297 5381 2416 5435 qua:
2444 5370 2649 5424 initium
2680 5374 2880 5429 viarum
2910 5376 3002 5431 Dei
3027 5380 3165 5447 apud
3196 5381 3540 5439 Salomonem
3572 5385 3659 5437 vel

2078 5463 2288 5518 condita
2316 5468 2398 5521 vel
2424 5470 2601 5535 genita
2630 5472 2710 5526 vel
2733 5484 2909 5529 creata
2945 5476 3266 5535 describitur
3296 5480 3476 5551 (Prov.
3502 5483 3616 5550 vin)
3640 5500 3653 5534 :

2077 5582 2233 5633 quam
2265 5578 2437 5626 tamen
2475 5572 2554 5627 sic
2581 5573 2845 5631 conditam
2876 5578 3001 5634 dicit
3041 5592 3096 5634 ut
3124 5597 3341 5652 semper
3379 5598 3496 5638 eam
3534 5599 3658 5638 eum

2080 5672 2187 5729 Deo
2221 5672 2387 5730 fuisse
2428 5676 2692 5732 ostendat.
2723 5676 2872 5745 Quod
2904 5680 3047 5736 euim
3080 5681 3291 5738 initium
3338 5682 3448 5740 Deo
3478 5682 3658 5752 dabis,
