3960 6176
282 253 377 307 455

1247 249 1512 307 CONTRA
1555 251 1941 306 PALLADIL'M
1984 253 2293 310 ARIANUM
2338 258 2460 310 LIB.
2509 257 2570 317 li.

3422 262 3526 315 4ὓῶ

280 375 331 420 ιιι
358 363 564 417 initium
606 361 779 431 possis
812 360 1086 430 sapientia:
1127 361 1296 430 ipsius
1335 363 1690 432 coiisignare?
1732 363 1846 416 Non
1878 370 1915 424 A
1956 365 2107 421 taris.
2140 367 2203 421 Et
2242 382 2544 437 quanquam
2592 384 2695 423 non
2739 370 3107 427 immutaveris
3151 373 3383 439 dictum,
3422 388 3530 443 quo

282 456 417 508 enim
443 456 513 507 ita
543 452 685 507 Deus
721 452 1034 521 sapientiam
1073 468 1224 508 suam
1264 456 1531 521 condidit,
1565 458 1714 523 quasi
1754 458 1849 511 ali-

281 550 487 618 quando
510 550 626 604 sine
646 549 907 617 sapientia
931 548 1105 603 fuerit.
1132 550 1236 605 Sed
1263 567 1382 605 cum
1411 552 1619 606 initium
1643 555 1851 608 viarum

282 657 494 695 suarum
534 640 704 707 dicat,
738 641 946 694 initium
990 649 1165 694 motus
1191 642 1367 709 operis
1407 642 1630 712 alicujus
1673 651 1851 698 osten-

284 733 384 795 dit,
409 732 567 802 διο
590 740 646 784 ut
676 730 775 785 hoc
802 731 1011 784 initium
1044 731 1231 786 habeat
1262 733 1523 800 sapientia
1556 734 1680 801 Dei,
1708 736 1850 804 quod

284 822 346 873 de
387 820 494 873 Deo
525 820 790 887 processit
827 819 891 873 ad
932 819 1205 875 condenda
1237 824 1434 888 omnia,
1468 832 1572 877 tam
1613 825 1850 880 caelestia

282 924 432 974 quam
458 917 673 962 terrena
694 948 708 973 ,
743 924 846 966 non
878 923 983 975 quo
1008 911 1230 978 cmperit
1258 926 1377 966 esse
1410 912 1461 966 in
1497 914 1625 968 Deo.
1659 912 1851 969 Creata

286 1010 360 1054 est
387 1013 515 1068 ergo
550 998 842 1067 sapientia,
875 999 981 1051 imo
1009 1001 1185 1067 genita
1207 1045 1219 1067 ,
1256 1015 1360 1055 non
1406 1002 1504 1056 sibi
1550 1018 1668 1072 qua:
1707 1017 1851 1058 sem-

286 1107 375 1159 per
400 1099 544 1153 erat,
578 1089 672 1142 sed
706 1089 788 1141 his
815 1104 934 1157 qua:
969 1089 1035 1142 ab
1064 1104 1123 1142 ea
1156 1089 1268 1143 ﬁeri
1301 1092 1610 1158 oportebat;
1644 1100 1706 1145 ut
1733 1094 1853 1162 quia

287 1187 474 1247 quanta
504 1186 557 1231 et
587 1178 758 1246 qualis
787 1187 928 1231 esset
969 1178 1094 1231 sciri
1140 1192 1244 1232 non
1292 1189 1525 1246 poterat,
1551 1182 1617 1236 de
1664 1180 1853 1237 cﬁ‘ectu

288 1285 501 1338 operum
542 1284 759 1323 suorum
791 1268 956 1321 virtus
998 1268 1115 1337 ejus
1158 1278 1211 1322 et
1240 1270 1470 1337 potentia
1516 1281 1851 1339 nosceretur,

288 1368 339 1411 ut
386 1359 513 1412 dum
552 1358 882 1411 conditorem
933 1358 997 1410 d-e
1042 1358 1270 1412 conditis
1320 1359 1679 1426 mstimamus,
1728 1372 1853 1417 tunc

286 1448 446 1517 magis
476 1449 760 1502 timeamus
784 1461 902 1500 cum
936 1445 1069 1501 facta
1102 1447 1375 1501 miramur.
1409 1448 1674 1505 Cancrum
1704 1452 1749 1505 si
1799 1462 1851 1505 tu

282 1537 353 1590 ita
393 1546 629 1591 creatam
672 1535 986 1603 sapientiam
1018 1534 1182 1599 dicas,
1214 1545 1269 1589 ut
1300 1537 1490 1592 Filium
1524 1539 1615 1593 Dei
1647 1550 1856 1595 creatu-

284 1641 394 1681 ram
426 1625 726 1696 intelligas,
759 1625 995 1679 occurrit
1037 1624 1129 1678 tibi
1159 1627 1464 1695 Apostolus,
1496 1628 1855 1685 condemnans

1953 455 2155 523 putaris
2185 457 2541 524 prolubuisse,
2568 457 2663 511 Dei
2694 458 2885 512 Filium
2919 461 3213 528 nuncupari
3239 462 3526 526 facturam;

1954 544 2047 599 sed
2073 559 2194 598 cum
2220 545 2518 615 subjungis,
2546 546 2713 601 Sicuti
2740 549 2936 616 aliquid
2963 548 3146 601 horum
3168 550 3305 618 quod
3334 548 3532 616 factum

1952 648 2049 701 est,
2074 652 2136 691 ex
2166 647 2348 705 aperto
2380 638 2617 693 oswndis
2647 654 2751 693 non
2778 641 2845 694 ob
2872 640 2975 693 hoc
3006 640 3263 693 iacturam
3294 639 3400 693 dici
3430 654 3527 692 no-

1953 726 2152 791 luisse,
2180 727 2327 795 quasi
2353 742 2456 781 non
2488 727 2677 783 debeat
2706 728 2877 783 lactus
2911 730 3162 798 intelligi;
3197 729 3292 784 sed
3322 744 3428 783 non
3460 730 3530 782 ita

1954 816 2146 869 factum
2173 817 2270 881 vis,
2297 818 2433 873 sicut
2453 818 2650 887 aliquid
2679 820 2866 875 borum
2896 822 3039 891 quod
3067 821 3262 876 factum
3292 830 3407 891 est,
3434 820 3530 875 sed

1958 919 2131 964 tamen
2180 909 2397 965 factum.
2447 912 2613 966 Aliter
2660 912 2800 966 enim
2844 914 2980 968 dicis
3026 913 3261 980 factum,
3304 923 3363 969 ut
3402 924 3528 981 pote

1956 999 2242 1068 perfectam
2282 1011 2613 1065 creaturam,
2650 1016 2743 1068 per
2777 1017 2934 1069 quem
2981 1002 3117 1057 facta
3157 1012 3282 1057 sunt
3315 1002 3532 1064 omnia;

1962 1090 2249 1143 duunuodo
2272 1099 2325 1145 et
2355 1091 2525 1159 ipsum
2552 1091 2746 1145 factum
2780 1092 3061 1163 intelligas,
3088 1095 3211 1149 licet
3240 1110 3346 1150 non
3376 1097 3444 1148 ita
3470 1101 3531 1147 ut

1957 1189 2170 1231 cmtera.
2201 1179 2304 1233 Sed
2337 1188 2393 1233 ut
2431 1180 2494 1232 ad
2527 1180 2579 1233 id
2611 1191 2867 1246 revertar,
2908 1183 3050 1251 quod
3092 1184 3258 1248 dicis,
3290 1186 3344 1239 in
3386 1185 3531 1239 Scri-

1960 1266 2127 1334 pturis
2171 1266 2369 1321 divinis
2399 1268 2653 1338 ὀμούσιον,
2689 1270 2738 1323 id
2769 1280 2852 1324 est
2896 1271 3050 1325 unius
3090 1272 3401 1335 substantia:
3437 1285 3529 1323 vo-

1958 1357 2199 1410 cabu'um
2233 1372 2337 1411 non
2369 1360 2620 1424 inveniri,
2652 1361 2789 1429 ﬁnge
2826 1363 2927 1415 hoc
2962 1365 3173 1419 interim
3211 1366 3290 1419 sic
3334 1366 3433 1428 sit;
3467 1376 3533 1417 eo

1958 1447 2097 1515 quod
2125 1447 2423 1517 ubicunque
2449 1450 2740 1505 substantia
2772 1453 2981 1521 legitur,
3010 1471 3095 1509 res
3126 1456 3219 1510 Dei
3250 1472 3352 1510 non
3389 1457 3533 1509 Deus

1958 1539 2274 1607 accipiatur;
2318 1539 2442 1609 quid
2474 1541 2612 1609 quod
2656 1549 2710 1594 et
2755 1542 2896 1595 aliud
2944 1543 3082 1611 quod
3130 1545 3388 1613 scriptum
3433 1559 3540 1599 non

1959 1638 2067 1691 εει,
2098 1628 2295 1695 pariter
2324 1629 2607 1697 proﬁteris,
2641 1629 2690 1681 id
2720 1638 2802 1683 est
2834 1630 2996 1682 Deuut
3026 1646 3089 1685 ex
3119 1632 3247 1696 Deo,
3271 1642 3325 1686 et
3358 1632 3539 1685 lumen

283 1732 372 1771 eos
394 1718 487 1787 qui
514 1726 815 1772 creaturam
846 1717 1053 1781 colunt,
1088 1716 1309 1773 dicens:
1340 1718 1557 1788 Propter
1587 1724 1725 1791 quod
1753 1733 1859 1779 ινα.
1890 1718 1935 1777 Β
1963 1731 2026 1769 ex
2066 1715 2297 1771 lumine?
2325 1716 2463 1784 Quid
2506 1717 2572 1770 ad
2615 1718 2727 1770 haec
2751 1717 2924 1771 dicis?
2966 1720 3071 1772 Aut
3117 1728 3285 1774 totum
3327 1736 3536 1775 mecum

282 1806 411 1858 didit
439 1805 561 1859 illos
592 1805 728 1858 Deus
752 1806 804 1858 in
838 1805 1144 1859 desiderium
1165 1805 1334 1859 cordis
1359 1823 1535 1861 eorum
1562 1812 1615 1863 in
1644 1812 1857 1867 immun-

283 1896 460 1947 ditiam
478 1937 493 1958 ,
518 1905 573 1948 ut
602 1895 914 1948 contumeliis
936 1895 1155 1963 afﬁciant
1182 1911 1399 1966 corpora
1424 1915 1518 1953 sua
1543 1901 1595 1954 in
1625 1906 1861 1975 semetip-

282 1990 349 2043 sis
370 2005 390 2043 :
416 1990 508 2059 qui
535 1996 964 2041 commutarerunt
1002 1989 1262 2041 veritatem
1294 1989 1388 2043 Dei
1416 1992 1469 2044 in
1497 1993 1856 2062 mendacium,

286 2091 330 2133 ct
357 2081 629 2134 coluerunt
656 2088 705 2134 et
735 2079 1012 2133 servierunt
1040 2090 1284 2133 creaturw
1312 2082 1480 2147 potius
1519 2099 1672 2152 quam
1704 2085 1862 2141 Crea-

288 2173 411 2235 tori,
450 2172 542 2241 qui
568 2180 641 2224 est
670 2170 958 2224 benedictus
988 2167 1121 2221 Deus
1147 2170 1198 2222 in
1243 2170 1431 2224 swcula
1461 2171 1635 2241 (Rom.
1662 2188 1709 2239 ι,
1742 2176 1860 2246 ει).

289 2265 409 2320 Haec
437 2272 553 2327 est,
584 2264 834 2332 inquam,
888 2262 976 2315 illa
1006 2260 1261 2328 sapientia
1290 2261 1381 2317 Dei
1415 2278 1532 2332 qua:
1556 2263 1681 2318 dicit
1707 2282 1719 2317 :
1753 2265 1864 2338 Ego

291 2374 349 2413 es
373 2374 459 2412 ore
484 2356 735 2411 Altissimi
774 2354 972 2424 prodivi
1000 2352 1186 2423 (Eccli.
1209 2369 1355 2421 xxiv,
1384 2356 1460 2424 5),
1494 2356 1863 2413 universitatis

294 2450 551 2505 conditrix
580 2456 636 2505 et
658 2447 928 2513 effectrix,
958 2446 1009 2500 id
1037 2456 1119 2500 est
1146 2444 1309 2501 Filius
1334 2446 1424 2502 Dei
1460 2462 1552 2517 per
1579 2463 1736 2517 quem
1759 2464 1867 2502 om-

296 2542 396 2608 nia,
419 2549 475 2599 et
512 2542 566 2595 in
610 2554 717 2607 quo
745 2538 961 2593 omnia:
990 2536 1143 2605 quia,
1179 2545 1235 2590 ut
1264 2537 1551 2604 Apostolus
1588 2537 1724 2591 dixit
1754 2555 1766 2591 :
1800 2538 1866 2591 In

295 2631 397 2699 ipso
424 2629 701 2683 constituta
736 2635 853 2681 sunt
888 2625 1118 2679 universa
1146 2626 1197 2677 in
1225 2625 1362 2678 caelis
1389 2636 1437 2679 et
1466 2626 1519 2679 in
1548 2636 1716 2691 terrm
1746 2628 1866 2679 visi-

299 2720 411 2772 bilia
439 2730 485 2773 et
516 2717 824 2781 invisibilia,
853 2716 957 2770 sive
984 2714 1183 2789 tltroni,
1214 2715 1317 2767 sive
1342 2714 1733 2779 dominationes,
1765 2716 1867 2769 sive

298 2811 520 2874 rirtutes,
558 2809 661 2863 sive
704 2806 1041 2877 principatus,
1081 2804 1182 2857 sive
1219 2813 1521 2872 potestates,
1562 2803 1730 2857 omnia
1777 2819 1868 2871 per

299 2899 487 2968 ipsum,
513 2908 561 2951 et
583 2898 636 2950 in
658 2897 769 2966 ipso
796 2894 1000 2947 condita
1026 2900 1171 2955 sunt,
1199 2887 1246 2945 et
1271 2894 1381 2960 ipse
1407 2901 1478 2946 est
1510 2901 1626 2946 ante
1662 2895 1831 2945 omnia
1849 2934 1864 2955 ,

300 2997 341 3039 et
369 2988 536 3039 omnia
566 2986 622 3038 in
644 2986 754 3055 ipso
775 2990 1003 3036 constant
1034 2980 1251 3050 (Coloss.
1277 2996 1316 3046 t,
1342 2981 1452 3049 16).
1486 2980 1619 3035 Hinc
1640 2988 1695 3034 et
1718 2980 1869 3035 Salo-

1964 1813 2107 1868 tene,
2132 1815 2222 1860 aut
2253 1815 2419 1859 totum
2442 1806 2653 1861 omitte.
2683 1806 2739 1860 Si
2767 1806 2909 1860 enim
2938 1808 3094 1862 unius
3119 1811 3430 1864 substantia:
3457 1825 3539 1862 vo-

1969 1898 2214 1952 cabulqu
2255 1897 2377 1952 inde
2417 1898 2572 1951 times
2599 1898 2798 1961 dicere,
2827 1899 2949 1967 quia
2984 1900 3241 1967 scriptum
3278 1916 3383 1954 non
3425 1907 3538 1962 est;

1966 1990 2153 2042 timere
2200 1988 2487 2043 identidem
2533 1988 2697 2042 debes
2748 1988 2911 2042 Deum
2967 2003 3030 2043 ex
3076 1988 3217 2056 Deo,
3265 1999 3318 2043 et
3362 1990 3542 2042 lumen

1965 2094 2029 2134 ex
2056 2080 2253 2135 lumine
2284 2080 2539 2150 proﬁteri.
2568 2080 2670 2134 Sed
2701 2094 2799 2147 ego
2831 2080 2996 2148 probo
3030 2081 3192 2136 Deum
3223 2081 3292 2136 de
3321 2082 3453 2147 Deo,
3483 2089 3539 2133 et

1965 2168 2140 2222 lumen
2172 2170 2240 2223 de
2270 2170 2486 2233 lumine,
2514 2178 2567 2223 et
2597 2168 2753 2222 unius
2784 2169 3098 2223 substantia}
3139 2170 3455 2224 vocabulum
3485 2169 3537 2222 in

1966 2258 2155 2312 divinis
2185 2258 2472 2328 Scripturis
2507 2257 2790 2312 contineri.
2829 2256 2959 2312 Cum
2993 2258 3136 2313 enim
3178 2260 3292 2327 ipse
3326 2259 3415 2313 Dei
3448 2258 3537 2311 Fi-

1966 2348 2068 2402 lius
2104 2349 2191 2417 qui
2224 2349 2363 2403 Deus
2392 2358 2503 2415 est,
2541 2348 2597 2401 in
2644 2347 2933 2416 Evangelia
2974 2362 3071 2401 suo
3103 2348 3244 2401 dicat
3279 2366 3291 2399 :
3328 2347 3437 2418 Ego
3482 2345 3546 2397 de

1968 2436 2124 2491 Patre
2163 2438 2293 2491 exivi
2329 2436 2517 2508 (Joan.
2547 2453 2664 2501 va,
2692 2435 2784 2506 28)
2828 2454 2839 2489 :
2882 2436 3002 2504 jure
3039 2445 3092 2489 et
3133 2436 3326 2490 merito
3378 2437 3545 2490 Deum

1967 2525 2033 2580 de
2063 2527 2170 2581 Deo
2209 2527 2549 2595 proﬁtemur;
2574 2527 2699 2596 quia
2741 2526 2809 2581 de
2839 2524 2949 2581 Deo
2984 2524 3144 2580 Patre
3182 2526 3371 2580 Filium
3410 2525 3542 2587 Dei,

1968 2617 2132 2671 Deum
2163 2634 2345 2673 verum
2385 2619 2451 2674 de
2478 2619 2587 2674 Deo
2617 2633 2746 2674 vero
2775 2630 2954 2672 natum
2986 2633 3105 2673 esse
3136 2620 3540 2687 cognoscimus.

1972 2706 2078 2760 Sed
2109 2721 2214 2761 non
2258 2722 2322 2762 eo
2352 2723 2548 2777 genere
2589 2717 2647 2762 ut
2676 2722 2772 2762 nos
2798 2708 2869 2761 dii
2900 2722 3081 2761 sumus
3110 2710 3267 2778 512
3292 2708 3543 2778 appellati

1971 2794 2150 2865 (I’sal.
2203 2811 2393 2860 Lxxxr;
2433 2796 2530 2867 6);
2589 2797 2673 2851 vel
2718 2806 2775 2851 ut
2819 2797 3027 2866 Moyses
3070 2797 3363 2852 Pharaonis
3409 2800 3547 2854 Deus

1970 2896 2051 2940 est
2077 2886 2247 2940 dictus
2284 2887 2475 2957 (Exod.
2502 2904 2622 2952 vm,
2650 2888 2736 2957 l);
2765 2888 2857 2943 sed
2895 2889 3016 2958 quia
3052 2906 3211 2944 VI'I'US
3246 2892 3440 2957 Filius,
3480 2893 3550 2947 de

1969 2994 2096 3034 vero
2130 2981 2284 3034 Patre
2312 2992 2498 3047 natus,
2530 2996 2635 3035 non
2665 2980 2832 3035 factus
2856 2991 2969 3049 est,
2996 2997 3120 3036 vere
3141 2994 3194 3037 et
3216 2984 3551 3038 conﬁdenter

299 3092 418 3131 mon
442 3095 455 3131 :
484 3075 615 3130 Cum
634 3076 721 3139 sit,
739 3075 925 3141 inquit,
948 3087 1071 3137 una,
1095 3071 1265 3123 omnia
1294 3078 1472 3136 potest,
1501 3079 1549 3123 et
1575 3085 1873 3139 permanens
1903 3078 1947 3139 ρ
1984 3070 2122 3125 Deus
2154 3069 2221 3125 de
2250 3070 2358 3124 Deo
2380 3070 2635 3125 dicendus
2670 3078 2771 3125 est.
2808 3070 2900 3125 Sic
2938 3080 2989 3126 et
3027 3072 3203 3127 lumen
3246 3072 3312 3127 de
3351 3073 3551 3127 lumine

298 3173 346 3227 in
366 3188 435 3235 se,
461 3170 635 3223 omnia
657 3170 884 3231 innovat,
918 3174 963 3219 et
994 3180 1081 3231 per
1110 3163 1337 3216 nationes
1361 3163 1413 3216 in
1439 3163 1637 3215 animas
1662 3171 1865 3215 sanctas

298 3262 607 3328 setransfert
631 3256 787 3327 (Sap.
806 3270 901 3320 vn,
924 3254 1034 3323 27).
1064 3252 1213 3318 Quod
1238 3252 1558 3307 conﬁrmans
1580 3250 1867 3320 Apostolus

300 3349 397 3414 ait,
427 3350 481 3403 in
525 3346 783 3402 interiore
812 3344 1027 3398 homine
1074 3342 1313 3398 habitare
1346 3342 1616 3396 Chrismm
1638 3382 1653 3406 ,
1682 3350 1739 3395 ut
1776 3356 1871 3407 per

299 3453 449 3505 quem
474 3452 503 3489 a
533 3435 796 3506 principio
828 3433 1004 3487 omnia
1035 3431 1169 3485 facta
1198 3440 1352 3495 sunt,
1382 3446 1478 3500 per
1515 3431 1689 3500 ipsum
1728 3440 1783 3485 et
1815 3432 1864 3484 in

300 3530 400 3586 ﬁne
420 3540 612 3585 cuncta
641 3527 911 3583 salventur
935 3522 1150 3595 (Ephes.
1177 3539 1263 3587 ιιι,
1293 3522 1403 3593 16).

903 3614 1131 3669 CAPUT
1172 3613 1257 3668 ιιι.

368 3708 472 3764 Sed
514 3707 649 3761 dicis
679 3704 804 3759 mihi
836 3702 1093 3775 ὃμούσιον,
1138 3701 1191 3756 id
1237 3711 1319 3757 est
1366 3703 1521 3757 unius
1564 3700 1874 3757 substantia:

301 3814 491 3857 nomen
521 3799 591 3851 ob
626 3797 727 3849 hoc
758 3794 1017 3848 nominari
1047 3806 1155 3846 non
1182 3801 1449 3859 Oportere,
1480 3792 1604 3861 quia
1637 3792 1687 3844 in
1722 3790 1870 3844 Scri-

307 3888 470 3959 pturis
496 3886 694 3940 divinis
731 3899 836 3937 non
877 3881 1199 3936 continetur.
1236 3880 1432 3947 Qumro
1461 3893 1513 3936 et
1547 3896 1669 3949 ego,
1705 3879 1866 3935 homo

304 3978 388 4047 qui
418 3977 523 4029 hoc
552 3973 827 4044 prohibes,
850 3972 896 4026 si
928 3970 1046 4026 ideo
1085 3971 1347 4025 nominari
1387 3986 1490 4025 non
1522 3970 1715 4035 debet,
1748 3970 1870 4037 quia

304 4068 561 4135 scriptum
590 4079 696 4117 non
725 4073 835 4127 est,
858 4078 923 4117 an
946 4064 1064 4133 quia
1096 4063 1168 4116 ita
1196 4062 1340 4117 credi
1365 4078 1471 4117 non
1502 4062 1692 4117 liceat?
1724 4061 1877 4127 Quod

306 4157 351 4209 si
380 4157 448 4209 ita
471 4153 799 4208 credendum
823 4160 935 4216 est,
961 4168 1055 4206 cur
1076 4167 1181 4205 non
1207 4153 1275 4205 ita
1300 4151 1691 4220 proﬁtendum?
1714 4150 1880 4205 Corde

306 4248 475 4307 enim,
518 4243 1017 4313 inquit-Apostolus
1050 4283 1065 4309 ,
1108 4244 1333 4296 creditur
1362 4245 1430 4297 ad
1474 4245 1765 4316 justitiam,
1799 4261 1883 4297 ore

308 4338 464 4406 511
494 4342 664 4386 autem
694 4331 940 4401 confessio
981 4332 1040 4401 ﬁt
1077 4336 1144 4385 ad
1185 4333 1396 4388 salutem
1444 4334 1631 4405 (liam.
1667 4350 1737 4403 ι,
1766 4334 1878 4397 10).

1975 3158 2138 3229 (quod
2176 3161 2432 3227 scriptum
2477 3175 2581 3213 non
2620 3158 2724 3229 est)
2762 3174 2967 3215 mecum
3005 3160 3217 3229 quidem
3264 3162 3424 3225 dicis;
3456 3162 3551 3215 sed

1975 3263 2182 3302 mecum
2230 3249 2449 3303 omnino
2480 3263 2585 3302 non
2614 3249 2795 3303 sentis.
2830 3248 2896 3301 Et
2922 3250 3043 3317 quia
3076 3250 3330 3317 scriptum
3369 3261 3450 3305 est
3485 3250 3553 3305 de

1974 3336 2167 3392 Patre:
2201 3336 2339 3391 Deus
2369 3336 2458 3391 lux
2487 3346 2595 3403 est;
2628 3345 2681 3391 et
2709 3337 2776 3391 de
2804 3337 2976 3391 Filio:
3011 3337 3136 3391 Erat
3167 3339 3253 3391 lux
3286 3353 3407 3392 vera
3438 3354 3555 3407 qua:

1974 3427 2234 3482 illuminat
2260 3443 2472 3484 omnem
2504 3428 2769 3483 hominem
2804 3429 3102 3483 venientem
3137 3431 3186 3483 in
3222 3430 3363 3484 hunc
3392 3446 3550 3484 mun-

1974 3519 2098 3574 dum
2132 3520 2180 3590 (I
2209 3518 2367 3574 Joan.
2392 3535 2442 3587 ι,
2472 3520 2562 3587 5);
2595 3528 2683 3574 et:
2715 3519 2828 3573 Lux
2857 3520 2995 3574 lucet
3021 3519 3074 3573 in
3104 3520 3356 3585 tenebris,
3392 3520 3441 3573 id
3468 3528 3553 3575 est

1975 3608 2216 3665 Christus
2250 3611 2305 3664 in
2339 3610 2555 3675 saeculo,
2589 3618 2642 3665 et
2673 3609 2908 3664 tenebrae
2938 3625 3056 3664 eum
3091 3624 3201 3663 non
3236 3619 3358 3665 sunt
3398 3625 3547 3665 asse-

1977 3712 2112 3756 cuta:
2154 3700 2336 3773 (Joan.
2362 3718 2410 3770 ι,
2436 3700 2513 3771 9).
2555 3701 2621 3756 Hi
2661 3702 2867 3756 scilicet
2907 3701 3151 3756 homines
3194 3718 3419 3770 quorum
3462 3717 3555 3756 cor

1977 3790 2287 3858 ignorantiae
2313 3791 2545 3845 tenebris
2568 3792 2893 3845 obcaecatum
2924 3799 3034 3855 est,
3064 3788 3335 3844 Christum
3364 3806 3548 3845 verum

1979 3879 2172 3944 Deum,
2202 3892 2255 3937 et
2295 3895 2480 3935 verum
2528 3880 2622 3933 Dei
2669 3879 2859 3932 Filium
2905 3894 3011 3933 non
3051 3889 3400 3947 agnoverunt.
3445 3880 3552 3934 Sed

1978 3969 2092 4035 ipse
2118 3971 2407 4024 Dominus:
2443 3969 2551 4039 Ego
2572 3986 2713 4035 sum,
2747 3970 2947 4038 inquit,
2978 3970 3067 4023 lux
3101 3970 3279 4023 mundi
3303 3986 3321 4023 :
3350 3972 3437 4040 qui
3474 3988 3553 4025 me

1980 4072 2180 4117 secutus
2209 4063 2393 4131 fuerit,
2425 4078 2525 4115 non
2565 4062 2654 4115 ibit
2693 4063 2747 4115 in
2778 4063 3011 4127 tenebris,
3040 4063 3127 4117 sed
3158 4063 3354 4117 habebit
3385 4064 3559 4119 lumen

1983 4154 2096 4205 vita:
2123 4151 2295 4216 (Joan.
2328 4168 2419 4206 vm
2440 4192 2455 4217 ,
2486 4150 2596 4221 12).
2633 4152 2771 4221 Ergo
2800 4152 2921 4220 quia
2954 4152 3130 4205 lumen
3168 4151 3341 4216 Pater,
3372 4161 3426 4206 et
3460 4152 3553 4208 lux

1985 4241 2172 4307 Filius,
2204 4253 2345 4297 recte
2375 4243 2551 4297 lumen
2581 4242 2647 4296 de
2676 4241 2897 4295 lumine.
2922 4242 3027 4296 Sed
3056 4243 3236 4297 lumen
3262 4257 3327 4297 ex
3356 4243 3558 4298 lumine

1991 4334 2058 4386 ita
2079 4333 2291 4396 asseris,
2310 4333 2459 4403 quasi
2489 4348 2519 4387 a
2544 4333 2721 4399 Patre,
2749 4333 2837 4402 qui
2868 4348 3049 4387 verum
3078 4332 3256 4387 lumen
3281 4343 3391 4402 cst,
3419 4334 3561 4389 aliud

309 4428 411 4478 Aut
432 4426 475 4477 si
506 4422 627 4477 ideo
663 4421 1040 4475 nominandum
1074 4437 1178 4477 non
1206 4432 1315 4487 est,
1348 4425 1472 4493 quia
1512 4438 1611 4477 nec
1644 4425 1713 4478 ita
1756 4438 1882 4477 cre-
1911 4446 1964 4506 D
1989 4425 2164 4479 lumen
2209 4425 2279 4479 sit
2325 4424 2554 4490 factum,
2595 4424 2735 4493 quod
2779 4424 2844 4477 de
2887 4424 2999 4492 ipsa
3043 4423 3214 4477 Patris
3260 4424 3557 4481 substantia

314 4513 574 4576 dentium,
618 4510 847 4564 obtinuit
884 4511 1094 4565 Arianae
1134 4512 1266 4567 labis
1304 4514 1565 4568 assertio:
1605 4529 1724 4583 quas
1765 4514 1885 4567 ideo

315 4605 519 4659 Patrem
554 4612 609 4657 et
648 4601 841 4656 Filium
881 4601 1035 4657 unius
1071 4604 1380 4659 substantia:
1415 4605 1731 4676 denegavit,
1762 4604 1885 4673 quia

316 4695 505 4749 Filium
536 4694 628 4749 Dei
665 4694 825 4747 modo
864 4709 928 4748 ex
960 4696 1144 4759 nihilo,
1179 4698 1335 4751 modo
1364 4712 1425 4753 ev
1472 4699 1664 4765 Patre,
1702 4699 1793 4753 sed
1823 4698 1889 4752 ab

314 4787 420 4837 alia
443 4785 732 4838 substantia
752 4828 765 4853 ,
798 4785 1011 4853 quando
1040 4787 1205 4840 voluit
1231 4797 1286 4842 et
1312 4789 1577 4858 quomodo
1609 4788 1809 4854 voluit,
1838 4796 1893 4841 et

319 4878 459 4932 unde
487 4878 652 4932 voluit
680 4877 872 4933 factum
908 4878 1137 4948 inducit,
1168 4880 1455 4935 dummodo
1486 4880 1698 4935 aliunde
1730 4894 1849 4935 eum
1871 4920 1885 4945 ,

315 4980 377 5024 et
403 4984 506 5023 non
541 4969 609 5022 de
646 4982 711 5023 eo
747 4969 887 5038 quod
933 4969 1088 5024 Pater
1128 4980 1241 5037 est,
1284 4973 1554 5026 exstitisse
1602 4970 1890 5039 conﬁugat.

317 5062 489 5127 Quem
527 5059 626 5114 etsi
661 5068 843 5113 natum
881 5060 1039 5123 dicit,
1077 5060 1171 5115 sed
1217 5061 1319 5116 hoc
1356 5063 1501 5117 dicto
1548 5072 1699 5117 tenus
1726 5105 1739 5129 ,
1770 5063 1892 5133 quia

316 5165 530 5206 rursum
560 5164 721 5204 omne
780 5150 921 5219 quod
957 5160 1135 5205 natum
1174 5160 1257 5205 est
1293 5153 1485 5207 factum
1519 5154 1796 5225 intelligit;
1830 5169 1894 5209 eo

316 5245 463 5315 quod
504 5253 557 5298 et
596 5258 694 5297 nos
728 5259 757 5297 a
801 5244 909 5298 Deo
937 5246 1099 5313 geniti
1135 5246 1483 5316 appellemur,
1511 5261 1643 5316 quos
1677 5256 1893 5301 constat

313 5350 463 5399 esse,
492 5334 767 5389 facturam.
805 5336 896 5390 Vel
923 5337 969 5390 si
999 5337 1225 5392 Arianus
1254 5353 1358 5392 non
1392 5353 1470 5404 es,
1506 5350 1556 5393 et
1589 5354 1770 5395 verum
1804 5340 1895 5394 Fi-

317 5426 453 5478 lium
479 5423 543 5478 de
574 5438 703 5479 vero
734 5426 888 5479 Patre
919 5435 1096 5481 natum
1127 5444 1229 5482 non
1269 5430 1461 5482 factum
1494 5432 1761 5499 agnoscis,
1796 5447 1895 5489 cur

316 5530 429 5569 non
470 5528 589 5569 eum
627 5529 748 5568 cum
795 5516 949 5570 Patre
985 5531 1145 5570 unam
1182 5518 1531 5573 substantiam
1560 5519 1727 5574 dicis?
1766 5522 1898 5577 Fru-

316 5614 431 5660 stra
464 5604 640 5669 times,
671 5605 853 5673 homo,
887 5609 1120 5677 proliteri
1164 5608 1301 5679 quod
1332 5610 1536 5676 credis;
1566 5621 1658 5663 aut
1702 5611 1897 5667 frustra

316 5700 522 5767 credis,
550 5700 596 5755 si
636 5700 710 5754 ita
748 5715 852 5756 non
881 5701 1079 5773 credis,
1106 5710 1161 5759 et
1189 5700 1381 5761 merito
1409 5703 1692 5761 haereticus
1734 5707 1899 5763 deno-

1990 4532 2093 4571 non
2132 4518 2245 4571 sit:
2286 4515 2381 4570 sed
2425 4516 2581 4570 sicuti
2623 4513 2764 4569 aliud
2813 4513 3086 4582 quodlibet
3135 4513 3343 4578 lumen,
3387 4529 3562 4582 quan-

1991 4623 2144 4678 quam
2175 4624 2204 4661 a
2246 4608 2356 4663 Deo
2383 4607 2449 4661 sit
2478 4605 2701 4671 factum,
2734 4606 2889 4674 longe
2921 4614 3095 4658 tamen
3137 4604 3278 4657 aliud
3309 4604 3378 4658 sit
3406 4605 3471 4659 ab
3500 4619 3562 4658 eo

1992 4702 2082 4770 qui
2114 4701 2333 4755 fecerit:
2365 4709 2416 4754 et
2442 4699 2560 4753 ideo
2589 4700 2765 4752 lumen
2796 4713 2859 4751 ex
2891 4697 3107 4759 lumine,
3141 4710 3242 4748 non
3272 4695 3338 4750 de
3366 4695 3565 4751 lumine

1994 4792 2146 4847 dicis.
2187 4790 2319 4846 Cum
2346 4805 2472 4859 ergo
2505 4789 2617 4842 hzec
2656 4788 2975 4857 praelocutus
3015 4802 3160 4852 sum;
3193 4786 3315 4842 licet
3355 4802 3563 4843 mecum

1999 4896 2031 4935 η
2057 4898 2103 4934 »ιι
2137 4880 2397 4949 intelligas
2419 4919 2436 4945 ,
2468 4888 2645 4933 tamen
2690 4880 2801 4947 ipsa
2829 4876 3310 4947 quomodocunquc
3343 4895 3572 4945 prorutu-

2001 4976 2123 5042 tias,
2141 4989 2260 5029 cum
2278 4973 2475 5043 scripta
2491 4987 2595 5025 non
2614 4973 2723 5024 sint
2746 4986 2760 5023 :
2790 4985 2855 5022 an
2887 4984 2991 5023 non
3010 4980 3063 5024 et
3086 4971 3239 5024 unius
3260 4971 3570 5025 substantia:

2000 5066 2346 5132 vocabulum,
2375 5063 2516 5135 quod
2547 5063 2599 5118 in
2639 5060 2933 5130 Scripturis
2962 5076 3064 5116 non
3098 5072 3252 5130 putas
3274 5060 3569 5124 contineri,

2003 5176 2208 5215 mecum
2244 5160 2437 5227 pariter
2466 5154 2763 5228 proﬁteris?
2789 5154 2889 5208 nisi
2916 5156 3034 5224 quia
3060 5154 3167 5207 illic
3190 5151 3414 5205 habuisti
3444 5163 3575 5219 quo-

2002 5253 2162 5308 modo
2190 5252 2449 5320 malignos
2477 5263 2666 5305 sensus
2694 5257 2811 5302 tuos
2832 5247 3037 5302 occulta
3064 5243 3244 5299 fraude
3274 5244 3324 5296 in
3354 5253 3575 5308 utroque

1999 5353 2340 5411 contegeres;
2373 5351 2428 5395 ut
2465 5355 2673 5395 mecum
2709 5341 2810 5393 hoc
2848 5340 3016 5407 ipsum
3060 5349 3192 5389 sono
3220 5334 3365 5387 vocis
3393 5331 3572 5397 expri-
3644 5380 3647 5383 .

2000 5448 2196 5501 meres,
2224 5434 2316 5487 sed
2348 5443 2521 5486 tamen
2564 5432 2720 5501 longe
2757 5431 2888 5485 dicti
2921 5426 3315 5494 intelligentiam
3355 5438 3569 5491 separa-
3645 5435 3648 5439 '

2002 5538 2107 5579 res.
2135 5522 2381 5577 Sicutiet
2409 5522 2486 5576 illi
2520 5520 2755 5576 haeretici
2781 5521 2868 5592 qui
2912 5517 3355 5574 resurrectionem
3392 5516 3575 5569 carnis

2005 5623 2225 5681 negant,
2260 5613 2326 5667 ad
2368 5610 2712 5681 decipiendos
2742 5614 2946 5667 animas
2978 5606 3331 5675 simplicium,
3372 5619 3450 5658 va:
3490 5604 3575 5659 di-

2006 5720 2133 5764 cunt
2178 5708 2260 5763 his
2291 5707 2416 5776 quia
2452 5707 2507 5764 in
2542 5723 2703 5764 carne
2727 5721 2833 5762 non
2868 5711 3169 5774 resurgunt.
3195 5700 3303 5759 Sed
3330 5704 3371 5758 si
3403 5699 3575 5757 discu-
