3960 6176
404 306 508 359 455

1718 290 1935 346 \‘lGlLll
1973 283 2341 343 TAPSENSlS

3558 269 3658 325 456

362 442 370 449 ι
401 420 499 473 tias
521 428 613 471 eos
634 426 727 467 cur
757 412 857 465 hoc
888 410 1149 474 dixerint,
1174 422 1293 461 eum
1332 405 1473 460 scias
1510 402 1631 456 illos
1671 400 1847 454 carnis
1882 413 1971 451 rc-
1999 402 2057 463 Α
2079 409 2319 455 sanctum
2352 396 2554 451 totum?
2583 392 2664 447 An
2710 398 2763 446 tu
2795 400 2947 460 putas
2993 388 3149 441 inane
3198 382 3393 453 aliquid
3442 397 3565 439 esse
3608 391 3663 438 et

399 506 785 564 surreetionem
815 502 1032 556 omnino
1062 513 1279 567 negare,
1302 496 1483 549 dicent
1506 493 1599 546 libi
1626 508 1641 545 :
1670 490 1763 547 Vae
1796 493 1979 557 utique

401 597 480 652 illi
505 596 606 651 erit
629 593 718 663 qui
748 592 798 645 in
830 604 992 645 carne
1018 588 1311 656 baptizatus
1342 598 1448 637 non
1478 579 1666 644 fuerit,
1713 588 1772 632 ut
1804 579 1980 631 anima

403 687 590 755 ipsius,
610 683 736 737 dum
795 679 850 733 in
898 690 1122 745 corpore
1165 682 1276 738 est,
1317 672 1384 726 de
1440 678 1613 724 morte
1660 666 1981 721 delictorum

404 752 619 828 suorum
640 811 655 837 ,
686 777 744 823 ut
768 768 834 821 de
872 764 1116 833 sepulcro
1142 752 1421 816 criminum
1449 774 1543 828 per
1580 756 1900 823 baptismum
1932 756 1983 808 in

406 862 589 916 eadem
630 863 887 923 resurgat.
923 852 1101 907 Solius
1141 848 1340 906 etenim
1381 847 1608 911 animae,
1646 860 1741 915 per
1785 844 1985 898 lavacri

407 951 579 1004 vitalis
610 947 835 1016 gratiam
863 940 1311 999 resurrectionem
1352 940 1405 992 in
1445 950 1605 990 carne
1648 933 1983 988 defendunt:

408 1054 529 1093 nam
558 1046 613 1092 et
652 1036 819 1104 ipsius
858 1032 1035 1087 carnis
1076 1030 1300 1083 salutem
1343 1025 1654 1082 excludunt.
1689 1024 1756 1077 Et
1786 1024 1839 1077 hi
1891 1037 1985 1091 per

409 1127 754 1183 verisimilem
789 1122 1212 1187 confessionem,
1252 1119 1612 1174 innocentium
1652 1125 1861 1170 mentes
1896 1128 1989 1169 oc-

411 1222 551 1276 culta
590 1218 772 1272 fraude
801 1215 1080 1295 seducunt.
1115 1212 1180 1266 Et
1203 1221 1257 1264 ut
1290 1210 1427 1263 solet
1466 1207 1665 1263 lethale
1688 1207 1847 1276 513
1890 1219 1985 1275 po-

414 1309 593 1363 culum
631 1306 806 1360 mellis
844 1294 1124 1359 dulcedine
1160 1307 1546 1368 temperatum,
1581 1301 1847 1351 suavitate
1890 1294 1989 1346 lal-

416 1399 579 1465 lente,
611 1396 893 1466 perimere;
917 1392 994 1448 sic
1015 1402 1068 1447 et
1097 1393 1197 1445 hoc
1226 1390 1420 1444 malum
1448 1403 1543 1458 per
1567 1387 1988 1443 blandimentum

417 1488 656 1553 aurium,
698 1482 1027 1538 audientium
1067 1493 1257 1536 sensus
1296 1478 1523 1548 quadam
1568 1476 1685 1532 labe
1727 1474 1994 1530 contami-

418 1593 570 1643 nans,
593 1572 908 1644 contagione
930 1573 1039 1627 vitii
1064 1569 1387 1625 adhmrentis
1417 1565 1602 1621 inficit.

1032 1707 1259 1764 CAPUT
1298 1706 1385 1761 tv.
1511 1682 1543 1719 ’

493 1830 729 1898 Denique
753 1836 806 1882 et
830 1838 969 1879 nunc
995 1828 1213 1892 possent
1256 1820 1493 1889 ὁμούσιον
1519 1815 1675 1871 sicuti
1718 1822 1773 1871 et
1807 1823 2000 1869 caetera

420 1921 586 1975 verbo
618 1930 772 1973 tenus
801 1915 1100 1979 nominare,
1128 1912 1170 1967 si
1204 1911 1467 1965 haberent
1496 1906 1763 1977 quomodo
1790 1905 1919 1959 illud
1935 1905 2003 1959 ad

423 2012 580 2065 aliam
624 2008 1031 2077 intelligentiam
1081 2016 1223 2057 saevo
1271 2013 1432 2055 sensu
1474 2006 1855 2068 perverterent.
1897 1996 2003 2050 Sed

425 2118 544 2158 cum
572 2102 814 2156 viderent
838 2114 896 2153 se
927 2097 981 2151 in
1011 2096 1114 2150 hoc
1138 2094 1302 2148 verbo
1341 2089 1616 2155 concludi,
1646 2089 1847 2143 nullam
1888 2102 2003 2140 om-

429 2197 556 2250 nino
586 2196 910 2248 mentionem
938 2188 1093 2258 hujus
1120 2185 1235 2241 ﬁeri
1264 2184 1576 2249 voluerunt,
1619 2197 1687 2237 ne
1710 2190 1800 2235 aut
1837 2180 2004 2250 proli-

429 2286 593 2342 tendo
622 2285 723 2339 hoc
751 2282 1055 2347 crederent,
1087 2287 1178 2333 aut
1203 2277 1481 2332 credentes
1507 2273 1731 2344 professi
1758 2271 2006 2327 videren-

427 2386 553 2432 tur:
580 2376 762 2431 subtili
809 2374 1023 2443 ingenio
1051 2380 1403 2431 excusantes,
1446 2367 1586 2437 quod
1630 2374 1719 2420 aut
1748 2364 2003 2433 scriptum

429 2481 535 2520 non
565 2472 707 2520 esset
733 2504 749 2529 ,
779 2474 868 2517 aut
896 2464 1062 2517 Deum
1108 2462 1158 2515 in
1191 2458 1483 2514 substantia
1527 2456 1632 2510 dici
1660 2470 1767 2510 non
1795 2463 2007 2523 oporte-

430 2563 534 2619 ret,
564 2569 630 2608 ne
652 2567 944 2621 corporeus
965 2552 1293 2607 crederetur.
1319 2548 1461 2602 Deus
1488 2546 1710 2611 etenim,
1740 2545 2001 2614 inquiunt,

431 2643 597 2699 el‘licit
622 2651 681 2697 ut
707 2642 775 2696 sit
803 2641 1134 2706 substantia,
1180 2654 1286 2694 non
1329 2647 1503 2692 tamen
1530 2644 1586 2690 ut
1629 2635 1743 2703 ipse
1785 2634 1927 2687 Deus
1954 2634 2006 2687 in

431 2735 726 2793 substantia
748 2734 1052 2802 deputetur.
1079 2732 1284 2800 Quippe
1312 2728 1504 2799 (aiunt)
1528 2741 1649 2781 cum
1675 2724 1851 2779 omnis
1881 2723 2008 2779 sub-

436 2825 631 2880 stantia
651 2822 922 2878 contraria
950 2822 1191 2890 recipiat,
1209 2822 1348 2875 Deus
1375 2832 1522 2882 vero,
1547 2816 1636 2886 qui
1667 2814 1796 2869 nihil
1824 2814 2003 2868 diver-

434 2932 552 2972 sum
601 2915 885 2970 admittere
932 2922 1135 2983 petest,
1185 2911 1481 2965 substantia
1530 2907 1634 2963 dici
1681 2923 1786 2961 non
1832 2905 2008 2960 debet.

438 3009 772 3077 Ignoscerem
800 3005 893 3060 tibi
913 3005 958 3058 si
980 3004 1081 3059 hoc
1102 3003 1414 3071 simpliciter
1434 3000 1662 3063 diceres,
1687 2998 1730 3052 si
1754 2997 2011 3050 rationem

437 3099 518 3154 rei
548 3098 711 3154 velles
741 3100 910 3160 scire,
941 3097 986 3149 si
1027 3094 1173 3148 rudis
1202 3092 1266 3145 ad
1302 3092 1440 3145 hanc
1469 3090 1817 3158 quaestionem
1862 3099 2012 3139 acce-

438 3190 627 3255 deres,
658 3190 703 3242 si
729 3203 835 3242 non
866 3188 978 3255 ipse
1005 3197 1152 3239 esses
1180 3183 1268 3251 qui
1308 3194 1523 3249 semper
1548 3178 1632 3231 vel
1663 3177 1729 3231 de
1757 3176 1860 3229 alia
1892 3174 2015 3227 sub-

439 3281 631 3337 stantia
651 3319 667 3345 ,
698 3278 785 3333 vel
811 3277 879 3331 de
907 3275 1068 3329 nullis
1095 3272 1432 3329 exsmntibus
1464 3270 1555 3324 Dei
1588 3268 1781 3322 Filium
1811 3279 2019 3320 assere-

440 3372 558 3426 bas.
588 3370 657 3424 At
679 3383 798 3422 cum
842 3367 981 3421 idem
1013 3368 1125 3434 ipse
1152 3364 1227 3418 sis
1276 3363 1366 3429 qui
1399 3361 1522 3414 hinc
1550 3372 1692 3426 saepe
1719 3356 2017 3423 convictus,

444 3475 587 3530 saepe
626 3457 937 3523 confessus,
970 3469 1113 3523 smpe
1144 3452 1382 3521 negasti,
1415 3450 1612 3518 saepius
1645 3449 1800 3501 aliter
1830 3446 2021 3500 immu-

448 3553 608 3608 tando
633 3551 913 3605 damnatus
939 3562 1027 3612 es,
1060 3546 1147 3613 qui
1176 3546 1333 3598 etiam
1363 3558 1504 3596 nunc
1536 3542 1617 3607 vi,
1651 3539 1941 3594 ambitione
1969 3545 2024 3593 et

449 3640 687 3712 potentia
715 3639 972 3707 exagitas,
1007 3638 1188 3689 turbas
1217 3634 1393 3686 omnia
1418 3649 1431 3684 :
1465 3629 1731 3701 quomodo
1758 3643 1843 3683 me
1872 3637 2024 3697 putas

447 3737 725 3802 ignoscere
757 3729 852 3783 tibi
881 3741 1037 3797 posse
1079 3724 1409 3793 frequentius
1459 3722 1645 3776 eadem
1674 3719 2024 3774 retractanti?

448 3824 554 3882 Sed
586 3837 652 3876 ne
680 3820 922 3875 videatur
966 3820 1079 3872 haec
1121 3815 1442 3885 perversitas
1489 3811 1828 3881 prtejudicata
1861 3810 2026 3881 magis

448 3930 607 3985 quam
637 3912 935 3968 examinata
966 3907 1230 3974 damnari,
1266 3906 1497 3959 breviter
1526 3903 1617 3957 tibi
1643 3905 1708 3957 de
1735 3903 1831 3956 hac
1858 3916 2025 3970 oppo-

449 4014 645 4069 sitione
674 4006 1047 4078 respondeam.
1082 4002 1343 4059 Prohibes
1372 4001 1548 4069 itaque
1578 3999 1629 4052 in
1654 3997 1761 4051 Deo
1783 3995 2028 4050 substan-

450 4104 577 4157 tiam
604 4097 891 4160 nominari,
925 4094 1076 4165 quasi
1105 4107 1265 4148 omne
1295 4090 1435 4161 quod
1481 4087 1778 4144 substantia
1809 4084 2026 4149 dicitur,

453 4206 540 4247 res
582 4192 692 4259 ipsa
723 4189 880 4243 unius
912 4185 1125 4255 generis
1165 4183 1441 4237 habeatur.
1487 4179 1567 4233 An
1599 4180 1813 4248 ignoras
1835 4218 1847 4242 ,
1877 4175 2031 4227 aliter

452 4283 713 4346 caelestia,
756 4283 909 4335 aliter
937 4277 1150 4333 terrena
1173 4284 1451 4337 constare;
1480 4271 1574 4326 sed
1610 4279 1663 4324 et
1690 4271 1741 4323 in
1768 4268 1894 4336 ipsis
1920 4279 2032 4319 cm-

453 4374 679 4430 lestibus
717 4382 873 4442 atque
902 4368 1186 4424 mundanis
1218 4367 1375 4420 rebus
1407 4377 1648 4433 magnam
1681 4358 2031 4414 differentiam

2084 504 2307 545 vacuum
2349 487 2491 558 quod
2533 486 2669 540 Deus
2710 483 2827 538 est?
2854 480 2965 536 Hoc
3004 478 3148 534 enim
3179 476 3283 530 dici
3327 474 3659 542 blaSphemia

2086 590 2200 644 est,
2234 588 2289 632 ut
2319 576 2477 632 inane
2511 583 2723 645 putetur
2752 587 2846 642 per
2875 584 3033 640 quem
3059 576 3251 623 cuncta
3278 567 3665 629 conetiterunt,

2088 671 2175 741 qui
2206 669 2385 723 omnia
2417 668 2583 721 verbo
2610 663 2811 728 edidit,
2857 660 3067 714 ratione
3114 656 3442 724 composuit,
3474 653 3669 710 virtute

2088 758 2341 830 perfecit,
2395 755 2545 826 cujus
2575 764 2704 808 nutu
2747 761 2801 806 et
2848 748 3072 818 imperio
3102 747 3347 800 universa
3392 752 3666 813 reguntur,

2090 858 2276 905 cuneta
2306 846 2633 901 deserviunt.
2675 843 2742 896 Et
2769 842 2909 896 bene
2949 837 3092 907 quod
3134 836 3212 890 de‘
3230 837 3338 889 Deo
3365 834 3498 902 legis
3539 833 3668 887 scri-

2091 946 2271 1008 ptum:
2305 936 2416 1006 Ego
2441 951 2553 988 sum
2579 934 2666 1003 qui
2690 947 2834 995 sum;
2868 936 2922 984 et
2949 947 2962 981 :
2989 926 3088 992 Qui
3111 934 3182 980 est
3207 924 3341 977 misit
3370 940 3447 976 me
3472 922 3668 991 (Exod.

2091 1044 2169 1097 nt,
2204 1030 2316 1097 Η).
2350 1029 2414 1081 Et
2438 1027 2553 1095 ipse
2582 1024 2831 1081 Salvator
2870 1030 2925 1075 et
2968 1020 3224 1074 Dominus
3253 1034 3266 1070 :
3301 1016 3424 1069 Hau:
3453 1024 3557 1080 est,
3590 1016 3672 1070 in-

2092 1123 2226 1193 quit,
2253 1121 2354 1174 vita
2381 1126 2591 1181 (eterna,
2619 1124 2672 1168 ut
2697 1119 3003 1183 cognoscant
3029 1119 3075 1163 te
3097 1109 3261 1162 solum
3291 1124 3461 1160 verum
3483 1106 3670 1175 Deum,

2091 1223 2139 1268 et
2171 1227 2321 1283 quem
2364 1207 2543 1263 misisti
2576 1206 2755 1261 Iesum
2780 1194 3037 1259 Christum
3078 1201 3257 1272 (Joan.
3296 1215 3437 1264 xvtt,
3464 1198 3539 1268 5).
3578 1199 3677 1255 Est

2092 1318 2220 1372 ergo
2265 1301 2319 1355 in
2362 1297 2657 1354 substantia
2718 1310 2814 1350 sua
2861 1292 3038 1357 Deus,
3089 1290 3242 1357 cujus
3286 1288 3519 1358 cognitio
3565 1288 3676 1344 vita

2093 1403 2296 1448 aatcrna
2326 1398 2425 1454 est,
2455 1395 2508 1444 et
2534 1386 2623 1457 qui
2649 1394 2828 1439 tantus
2859 1392 2941 1438 est
2960 1388 3189 1451 quantus
3215 1379 3318 1434 dici
3347 1395 3452 1434 non
3474 1387 3675 1448 potest.

2093 1482 2193 1549 Qui
2221 1491 2345 1535 tunc
2373 1478 2534 1548 digne
2558 1477 2855 1531 azstimatur
2882 1488 3001 1528 cum
3025 1470 3410 1525 inmstimabilis
3438 1470 3635 1524 dicitur
3660 1487 3675 1522 :

2094 1573 2277 1635 utique
2305 1568 2437 1625 velis
2465 1582 2527 1622 ac
2558 1565 2713 1621 nolis.
2761 1563 2902 1633 Ergo
2940 1562 3112 1632 ipSum
3143 1561 3285 1630 quod
3311 1568 3429 1629 est,
3461 1560 3563 1615 hoc
3594 1568 3685 1616 est

2095 1658 2387 1716 substantia
2415 1656 2531 1728 ejus
2557 1656 2635 1712 rei
2660 1669 2776 1725 quae
2797 1667 2915 1709 esse
2944 1650 3244 1708 defenditur
3276 1669 3288 1703 :
3318 1652 3460 1721 quod
3492 1660 3676 1705 tamen

2031 1773 2077 1833 Β
2100 1754 2207 1822 jam
2255 1748 2455 1805 dictum
2498 1756 2618 1815 est,
2664 1753 2921 1814 quantum
2949 1750 3003 1799 et
3039 1743 3196 1812 quale
3224 1744 3322 1810 sit,
3369 1757 3467 1797 nec
3503 1752 3686 1798 mente

2104 1839 2334 1910 concipi,
2366 1853 2466 1893 nec
2491 1851 2651 1892 sensu
2679 1833 2966 1901 aestimari,
2996 1847 3095 1887 nec
3134 1832 3312 1887 animo
3352 1831 3560 1886 deliniri
3592 1847 3689 1901 po-

2106 1941 2227 1988 test.
2259 1926 2559 1986 Dummodo
2598 1932 2807 1981 constet
2841 1941 2958 1979 esse
2986 1924 3128 1994 quod
3166 1938 3286 1978 esse
3315 1923 3581 1985 creditur;
3628 1932 3690 1976 ut

2104 2023 2172 2078 de
2192 2037 2257 2076 eo
2284 2023 2397 2091 ipso
2418 2017 2560 2089 quod
2591 2017 2730 2071 Deus
2759 2023 2841 2071 est
2868 2014 2993 2068 inde
3036 2015 3105 2066 sit
3133 2014 3329 2081 Filius,
3354 2021 3411 2066 ut
3444 2028 3601 2067 verus
3619 2012 3692 2066 sit

2107 2110 2297 2176 Filius,
2327 2120 2381 2165 et
2410 2122 2565 2162 verus
2590 2105 2659 2160 sit
2689 2105 2847 2159 Pater
2876 2103 2929 2158 in
2958 2099 3114 2168 Filio,
3144 2113 3199 2157 et
3226 2102 3394 2156 Filius
3424 2101 3475 2155 in
3506 2101 3689 2155 Patre.

2107 2204 2219 2259 lloc
2239 2203 2340 2257 erit
2366 2201 2626 2271 ὀμο-ἑσιον,
2656 2197 2708 2251 id
2733 2205 2815 2252 est
2844 2196 3000 2251 unius
3031 2194 3339 2247 subsmntice
3363 2206 3481 2246 eum
3508 2191 3691 2246 Patre.

2107 2293 2257 2350 Sicut
2286 2292 2401 2361 ipse
2446 2289 2703 2344 Dominus
2747 2286 2854 2350 ait,
2906 2283 3015 2353 Ego
3054 2284 3105 2336 in
3151 2281 3344 2348 Patre,
3379 2292 3423 2335 et
3457 2280 3615 2334 Pater
3639 2283 3695 2336 in

2105 2402 2187 2440 me
2211 2383 2384 2455 (Joan.
2414 2397 2520 2445 xiv,
2555 2380 2665 2449 lt).
2696 2377 2805 2447 Ego
2845 2386 2890 2430 et
2927 2374 3084 2429 Pater
3112 2390 3268 2428 unum
3298 2389 3471 2426 sumus
3512 2374 3695 2440 (Joan.

2110 2494 2162 2541 κ,
2194 2472 2323 2544 ’50);
2355 2482 2408 2528 et
2439 2487 2454 2526 :
2486 2470 2598 2540 Ego
2628 2468 2689 2522 de
2714 2469 2876 2521 Patre
2897 2466 3027 2520 exivi
3073 2463 3250 2533 (Joan.
3283 2478 3404 2529 xvi,
3434 2460 3564 2530 28);
3594 2472 3649 2516 et
3682 2480 3695 2515 :

2114 2567 2314 2635 Quime
2337 2565 2491 2630 videt,
2514 2562 2645 2616 videt
2668 2567 2714 2615 et
2744 2557 2951 2613 Patrem
2981 2556 3159 2625 (Joan.
3187 2571 3295 2621 stv,
3327 2554 3405 2621 9).
3438 2552 3555 2607 Non
3589 2554 3699 2608 im-

2109 2658 2299 2713 merito
2321 2697 2335 2721 ,
2363 2656 2483 2724 quia
2513 2651 2681 2707 Filius
2720 2650 2815 2704 Dei
2858 2648 2926 2703 de
2955 2646 3064 2701 Deo
3092 2644 3249 2699 Patre
3292 2652 3446 2697 natus
3475 2638 3562 2697 est
3592 2659 3607 2696 :
3639 2649 3700 2697 et

2110 2749 2231 2806 ideo
2261 2749 2327 2803 de
2367 2746 2569 2800 unitate
2608 2740 3035 2804 substaiitiaz,-et
3073 2737 3141 2793 de
3168 2736 3451 2804 majestate
3486 2733 3703 2788 deitatis

2110 2856 2271 2895 unum
2303 2849 2443 2901 sunt,
2473 2835 2628 2890 sicuti
2660 2841 2713 2889 et
2748 2831 3006 2888 Jeremias
3033 2826 3366 2899 prophetavit
3393 2841 3407 2881 :
3444 2825 3571 2891 Quis
3597 2836 3706 2877 sta-

2109 2933 2178 2985 bit
2220 2931 2274 2985 in
2313 2926 2595 2983 substantia
2632 2924 2867 2987 Domini,
2918 2929 2964 2976 et
3009 2920 3191 2974 videbit
3238 2916 3441 2972 verbum
3488 2912 3707 2969 Domini

2112 3012 2246 3081 (Jer.
2275 3037 2409 3076 xxxii
2432 3063 2445 3086 ,
2481 3018 2605 3089 18)?
2634 3018 2695 3071 Et
2724 3017 2915 3070 iterum
2945 3031 2960 3070 :
2993 3014 3053 3067 Si
3082 3012 3330 3065 stetissent
3363 3011 3414 3061 in
3462 3007 3709 3062 substan-

2040 3124 2087 3187 (ζ
2118 3115 2189 3168 tia
2223 3128 2364 3176 mea,
2406 3118 2455 3163 et
2496 3110 2539 3161 si
2578 3106 2836 3160 audissent
2881 3102 3029 3157 verba
3057 3117 3190 3166 mea,
3226 3099 3513 3153 avertissem
3550 3111 3634 3149 eos
3675 3111 3711 3147 a

2119 3205 2299 3261 studiis
2336 3216 2512 3257 eorum
2540 3198 2769 3267 pessimis
2806 3193 2999 3262 (Ibid.,
3026 3192 3141 3261 9.2).
3174 3192 3243 3244 Et
3272 3187 3410 3258 apud
3460 3186 3709 3243 Salomoo

2120 3313 2241 3354 nem
2270 3313 2284 3350 :
2318 3292 2614 3350 Substantia
2637 3305 2765 3354 mea,
2796 3285 3008 3340 dulcedo
3031 3299 3138 3338 mea
3162 3291 3232 3336 est
3258 3281 3412 3352 (Sap.
3446 3293 3557 3343 avt,
3584 3277 3708 3347 51).

2744 3424 2970 3483 CAPUT
3008 3424 3072 3477 V.

2196 3549 2352 3621 515
2381 3546 2510 3601 Cum
2537 3557 2662 3613 ergo
2684 3543 2819 3596 hanc
2845 3539 3102 3594 unitatem
3125 3536 3436 3590 substantia:
3461 3536 3511 3586 in
3535 3532 3705 3586 Patre

2125 3650 2180 3695 et
2208 3639 2343 3693 Filio
2374 3651 2479 3690 non
2509 3635 2681 3688 solum
2710 3629 3046 3700 prophetica,
3078 3625 3175 3680 sed
3200 3633 3256 3679 et
3283 3622 3585 3691 evangelica
3611 3635 3715 3674 au-

2127 3731 2375 3787 ctoritate
2403 3738 2695 3796 cognoscas
2716 3764 2729 3788 ,
2765 3722 3033 3790 quomodo
3063 3716 3196 3771 dicis
3234 3716 3284 3768 in
3310 3713 3598 3782 Scripturis
3625 3712 3719 3766 di-
3742 3703 3765 3718 ’

2127 3822 2263 3876 vinis
2294 3820 2532 3893 ὁμούσιον
2568 3830 2677 3869 non
2719 3811 2981 3867 inveniri?
3010 3809 3157 3877 quasi
3187 3807 3327 3861 aliud
3370 3807 3439 3859 sit
3467 3805 3717 3876 ὃμούσιον

2128 3926 2284 3982 quam
2307 3907 2448 3982 quod
2478 3906 2640 3972 dicit,
2670 3902 2782 3974 Ego
2810 3902 2871 3954 de
2900 3900 3009 3953 Deo
3040 3897 3198 3955 Patre
3225 3898 3355 3950 exivi
3381 3895 3557 3965 (Joan.
3590 3910 3715 3960 xw,

2130 4002 2259 4071 28);
2290 4010 2364 4069 et,
2404 3998 2515 4067 Ego
2545 4005 2591 4049 et
2622 3993 2777 4047 Pater
2801 4005 2959 4044 unum
2984 4004 3158 4042 sumus
3181 3985 3353 4059 (Joan.
3390 4001 3445 4051 κ,
3474 3985 3590 4052 50);
3624 3985 3719 4039 vel

2130 4093 2271 4163 quod
2315 4091 2590 4161 prephette
2633 4101 2697 4140 ex
2734 4091 2921 4152 aperto
2963 4079 3312 4135 substantiam
3357 4076 3451 4132 Dei
3497 4076 3721 4130 intima-

2132 4184 2293 4237 bant?
2322 4183 2444 4235 llaec
2472 4187 2553 4233 est
2595 4183 2772 4230 autem
2814 4173 3047 4226 nominis
3090 4170 3257 4234 ratio,
3288 4178 3344 4223 ut
3378 4168 3429 4221 in
3474 4167 3633 4221 Patre
3668 4173 3723 4221 et

2132 4274 2268 4328 Filio
2313 4270 2570 4325 unitatem
2601 4263 2913 4321 substantia:
2942 4261 3163 4323 credas,
3213 4258 3336 4312 licet
3381 4271 3492 4310 rem
3540 4255 3721 4322 ipsam

2135 4365 2274 4433 (qua:
2324 4368 2404 4415 est
2447 4352 2839 4425 inenarrabilis)
2885 4352 3109 4408 definire
3140 4364 3241 4403 non
3276 4347 3472 4418 possis;
3514 4354 3573 4398 ut
3598 4345 3722 4398 sive

455 4465 750 4520 interesse?
778 4463 947 4517 Aliter
967 4461 1109 4516 enim
1140 4457 1336 4527 angeli,
1372 4455 1525 4508 aliter
1556 4452 1777 4521 singula:
1807 4461 2031 4519 quaeque
2061 4487 2111 4546 D
2138 4457 2317 4510 lumen
2358 4453 2422 4506 de
2452 4449 2649 4504 lumine
2678 4447 2826 4501 dicas
2847 4485 2863 4511 ,
2904 4445 3016 4499 sive
3046 4443 3265 4497 verbum
3294 4440 3361 4494 de
3384 4438 3570 4501 verbo,
3597 4436 3724 4490 sive

455 4555 701 4619 virtutes,
731 4552 1167 4609 constitutionem
1198 4561 1414 4602 suarum
1457 4540 1782 4598 substantias
1816 4553 2032 4606 accepe-

458 4654 615 4711 runt,
646 4646 801 4700 sicuti
846 4643 1133 4713 Apostolus
1180 4639 1293 4693 ait:
1332 4637 1448 4690 Alia
1490 4635 1691 4687 claritas
1730 4632 1885 4697 solis,
1932 4629 2035 4681 alia

459 4736 666 4788 claritas
692 4734 857 4799 (ante,
889 4732 994 4786 alia
1023 4732 1230 4784 claritas
1257 4728 1517 4781 stellarum
1565 4723 1626 4794 (ι
1649 4722 1764 4777 Cor.
1798 4736 1888 4784 xv,
1921 4718 2035 4788 4t).

465 4826 555 4881 Sic
578 4836 630 4878 et
660 4824 710 4878 in
738 4824 838 4877 huc
868 4824 1084 4887 mundo,
1119 4829 1180 4875 ut
1206 4819 1419 4874 diversa
1445 4829 1640 4885 genera
1662 4826 1859 4875 rerum,
1887 4810 1959 4864 ita
1986 4818 2037 4864 et

464 4916 674 4971 diversa
707 4914 867 4988 51h.
894 4928 1116 4981 corpora
1160 4910 1505 4966 animantium
1529 4949 1541 4971 ,
1572 4914 1625 4961 et
1669 4903 1914 4958 omnibus
1956 4901 2038 4955 sui

464 5007 724 5077 cujusque
752 5004 964 5075 generis
994 5003 1288 5057 substantia
1307 5042 1321 5066 ,
1372 5001 1509 5053 sicut
1552 4995 1838 5065 Apostolus
1867 4993 1993 5047 dicit
2025 5004 2038 5045 :

468 5102 589 5156 Non
620 5084 785 5153 omnis
831 5113 974 5159 caro,
1008 5097 1182 5149 eadem
1210 5112 1326 5149 caro
1363 5093 1524 5166 (Ibid.
1544 5134 1560 5160 ,
1589 5092 1703 5161 39).
1735 5090 1792 5147 Si
1822 5104 1950 5159 ergo
1979 5101 2041 5142 ea

468 5207 586 5262 quae
612 5207 641 5247 a
667 5192 774 5246 Deo
804 5187 941 5242 facta
965 5194 1107 5249 sunt,
1142 5186 1381 5239 diversas
1412 5184 1694 5255 qualitates
1723 5180 2046 5236 substantia-

469 5302 584 5340 rum
611 5298 826 5340 suarum
858 5279 1073 5346 habent,
1108 5287 1160 5331 tu
1192 5278 1416 5346 putasin
1449 5278 1558 5330 Deo
1585 5275 1744 5329 talem
1774 5285 1894 5327 esse
1922 5270 2045 5323 sub-

476 5381 747 5445 stantiam,
783 5375 993 5447 qualem
1042 5370 1200 5425 habet
1229 5367 1425 5438 aliquid
1456 5368 1642 5421 horum
1676 5364 1817 5435 quod
1850 5364 2041 5419 factum

472 5480 589 5537 est,
638 5484 694 5526 ut
738 5470 905 5543 possit
947 5465 1211 5523 contraria
1258 5461 1535 5531 recipere?
1582 5461 1753 5514 Absit.
1804 5458 1934 5522 Quae
1962 5464 2045 5509 est

477 5564 617 5617 enim
659 5564 951 5617 substantia
993 5561 1086 5615 Dei
1118 5559 1216 5614 nisi
1247 5557 1417 5625 ipsum
1448 5554 1586 5623 quod
1617 5554 1756 5606 Deus
1781 5559 1892 5613 est,
1921 5549 2048 5601 sim-

480 5655 620 5719 plex,
643 5654 924 5721 singulare,
947 5668 1158 5723 purum,
1177 5647 1682 5704 nulla'concrctione
1701 5645 2044 5713 permixtum,

475 5741 787 5812 limpidum.
816 5744 1037 5808 bonum,
1076 5742 1405 5811 perfectum,
1453 5739 1699 5802 beatum,
1744 5735 2045 5797 integrum,

2142 4548 2381 4616 spiritum
2406 4543 2472 4597 de
2495 4538 2704 4611 spiritu,
2733 4538 2845 4591 sive
2874 4535 3153 4589 Dominum
3180 4533 3245 4587 de
3272 4532 3515 4594 Domino,
3545 4528 3727 4594 quod-

2144 4650 2349 4706 cunque
2379 4636 2444 4689 de
2471 4648 2535 4688 eo
2565 4631 2786 4695 dixeris,
2821 4629 2974 4681 unius
3010 4636 3187 4680 tamen
3219 4625 3460 4678 essentia:
3499 4620 3725 4675 Patrem

2145 4740 2199 4782 et
2242 4726 2430 4780 Filium
2459 4722 2645 4778 credas
2665 4760 2679 4783 ,
2712 4730 2765 4773 et
2794 4718 2861 4772 de
2887 4731 2951 4772 eo
2982 4717 3099 4785 ipso
3128 4714 3269 4784 quod
3300 4714 3457 4767 Pater
3480 4716 3588 4773 est,
3630 4711 3726 4763 Fi-

2150 4821 2274 4875 lium
2316 4818 2599 4884 intelligas.
2646 4812 2777 4867 Nam
2809 4810 2855 4865 si
2899 4810 3126 4877 aliquam
3172 4804 3621 4874 comparationem
3662 4803 3729 4855 de

2152 4905 2307 4967 rebus
2338 4908 2420 4963 his
2448 4922 2565 4976 quae
2595 4904 2861 4967 videntur,
2896 4903 2947 4955 in
2974 4916 3036 4953 eu
3068 4900 3259 4961 facias,
3304 4898 3414 4963 ipsa
3442 4893 3729 4947 dissimili-

2145 5003 2326 5059 tudine
2370 5014 2547 5055 rerum
2570 5038 2583 5062 ,
2615 5011 2720 5051 non
2749 4995 3011 5048 rationem
3057 4989 3333 5052 osmndes,
3375 4985 3468 5041 sed
3497 4984 3731 5038 alterca-

2145 5096 2344 5149 tionem
2377 5089 2792 5159 disputationum
2823 5084 3066 5138 induces.
3110 5081 3177 5136 Et
3207 5081 3326 5147 quia
3346 5082 3423 5132 'ex
3464 5090 3598 5129 voce
3634 5075 3729 5128 Dei

2145 5185 2403 5253 scriptum
2429 5188 2512 5236 est
2536 5194 2553 5233 :
2584 5177 2677 5233 Cui
2700 5193 2778 5230 tne
2810 5172 3165 5242 comparabilis
3189 5169 3339 5240 (Isai.
3368 5184 3509 5231 XLVI,
3542 5166 3639 5232 5)?
3668 5178 3729 5217 ac

2147 5275 2371 5344 proinde
2417 5274 2563 5328 Deus
2606 5269 2690 5325 cui
2738 5266 3017 5321 assimilari
3067 5265 3199 5318 nihil
3249 5272 3456 5331 potest,
3497 5260 3730 5314 sufﬁciat

2149 5364 2295 5420 credi
2336 5362 2477 5432 quod
2507 5364 2622 5430 ipse
2662 5359 2910 5422 sentitur,
2942 5357 3063 5426 quia
3094 5354 3207 5423 ipse
3237 5354 3381 5407 credi
3424 5368 3483 5406 se
3526 5353 3727 5415 voluit,

2153 5472 2259 5512 non
2291 5453 2533 5509 indicari.
2577 5452 2815 5519 Denique
2864 5448 2907 5502 si
2951 5448 3017 5502 de
3048 5446 3148 5500 hoc
3192 5448 3305 5513 ipso
3334 5443 3473 5509 quod
3516 5458 3731 5496 mecum

2152 5544 2448 5615 proﬁteris,
2500 5543 2730 5611 aliquam
2764 5537 3164 5592 similitudinem
3196 5536 3326 5589 velis
3363 5535 3413 5587 in
3462 5533 3570 5586 Den
3601 5548 3730 5585 con-

2153 5638 2317 5696 ferre,
2341 5635 2517 5689 nescio
2543 5648 2608 5685 an
2634 5631 2770 5699 quod
2795 5628 3185 5695 comparaveris
3233 5626 3401 5693 possis
3423 5608 3736 5691 expressius

2154 5727 2395 5783 delinire.
2431 5723 2494 5780 Ut
2534 5735 2657 5789 puta
2686 5738 2805 5778 cum
2835 5720 2970 5775 dicis
3014 5719 3190 5774 lumen
3219 5732 3283 5772 ex
3319 5717 3545 5778 lumine,
3592 5713 3638 5769 si
3668 5714 3735 5767 ad
