  <div class='ocr_page' id='page_1' title='image "/cluster/home/n/w/nwhite01/storage/ocr_20150623/62/hvd.32044054758693/235.png"; bbox 0 0 3960 6176; ppageno 0'>
   <div class='ocr_carea' id='block_1_1' title="bbox 533 339 637 397">
    <p class='ocr_par' dir='ltr' id='par_1_1' title="bbox 533 339 637 397">
     <span class='ocr_line' id='line_1_1' title="bbox 533 339 637 397; baseline -0.01 0"><span class='ocrx_word' id='word_1_1' title='bbox 533 339 637 397; x_wconf 71' lang='lat'><strong>459</strong></span> 
     </span>
    </p>
   </div>
   <div class='ocr_carea' id='block_1_2' title="bbox 1845 324 2473 386">
    <p class='ocr_par' dir='ltr' id='par_1_2' title="bbox 1845 324 2473 386">
     <span class='ocr_line' id='line_1_2' title="bbox 1845 324 2473 386; baseline -0.002 -1"><span class='ocrx_word' id='word_1_2' title='bbox 1845 328 2069 386; x_wconf 79' lang='lat' dir='ltr'>VIGILII</span> <span class='ocrx_word' id='word_1_3' title='bbox 2106 324 2473 384; x_wconf 77' lang='lat' dir='ltr'><strong>TAPSENSiS</strong></span> 
     </span>
    </p>
   </div>
   <div class='ocr_carea' id='block_1_3' title="bbox 3692 314 3795 370">
    <p class='ocr_par' dir='ltr' id='par_1_3' title="bbox 3692 314 3795 370">
     <span class='ocr_line' id='line_1_3' title="bbox 3692 314 3795 370; baseline 0.019 -2"><span class='ocrx_word' id='word_1_4' title='bbox 3692 314 3795 370; x_wconf 69' lang='grc'><strong>460</strong></span> 
     </span>
    </p>
   </div>
   <div class='ocr_carea' id='block_1_4' title="bbox 535 439 3799 523">
    <p class='ocr_par' dir='ltr' id='par_1_4' title="bbox 535 439 3799 523">
     <span class='ocr_line' id='line_1_4' title="bbox 535 439 3799 523; baseline 0.004 -34"><span class='ocrx_word' id='word_1_5' title='bbox 535 448 781 523; x_wconf 63' lang='lat' dir='ltr'><strong>iniuriam</strong></span> <span class='ocrx_word' id='word_1_6' title='bbox 824 447 940 518; x_wconf 74' lang='lat' dir='ltr'><strong>ejus</strong></span> <span class='ocrx_word' id='word_1_7' title='bbox 967 444 1059 516; x_wconf 82' lang='lat' dir='ltr'><strong>qui</strong></span> <span class='ocrx_word' id='word_1_8' title='bbox 1097 457 1256 503; x_wconf 86' lang='lat' dir='ltr'><strong>verus</strong></span> <span class='ocrx_word' id='word_1_9' title='bbox 1287 441 1425 498; x_wconf 90' lang='lat' dir='ltr'><strong>Deus</strong></span> <span class='ocrx_word' id='word_1_10' title='bbox 1467 449 1580 505; x_wconf 85' lang='lat' dir='ltr'><strong>est,</strong></span> <span class='ocrx_word' id='word_1_11' title='bbox 1629 455 1736 496; x_wconf 90' lang='lat' dir='ltr'><strong>non</strong></span> <span class='ocrx_word' id='word_1_12' title='bbox 1777 455 1935 496; x_wconf 86' lang='lat' dir='ltr'><strong>verus</strong></span> <span class='ocrx_word' id='word_1_13' title='bbox 1981 441 2115 495; x_wconf 84' lang='lat' dir='ltr'><strong>alius</strong></span> <span class='ocrx_word' id='word_1_14' title='bbox 2146 444 2196 500; x_wconf 78' lang='grc' dir='ltr'><strong>Α</strong></span> <span class='ocrx_word' id='word_1_15' title='bbox 2225 441 2538 505; x_wconf 77' lang='lat' dir='ltr'><strong>mansisset,</strong></span> <span class='ocrx_word' id='word_1_16' title='bbox 2585 453 2648 496; x_wconf 79' lang='lat' dir='ltr'><strong>ex</strong></span> <span class='ocrx_word' id='word_1_17' title='bbox 2681 441 2829 509; x_wconf 84' lang='lat' dir='ltr'><strong>cujus</strong></span> <span class='ocrx_word' id='word_1_18' title='bbox 2859 439 3154 497; x_wconf 84' lang='lat' dir='ltr'><strong>substantia</strong></span> <span class='ocrx_word' id='word_1_19' title='bbox 3193 452 3308 498; x_wconf 89' lang='lat' dir='ltr'><strong>erat</strong></span> <span class='ocrx_word' id='word_1_20' title='bbox 3342 462 3355 499; x_wconf 87' lang='lat'><strong>:</strong></span> <span class='ocrx_word' id='word_1_21' title='bbox 3393 443 3515 515; x_wconf 91' lang='lat' dir='ltr'><strong>quia</strong></span> <span class='ocrx_word' id='word_1_22' title='bbox 3557 445 3705 518; x_wconf 84' lang='lat' dir='ltr'><strong>quod</strong></span> <span class='ocrx_word' id='word_1_23' title='bbox 3726 447 3799 504; x_wconf 76' lang='lat' dir='ltr'><strong>de</strong></span> 
     </span>
    </p>
   </div>
   <div class='ocr_carea' id='block_1_5' title="bbox 536 533 2111 614">
    <p class='ocr_par' dir='ltr' id='par_1_5' title="bbox 536 533 2111 614">
     <span class='ocr_line' id='line_1_5' title="bbox 536 533 2111 614; baseline -0.009 -14"><span class='ocrx_word' id='word_1_24' title='bbox 536 550 894 614; x_wconf 81' lang='lat' dir='ltr'><strong>comparatur.</strong></span> <span class='ocrx_word' id='word_1_25' title='bbox 950 541 1115 595; x_wconf 86' lang='lat' dir='ltr'><strong>Deum</strong></span> <span class='ocrx_word' id='word_1_26' title='bbox 1168 537 1258 608; x_wconf 85' lang='lat' dir='ltr'><strong>qui</strong></span> <span class='ocrx_word' id='word_1_27' title='bbox 1321 535 1518 605; x_wconf 85' lang='lat' dir='ltr'><strong>lnjuste</strong></span> <span class='ocrx_word' id='word_1_28' title='bbox 1565 544 1876 603; x_wconf 85' lang='lat' dir='ltr'><strong>comparat,</strong></span> <span class='ocrx_word' id='word_1_29' title='bbox 1929 533 2111 589; x_wconf 77' lang='lat' dir='ltr'><strong>violat.</strong></span> 
     </span>
    </p>
   </div>
   <div class='ocr_carea' id='block_1_6' title="bbox 537 623 2116 700">
    <p class='ocr_par' dir='ltr' id='par_1_6' title="bbox 537 623 2116 700">
     <span class='ocr_line' id='line_1_6' title="bbox 537 623 2116 700; baseline -0.009 -8"><span class='ocrx_word' id='word_1_30' title='bbox 537 637 669 692; x_wconf 80' lang='lat' dir='ltr'><strong>Cum</strong></span> <span class='ocrx_word' id='word_1_31' title='bbox 715 641 892 688; x_wconf 87' lang='lat' dir='ltr'><strong>autem</strong></span> <span class='ocrx_word' id='word_1_32' title='bbox 923 645 1024 700; x_wconf 89' lang='lat' dir='ltr'><strong>ego</strong></span> <span class='ocrx_word' id='word_1_33' title='bbox 1049 629 1261 685; x_wconf 87' lang='lat' dir='ltr'><strong>Patrem</strong></span> <span class='ocrx_word' id='word_1_34' title='bbox 1304 636 1359 682; x_wconf 87' lang='lat' dir='ltr'><strong>et</strong></span> <span class='ocrx_word' id='word_1_35' title='bbox 1398 625 1594 682; x_wconf 82' lang='lat' dir='ltr'><strong>Filium</strong></span> <span class='ocrx_word' id='word_1_36' title='bbox 1620 633 1828 686; x_wconf 85' lang='lat' dir='ltr'><strong>statuo,</strong></span> <span class='ocrx_word' id='word_1_37' title='bbox 1859 623 2116 679; x_wconf 87' lang='lat' dir='ltr'><strong>unitatem</strong></span> 
     </span>
    </p>
   </div>
   <div class='ocr_carea' id='block_1_7' title="bbox 538 714 2120 797">
    <p class='ocr_par' dir='ltr' id='par_1_7' title="bbox 538 714 2120 797">
     <span class='ocr_line' id='line_1_7' title="bbox 538 714 2120 797; baseline -0.009 -15"><span class='ocrx_word' id='word_1_38' title='bbox 538 725 751 797; x_wconf 78' lang='lat' dir='ltr'><strong>generis</strong></span> <span class='ocrx_word' id='word_1_39' title='bbox 778 723 1013 790; x_wconf 86' lang='lat' dir='ltr'><strong>assigno.</strong></span> <span class='ocrx_word' id='word_1_40' title='bbox 1046 720 1113 776; x_wconf 87' lang='lat' dir='ltr'><strong>Et</strong></span> <span class='ocrx_word' id='word_1_41' title='bbox 1143 718 1192 774; x_wconf 89' lang='lat' dir='ltr'><strong>si</strong></span> <span class='ocrx_word' id='word_1_42' title='bbox 1220 718 1364 774; x_wconf 80' lang='lat' dir='ltr'><strong>illam</strong></span> <span class='ocrx_word' id='word_1_43' title='bbox 1393 716 1449 772; x_wconf 88' lang='lat' dir='ltr'><strong>in</strong></span> <span class='ocrx_word' id='word_1_44' title='bbox 1494 716 1736 785; x_wconf 87' lang='lat' dir='ltr'><strong>personis</strong></span> <span class='ocrx_word' id='word_1_45' title='bbox 1764 714 1978 784; x_wconf 83' lang='lat' dir='ltr'><strong>divido,</strong></span> <span class='ocrx_word' id='word_1_46' title='bbox 2009 715 2120 769; x_wconf 88' lang='lat' dir='ltr'><strong>dis-</strong></span> 
     </span>
    </p>
   </div>
   <div class='ocr_carea' id='block_1_8' title="bbox 538 805 2117 882">
    <p class='ocr_par' dir='ltr' id='par_1_8' title="bbox 538 805 2117 882">
     <span class='ocr_line' id='line_1_8' title="bbox 538 805 2117 882; baseline -0.008 -10"><span class='ocrx_word' id='word_1_47' title='bbox 538 816 708 872; x_wconf 87' lang='lat' dir='ltr'><strong>cretio</strong></span> <span class='ocrx_word' id='word_1_48' title='bbox 735 824 913 870; x_wconf 86' lang='lat' dir='ltr'><strong>tamen</strong></span> <span class='ocrx_word' id='word_1_49' title='bbox 952 823 1301 882; x_wconf 88' lang='lat' dir='ltr'><strong>personarum</strong></span> <span class='ocrx_word' id='word_1_50' title='bbox 1347 822 1535 863; x_wconf 90' lang='lat' dir='ltr'><strong>rursus</strong></span> <span class='ocrx_word' id='word_1_51' title='bbox 1573 806 1761 864; x_wconf 88' lang='lat' dir='ltr'><strong>eadem</strong></span> <span class='ocrx_word' id='word_1_52' title='bbox 1809 807 2022 862; x_wconf 84' lang='lat' dir='ltr'><strong>nomina</strong></span> <span class='ocrx_word' id='word_1_53' title='bbox 2065 805 2117 860; x_wconf 90' lang='lat' dir='ltr'><strong>in</strong></span> 
     </span>
    </p>
   </div>
   <div class='ocr_carea' id='block_1_9' title="bbox 542 897 2122 969">
    <p class='ocr_par' dir='ltr' id='par_1_9' title="bbox 542 897 2122 969">
     <span class='ocr_line' id='line_1_9' title="bbox 542 897 2122 969; baseline -0.006 -7"><span class='ocrx_word' id='word_1_54' title='bbox 542 907 797 965; x_wconf 90' lang='lat' dir='ltr'><strong>unitatem</strong></span> <span class='ocrx_word' id='word_1_55' title='bbox 832 904 946 969; x_wconf 90' lang='lat' dir='ltr'><strong>sui,</strong></span> <span class='ocrx_word' id='word_1_56' title='bbox 979 901 1206 958; x_wconf 83' lang='lat' dir='ltr'><strong>naturali</strong></span> <span class='ocrx_word' id='word_1_57' title='bbox 1247 900 1464 957; x_wconf 74' lang='lat' dir='ltr'><strong>foederis</strong></span> <span class='ocrx_word' id='word_1_58' title='bbox 1496 899 1611 968; x_wconf 91' lang='lat' dir='ltr'><strong>lege</strong></span> <span class='ocrx_word' id='word_1_59' title='bbox 1639 897 1934 968; x_wconf 84' lang='lat' dir='ltr'><strong>consignat.</strong></span> <span class='ocrx_word' id='word_1_60' title='bbox 1970 897 2122 953; x_wconf 87' lang='lat' dir='ltr'><strong>Unde</strong></span> 
     </span>
    </p>
   </div>
   <div class='ocr_carea' id='block_1_10' title="bbox 541 986 2124 1062">
    <p class='ocr_par' dir='ltr' id='par_1_10' title="bbox 541 986 2124 1062">
     <span class='ocr_line' id='line_1_10' title="bbox 541 986 2124 1062; baseline -0.007 -8"><span class='ocrx_word' id='word_1_61' title='bbox 541 1009 596 1055; x_wconf 92' lang='lat' dir='ltr'><strong>et</strong></span> <span class='ocrx_word' id='word_1_62' title='bbox 625 1005 802 1054; x_wconf 89' lang='lat' dir='ltr'><strong>tantus</strong></span> <span class='ocrx_word' id='word_1_63' title='bbox 824 1003 910 1051; x_wconf 90' lang='lat' dir='ltr'><strong>est</strong></span> <span class='ocrx_word' id='word_1_64' title='bbox 941 994 1105 1052; x_wconf 84' lang='lat' dir='ltr'><strong>Filius</strong></span> <span class='ocrx_word' id='word_1_65' title='bbox 1131 1003 1360 1062; x_wconf 88' lang='lat' dir='ltr'><strong>quantus</strong></span> <span class='ocrx_word' id='word_1_66' title='bbox 1390 990 1652 1046; x_wconf 77' lang='lat' dir='ltr'><strong>videbitur</strong></span> <span class='ocrx_word' id='word_1_67' title='bbox 1683 989 1860 1056; x_wconf 85' lang='lat' dir='ltr'><strong>Pater,</strong></span> <span class='ocrx_word' id='word_1_68' title='bbox 1893 996 2034 1042; x_wconf 83' lang='lat' dir='ltr'><strong>totus</strong></span> <span class='ocrx_word' id='word_1_69' title='bbox 2055 986 2124 1043; x_wconf 92' lang='lat' dir='ltr'><strong>de</strong></span> 
     </span>
    </p>
   </div>
   <div class='ocr_carea' id='block_1_11' title="bbox 543 1079 2124 1156">
    <p class='ocr_par' dir='ltr' id='par_1_11' title="bbox 543 1079 2124 1156">
     <span class='ocr_line' id='line_1_11' title="bbox 543 1079 2124 1156; baseline -0.008 -13"><span class='ocrx_word' id='word_1_70' title='bbox 543 1097 686 1154; x_wconf 92' lang='lat' dir='ltr'><strong>toto,</strong></span> <span class='ocrx_word' id='word_1_71' title='bbox 731 1088 939 1156; x_wconf 86' lang='lat' dir='ltr'><strong>integer</strong></span> <span class='ocrx_word' id='word_1_72' title='bbox 965 1085 1032 1144; x_wconf 81' lang='lat' dir='ltr'><strong>de</strong></span> <span class='ocrx_word' id='word_1_73' title='bbox 1063 1085 1299 1153; x_wconf 87' lang='lat' dir='ltr'><strong>integro,</strong></span> <span class='ocrx_word' id='word_1_74' title='bbox 1328 1081 1596 1152; x_wconf 84' lang='lat' dir='ltr'><strong>perlectus</strong></span> <span class='ocrx_word' id='word_1_75' title='bbox 1621 1081 1689 1136; x_wconf 90' lang='lat' dir='ltr'><strong>de</strong></span> <span class='ocrx_word' id='word_1_76' title='bbox 1717 1079 1951 1148; x_wconf 85' lang='lat' dir='ltr'><strong>perlecta</strong></span> <span class='ocrx_word' id='word_1_77' title='bbox 1995 1093 2124 1134; x_wconf 88' lang='lat' dir='ltr'><strong>con-</strong></span> 
     </span>
    </p>
   </div>
   <div class='ocr_carea' id='block_1_12' title="bbox 543 1171 2124 1248">
    <p class='ocr_par' dir='ltr' id='par_1_12' title="bbox 543 1171 2124 1248">
     <span class='ocr_line' id='line_1_12' title="bbox 543 1171 2124 1248; baseline -0.006 -14"><span class='ocrx_word' id='word_1_78' title='bbox 543 1191 913 1248; x_wconf 88' lang='lat' dir='ltr'><strong>summataque</strong></span> <span class='ocrx_word' id='word_1_79' title='bbox 942 1177 1136 1232; x_wconf 86' lang='lat' dir='ltr'><strong>virtute</strong></span> <span class='ocrx_word' id='word_1_80' title='bbox 1172 1195 1186 1228; x_wconf 89' lang='lat'><strong>:</strong></span> <span class='ocrx_word' id='word_1_81' title='bbox 1227 1175 1366 1238; x_wconf 87' lang='lat' dir='ltr'><strong>sicut</strong></span> <span class='ocrx_word' id='word_1_82' title='bbox 1393 1174 1683 1243; x_wconf 75' lang='lat' dir='ltr'><strong>Apostolus</strong></span> <span class='ocrx_word' id='word_1_83' title='bbox 1710 1174 1841 1228; x_wconf 85' lang='lat' dir='ltr'><strong>dicit</strong></span> <span class='ocrx_word' id='word_1_84' title='bbox 1871 1189 1885 1226; x_wconf 89' lang='lat'><strong>:</strong></span> <span class='ocrx_word' id='word_1_85' title='bbox 1921 1171 1986 1226; x_wconf 88' lang='lat' dir='ltr'><strong>In</strong></span> <span class='ocrx_word' id='word_1_86' title='bbox 2026 1189 2124 1240; x_wconf 86' lang='lat' dir='ltr'><strong>quo</strong></span> 
     </span>
    </p>
   </div>
   <div class='ocr_carea' id='block_1_13' title="bbox 542 1261 2120 1336">
    <p class='ocr_par' dir='ltr' id='par_1_13' title="bbox 542 1261 2120 1336">
     <span class='ocr_line' id='line_1_13' title="bbox 542 1261 2120 1336; baseline -0.004 -13"><span class='ocrx_word' id='word_1_87' title='bbox 542 1270 705 1323; x_wconf 85' lang='lat' dir='ltr'><strong>omnis</strong></span> <span class='ocrx_word' id='word_1_88' title='bbox 750 1268 1010 1336; x_wconf 79' lang='lat' dir='ltr'><strong>plenitudo</strong></span> <span class='ocrx_word' id='word_1_89' title='bbox 1041 1266 1321 1320; x_wconf 72' lang='lat' dir='ltr'><strong>divinitatis</strong></span> <span class='ocrx_word' id='word_1_90' title='bbox 1365 1264 1698 1334; x_wconf 81' lang='lat' dir='ltr'><strong>corporaliter</strong></span> <span class='ocrx_word' id='word_1_91' title='bbox 1735 1263 1929 1318; x_wconf 79' lang='lat' dir='ltr'><strong>habitat</strong></span> <span class='ocrx_word' id='word_1_92' title='bbox 1973 1261 2120 1333; x_wconf 80' lang='lat' dir='ltr'><strong>(Col.</strong></span> 
     </span>
    </p>
   </div>
   <div class='ocr_carea' id='block_1_14' title="bbox 545 1354 2124 1428">
    <p class='ocr_par' dir='ltr' id='par_1_14' title="bbox 545 1354 2124 1428">
     <span class='ocr_line' id='line_1_14' title="bbox 545 1354 2124 1428; baseline -0.004 -14"><span class='ocrx_word' id='word_1_93' title='bbox 545 1376 604 1424; x_wconf 85' lang='grc' dir='ltr'>ιι,</span> <span class='ocrx_word' id='word_1_94' title='bbox 631 1359 706 1428; x_wconf 78' lang='grc'><strong>9).</strong></span> <span class='ocrx_word' id='word_1_95' title='bbox 747 1358 877 1416; x_wconf 83' lang='lat' dir='ltr'><strong>Nam</strong></span> <span class='ocrx_word' id='word_1_96' title='bbox 905 1366 960 1412; x_wconf 92' lang='lat' dir='ltr'><strong>et</strong></span> <span class='ocrx_word' id='word_1_97' title='bbox 980 1356 1244 1414; x_wconf 84' lang='lat' dir='ltr'><strong>Jeretnias</strong></span> <span class='ocrx_word' id='word_1_98' title='bbox 1280 1355 1680 1422; x_wconf 88' lang='lat' dir='ltr'><strong>receptissimus</strong></span> <span class='ocrx_word' id='word_1_99' title='bbox 1710 1354 2088 1422; x_wconf 86' lang='lat' dir='ltr'><strong>prophetarum</strong></span> <span class='ocrx_word' id='word_1_100' title='bbox 2107 1392 2124 1419; x_wconf 96' lang='lat'><strong>,</strong></span> 
     </span>
    </p>
   </div>
   <div class='ocr_carea' id='block_1_15' title="bbox 549 1446 2124 1511">
    <p class='ocr_par' dir='ltr' id='par_1_15' title="bbox 549 1446 2124 1511">
     <span class='ocr_line' id='line_1_15' title="bbox 549 1446 2124 1511; baseline -0.003 -8"><span class='ocrx_word' id='word_1_101' title='bbox 549 1451 684 1506; x_wconf 80' lang='lat' dir='ltr'><strong>hanc</strong></span> <span class='ocrx_word' id='word_1_102' title='bbox 705 1450 960 1505; x_wconf 85' lang='lat' dir='ltr'><strong>unitatem</strong></span> <span class='ocrx_word' id='word_1_103' title='bbox 983 1447 1272 1502; x_wconf 70' lang='lat' dir='ltr'><strong>divinitatis</strong></span> <span class='ocrx_word' id='word_1_104' title='bbox 1292 1448 1343 1503; x_wconf 86' lang='lat' dir='ltr'><strong>in</strong></span> <span class='ocrx_word' id='word_1_105' title='bbox 1369 1447 1524 1502; x_wconf 86' lang='lat' dir='ltr'><strong>Patre</strong></span> <span class='ocrx_word' id='word_1_106' title='bbox 1552 1457 1606 1502; x_wconf 87' lang='lat' dir='ltr'><strong>et</strong></span> <span class='ocrx_word' id='word_1_107' title='bbox 1632 1446 1769 1501; x_wconf 86' lang='lat' dir='ltr'><strong>Filio</strong></span> <span class='ocrx_word' id='word_1_108' title='bbox 1794 1447 1992 1511; x_wconf 87' lang='lat' dir='ltr'><strong>sciens,</strong></span> <span class='ocrx_word' id='word_1_109' title='bbox 2015 1447 2124 1500; x_wconf 87' lang='lat' dir='ltr'><strong>ait:</strong></span> 
     </span>
    </p>
   </div>
   <div class='ocr_carea' id='block_1_16' title="bbox 549 1535 2128 1608">
    <p class='ocr_par' dir='ltr' id='par_1_16' title="bbox 549 1535 2128 1608">
     <span class='ocr_line' id='line_1_16' title="bbox 549 1535 2128 1608; baseline -0.004 -12"><span class='ocrx_word' id='word_1_110' title='bbox 549 1541 651 1596; x_wconf 85' lang='lat' dir='ltr'><strong>llic</strong></span> <span class='ocrx_word' id='word_1_111' title='bbox 695 1550 768 1595; x_wconf 79' lang='lat' dir='ltr'><strong>cst</strong></span> <span class='ocrx_word' id='word_1_112' title='bbox 800 1538 937 1594; x_wconf 81' lang='lat' dir='ltr'><strong>Deus</strong></span> <span class='ocrx_word' id='word_1_113' title='bbox 966 1548 1157 1606; x_wconf 73' lang='lat' dir='ltr'><strong>noster,</strong></span> <span class='ocrx_word' id='word_1_114' title='bbox 1197 1547 1245 1595; x_wconf 83' lang='lat' dir='ltr'><strong>et</strong></span> <span class='ocrx_word' id='word_1_115' title='bbox 1276 1554 1376 1593; x_wconf 84' lang='lat' dir='ltr'><strong>non</strong></span> <span class='ocrx_word' id='word_1_116' title='bbox 1420 1538 1745 1608; x_wconf 77' lang='lat' dir='ltr'><strong>deputabitur</strong></span> <span class='ocrx_word' id='word_1_117' title='bbox 1780 1537 1913 1591; x_wconf 75' lang='lat' dir='ltr'><strong>alius</strong></span> <span class='ocrx_word' id='word_1_118' title='bbox 1943 1535 2128 1604; x_wconf 75' lang='lat' dir='ltr'><strong>absque</strong></span> 
     </span>
    </p>
   </div>
   <div class='ocr_carea' id='block_1_17' title="bbox 543 1628 2128 1704">
    <p class='ocr_par' dir='ltr' id='par_1_17' title="bbox 543 1628 2128 1704">
     <span class='ocr_line' id='line_1_17' title="bbox 543 1628 2128 1704; baseline -0.004 -16"><span class='ocrx_word' id='word_1_119' title='bbox 543 1633 638 1688; x_wconf 83' lang='lat' dir='ltr'><strong>illo</strong></span> <span class='ocrx_word' id='word_1_120' title='bbox 661 1650 680 1688; x_wconf 88' lang='lat'><strong><em>:</em></strong></span> <span class='ocrx_word' id='word_1_121' title='bbox 703 1635 788 1704; x_wconf 81' lang='lat' dir='ltr'><strong>qui</strong></span> <span class='ocrx_word' id='word_1_122' title='bbox 819 1634 1006 1688; x_wconf 82' lang='lat' dir='ltr'><strong>invenit</strong></span> <span class='ocrx_word' id='word_1_123' title='bbox 1039 1647 1236 1687; x_wconf 85' lang='lat' dir='ltr'><strong>onmem</strong></span> <span class='ocrx_word' id='word_1_124' title='bbox 1260 1632 1392 1686; x_wconf 78' lang='lat' dir='ltr'><strong>viam</strong></span> <span class='ocrx_word' id='word_1_125' title='bbox 1426 1631 1746 1698; x_wconf 63' lang='lat' dir='ltr'><strong>prudentiae,</strong></span> <span class='ocrx_word' id='word_1_126' title='bbox 1780 1638 1824 1684; x_wconf 89' lang='lat' dir='ltr'><strong>ct</strong></span> <span class='ocrx_word' id='word_1_127' title='bbox 1853 1628 1992 1683; x_wconf 81' lang='lat' dir='ltr'><strong>dedit</strong></span> <span class='ocrx_word' id='word_1_128' title='bbox 2018 1644 2128 1682; x_wconf 84' lang='lat' dir='ltr'><strong>eam</strong></span> 
     </span>
    </p>
   </div>
   <div class='ocr_carea' id='block_1_18' title="bbox 545 1719 2127 1795">
    <p class='ocr_par' dir='ltr' id='par_1_18' title="bbox 545 1719 2127 1795">
     <span class='ocr_line' id='line_1_18' title="bbox 545 1719 2127 1795; baseline -0.004 -16"><span class='ocrx_word' id='word_1_129' title='bbox 545 1724 702 1780; x_wconf 81' lang='lat' dir='ltr'><strong>Jacob</strong></span> <span class='ocrx_word' id='word_1_130' title='bbox 731 1741 886 1795; x_wconf 85' lang='lat' dir='ltr'><strong>puero</strong></span> <span class='ocrx_word' id='word_1_131' title='bbox 909 1740 1021 1788; x_wconf 82' lang='lat' dir='ltr'><strong>suo,</strong></span> <span class='ocrx_word' id='word_1_132' title='bbox 1043 1734 1090 1778; x_wconf 86' lang='lat' dir='ltr'><strong>et</strong></span> <span class='ocrx_word' id='word_1_133' title='bbox 1115 1722 1281 1777; x_wconf 78' lang='lat' dir='ltr'><strong>Israel</strong></span> <span class='ocrx_word' id='word_1_134' title='bbox 1311 1723 1497 1776; x_wconf 81' lang='lat' dir='ltr'><strong>dilecto</strong></span> <span class='ocrx_word' id='word_1_135' title='bbox 1521 1721 1638 1777; x_wconf 73' lang='lat' dir='ltr'><strong>sibi.</strong></span> <span class='ocrx_word' id='word_1_136' title='bbox 1670 1720 1792 1774; x_wconf 83' lang='lat' dir='ltr'><strong>Post</strong></span> <span class='ocrx_word' id='word_1_137' title='bbox 1809 1719 1918 1774; x_wconf 80' lang='lat' dir='ltr'><strong>lucc</strong></span> <span class='ocrx_word' id='word_1_138' title='bbox 1947 1721 1999 1774; x_wconf 85' lang='lat' dir='ltr'><strong>in</strong></span> <span class='ocrx_word' id='word_1_139' title='bbox 2026 1728 2127 1773; x_wconf 86' lang='lat' dir='ltr'><strong>ter-</strong></span> 
     </span>
    </p>
   </div>
   <div class='ocr_carea' id='block_1_19' title="bbox 2221 532 3798 610">
    <p class='ocr_par' dir='ltr' id='par_1_19' title="bbox 2221 532 3798 610">
     <span class='ocr_line' id='line_1_19' title="bbox 2221 532 3798 610; baseline 0.009 -26"><span class='ocrx_word' id='word_1_140' title='bbox 2221 533 2374 588; x_wconf 74' lang='lat' dir='ltr'><strong>l‘atre</strong></span> <span class='ocrx_word' id='word_1_141' title='bbox 2399 543 2501 600; x_wconf 63' lang='lat' dir='ltr'><strong>est,</strong></span> <span class='ocrx_word' id='word_1_142' title='bbox 2531 547 2626 587; x_wconf 89' lang='lat' dir='ltr'><strong>nec</strong></span> <span class='ocrx_word' id='word_1_143' title='bbox 2655 532 2844 601; x_wconf 87' lang='lat' dir='ltr'><strong>videri,</strong></span> <span class='ocrx_word' id='word_1_144' title='bbox 2875 550 2973 590; x_wconf 92' lang='lat' dir='ltr'><strong>nec</strong></span> <span class='ocrx_word' id='word_1_145' title='bbox 3005 538 3222 604; x_wconf 83' lang='lat' dir='ltr'><strong>mutari,</strong></span> <span class='ocrx_word' id='word_1_146' title='bbox 3253 552 3352 592; x_wconf 85' lang='lat' dir='ltr'><strong>nec</strong></span> <span class='ocrx_word' id='word_1_147' title='bbox 3373 542 3614 595; x_wconf 83' lang='lat' dir='ltr'><strong>converti</strong></span> <span class='ocrx_word' id='word_1_148' title='bbox 3643 556 3798 610; x_wconf 86' lang='lat' dir='ltr'><strong>posse</strong></span> 
     </span>
    </p>
   </div>
   <div class='ocr_carea' id='block_1_20' title="bbox 2219 623 3797 701">
    <p class='ocr_par' dir='ltr' id='par_1_20' title="bbox 2219 623 3797 701">
     <span class='ocr_line' id='line_1_20' title="bbox 2219 623 3797 701; baseline 0.007 -25"><span class='ocrx_word' id='word_1_149' title='bbox 2219 623 2542 678; x_wconf 86' lang='lat' dir='ltr'><strong>credendum</strong></span> <span class='ocrx_word' id='word_1_150' title='bbox 2573 635 2672 676; x_wconf 90' lang='lat' dir='ltr'><strong>cst.</strong></span> <span class='ocrx_word' id='word_1_151' title='bbox 2707 623 2921 679; x_wconf 80' lang='lat' dir='ltr'><strong>Accedit</strong></span> <span class='ocrx_word' id='word_1_152' title='bbox 2950 624 3015 679; x_wconf 88' lang='lat' dir='ltr'><strong>ad</strong></span> <span class='ocrx_word' id='word_1_153' title='bbox 3045 640 3255 684; x_wconf 81' lang='lat' dir='ltr'><strong>causam</strong></span> <span class='ocrx_word' id='word_1_154' title='bbox 3277 628 3401 698; x_wconf 86' lang='lat' dir='ltr'><strong>quia</strong></span> <span class='ocrx_word' id='word_1_155' title='bbox 3429 644 3548 685; x_wconf 90' lang='lat' dir='ltr'><strong>eum</strong></span> <span class='ocrx_word' id='word_1_156' title='bbox 3578 631 3797 701; x_wconf 84' lang='lat' dir='ltr'><strong>illapsus</strong></span> 
     </span>
    </p>
   </div>
   <div class='ocr_carea' id='block_1_21' title="bbox 2220 716 3795 793">
    <p class='ocr_par' dir='ltr' id='par_1_21' title="bbox 2220 716 3795 793">
     <span class='ocr_line' id='line_1_21' title="bbox 2220 716 3795 793; baseline 0.006 -23"><span class='ocrx_word' id='word_1_157' title='bbox 2220 724 2304 770; x_wconf 90' lang='lat' dir='ltr'><strong>est</strong></span> <span class='ocrx_word' id='word_1_158' title='bbox 2332 717 2382 770; x_wconf 91' lang='lat' dir='ltr'><strong>in</strong></span> <span class='ocrx_word' id='word_1_159' title='bbox 2413 716 2627 771; x_wconf 82' lang='lat' dir='ltr'><strong>Mariam</strong></span> <span class='ocrx_word' id='word_1_160' title='bbox 2647 757 2663 782; x_wconf 90' lang='lat'><strong>,</strong></span> <span class='ocrx_word' id='word_1_161' title='bbox 2694 732 2813 774; x_wconf 91' lang='lat' dir='ltr'><strong>cum</strong></span> <span class='ocrx_word' id='word_1_162' title='bbox 2848 717 3081 787; x_wconf 81' lang='lat' dir='ltr'><strong>Virginis</strong></span> <span class='ocrx_word' id='word_1_163' title='bbox 3115 730 3325 778; x_wconf 84' lang='lat' dir='ltr'><strong>uterum</strong></span> <span class='ocrx_word' id='word_1_164' title='bbox 3356 723 3627 793; x_wconf 81' lang='lat' dir='ltr'><strong>opplevit,</strong></span> <span class='ocrx_word' id='word_1_165' title='bbox 3659 726 3795 780; x_wconf 86' lang='lat' dir='ltr'><strong>aliud</strong></span> 
     </span>
    </p>
   </div>
   <div class='ocr_carea' id='block_1_22' title="bbox 2222 808 3798 878">
    <p class='ocr_par' dir='ltr' id='par_1_22' title="bbox 2222 808 3798 878">
     <span class='ocr_line' id='line_1_22' title="bbox 2222 808 3798 878; baseline 0.006 -18"><span class='ocrx_word' id='word_1_166' title='bbox 2222 808 2401 876; x_wconf 88' lang='lat' dir='ltr'><strong>utique</strong></span> <span class='ocrx_word' id='word_1_167' title='bbox 2444 822 2506 862; x_wconf 80' lang='lat' dir='ltr'><strong>ex</strong></span> <span class='ocrx_word' id='word_1_168' title='bbox 2542 808 2630 861; x_wconf 89' lang='lat' dir='ltr'><strong>illa</strong></span> <span class='ocrx_word' id='word_1_169' title='bbox 2659 824 2814 878; x_wconf 86' lang='lat' dir='ltr'><strong>quam</strong></span> <span class='ocrx_word' id='word_1_170' title='bbox 2859 809 2998 876; x_wconf 87' lang='lat' dir='ltr'><strong>quod</strong></span> <span class='ocrx_word' id='word_1_171' title='bbox 3038 820 3258 866; x_wconf 88' lang='lat' dir='ltr'><strong>venerat</strong></span> <span class='ocrx_word' id='word_1_172' title='bbox 3286 819 3465 869; x_wconf 88' lang='lat' dir='ltr'><strong>natum</strong></span> <span class='ocrx_word' id='word_1_173' title='bbox 3509 823 3616 869; x_wconf 86' lang='lat' dir='ltr'><strong>est.</strong></span> <span class='ocrx_word' id='word_1_174' title='bbox 3648 815 3798 870; x_wconf 87' lang='lat' dir='ltr'><strong>Unde</strong></span> 
     </span>
    </p>
   </div>
   <div class='ocr_carea' id='block_1_23' title="bbox 2219 897 3800 968">
    <p class='ocr_par' dir='ltr' id='par_1_23' title="bbox 2219 897 3800 968">
     <span class='ocr_line' id='line_1_23' title="bbox 2219 897 3800 968; baseline 0.006 -18"><span class='ocrx_word' id='word_1_175' title='bbox 2219 897 2354 966; x_wconf 85' lang='lat' dir='ltr'><strong>jam,</strong></span> <span class='ocrx_word' id='word_1_176' title='bbox 2385 897 2650 967; x_wconf 89' lang='lat' dir='ltr'><strong>inquiunt,</strong></span> <span class='ocrx_word' id='word_1_177' title='bbox 2678 911 2929 967; x_wconf 83' lang='lat' dir='ltr'><strong>corrupta</strong></span> <span class='ocrx_word' id='word_1_178' title='bbox 2956 901 3249 956; x_wconf 88' lang='lat' dir='ltr'><strong>substantia</strong></span> <span class='ocrx_word' id='word_1_179' title='bbox 3280 911 3474 960; x_wconf 84' lang='lat' dir='ltr'><strong>statum</strong></span> <span class='ocrx_word' id='word_1_180' title='bbox 3507 908 3687 968; x_wconf 82' lang='lat' dir='ltr'><strong>vertit,</strong></span> <span class='ocrx_word' id='word_1_181' title='bbox 3715 923 3800 959; x_wconf 88' lang='lat' dir='ltr'><strong>or-</strong></span> 
     </span>
    </p>
   </div>
   <div class='ocr_carea' id='block_1_24' title="bbox 2224 989 3800 1066">
    <p class='ocr_par' dir='ltr' id='par_1_24' title="bbox 2224 989 3800 1066">
     <span class='ocr_line' id='line_1_24' title="bbox 2224 989 3800 1066; baseline 0.007 -24"><span class='ocrx_word' id='word_1_182' title='bbox 2224 989 2404 1044; x_wconf 91' lang='lat' dir='ltr'><strong>dinem</strong></span> <span class='ocrx_word' id='word_1_183' title='bbox 2442 989 2645 1058; x_wconf 91' lang='lat' dir='ltr'><strong>perdit,</strong></span> <span class='ocrx_word' id='word_1_184' title='bbox 2675 991 2929 1045; x_wconf 82' lang='lat' dir='ltr'><strong>continuo</strong></span> <span class='ocrx_word' id='word_1_185' title='bbox 2957 991 3322 1050; x_wconf 86' lang='lat' dir='ltr'><strong>immutatione</strong></span> <span class='ocrx_word' id='word_1_186' title='bbox 3351 996 3464 1066; x_wconf 88' lang='lat' dir='ltr'><strong>ipsa</strong></span> <span class='ocrx_word' id='word_1_187' title='bbox 3492 996 3800 1053; x_wconf 75' lang='lat' dir='ltr'><strong>tenuandus</strong></span> 
     </span>
    </p>
   </div>
   <div class='ocr_carea' id='block_1_25' title="bbox 2225 1077 3800 1156">
    <p class='ocr_par' dir='ltr' id='par_1_25' title="bbox 2225 1077 3800 1156">
     <span class='ocr_line' id='line_1_25' title="bbox 2225 1077 3800 1156; baseline 0.004 -24"><span class='ocrx_word' id='word_1_188' title='bbox 2225 1077 2292 1132; x_wconf 91' lang='lat' dir='ltr'><strong>de</strong></span> <span class='ocrx_word' id='word_1_189' title='bbox 2316 1079 2424 1136; x_wconf 87' lang='lat' dir='ltr'><strong>Deo</strong></span> <span class='ocrx_word' id='word_1_190' title='bbox 2452 1081 2503 1134; x_wconf 92' lang='lat' dir='ltr'><strong>in</strong></span> <span class='ocrx_word' id='word_1_191' title='bbox 2531 1080 2832 1145; x_wconf 88' lang='lat' dir='ltr'><strong>hominem,</strong></span> <span class='ocrx_word' id='word_1_192' title='bbox 2862 1082 2931 1136; x_wconf 87' lang='lat' dir='ltr'><strong>de</strong></span> <span class='ocrx_word' id='word_1_193' title='bbox 2959 1083 3149 1150; x_wconf 79' lang='lat' dir='ltr'><strong>Spiritu</strong></span> <span class='ocrx_word' id='word_1_194' title='bbox 3177 1085 3229 1137; x_wconf 90' lang='lat' dir='ltr'><strong>in</strong></span> <span class='ocrx_word' id='word_1_195' title='bbox 3257 1099 3495 1140; x_wconf 85' lang='lat' dir='ltr'><strong>carnem.</strong></span> <span class='ocrx_word' id='word_1_196' title='bbox 3530 1087 3594 1139; x_wconf 75' lang='lat' dir='ltr'><strong>Et</strong></span> <span class='ocrx_word' id='word_1_197' title='bbox 3623 1088 3800 1156; x_wconf 82' lang='lat' dir='ltr'><strong>utique</strong></span> 
     </span>
    </p>
   </div>
   <div class='ocr_carea' id='block_1_26' title="bbox 2226 1168 3799 1246">
    <p class='ocr_par' dir='ltr' id='par_1_26' title="bbox 2226 1168 3799 1246">
     <span class='ocr_line' id='line_1_26' title="bbox 2226 1168 3799 1246; baseline 0.007 -25"><span class='ocrx_word' id='word_1_198' title='bbox 2226 1168 2506 1222; x_wconf 82' lang='lat' dir='ltr'><strong>translatio</strong></span> <span class='ocrx_word' id='word_1_199' title='bbox 2551 1168 2762 1236; x_wconf 85' lang='lat' dir='ltr'><strong>omnis,</strong></span> <span class='ocrx_word' id='word_1_200' title='bbox 2818 1170 3156 1240; x_wconf 81' lang='lat' dir='ltr'><strong>interemptio</strong></span> <span class='ocrx_word' id='word_1_201' title='bbox 3202 1184 3285 1228; x_wconf 85' lang='lat' dir='ltr'><strong>est</strong></span> <span class='ocrx_word' id='word_1_202' title='bbox 3331 1176 3560 1244; x_wconf 85' lang='lat' dir='ltr'><strong>pristini.</strong></span> <span class='ocrx_word' id='word_1_203' title='bbox 3603 1178 3681 1230; x_wconf 87' lang='lat' dir='ltr'><strong>Ac</strong></span> <span class='ocrx_word' id='word_1_204' title='bbox 3712 1195 3799 1246; x_wconf 75' lang='grc' dir='ltr'>[ιιτ</span> 
     </span>
    </p>
   </div>
   <div class='ocr_carea' id='block_1_27' title="bbox 2228 1259 3799 1340">
    <p class='ocr_par' dir='ltr' id='par_1_27' title="bbox 2228 1259 3799 1340">
     <span class='ocr_line' id='line_1_27' title="bbox 2228 1259 3799 1340; baseline 0.008 -28"><span class='ocrx_word' id='word_1_205' title='bbox 2228 1259 2346 1326; x_wconf 89' lang='lat' dir='ltr'><strong>hoc,</strong></span> <span class='ocrx_word' id='word_1_206' title='bbox 2380 1260 2559 1324; x_wconf 86' lang='lat' dir='ltr'><strong>aiunt,</strong></span> <span class='ocrx_word' id='word_1_207' title='bbox 2589 1261 2634 1315; x_wconf 89' lang='lat' dir='ltr'><strong>si</strong></span> <span class='ocrx_word' id='word_1_208' title='bbox 2665 1261 2832 1318; x_wconf 83' lang='lat' dir='ltr'><strong>Filius</strong></span> <span class='ocrx_word' id='word_1_209' title='bbox 2859 1263 2926 1318; x_wconf 91' lang='lat' dir='ltr'><strong>de</strong></span> <span class='ocrx_word' id='word_1_210' title='bbox 2969 1264 3140 1320; x_wconf 80' lang='lat' dir='ltr'><strong>Patris</strong></span> <span class='ocrx_word' id='word_1_211' title='bbox 3168 1265 3462 1322; x_wconf 78' lang='lat' dir='ltr'><strong>substantia</strong></span> <span class='ocrx_word' id='word_1_212' title='bbox 3492 1280 3664 1334; x_wconf 80' lang='lat' dir='ltr'><strong>esset;</strong></span> <span class='ocrx_word' id='word_1_213' title='bbox 3695 1273 3799 1340; x_wconf 87' lang='lat' dir='ltr'><strong>jam</strong></span> 
     </span>
    </p>
   </div>
   <div class='ocr_carea' id='block_1_28' title="bbox 2227 1351 3806 1420">
    <p class='ocr_par' dir='ltr' id='par_1_28' title="bbox 2227 1351 3806 1420">
     <span class='ocr_line' id='line_1_28' title="bbox 2227 1351 3806 1420; baseline 0.008 -16"><span class='ocrx_word' id='word_1_214' title='bbox 2227 1359 2283 1404; x_wconf 93' lang='lat' dir='ltr'><strong>et</strong></span> <span class='ocrx_word' id='word_1_215' title='bbox 2313 1351 2520 1407; x_wconf 79' lang='lat' dir='ltr'><strong>Patrem</strong></span> <span class='ocrx_word' id='word_1_216' title='bbox 2551 1352 2814 1408; x_wconf 91' lang='lat' dir='ltr'><strong>minorem</strong></span> <span class='ocrx_word' id='word_1_217' title='bbox 2840 1355 3030 1418; x_wconf 82' lang='lat' dir='ltr'><strong>videri,</strong></span> <span class='ocrx_word' id='word_1_218' title='bbox 3063 1357 3373 1414; x_wconf 63' lang='lat' dir='ltr'><strong>substantiae</strong></span> <span class='ocrx_word' id='word_1_219' title='bbox 3395 1375 3505 1413; x_wconf 77' lang='lat' dir='ltr'><strong>sua:</strong></span> <span class='ocrx_word' id='word_1_220' title='bbox 3532 1362 3613 1415; x_wconf 78' lang='lat' dir='ltr'><strong>vel</strong></span> <span class='ocrx_word' id='word_1_221' title='bbox 3641 1365 3806 1420; x_wconf 77' lang='lat' dir='ltr'><strong>ira-li-</strong></span> 
     </span>
    </p>
   </div>
   <div class='ocr_carea' id='block_1_29' title="bbox 2227 1439 3804 1512">
    <p class='ocr_par' dir='ltr' id='par_1_29' title="bbox 2227 1439 3804 1512">
     <span class='ocr_line' id='line_1_29' title="bbox 2227 1439 3804 1512; baseline 0.007 -18"><span class='ocrx_word' id='word_1_222' title='bbox 2227 1441 2403 1506; x_wconf 87' lang='lat' dir='ltr'><strong>tiooc,</strong></span> <span class='ocrx_word' id='word_1_223' title='bbox 2431 1441 2513 1496; x_wconf 89' lang='lat' dir='ltr'><strong>vel</strong></span> <span class='ocrx_word' id='word_1_224' title='bbox 2545 1439 2685 1497; x_wconf 90' lang='lat' dir='ltr'><strong>ﬁne:</strong></span> <span class='ocrx_word' id='word_1_225' title='bbox 2717 1452 2772 1498; x_wconf 90' lang='lat' dir='ltr'><strong>et</strong></span> <span class='ocrx_word' id='word_1_226' title='bbox 2798 1444 3017 1512; x_wconf 79' lang='lat' dir='ltr'><strong>proinde</strong></span> <span class='ocrx_word' id='word_1_227' title='bbox 3046 1445 3238 1502; x_wconf 83' lang='lat' dir='ltr'><strong>Filium</strong></span> <span class='ocrx_word' id='word_1_228' title='bbox 3265 1461 3335 1502; x_wconf 84' lang='lat' dir='ltr'><strong>ex</strong></span> <span class='ocrx_word' id='word_1_229' title='bbox 3375 1449 3478 1502; x_wconf 89' lang='lat' dir='ltr'><strong>alia</strong></span> <span class='ocrx_word' id='word_1_230' title='bbox 3507 1451 3804 1505; x_wconf 74' lang='lat' dir='ltr'><strong>substantia</strong></span> 
     </span>
    </p>
   </div>
   <div class='ocr_carea' id='block_1_30' title="bbox 2223 1532 3806 1605">
    <p class='ocr_par' dir='ltr' id='par_1_30' title="bbox 2223 1532 3806 1605">
     <span class='ocr_line' id='line_1_30' title="bbox 2223 1532 3806 1605; baseline 0.007 -19"><span class='ocrx_word' id='word_1_231' title='bbox 2223 1532 2450 1588; x_wconf 87' lang='lat' dir='ltr'><strong>credere</strong></span> <span class='ocrx_word' id='word_1_232' title='bbox 2477 1532 2814 1599; x_wconf 88' lang='lat' dir='ltr'><strong>maluerunt,</strong></span> <span class='ocrx_word' id='word_1_233' title='bbox 2842 1535 2982 1605; x_wconf 86' lang='lat' dir='ltr'><strong>quod</strong></span> <span class='ocrx_word' id='word_1_234' title='bbox 3007 1538 3279 1604; x_wconf 83' lang='lat' dir='ltr'><strong>converti,</strong></span> <span class='ocrx_word' id='word_1_235' title='bbox 3311 1547 3366 1594; x_wconf 90' lang='lat' dir='ltr'><strong>et</strong></span> <span class='ocrx_word' id='word_1_236' title='bbox 3393 1556 3480 1594; x_wconf 87' lang='lat' dir='ltr'><strong>mu</strong></span> <span class='ocrx_word' id='word_1_237' title='bbox 3505 1542 3616 1603; x_wconf 87' lang='lat' dir='ltr'><strong>ari,</strong></span> <span class='ocrx_word' id='word_1_238' title='bbox 3644 1551 3702 1596; x_wconf 79' lang='lat' dir='ltr'><strong>ct</strong></span> <span class='ocrx_word' id='word_1_239' title='bbox 3730 1545 3806 1597; x_wconf 81' lang='lat' dir='ltr'><strong>vi-</strong></span> 
     </span>
    </p>
   </div>
   <div class='ocr_carea' id='block_1_31' title="bbox 2228 1622 3806 1695">
    <p class='ocr_par' dir='ltr' id='par_1_31' title="bbox 2228 1622 3806 1695">
     <span class='ocr_line' id='line_1_31' title="bbox 2228 1622 3806 1695; baseline 0.008 -19"><span class='ocrx_word' id='word_1_240' title='bbox 2228 1622 2342 1678; x_wconf 89' lang='lat' dir='ltr'><strong>deri</strong></span> <span class='ocrx_word' id='word_1_241' title='bbox 2371 1624 2568 1692; x_wconf 86' lang='lat' dir='ltr'><strong>possit;</strong></span> <span class='ocrx_word' id='word_1_242' title='bbox 2599 1625 2719 1695; x_wconf 86' lang='lat' dir='ltr'><strong>quia</strong></span> <span class='ocrx_word' id='word_1_243' title='bbox 2751 1625 2852 1680; x_wconf 90' lang='lat' dir='ltr'><strong>hoc</strong></span> <span class='ocrx_word' id='word_1_244' title='bbox 2879 1627 2946 1681; x_wconf 90' lang='lat' dir='ltr'><strong>de</strong></span> <span class='ocrx_word' id='word_1_245' title='bbox 2987 1627 3161 1682; x_wconf 79' lang='lat' dir='ltr'><strong>Patris</strong></span> <span class='ocrx_word' id='word_1_246' title='bbox 3191 1629 3484 1686; x_wconf 87' lang='lat' dir='ltr'><strong>substantia</strong></span> <span class='ocrx_word' id='word_1_247' title='bbox 3512 1633 3662 1688; x_wconf 90' lang='lat' dir='ltr'><strong>credi</strong></span> <span class='ocrx_word' id='word_1_248' title='bbox 3701 1651 3806 1689; x_wconf 88' lang='lat' dir='ltr'><strong>non</strong></span> 
     </span>
    </p>
   </div>
   <div class='ocr_carea' id='block_1_32' title="bbox 2230 1714 3809 1792">
    <p class='ocr_par' dir='ltr' id='par_1_32' title="bbox 2230 1714 3809 1792">
     <span class='ocr_line' id='line_1_32' title="bbox 2230 1714 3809 1792; baseline 0.009 -23"><span class='ocrx_word' id='word_1_249' title='bbox 2230 1714 2404 1771; x_wconf 85' lang='lat' dir='ltr'><strong>liceat.</strong></span> <span class='ocrx_word' id='word_1_250' title='bbox 2453 1716 2574 1770; x_wconf 65' lang='lat' dir='ltr'><strong>llaec</strong></span> <span class='ocrx_word' id='word_1_251' title='bbox 2619 1725 2702 1773; x_wconf 89' lang='lat' dir='ltr'><strong>est</strong></span> <span class='ocrx_word' id='word_1_252' title='bbox 2745 1731 2903 1774; x_wconf 84' lang='lat' dir='ltr'><strong>causa</strong></span> <span class='ocrx_word' id='word_1_253' title='bbox 2948 1720 3178 1787; x_wconf 91' lang='lat' dir='ltr'><strong>erroris,</strong></span> <span class='ocrx_word' id='word_1_254' title='bbox 3223 1721 3338 1786; x_wconf 67' lang='lat' dir='ltr'><strong>lucc</strong></span> <span class='ocrx_word' id='word_1_255' title='bbox 3380 1725 3535 1792; x_wconf 84' lang='lat' dir='ltr'><strong>origo</strong></span> <span class='ocrx_word' id='word_1_256' title='bbox 3585 1727 3809 1784; x_wconf 72' lang='lat' dir='ltr'><strong>Itmresis</strong></span> 
     </span>
    </p>
   </div>
   <div class='ocr_carea' id='block_1_33' title="bbox 550 1803 3809 1890">
    <p class='ocr_par' dir='ltr' id='par_1_33' title="bbox 550 1803 3809 1890">
     <span class='ocr_line' id='line_1_33' title="bbox 550 1803 3809 1890; baseline 0.004 -29"><span class='ocrx_word' id='word_1_257' title='bbox 550 1818 618 1874; x_wconf 69' lang='grc' dir='ltr'><strong>τῖε</strong></span> <span class='ocrx_word' id='word_1_258' title='bbox 646 1817 782 1871; x_wconf 68' lang='lat' dir='ltr'><strong>visus</strong></span> <span class='ocrx_word' id='word_1_259' title='bbox 810 1824 900 1880; x_wconf 67' lang='lat' dir='ltr'><strong>at,</strong></span> <span class='ocrx_word' id='word_1_260' title='bbox 930 1823 977 1869; x_wconf 88' lang='lat' dir='ltr'><strong>et</strong></span> <span class='ocrx_word' id='word_1_261' title='bbox 1004 1831 1117 1868; x_wconf 87' lang='lat' dir='ltr'><strong>cum</strong></span> <span class='ocrx_word' id='word_1_262' title='bbox 1147 1813 1432 1868; x_wconf 75' lang='lat' dir='ltr'><strong>hominibus</strong></span> <span class='ocrx_word' id='word_1_263' title='bbox 1460 1819 1783 1866; x_wconf 70' lang='lat' dir='ltr'><strong>conversatus</strong></span> <span class='ocrx_word' id='word_1_264' title='bbox 1819 1819 1888 1864; x_wconf 73' lang='lat' dir='ltr'><strong>cat</strong></span> <span class='ocrx_word' id='word_1_265' title='bbox 1911 1809 2123 1880; x_wconf 77' lang='lat' dir='ltr'><strong>(Barac.</strong></span> <span class='ocrx_word' id='word_1_266' title='bbox 2155 1803 2202 1863; x_wconf 84' lang='lat' dir='ltr'><strong>B</strong></span> <span class='ocrx_word' id='word_1_267' title='bbox 2231 1807 2442 1864; x_wconf 69' lang='lat' dir='ltr'><strong>Arianrc</strong></span> <span class='ocrx_word' id='word_1_268' title='bbox 2461 1849 2477 1875; x_wconf 90' lang='lat'><strong>,</strong></span> <span class='ocrx_word' id='word_1_269' title='bbox 2523 1808 2650 1866; x_wconf 89' lang='lat' dir='ltr'><strong>dum</strong></span> <span class='ocrx_word' id='word_1_270' title='bbox 2699 1824 2805 1865; x_wconf 91' lang='lat' dir='ltr'><strong>non</strong></span> <span class='ocrx_word' id='word_1_271' title='bbox 2836 1811 3137 1882; x_wconf 87' lang='lat' dir='ltr'><strong>intelligunt</strong></span> <span class='ocrx_word' id='word_1_272' title='bbox 3174 1814 3426 1869; x_wconf 86' lang='lat' dir='ltr'><strong>virtutem</strong></span> <span class='ocrx_word' id='word_1_273' title='bbox 3457 1817 3584 1885; x_wconf 90' lang='lat' dir='ltr'><strong>Dei,</strong></span> <span class='ocrx_word' id='word_1_274' title='bbox 3634 1835 3809 1890; x_wconf 86' lang='lat' dir='ltr'><strong>neque</strong></span> 
     </span>
    </p>
   </div>
   <div class='ocr_carea' id='block_1_34' title="bbox 547 1899 2124 1975">
    <p class='ocr_par' dir='ltr' id='par_1_34' title="bbox 547 1899 2124 1975">
     <span class='ocr_line' id='line_1_34' title="bbox 547 1899 2124 1975; baseline -0.003 -14"><span class='ocrx_word' id='word_1_275' title='bbox 547 1921 600 1965; x_wconf 89' lang='lat' dir='ltr'><strong>Ill</strong></span> <span class='ocrx_word' id='word_1_276' title='bbox 622 1945 640 1972; x_wconf 91' lang='lat'><strong>,</strong></span> <span class='ocrx_word' id='word_1_277' title='bbox 667 1907 778 1975; x_wconf 77' lang='lat'><strong>&#39;50).</strong></span> <span class='ocrx_word' id='word_1_278' title='bbox 815 1905 880 1961; x_wconf 82' lang='lat' dir='ltr'><strong>Et</strong></span> <span class='ocrx_word' id='word_1_279' title='bbox 911 1904 1074 1959; x_wconf 85' lang='lat' dir='ltr'><strong>Isaias</strong></span> <span class='ocrx_word' id='word_1_280' title='bbox 1113 1906 1212 1959; x_wconf 91' lang='lat' dir='ltr'><strong>hoc</strong></span> <span class='ocrx_word' id='word_1_281' title='bbox 1252 1905 1424 1972; x_wconf 88' lang='lat' dir='ltr'><strong>ipsum</strong></span> <span class='ocrx_word' id='word_1_282' title='bbox 1456 1903 1711 1972; x_wconf 68' lang='lat' dir='ltr'><strong>praedicat</strong></span> <span class='ocrx_word' id='word_1_283' title='bbox 1739 1901 1964 1956; x_wconf 87' lang='lat' dir='ltr'><strong>dicens:</strong></span> <span class='ocrx_word' id='word_1_284' title='bbox 1998 1899 2124 1956; x_wconf 62' lang='grc' dir='ltr'><strong>Παίς</strong></span> 
     </span>
    </p>
   </div>
   <div class='ocr_carea' id='block_1_35' title="bbox 548 1992 2127 2064">
    <p class='ocr_par' dir='ltr' id='par_1_35' title="bbox 548 1992 2127 2064">
     <span class='ocr_line' id='line_1_35' title="bbox 548 1992 2127 2064; baseline -0.004 -12"><span class='ocrx_word' id='word_1_285' title='bbox 548 1999 672 2052; x_wconf 83' lang='lat' dir='ltr'><strong>dicit</strong></span> <span class='ocrx_word' id='word_1_286' title='bbox 711 1997 955 2051; x_wconf 80' lang='lat' dir='ltr'><strong>Dominus</strong></span> <span class='ocrx_word' id='word_1_287' title='bbox 989 1995 1120 2050; x_wconf 84' lang='lat' dir='ltr'><strong>Deus</strong></span> <span class='ocrx_word' id='word_1_288' title='bbox 1147 2011 1164 2050; x_wconf 92' lang='lat'><strong><em>:</em></strong></span> <span class='ocrx_word' id='word_1_289' title='bbox 1197 1993 1435 2064; x_wconf 79' lang='lat' dir='ltr'><strong>Fatigato</strong></span> <span class='ocrx_word' id='word_1_290' title='bbox 1463 2003 1536 2046; x_wconf 85' lang='lat' dir='ltr'><strong>cst</strong></span> <span class='ocrx_word' id='word_1_291' title='bbox 1575 1992 1867 2064; x_wconf 51' lang='lat' dir='ltr'><strong>(Egyptus,</strong></span> <span class='ocrx_word' id='word_1_292' title='bbox 1897 2002 1942 2046; x_wconf 88' lang='lat' dir='ltr'><strong>et</strong></span> <span class='ocrx_word' id='word_1_293' title='bbox 1973 2008 2127 2063; x_wconf 80' lang='lat' dir='ltr'><strong>nego-</strong></span> 
     </span>
    </p>
   </div>
   <div class='ocr_carea' id='block_1_36' title="bbox 545 2085 2128 2156">
    <p class='ocr_par' dir='ltr' id='par_1_36' title="bbox 545 2085 2128 2156">
     <span class='ocr_line' id='line_1_36' title="bbox 545 2085 2128 2156; baseline -0.002 -13"><span class='ocrx_word' id='word_1_294' title='bbox 545 2092 691 2144; x_wconf 81' lang='lat' dir='ltr'><strong>tiatio</strong></span> <span class='ocrx_word' id='word_1_295' title='bbox 717 2087 1041 2156; x_wconf 64' lang='lat' dir='ltr'><strong>As‘tlu&#39;opum,</strong></span> <span class='ocrx_word' id='word_1_296' title='bbox 1068 2097 1114 2142; x_wconf 87' lang='lat' dir='ltr'><strong>ct</strong></span> <span class='ocrx_word' id='word_1_297' title='bbox 1134 2086 1326 2144; x_wconf 83' lang='lat' dir='ltr'><strong>Sabaiu</strong></span> <span class='ocrx_word' id='word_1_298' title='bbox 1348 2086 1442 2140; x_wconf 78' lang='lat' dir='ltr'><strong>viri</strong></span> <span class='ocrx_word' id='word_1_299' title='bbox 1467 2085 1648 2140; x_wconf 59' lang='lat' dir='ltr'><strong>excelsi</strong></span> <span class='ocrx_word' id='word_1_300' title='bbox 1673 2086 1742 2138; x_wconf 81' lang='lat' dir='ltr'><strong>ad</strong></span> <span class='ocrx_word' id='word_1_301' title='bbox 1767 2094 1813 2138; x_wconf 86' lang='lat' dir='ltr'><strong>te</strong></span> <span class='ocrx_word' id='word_1_302' title='bbox 1841 2086 2128 2140; x_wconf 84' lang='lat' dir='ltr'><strong>transient:</strong></span> 
     </span>
    </p>
   </div>
   <div class='ocr_carea' id='block_1_37' title="bbox 546 2175 2128 2250">
    <p class='ocr_par' dir='ltr' id='par_1_37' title="bbox 546 2175 2128 2250">
     <span class='ocr_line' id='line_1_37' title="bbox 546 2175 2128 2250; baseline -0.003 -16"><span class='ocrx_word' id='word_1_303' title='bbox 546 2181 619 2236; x_wconf 85' lang='lat' dir='ltr'><strong>tui</strong></span> <span class='ocrx_word' id='word_1_304' title='bbox 643 2188 791 2234; x_wconf 86' lang='lat' dir='ltr'><strong>erunt</strong></span> <span class='ocrx_word' id='word_1_305' title='bbox 818 2179 980 2250; x_wconf 76' lang='lat'><strong>519</strong></span> <span class='ocrx_word' id='word_1_306' title='bbox 1003 2178 1152 2243; x_wconf 71' lang='lat' dir='ltr'><strong>seni,</strong></span> <span class='ocrx_word' id='word_1_307' title='bbox 1180 2186 1226 2232; x_wconf 87' lang='lat' dir='ltr'><strong>et</strong></span> <span class='ocrx_word' id='word_1_308' title='bbox 1256 2184 1365 2246; x_wconf 80' lang='lat' dir='ltr'><strong>post</strong></span> <span class='ocrx_word' id='word_1_309' title='bbox 1390 2184 1437 2230; x_wconf 89' lang='lat' dir='ltr'><strong>te</strong></span> <span class='ocrx_word' id='word_1_310' title='bbox 1465 2175 1796 2230; x_wconf 84' lang='lat' dir='ltr'><strong>ambulabunt</strong></span> <span class='ocrx_word' id='word_1_311' title='bbox 1822 2176 1974 2230; x_wconf 83' lang='lat' dir='ltr'><strong>vincti</strong></span> <span class='ocrx_word' id='word_1_312' title='bbox 1993 2191 2128 2230; x_wconf 85' lang='lat' dir='ltr'><strong>cont-</strong></span> 
     </span>
    </p>
   </div>
   <div class='ocr_carea' id='block_1_38' title="bbox 546 2267 2126 2344">
    <p class='ocr_par' dir='ltr' id='par_1_38' title="bbox 546 2267 2126 2344">
     <span class='ocr_line' id='line_1_38' title="bbox 546 2267 2126 2344; baseline -0.003 -18"><span class='ocrx_word' id='word_1_313' title='bbox 546 2272 788 2344; x_wconf 75' lang='lat' dir='ltr'><strong>pedibur,</strong></span> <span class='ocrx_word' id='word_1_314' title='bbox 817 2281 860 2325; x_wconf 83' lang='lat' dir='ltr'><strong>et</strong></span> <span class='ocrx_word' id='word_1_315' title='bbox 882 2273 937 2324; x_wconf 90' lang='lat' dir='ltr'><strong>in</strong></span> <span class='ocrx_word' id='word_1_316' title='bbox 966 2279 1012 2324; x_wconf 82' lang='lat' dir='ltr'><strong>te</strong></span> <span class='ocrx_word' id='word_1_317' title='bbox 1043 2269 1413 2338; x_wconf 75' lang='lat' dir='ltr'><strong>precabantur;</strong></span> <span class='ocrx_word' id='word_1_318' title='bbox 1441 2269 1683 2338; x_wconf 83' lang='lat' dir='ltr'><strong>quoniam</strong></span> <span class='ocrx_word' id='word_1_319' title='bbox 1711 2269 1766 2322; x_wconf 88' lang='lat' dir='ltr'><strong>in</strong></span> <span class='ocrx_word' id='word_1_320' title='bbox 1793 2276 1839 2320; x_wconf 85' lang='lat' dir='ltr'><strong>te</strong></span> <span class='ocrx_word' id='word_1_321' title='bbox 1859 2276 1932 2322; x_wconf 78' lang='lat' dir='ltr'><strong>est</strong></span> <span class='ocrx_word' id='word_1_322' title='bbox 1961 2267 2126 2334; x_wconf 82' lang='lat' dir='ltr'><strong>Deus,</strong></span> 
     </span>
    </p>
   </div>
   <div class='ocr_carea' id='block_1_39' title="bbox 545 2358 2125 2431">
    <p class='ocr_par' dir='ltr' id='par_1_39' title="bbox 545 2358 2125 2431">
     <span class='ocr_line' id='line_1_39' title="bbox 545 2358 2125 2431; baseline -0.003 -13"><span class='ocrx_word' id='word_1_323' title='bbox 545 2374 593 2419; x_wconf 86' lang='lat' dir='ltr'><strong>et</strong></span> <span class='ocrx_word' id='word_1_324' title='bbox 615 2381 717 2418; x_wconf 73' lang='lat' dir='ltr'><strong>non</strong></span> <span class='ocrx_word' id='word_1_325' title='bbox 747 2374 818 2419; x_wconf 87' lang='lat' dir='ltr'><strong>cst</strong></span> <span class='ocrx_word' id='word_1_326' title='bbox 844 2363 976 2416; x_wconf 79' lang='lat' dir='ltr'><strong>alius</strong></span> <span class='ocrx_word' id='word_1_327' title='bbox 1005 2361 1140 2416; x_wconf 83' lang='lat' dir='ltr'><strong>Deus</strong></span> <span class='ocrx_word' id='word_1_328' title='bbox 1163 2372 1347 2431; x_wconf 78' lang='lat' dir='ltr'><strong>prtetcr</strong></span> <span class='ocrx_word' id='word_1_329' title='bbox 1374 2372 1458 2426; x_wconf 85' lang='lat' dir='ltr'><strong>te;</strong></span> <span class='ocrx_word' id='word_1_330' title='bbox 1483 2371 1536 2416; x_wconf 85' lang='lat' dir='ltr'><strong>tu</strong></span> <span class='ocrx_word' id='word_1_331' title='bbox 1563 2378 1618 2417; x_wconf 81' lang='lat' dir='ltr'><strong>es</strong></span> <span class='ocrx_word' id='word_1_332' title='bbox 1641 2362 1772 2429; x_wconf 84' lang='lat' dir='ltr'><strong>enim</strong></span> <span class='ocrx_word' id='word_1_333' title='bbox 1805 2358 1941 2414; x_wconf 82' lang='lat' dir='ltr'><strong>Deus</strong></span> <span class='ocrx_word' id='word_1_334' title='bbox 1972 2360 2125 2430; x_wconf 70' lang='lat' dir='ltr'><strong>(Iani.</strong></span> 
     </span>
    </p>
   </div>
   <div class='ocr_carea' id='block_1_40' title="bbox 546 2450 2129 2526">
    <p class='ocr_par' dir='ltr' id='par_1_40' title="bbox 546 2450 2129 2526">
     <span class='ocr_line' id='line_1_40' title="bbox 546 2450 2129 2526; baseline -0.002 -17"><span class='ocrx_word' id='word_1_335' title='bbox 546 2450 666 2520; x_wconf 65' lang='lat' dir='ltr'><strong>xcv;</strong></span> <span class='ocrx_word' id='word_1_336' title='bbox 702 2453 805 2522; x_wconf 67' lang='lat' dir='ltr'><strong>id).</strong></span> <span class='ocrx_word' id='word_1_337' title='bbox 853 2454 1005 2519; x_wconf 85' lang='lat' dir='ltr'><strong>Quod</strong></span> <span class='ocrx_word' id='word_1_338' title='bbox 1038 2468 1105 2508; x_wconf 90' lang='lat' dir='ltr'><strong>ne</strong></span> <span class='ocrx_word' id='word_1_339' title='bbox 1143 2463 1298 2526; x_wconf 80' lang='lat' dir='ltr'><strong>putes</strong></span> <span class='ocrx_word' id='word_1_340' title='bbox 1337 2468 1424 2508; x_wconf 90' lang='lat' dir='ltr'><strong>me</strong></span> <span class='ocrx_word' id='word_1_341' title='bbox 1451 2467 1518 2508; x_wconf 90' lang='lat' dir='ltr'><strong>eo</strong></span> <span class='ocrx_word' id='word_1_342' title='bbox 1558 2451 1847 2519; x_wconf 83' lang='lat' dir='ltr'><strong>supercilio</strong></span> <span class='ocrx_word' id='word_1_343' title='bbox 1886 2451 2129 2518; x_wconf 78' lang='lat' dir='ltr'><strong>dixisse,</strong></span> 
     </span>
    </p>
   </div>
   <div class='ocr_carea' id='block_1_41' title="bbox 546 2545 2129 2615">
    <p class='ocr_par' dir='ltr' id='par_1_41' title="bbox 546 2545 2129 2615">
     <span class='ocr_line' id='line_1_41' title="bbox 546 2545 2129 2615; baseline 0 -17"><span class='ocrx_word' id='word_1_344' title='bbox 546 2559 655 2615; x_wconf 93' lang='lat' dir='ltr'><strong>quo</strong></span> <span class='ocrx_word' id='word_1_345' title='bbox 699 2545 964 2603; x_wconf 86' lang='lat' dir='ltr'><strong>Sabellius</strong></span> <span class='ocrx_word' id='word_1_346' title='bbox 995 2545 1184 2612; x_wconf 79' lang='lat' dir='ltr'><strong>fertur,</strong></span> <span class='ocrx_word' id='word_1_347' title='bbox 1219 2545 1307 2614; x_wconf 85' lang='lat' dir='ltr'><strong>qui</strong></span> <span class='ocrx_word' id='word_1_348' title='bbox 1340 2545 1514 2614; x_wconf 89' lang='lat' dir='ltr'><strong>ipsum</strong></span> <span class='ocrx_word' id='word_1_349' title='bbox 1562 2545 1771 2600; x_wconf 84' lang='lat' dir='ltr'><strong>Patrem</strong></span> <span class='ocrx_word' id='word_1_350' title='bbox 1792 2581 1806 2605; x_wconf 95' lang='lat'><strong>,</strong></span> <span class='ocrx_word' id='word_1_351' title='bbox 1839 2545 2010 2613; x_wconf 88' lang='lat' dir='ltr'><strong>ipsum</strong></span> <span class='ocrx_word' id='word_1_352' title='bbox 2039 2545 2129 2598; x_wconf 86' lang='lat' dir='ltr'><strong>Fi-</strong></span> 
     </span>
    </p>
   </div>
   <div class='ocr_carea' id='block_1_42' title="bbox 548 2635 2132 2706">
    <p class='ocr_par' dir='ltr' id='par_1_42' title="bbox 548 2635 2132 2706">
     <span class='ocr_line' id='line_1_42' title="bbox 548 2635 2132 2706; baseline 0.001 -18"><span class='ocrx_word' id='word_1_353' title='bbox 548 2636 677 2689; x_wconf 82' lang='lat' dir='ltr'><strong>lium</strong></span> <span class='ocrx_word' id='word_1_354' title='bbox 709 2635 1024 2706; x_wconf 83' lang='lat' dir='ltr'><strong>proﬁtetur;</strong></span> <span class='ocrx_word' id='word_1_355' title='bbox 1057 2649 1161 2690; x_wconf 92' lang='lat' dir='ltr'><strong>non</strong></span> <span class='ocrx_word' id='word_1_356' title='bbox 1202 2635 1274 2689; x_wconf 85' lang='lat' dir='ltr'><strong>ita</strong></span> <span class='ocrx_word' id='word_1_357' title='bbox 1305 2649 1402 2690; x_wconf 86' lang='lat' dir='ltr'><strong>nos</strong></span> <span class='ocrx_word' id='word_1_358' title='bbox 1447 2644 1613 2691; x_wconf 90' lang='lat' dir='ltr'><strong>totum</strong></span> <span class='ocrx_word' id='word_1_359' title='bbox 1645 2635 1700 2689; x_wconf 92' lang='lat' dir='ltr'><strong>in</strong></span> <span class='ocrx_word' id='word_1_360' title='bbox 1728 2649 1888 2690; x_wconf 86' lang='lat' dir='ltr'><strong>unam</strong></span> <span class='ocrx_word' id='word_1_361' title='bbox 1915 2643 2132 2690; x_wconf 87' lang='lat' dir='ltr'><strong>senten-</strong></span> 
     </span>
    </p>
   </div>
   <div class='ocr_carea' id='block_1_43' title="bbox 485 2723 2134 2796">
    <p class='ocr_par' dir='ltr' id='par_1_43' title="bbox 485 2723 2134 2796">
     <span class='ocr_line' id='line_1_43' title="bbox 485 2723 2134 2796; baseline 0 -17"><span class='ocrx_word' id='word_1_362' title='bbox 485 2723 491 2734; x_wconf 88' lang='lat'><strong>&#39;</strong></span> <span class='ocrx_word' id='word_1_363' title='bbox 549 2726 678 2780; x_wconf 85' lang='lat' dir='ltr'><strong>tiam</strong></span> <span class='ocrx_word' id='word_1_364' title='bbox 704 2726 963 2796; x_wconf 87' lang='lat' dir='ltr'><strong>cogimus,</strong></span> <span class='ocrx_word' id='word_1_365' title='bbox 997 2734 1054 2782; x_wconf 91' lang='lat' dir='ltr'><strong>ut</strong></span> <span class='ocrx_word' id='word_1_366' title='bbox 1079 2726 1306 2781; x_wconf 89' lang='lat' dir='ltr'><strong>aliorum</strong></span> <span class='ocrx_word' id='word_1_367' title='bbox 1340 2725 1710 2782; x_wconf 66' lang='lat' dir='ltr'><strong>haereticorum</strong></span> <span class='ocrx_word' id='word_1_368' title='bbox 1739 2724 1924 2782; x_wconf 83' lang='lat' dir='ltr'><strong>fraude</strong></span> <span class='ocrx_word' id='word_1_369' title='bbox 1951 2725 2134 2793; x_wconf 84' lang='lat' dir='ltr'><strong>capia-</strong></span> 
     </span>
    </p>
   </div>
   <div class='ocr_carea' id='block_1_44' title="bbox 552 2814 2132 2886">
    <p class='ocr_par' dir='ltr' id='par_1_44' title="bbox 552 2814 2132 2886">
     <span class='ocr_line' id='line_1_44' title="bbox 552 2814 2132 2886; baseline -0.001 -16"><span class='ocrx_word' id='word_1_370' title='bbox 552 2831 694 2872; x_wconf 81' lang='lat' dir='ltr'><strong>mur.</strong></span> <span class='ocrx_word' id='word_1_371' title='bbox 753 2816 860 2871; x_wconf 88' lang='lat' dir='ltr'><strong>Sed</strong></span> <span class='ocrx_word' id='word_1_372' title='bbox 905 2815 1028 2886; x_wconf 86' lang='lat' dir='ltr'><strong>quia</strong></span> <span class='ocrx_word' id='word_1_373' title='bbox 1059 2816 1177 2885; x_wconf 88' lang='lat' dir='ltr'><strong>ipso</strong></span> <span class='ocrx_word' id='word_1_374' title='bbox 1201 2814 1418 2870; x_wconf 87' lang='lat' dir='ltr'><strong>nomine</strong></span> <span class='ocrx_word' id='word_1_375' title='bbox 1468 2829 1816 2885; x_wconf 87' lang='lat' dir='ltr'><strong>personarum</strong></span> <span class='ocrx_word' id='word_1_376' title='bbox 1846 2815 2132 2870; x_wconf 84' lang='lat' dir='ltr'><strong>auctoritas</strong></span> 
     </span>
    </p>
   </div>
   <div class='ocr_carea' id='block_1_45' title="bbox 547 2907 2133 2977">
    <p class='ocr_par' dir='ltr' id='par_1_45' title="bbox 547 2907 2133 2977">
     <span class='ocr_line' id='line_1_45' title="bbox 547 2907 2133 2977; baseline -0.001 -14"><span class='ocrx_word' id='word_1_377' title='bbox 547 2909 834 2966; x_wconf 87' lang='lat' dir='ltr'><strong>indiscreta</strong></span> <span class='ocrx_word' id='word_1_378' title='bbox 859 2909 1220 2977; x_wconf 76' lang='lat' dir='ltr'><strong>cognoscitur,</strong></span> <span class='ocrx_word' id='word_1_379' title='bbox 1245 2917 1299 2964; x_wconf 88' lang='lat' dir='ltr'><strong>et</strong></span> <span class='ocrx_word' id='word_1_380' title='bbox 1325 2908 1494 2964; x_wconf 84' lang='lat' dir='ltr'><strong>Filius</strong></span> <span class='ocrx_word' id='word_1_381' title='bbox 1519 2924 1622 2964; x_wconf 89' lang='lat' dir='ltr'><strong>non</strong></span> <span class='ocrx_word' id='word_1_382' title='bbox 1647 2922 1866 2977; x_wconf 82' lang='lat' dir='ltr'><strong>genere,</strong></span> <span class='ocrx_word' id='word_1_383' title='bbox 1893 2907 1985 2963; x_wconf 90' lang='lat' dir='ltr'><strong>sed</strong></span> <span class='ocrx_word' id='word_1_384' title='bbox 2013 2923 2133 2977; x_wconf 89' lang='lat' dir='ltr'><strong>per-</strong></span> 
     </span>
    </p>
   </div>
   <div class='ocr_carea' id='block_1_46' title="bbox 547 2999 2132 3069">
    <p class='ocr_par' dir='ltr' id='par_1_46' title="bbox 547 2999 2132 3069">
     <span class='ocr_line' id='line_1_46' title="bbox 547 2999 2132 3069; baseline 0 -13"><span class='ocrx_word' id='word_1_385' title='bbox 547 3001 808 3058; x_wconf 86' lang='lat' dir='ltr'><strong>sonaliter</strong></span> <span class='ocrx_word' id='word_1_386' title='bbox 850 3015 880 3056; x_wconf 85' lang='lat' dir='ltr'><strong>a</strong></span> <span class='ocrx_word' id='word_1_387' title='bbox 933 2999 1087 3056; x_wconf 87' lang='lat' dir='ltr'><strong>Patre</strong></span> <span class='ocrx_word' id='word_1_388' title='bbox 1133 2999 1462 3066; x_wconf 87' lang='lat' dir='ltr'><strong>nominatur,</strong></span> <span class='ocrx_word' id='word_1_389' title='bbox 1506 2999 1733 3069; x_wconf 79' lang='lat' dir='ltr'><strong>proinde</strong></span> <span class='ocrx_word' id='word_1_390' title='bbox 1783 3009 1945 3054; x_wconf 86' lang='lat' dir='ltr'><strong>totum</strong></span> <span class='ocrx_word' id='word_1_391' title='bbox 1988 2999 2132 3056; x_wconf 86' lang='lat' dir='ltr'><strong>Patri</strong></span> 
     </span>
    </p>
   </div>
   <div class='ocr_carea' id='block_1_47' title="bbox 547 3088 2133 3160">
    <p class='ocr_par' dir='ltr' id='par_1_47' title="bbox 547 3088 2133 3160">
     <span class='ocr_line' id='line_1_47' title="bbox 547 3088 2133 3160; baseline -0.001 -14"><span class='ocrx_word' id='word_1_392' title='bbox 547 3091 866 3146; x_wconf 86' lang='lat' dir='ltr'><strong>ascribimus</strong></span> <span class='ocrx_word' id='word_1_393' title='bbox 895 3091 1037 3160; x_wconf 85' lang='lat' dir='ltr'><strong>quod</strong></span> <span class='ocrx_word' id='word_1_394' title='bbox 1063 3100 1146 3146; x_wconf 88' lang='lat' dir='ltr'><strong>est</strong></span> <span class='ocrx_word' id='word_1_395' title='bbox 1174 3090 1362 3155; x_wconf 85' lang='lat' dir='ltr'><strong>Filius,</strong></span> <span class='ocrx_word' id='word_1_396' title='bbox 1388 3099 1443 3146; x_wconf 90' lang='lat' dir='ltr'><strong>et</strong></span> <span class='ocrx_word' id='word_1_397' title='bbox 1460 3099 1628 3146; x_wconf 89' lang='lat' dir='ltr'><strong>totum</strong></span> <span class='ocrx_word' id='word_1_398' title='bbox 1652 3090 1789 3146; x_wconf 84' lang='lat' dir='ltr'><strong>Filio</strong></span> <span class='ocrx_word' id='word_1_399' title='bbox 1809 3090 1950 3159; x_wconf 82' lang='lat' dir='ltr'><strong>quod</strong></span> <span class='ocrx_word' id='word_1_400' title='bbox 1974 3088 2133 3144; x_wconf 86' lang='lat' dir='ltr'><strong>Pater</strong></span> 
     </span>
    </p>
   </div>
   <div class='ocr_carea' id='block_1_48' title="bbox 2227 1898 3810 1974">
    <p class='ocr_par' dir='ltr' id='par_1_48' title="bbox 2227 1898 3810 1974">
     <span class='ocr_line' id='line_1_48' title="bbox 2227 1898 3810 1974; baseline 0.01 -22"><span class='ocrx_word' id='word_1_401' title='bbox 2227 1898 2360 1954; x_wconf 88' lang='lat' dir='ltr'><strong>tanti</strong></span> <span class='ocrx_word' id='word_1_402' title='bbox 2387 1901 2707 1956; x_wconf 85' lang='lat' dir='ltr'><strong>sacramenti</strong></span> <span class='ocrx_word' id='word_1_403' title='bbox 2756 1901 3159 1972; x_wconf 77' lang='lat' dir='ltr'><strong>diSpositionem</strong></span> <span class='ocrx_word' id='word_1_404' title='bbox 3197 1917 3526 1974; x_wconf 79' lang='lat' dir='ltr'><strong>agnoscunt,</strong></span> <span class='ocrx_word' id='word_1_405' title='bbox 3556 1921 3605 1962; x_wconf 88' lang='lat' dir='ltr'><strong>ut</strong></span> <span class='ocrx_word' id='word_1_406' title='bbox 3640 1911 3810 1967; x_wconf 87' lang='lat' dir='ltr'><strong>Deunt</strong></span> 
     </span>
    </p>
   </div>
   <div class='ocr_carea' id='block_1_49' title="bbox 2227 1989 3809 2069">
    <p class='ocr_par' dir='ltr' id='par_1_49' title="bbox 2227 1989 3809 2069">
     <span class='ocr_line' id='line_1_49' title="bbox 2227 1989 3809 2069; baseline 0.01 -26"><span class='ocrx_word' id='word_1_407' title='bbox 2227 1989 2475 2045; x_wconf 83' lang='lat' dir='ltr'><strong>humanis</strong></span> <span class='ocrx_word' id='word_1_408' title='bbox 2515 1992 2908 2048; x_wconf 86' lang='lat' dir='ltr'><strong>conditionibus</strong></span> <span class='ocrx_word' id='word_1_409' title='bbox 2935 2005 3266 2064; x_wconf 88' lang='lat' dir='ltr'><strong>comparent.</strong></span> <span class='ocrx_word' id='word_1_410' title='bbox 3301 1999 3509 2063; x_wconf 85' lang='lat' dir='ltr'><strong>Quibus</strong></span> <span class='ocrx_word' id='word_1_411' title='bbox 3536 2003 3711 2069; x_wconf 88' lang='lat' dir='ltr'><strong>primo</strong></span> <span class='ocrx_word' id='word_1_412' title='bbox 3758 2006 3809 2060; x_wconf 92' lang='lat' dir='ltr'><strong>in</strong></span> 
     </span>
    </p>
   </div>
   <div class='ocr_carea' id='block_1_50' title="bbox 2229 2080 3814 2156">
    <p class='ocr_par' dir='ltr' id='par_1_50' title="bbox 2229 2080 3814 2156">
     <span class='ocr_line' id='line_1_50' title="bbox 2229 2080 3814 2156; baseline 0.009 -22"><span class='ocrx_word' id='word_1_413' title='bbox 2229 2080 2349 2135; x_wconf 92' lang='lat' dir='ltr'><strong>Ioco</strong></span> <span class='ocrx_word' id='word_1_414' title='bbox 2375 2081 2802 2156; x_wconf 81' lang='lat' dir='ltr'><strong>respondendum</strong></span> <span class='ocrx_word' id='word_1_415' title='bbox 2830 2092 2934 2149; x_wconf 87' lang='lat' dir='ltr'><strong>est,</strong></span> <span class='ocrx_word' id='word_1_416' title='bbox 2966 2085 3152 2142; x_wconf 87' lang='lat' dir='ltr'><strong>Filium</strong></span> <span class='ocrx_word' id='word_1_417' title='bbox 3186 2087 3278 2142; x_wconf 86' lang='lat' dir='ltr'><strong>Dei</strong></span> <span class='ocrx_word' id='word_1_418' title='bbox 3310 2105 3413 2143; x_wconf 91' lang='lat' dir='ltr'><strong>non</strong></span> <span class='ocrx_word' id='word_1_419' title='bbox 3453 2091 3521 2144; x_wconf 91' lang='lat' dir='ltr'><strong>ita</strong></span> <span class='ocrx_word' id='word_1_420' title='bbox 3550 2092 3724 2148; x_wconf 88' lang='lat' dir='ltr'><strong>visum</strong></span> <span class='ocrx_word' id='word_1_421' title='bbox 3757 2106 3814 2148; x_wconf 91' lang='lat' dir='ltr'><strong>ut</strong></span> 
     </span>
    </p>
   </div>
   <div class='ocr_carea' id='block_1_51' title="bbox 2230 2171 3814 2246">
    <p class='ocr_par' dir='ltr' id='par_1_51' title="bbox 2230 2171 3814 2246">
     <span class='ocr_line' id='line_1_51' title="bbox 2230 2171 3814 2246; baseline 0.011 -22"><span class='ocrx_word' id='word_1_422' title='bbox 2230 2171 2371 2226; x_wconf 89' lang='lat' dir='ltr'><strong>Deus</strong></span> <span class='ocrx_word' id='word_1_423' title='bbox 2391 2183 2524 2238; x_wconf 85' lang='lat' dir='ltr'><strong>erat,</strong></span> <span class='ocrx_word' id='word_1_424' title='bbox 2549 2172 2641 2230; x_wconf 90' lang='lat' dir='ltr'><strong>sed</strong></span> <span class='ocrx_word' id='word_1_425' title='bbox 2663 2182 2722 2228; x_wconf 91' lang='lat' dir='ltr'><strong>ut</strong></span> <span class='ocrx_word' id='word_1_426' title='bbox 2743 2173 2902 2228; x_wconf 90' lang='lat' dir='ltr'><strong>homo</strong></span> <span class='ocrx_word' id='word_1_427' title='bbox 2921 2190 3113 2244; x_wconf 86' lang='lat' dir='ltr'><strong>capere</strong></span> <span class='ocrx_word' id='word_1_428' title='bbox 3135 2188 3342 2246; x_wconf 89' lang='lat' dir='ltr'><strong>poterat</strong></span> <span class='ocrx_word' id='word_1_429' title='bbox 3361 2179 3427 2235; x_wconf 89' lang='lat' dir='ltr'><strong>de</strong></span> <span class='ocrx_word' id='word_1_430' title='bbox 3451 2182 3581 2237; x_wconf 88' lang='lat' dir='ltr'><strong>Deo.</strong></span> <span class='ocrx_word' id='word_1_431' title='bbox 3608 2185 3814 2242; x_wconf 85' lang='lat' dir='ltr'><strong>Deinde</strong></span> 
     </span>
    </p>
   </div>
   <div class='ocr_carea' id='block_1_52' title="bbox 2229 2262 3815 2348">
    <p class='ocr_par' dir='ltr' id='par_1_52' title="bbox 2229 2262 3815 2348">
     <span class='ocr_line' id='line_1_52' title="bbox 2229 2262 3815 2348; baseline 0.008 -30"><span class='ocrx_word' id='word_1_432' title='bbox 2229 2262 2391 2318; x_wconf 89' lang='lat' dir='ltr'><strong>variis</strong></span> <span class='ocrx_word' id='word_1_433' title='bbox 2420 2262 2602 2332; x_wconf 88' lang='lat' dir='ltr'><strong>ﬁguris</strong></span> <span class='ocrx_word' id='word_1_434' title='bbox 2629 2279 2733 2319; x_wconf 91' lang='lat' dir='ltr'><strong>non</strong></span> <span class='ocrx_word' id='word_1_435' title='bbox 2763 2266 3070 2321; x_wconf 87' lang='lat' dir='ltr'><strong>mutabilem</strong></span> <span class='ocrx_word' id='word_1_436' title='bbox 3105 2277 3158 2348; x_wconf 76' lang='lat' dir='ltr'><strong>et</strong></span> <span class='ocrx_word' id='word_1_437' title='bbox 3183 2272 3590 2328; x_wconf 86' lang='lat' dir='ltr'><strong>convertibilcm</strong></span> <span class='ocrx_word' id='word_1_438' title='bbox 3634 2275 3815 2345; x_wconf 80' lang='lat' dir='ltr'><strong>ipsum</strong></span> 
     </span>
    </p>
   </div>
   <div class='ocr_carea' id='block_1_53' title="bbox 2226 2352 3817 2436">
    <p class='ocr_par' dir='ltr' id='par_1_53' title="bbox 2226 2352 3817 2436">
     <span class='ocr_line' id='line_1_53' title="bbox 2226 2352 3817 2436; baseline 0.011 -29"><span class='ocrx_word' id='word_1_439' title='bbox 2226 2367 2372 2419; x_wconf 89' lang='lat' dir='ltr'><strong>esse,</strong></span> <span class='ocrx_word' id='word_1_440' title='bbox 2386 2352 2479 2407; x_wconf 91' lang='lat' dir='ltr'><strong>sed</strong></span> <span class='ocrx_word' id='word_1_441' title='bbox 2502 2354 2599 2408; x_wconf 89' lang='lat' dir='ltr'><strong>hoc</strong></span> <span class='ocrx_word' id='word_1_442' title='bbox 2615 2369 2733 2410; x_wconf 90' lang='lat' dir='ltr'><strong>esse</strong></span> <span class='ocrx_word' id='word_1_443' title='bbox 2747 2356 2996 2423; x_wconf 70' lang='lat' dir='ltr'><strong>potentia:</strong></span> <span class='ocrx_word' id='word_1_444' title='bbox 3011 2357 3122 2422; x_wconf 86' lang='lat' dir='ltr'><strong>Dei,</strong></span> <span class='ocrx_word' id='word_1_445' title='bbox 3140 2369 3194 2414; x_wconf 88' lang='lat' dir='ltr'><strong>ut</strong></span> <span class='ocrx_word' id='word_1_446' title='bbox 3209 2375 3327 2415; x_wconf 90' lang='lat' dir='ltr'><strong>cum</strong></span> <span class='ocrx_word' id='word_1_447' title='bbox 3341 2377 3400 2417; x_wconf 90' lang='lat' dir='ltr'><strong>se</strong></span> <span class='ocrx_word' id='word_1_448' title='bbox 3415 2365 3644 2434; x_wconf 74' lang='lat' dir='ltr'><strong>singulis</strong></span> <span class='ocrx_word' id='word_1_449' title='bbox 3659 2379 3817 2436; x_wconf 82' lang='lat' dir='ltr'><strong>prout</strong></span> 
     </span>
    </p>
   </div>
   <div class='ocr_carea' id='block_1_54' title="bbox 2229 2443 3814 2520">
    <p class='ocr_par' dir='ltr' id='par_1_54' title="bbox 2229 2443 3814 2520">
     <span class='ocr_line' id='line_1_54' title="bbox 2229 2443 3814 2520; baseline 0.008 -22"><span class='ocrx_word' id='word_1_450' title='bbox 2229 2443 2364 2509; x_wconf 89' lang='lat' dir='ltr'><strong>vult,</strong></span> <span class='ocrx_word' id='word_1_451' title='bbox 2395 2443 2634 2499; x_wconf 84' lang='lat' dir='ltr'><strong>revelare</strong></span> <span class='ocrx_word' id='word_1_452' title='bbox 2653 2447 2921 2518; x_wconf 85' lang='lat' dir='ltr'><strong>dignatur,</strong></span> <span class='ocrx_word' id='word_1_453' title='bbox 2952 2449 3397 2520; x_wconf 59' lang='lat' dir='ltr'><strong>habitumiuntet,</strong></span> <span class='ocrx_word' id='word_1_454' title='bbox 3426 2469 3530 2510; x_wconf 87' lang='lat' dir='ltr'><strong>non</strong></span> <span class='ocrx_word' id='word_1_455' title='bbox 3560 2457 3814 2514; x_wconf 83' lang='lat' dir='ltr'><strong>substan-</strong></span> 
     </span>
    </p>
   </div>
   <div class='ocr_carea' id='block_1_55' title="bbox 2229 2533 3816 2613">
    <p class='ocr_par' dir='ltr' id='par_1_55' title="bbox 2229 2533 3816 2613">
     <span class='ocr_line' id='line_1_55' title="bbox 2229 2533 3816 2613; baseline 0.011 -27"><span class='ocrx_word' id='word_1_456' title='bbox 2229 2533 2360 2588; x_wconf 86' lang='lat' dir='ltr'><strong>tiam</strong></span> <span class='ocrx_word' id='word_1_457' title='bbox 2389 2544 2590 2601; x_wconf 87' lang='lat' dir='ltr'><strong>vertat;</strong></span> <span class='ocrx_word' id='word_1_458' title='bbox 2625 2551 2721 2592; x_wconf 91' lang='lat' dir='ltr'><strong>nce</strong></span> <span class='ocrx_word' id='word_1_459' title='bbox 2761 2539 3138 2607; x_wconf 86' lang='lat' dir='ltr'><strong>proprietatem</strong></span> <span class='ocrx_word' id='word_1_460' title='bbox 3167 2543 3287 2610; x_wconf 89' lang='lat' dir='ltr'><strong>qnal</strong></span> <span class='ocrx_word' id='word_1_461' title='bbox 3312 2544 3436 2598; x_wconf 88' lang='lat' dir='ltr'><strong>tatis</strong></span> <span class='ocrx_word' id='word_1_462' title='bbox 3457 2547 3689 2613; x_wconf 77' lang='lat' dir='ltr'><strong>amittat,</strong></span> <span class='ocrx_word' id='word_1_463' title='bbox 3716 2551 3816 2606; x_wconf 84' lang='lat' dir='ltr'><strong>sed</strong></span> 
     </span>
    </p>
   </div>
   <div class='ocr_carea' id='block_1_56' title="bbox 2227 2624 3820 2706">
    <p class='ocr_par' dir='ltr' id='par_1_56' title="bbox 2227 2624 3820 2706">
     <span class='ocr_line' id='line_1_56' title="bbox 2227 2624 3820 2706; baseline 0.012 -29"><span class='ocrx_word' id='word_1_464' title='bbox 2227 2624 2376 2693; x_wconf 79' lang='lat' dir='ltr'><strong>juxta</strong></span> <span class='ocrx_word' id='word_1_465' title='bbox 2408 2626 2654 2682; x_wconf 89' lang='lat' dir='ltr'><strong>meritum</strong></span> <span class='ocrx_word' id='word_1_466' title='bbox 2687 2627 2948 2695; x_wconf 85' lang='lat' dir='ltr'><strong>videntis,</strong></span> <span class='ocrx_word' id='word_1_467' title='bbox 2993 2639 3472 2702; x_wconf 81' lang='lat' dir='ltr'><strong>temperamentum</strong></span> <span class='ocrx_word' id='word_1_468' title='bbox 3515 2638 3820 2706; x_wconf 74' lang='lat' dir='ltr'><strong>maiestatis</strong></span> 
     </span>
    </p>
   </div>
   <div class='ocr_carea' id='block_1_57' title="bbox 2231 2718 3820 2798">
    <p class='ocr_par' dir='ltr' id='par_1_57' title="bbox 2231 2718 3820 2798">
     <span class='ocr_line' id='line_1_57' title="bbox 2231 2718 3820 2798; baseline 0.008 -26"><span class='ocrx_word' id='word_1_469' title='bbox 2231 2718 2518 2783; x_wconf 84' lang='lat' dir='ltr'><strong>adhibeat;</strong></span> <span class='ocrx_word' id='word_1_470' title='bbox 2552 2720 2664 2788; x_wconf 91' lang='lat' dir='ltr'><strong>ipse</strong></span> <span class='ocrx_word' id='word_1_471' title='bbox 2693 2729 2867 2778; x_wconf 88' lang='lat' dir='ltr'><strong>tamen</strong></span> <span class='ocrx_word' id='word_1_472' title='bbox 2897 2723 3070 2784; x_wconf 87' lang='lat' dir='ltr'><strong>idem.</strong></span> <span class='ocrx_word' id='word_1_473' title='bbox 3104 2733 3161 2778; x_wconf 91' lang='lat' dir='ltr'><strong>ut</strong></span> <span class='ocrx_word' id='word_1_474' title='bbox 3190 2738 3404 2798; x_wconf 86' lang='lat' dir='ltr'><strong>semper</strong></span> <span class='ocrx_word' id='word_1_475' title='bbox 3445 2739 3559 2794; x_wconf 87' lang='lat' dir='ltr'><strong>est;</strong></span> <span class='ocrx_word' id='word_1_476' title='bbox 3600 2732 3654 2787; x_wconf 90' lang='lat' dir='ltr'><strong>in</strong></span> <span class='ocrx_word' id='word_1_477' title='bbox 3685 2734 3820 2788; x_wconf 81' lang='lat' dir='ltr'><strong>sub-</strong></span> 
     </span>
    </p>
   </div>
   <div class='ocr_carea' id='block_1_58' title="bbox 2231 2811 3822 2894">
    <p class='ocr_par' dir='ltr' id='par_1_58' title="bbox 2231 2811 3822 2894">
     <span class='ocr_line' id='line_1_58' title="bbox 2231 2811 3822 2894; baseline 0.01 -28"><span class='ocrx_word' id='word_1_478' title='bbox 2231 2811 2440 2867; x_wconf 78' lang='lat' dir='ltr'><strong>stantiae</strong></span> <span class='ocrx_word' id='word_1_479' title='bbox 2471 2826 2583 2866; x_wconf 71' lang='lat' dir='ltr'><strong>sua:</strong></span> <span class='ocrx_word' id='word_1_480' title='bbox 2623 2812 2945 2882; x_wconf 87' lang='lat' dir='ltr'><strong>proprietate</strong></span> <span class='ocrx_word' id='word_1_481' title='bbox 2983 2828 3314 2889; x_wconf 81' lang='lat' dir='ltr'><strong>permaneat.</strong></span> <span class='ocrx_word' id='word_1_482' title='bbox 3363 2821 3512 2878; x_wconf 79' lang='lat' dir='ltr'><strong>Sicut</strong></span> <span class='ocrx_word' id='word_1_483' title='bbox 3555 2826 3822 2894; x_wconf 88' lang='lat' dir='ltr'><strong>scriptum</strong></span> 
     </span>
    </p>
   </div>
   <div class='ocr_carea' id='block_1_59' title="bbox 2232 2901 3823 2988">
    <p class='ocr_par' dir='ltr' id='par_1_59' title="bbox 2232 2901 3823 2988">
     <span class='ocr_line' id='line_1_59' title="bbox 2232 2901 3823 2988; baseline 0.011 -32"><span class='ocrx_word' id='word_1_484' title='bbox 2232 2911 2314 2958; x_wconf 89' lang='lat' dir='ltr'><strong>est</strong></span> <span class='ocrx_word' id='word_1_485' title='bbox 2345 2918 2357 2954; x_wconf 93' lang='lat'><strong>:</strong></span> <span class='ocrx_word' id='word_1_486' title='bbox 2393 2901 2618 2958; x_wconf 73' lang='lat' dir='ltr'><strong>Mutabis</strong></span> <span class='ocrx_word' id='word_1_487' title='bbox 2647 2919 2730 2958; x_wconf 86' lang='lat' dir='ltr'><strong>cos</strong></span> <span class='ocrx_word' id='word_1_488' title='bbox 2771 2915 2821 2960; x_wconf 84' lang='lat' dir='ltr'><strong>et</strong></span> <span class='ocrx_word' id='word_1_489' title='bbox 2858 2907 3206 2975; x_wconf 81' lang='lat' dir='ltr'><strong>mutabuntur,</strong></span> <span class='ocrx_word' id='word_1_490' title='bbox 3237 2920 3289 2964; x_wconf 88' lang='lat' dir='ltr'><strong>tu</strong></span> <span class='ocrx_word' id='word_1_491' title='bbox 3329 2923 3500 2966; x_wconf 84' lang='lat' dir='ltr'><strong>autem</strong></span> <span class='ocrx_word' id='word_1_492' title='bbox 3539 2916 3674 2969; x_wconf 83' lang='lat' dir='ltr'><strong>idem</strong></span> <span class='ocrx_word' id='word_1_493' title='bbox 3712 2919 3823 2988; x_wconf 72' lang='lat' dir='ltr'><strong>ipse</strong></span> 
     </span>
    </p>
   </div>
   <div class='ocr_carea' id='block_1_60' title="bbox 2231 2995 3824 3073">
    <p class='ocr_par' dir='ltr' id='par_1_60' title="bbox 2231 2995 3824 3073">
     <span class='ocr_line' id='line_1_60' title="bbox 2231 2995 3824 3073; baseline 0.01 -25"><span class='ocrx_word' id='word_1_494' title='bbox 2231 3008 2320 3058; x_wconf 76' lang='lat' dir='ltr'><strong>es,</strong></span> <span class='ocrx_word' id='word_1_495' title='bbox 2351 3001 2398 3047; x_wconf 87' lang='lat' dir='ltr'><strong>et</strong></span> <span class='ocrx_word' id='word_1_496' title='bbox 2423 2995 2545 3049; x_wconf 85' lang='lat' dir='ltr'><strong>anni</strong></span> <span class='ocrx_word' id='word_1_497' title='bbox 2569 2996 2643 3050; x_wconf 84' lang='lat' dir='ltr'><strong>tui</strong></span> <span class='ocrx_word' id='word_1_498' title='bbox 2673 3012 2774 3050; x_wconf 85' lang='lat' dir='ltr'><strong>non</strong></span> <span class='ocrx_word' id='word_1_499' title='bbox 2813 2997 3045 3063; x_wconf 76' lang='lat' dir='ltr'><strong>deﬁcient</strong></span> <span class='ocrx_word' id='word_1_500' title='bbox 3079 2997 3248 3068; x_wconf 78' lang='lat' dir='ltr'><strong>(Psal.</strong></span> <span class='ocrx_word' id='word_1_501' title='bbox 3279 3016 3358 3069; x_wconf 84' lang='lat' dir='ltr'><strong>Cl,</strong></span> <span class='ocrx_word' id='word_1_502' title='bbox 3389 3003 3504 3073; x_wconf 76' lang='lat'><strong>28).</strong></span> <span class='ocrx_word' id='word_1_503' title='bbox 3551 3005 3688 3062; x_wconf 80' lang='lat' dir='ltr'><strong>Nam</strong></span> <span class='ocrx_word' id='word_1_504' title='bbox 3715 3011 3824 3064; x_wconf 83' lang='lat' dir='ltr'><strong>etsi</strong></span> 
     </span>
    </p>
   </div>
   <div class='ocr_carea' id='block_1_61' title="bbox 2236 3084 3826 3168">
    <p class='ocr_par' dir='ltr' id='par_1_61' title="bbox 2236 3084 3826 3168">
     <span class='ocr_line' id='line_1_61' title="bbox 2236 3084 3826 3168; baseline 0.012 -31"><span class='ocrx_word' id='word_1_505' title='bbox 2236 3084 2400 3138; x_wconf 85' lang='lat' dir='ltr'><strong>multa</strong></span> <span class='ocrx_word' id='word_1_506' title='bbox 2429 3095 2554 3142; x_wconf 92' lang='lat' dir='ltr'><strong>sunt</strong></span> <span class='ocrx_word' id='word_1_507' title='bbox 2577 3101 2644 3142; x_wconf 77' lang='lat' dir='ltr'><strong>ex</strong></span> <span class='ocrx_word' id='word_1_508' title='bbox 2675 3085 2758 3142; x_wconf 87' lang='lat' dir='ltr'><strong>bis</strong></span> <span class='ocrx_word' id='word_1_509' title='bbox 2787 3103 2904 3156; x_wconf 69' lang='lat' dir='ltr'><strong>qum</strong></span> <span class='ocrx_word' id='word_1_510' title='bbox 2943 3089 2997 3144; x_wconf 85' lang='lat' dir='ltr'><strong>in</strong></span> <span class='ocrx_word' id='word_1_511' title='bbox 3024 3091 3127 3145; x_wconf 92' lang='lat' dir='ltr'><strong>hoc</strong></span> <span class='ocrx_word' id='word_1_512' title='bbox 3155 3092 3354 3146; x_wconf 88' lang='lat' dir='ltr'><strong>mundo</strong></span> <span class='ocrx_word' id='word_1_513' title='bbox 3396 3095 3668 3163; x_wconf 87' lang='lat' dir='ltr'><strong>videntur,</strong></span> <span class='ocrx_word' id='word_1_514' title='bbox 3697 3115 3826 3168; x_wconf 73' lang='lat' dir='ltr'><strong>qua}</strong></span> 
     </span>
    </p>
   </div>
   <div class='ocr_carea' id='block_1_62' title="bbox 545 3175 3824 3258">
    <p class='ocr_par' dir='ltr' id='par_1_62' title="bbox 545 3175 3824 3258">
     <span class='ocr_line' id='line_1_62' title="bbox 545 3175 3824 3258; baseline 0 -20"><span class='ocrx_word' id='word_1_515' title='bbox 545 3191 649 3238; x_wconf 83' lang='lat' dir='ltr'><strong>ost.</strong></span> <span class='ocrx_word' id='word_1_516' title='bbox 673 3182 813 3237; x_wconf 83' lang='lat' dir='ltr'><strong>Nihil</strong></span> <span class='ocrx_word' id='word_1_517' title='bbox 837 3198 942 3237; x_wconf 85' lang='lat' dir='ltr'><strong>non</strong></span> <span class='ocrx_word' id='word_1_518' title='bbox 965 3181 1227 3238; x_wconf 86' lang='lat' dir='ltr'><strong>videbitur</strong></span> <span class='ocrx_word' id='word_1_519' title='bbox 1253 3181 1446 3246; x_wconf 85' lang='lat' dir='ltr'><strong>Patris,</strong></span> <span class='ocrx_word' id='word_1_520' title='bbox 1469 3181 1608 3250; x_wconf 85' lang='lat' dir='ltr'><strong>quod</strong></span> <span class='ocrx_word' id='word_1_521' title='bbox 1629 3181 1952 3251; x_wconf 75' lang='lat' dir='ltr'><strong>iudicabitur</strong></span> <span class='ocrx_word' id='word_1_522' title='bbox 1976 3180 2128 3246; x_wconf 83' lang='lat' dir='ltr'><strong>Filii;</strong></span> <span class='ocrx_word' id='word_1_523' title='bbox 2156 3175 2203 3235; x_wconf 86' lang='lat' dir='ltr'><strong><em>C</em></strong></span> <span class='ocrx_word' id='word_1_524' title='bbox 2234 3189 2300 3230; x_wconf 83' lang='lat' dir='ltr'><strong>ex</strong></span> <span class='ocrx_word' id='word_1_525' title='bbox 2329 3177 2435 3230; x_wconf 88' lang='lat' dir='ltr'><strong>alio</strong></span> <span class='ocrx_word' id='word_1_526' title='bbox 2464 3187 2845 3232; x_wconf 88' lang='lat' dir='ltr'><strong>convertuntur</strong></span> <span class='ocrx_word' id='word_1_527' title='bbox 2873 3178 2928 3234; x_wconf 90' lang='lat' dir='ltr'><strong>in</strong></span> <span class='ocrx_word' id='word_1_528' title='bbox 2955 3181 3096 3235; x_wconf 89' lang='lat' dir='ltr'><strong>aliud</strong></span> <span class='ocrx_word' id='word_1_529' title='bbox 3119 3223 3134 3248; x_wconf 91' lang='lat'><strong>,</strong></span> <span class='ocrx_word' id='word_1_530' title='bbox 3168 3193 3224 3237; x_wconf 93' lang='lat' dir='ltr'><strong>ut</strong></span> <span class='ocrx_word' id='word_1_531' title='bbox 3252 3183 3497 3240; x_wconf 87' lang='lat' dir='ltr'><strong>desinant</strong></span> <span class='ocrx_word' id='word_1_532' title='bbox 3524 3201 3648 3245; x_wconf 64' lang='lat' dir='ltr'><strong>esse</strong></span> <span class='ocrx_word' id='word_1_533' title='bbox 3677 3193 3824 3258; x_wconf 82' lang='lat' dir='ltr'><strong>quod</strong></span> 
     </span>
    </p>
   </div>
   <div class='ocr_carea' id='block_1_63' title="bbox 547 3268 2130 3340">
    <p class='ocr_par' dir='ltr' id='par_1_63' title="bbox 547 3268 2130 3340">
     <span class='ocr_line' id='line_1_63' title="bbox 547 3268 2130 3340; baseline -0.001 -14"><span class='ocrx_word' id='word_1_534' title='bbox 547 3286 648 3326; x_wconf 89' lang='lat' dir='ltr'><strong>nec</strong></span> <span class='ocrx_word' id='word_1_535' title='bbox 680 3269 836 3334; x_wconf 83' lang='lat' dir='ltr'><strong>Filii,</strong></span> <span class='ocrx_word' id='word_1_536' title='bbox 867 3269 1006 3340; x_wconf 85' lang='lat' dir='ltr'><strong>quod</strong></span> <span class='ocrx_word' id='word_1_537' title='bbox 1055 3268 1362 3326; x_wconf 79' lang='lat' dir='ltr'><strong>defenditur</strong></span> <span class='ocrx_word' id='word_1_538' title='bbox 1402 3269 1612 3326; x_wconf 85' lang='lat' dir='ltr'><strong>Patris:</strong></span> <span class='ocrx_word' id='word_1_539' title='bbox 1645 3270 1769 3340; x_wconf 88' lang='lat' dir='ltr'><strong>quia</strong></span> <span class='ocrx_word' id='word_1_540' title='bbox 1801 3269 1976 3325; x_wconf 88' lang='lat' dir='ltr'><strong>unitas</strong></span> <span class='ocrx_word' id='word_1_541' title='bbox 2019 3285 2130 3325; x_wconf 86' lang='lat' dir='ltr'><strong>ma-</strong></span> 
     </span>
    </p>
   </div>
   <div class='ocr_carea' id='block_1_64' title="bbox 548 3358 2128 3431">
    <p class='ocr_par' dir='ltr' id='par_1_64' title="bbox 548 3358 2128 3431">
     <span class='ocr_line' id='line_1_64' title="bbox 548 3358 2128 3431; baseline 0.001 -16"><span class='ocrx_word' id='word_1_542' title='bbox 548 3361 760 3431; x_wconf 83' lang='lat' dir='ltr'><strong>iestatis</strong></span> <span class='ocrx_word' id='word_1_543' title='bbox 800 3374 906 3414; x_wconf 85' lang='lat' dir='ltr'><strong>non</strong></span> <span class='ocrx_word' id='word_1_544' title='bbox 951 3359 1078 3415; x_wconf 89' lang='lat' dir='ltr'><strong>sinit</strong></span> <span class='ocrx_word' id='word_1_545' title='bbox 1121 3358 1254 3414; x_wconf 79' lang='lat' dir='ltr'><strong>deos</strong></span> <span class='ocrx_word' id='word_1_546' title='bbox 1298 3358 1489 3429; x_wconf 86' lang='lat' dir='ltr'><strong>plurali</strong></span> <span class='ocrx_word' id='word_1_547' title='bbox 1529 3358 1788 3415; x_wconf 84' lang='lat' dir='ltr'><strong>vocabulo</strong></span> <span class='ocrx_word' id='word_1_548' title='bbox 1833 3359 2128 3430; x_wconf 86' lang='lat' dir='ltr'><strong>appellari:</strong></span> 
     </span>
    </p>
   </div>
   <div class='ocr_carea' id='block_1_65' title="bbox 549 3447 2132 3520">
    <p class='ocr_par' dir='ltr' id='par_1_65' title="bbox 549 3447 2132 3520">
     <span class='ocr_line' id='line_1_65' title="bbox 549 3447 2132 3520; baseline 0.001 -17"><span class='ocrx_word' id='word_1_549' title='bbox 549 3451 748 3520; x_wconf 87' lang='lat' dir='ltr'><strong>quippe</strong></span> <span class='ocrx_word' id='word_1_550' title='bbox 775 3462 897 3504; x_wconf 83' lang='lat' dir='ltr'><strong>cum</strong></span> <span class='ocrx_word' id='word_1_551' title='bbox 925 3456 1136 3506; x_wconf 84' lang='lat' dir='ltr'><strong>constet</strong></span> <span class='ocrx_word' id='word_1_552' title='bbox 1164 3447 1373 3504; x_wconf 82' lang='lat' dir='ltr'><strong>Patrem</strong></span> <span class='ocrx_word' id='word_1_553' title='bbox 1396 3456 1451 3504; x_wconf 88' lang='lat' dir='ltr'><strong>et</strong></span> <span class='ocrx_word' id='word_1_554' title='bbox 1472 3448 1663 3504; x_wconf 88' lang='lat' dir='ltr'><strong>Filium</strong></span> <span class='ocrx_word' id='word_1_555' title='bbox 1691 3450 1847 3506; x_wconf 92' lang='lat' dir='ltr'><strong>unius</strong></span> <span class='ocrx_word' id='word_1_556' title='bbox 1866 3464 1986 3506; x_wconf 82' lang='lat' dir='ltr'><strong>esse</strong></span> <span class='ocrx_word' id='word_1_557' title='bbox 2007 3451 2132 3504; x_wconf 87' lang='lat' dir='ltr'><strong>sub-</strong></span> 
     </span>
    </p>
   </div>
   <div class='ocr_carea' id='block_1_66' title="bbox 548 3539 2130 3609">
    <p class='ocr_par' dir='ltr' id='par_1_66' title="bbox 548 3539 2130 3609">
     <span class='ocr_line' id='line_1_66' title="bbox 548 3539 2130 3609; baseline -0.001 -14"><span class='ocrx_word' id='word_1_558' title='bbox 548 3540 790 3606; x_wconf 64' lang='lat' dir='ltr'><strong>stantia;</strong></span> <span class='ocrx_word' id='word_1_559' title='bbox 837 3539 978 3595; x_wconf 88' lang='lat' dir='ltr'><strong>unde</strong></span> <span class='ocrx_word' id='word_1_560' title='bbox 1023 3547 1251 3609; x_wconf 88' lang='lat' dir='ltr'><strong>uterque</strong></span> <span class='ocrx_word' id='word_1_561' title='bbox 1294 3554 1430 3596; x_wconf 87' lang='lat' dir='ltr'><strong>unus</strong></span> <span class='ocrx_word' id='word_1_562' title='bbox 1472 3539 1612 3596; x_wconf 80' lang='lat' dir='ltr'><strong>Deus</strong></span> <span class='ocrx_word' id='word_1_563' title='bbox 1645 3548 1729 3596; x_wconf 90' lang='lat' dir='ltr'><strong>est</strong></span> <span class='ocrx_word' id='word_1_564' title='bbox 1769 3539 1966 3595; x_wconf 92' lang='lat' dir='ltr'><strong>dictus.</strong></span> <span class='ocrx_word' id='word_1_565' title='bbox 1999 3539 2130 3594; x_wconf 90' lang='lat' dir='ltr'><strong>lllud</strong></span> 
     </span>
    </p>
   </div>
   <div class='ocr_carea' id='block_1_67' title="bbox 549 3630 2130 3696">
    <p class='ocr_par' dir='ltr' id='par_1_67' title="bbox 549 3630 2130 3696">
     <span class='ocr_line' id='line_1_67' title="bbox 549 3630 2130 3696; baseline 0.002 -14"><span class='ocrx_word' id='word_1_566' title='bbox 549 3637 674 3685; x_wconf 86' lang='lat' dir='ltr'><strong>ante</strong></span> <span class='ocrx_word' id='word_1_567' title='bbox 717 3639 910 3685; x_wconf 82' lang='lat' dir='ltr'><strong>cuncta</strong></span> <span class='ocrx_word' id='word_1_568' title='bbox 943 3637 1268 3696; x_wconf 79' lang='lat' dir='ltr'><strong>metuentes,</strong></span> <span class='ocrx_word' id='word_1_569' title='bbox 1319 3643 1386 3686; x_wconf 88' lang='lat' dir='ltr'><strong>ne</strong></span> <span class='ocrx_word' id='word_1_570' title='bbox 1429 3630 1476 3684; x_wconf 88' lang='lat' dir='ltr'><strong>si</strong></span> <span class='ocrx_word' id='word_1_571' title='bbox 1512 3630 1671 3685; x_wconf 86' lang='lat' dir='ltr'><strong>Pater</strong></span> <span class='ocrx_word' id='word_1_572' title='bbox 1697 3639 1752 3686; x_wconf 87' lang='lat' dir='ltr'><strong>et</strong></span> <span class='ocrx_word' id='word_1_573' title='bbox 1778 3631 1941 3686; x_wconf 85' lang='lat' dir='ltr'><strong>Filius</strong></span> <span class='ocrx_word' id='word_1_574' title='bbox 1969 3647 2130 3685; x_wconf 91' lang='lat' dir='ltr'><strong>unum</strong></span> 
     </span>
    </p>
   </div>
   <div class='ocr_carea' id='block_1_68' title="bbox 553 3717 2132 3791">
    <p class='ocr_par' dir='ltr' id='par_1_68' title="bbox 553 3717 2132 3791">
     <span class='ocr_line' id='line_1_68' title="bbox 553 3717 2132 3791; baseline 0.001 -17"><span class='ocrx_word' id='word_1_575' title='bbox 553 3733 661 3775; x_wconf 83' lang='lat' dir='ltr'><strong>non</strong></span> <span class='ocrx_word' id='word_1_576' title='bbox 691 3720 832 3786; x_wconf 84' lang='lat' dir='ltr'><strong>sit;</strong></span> <span class='ocrx_word' id='word_1_577' title='bbox 880 3720 931 3774; x_wconf 89' lang='lat' dir='ltr'><strong>in</strong></span> <span class='ocrx_word' id='word_1_578' title='bbox 963 3717 1216 3776; x_wconf 82' lang='lat' dir='ltr'><strong>invidiam</strong></span> <span class='ocrx_word' id='word_1_579' title='bbox 1247 3726 1487 3775; x_wconf 83' lang='lat' dir='ltr'><strong>recurrat</strong></span> <span class='ocrx_word' id='word_1_580' title='bbox 1515 3721 1768 3791; x_wconf 90' lang='lat' dir='ltr'><strong>auctoris,</strong></span> <span class='ocrx_word' id='word_1_581' title='bbox 1814 3719 2132 3790; x_wconf 83' lang='lat' dir='ltr'><strong>interpolata</strong></span> 
     </span>
    </p>
   </div>
   <div class='ocr_carea' id='block_1_69' title="bbox 549 3811 2134 3884">
    <p class='ocr_par' dir='ltr' id='par_1_69' title="bbox 549 3811 2134 3884">
     <span class='ocr_line' id='line_1_69' title="bbox 549 3811 2134 3884; baseline 0.003 -18"><span class='ocrx_word' id='word_1_582' title='bbox 549 3812 818 3868; x_wconf 81' lang='lat' dir='ltr'><strong>nativitas.</strong></span> <span class='ocrx_word' id='word_1_583' title='bbox 854 3811 964 3866; x_wconf 88' lang='lat' dir='ltr'><strong>Hoc</strong></span> <span class='ocrx_word' id='word_1_584' title='bbox 1006 3811 1152 3867; x_wconf 86' lang='lat' dir='ltr'><strong>enim</strong></span> <span class='ocrx_word' id='word_1_585' title='bbox 1182 3811 1380 3878; x_wconf 76' lang='lat' dir='ltr'><strong>placuit</strong></span> <span class='ocrx_word' id='word_1_586' title='bbox 1428 3811 1731 3884; x_wconf 66' lang='lat' dir='ltr'><strong>haereticis,</strong></span> <span class='ocrx_word' id='word_1_587' title='bbox 1775 3824 1832 3869; x_wconf 89' lang='lat' dir='ltr'><strong>ut</strong></span> <span class='ocrx_word' id='word_1_588' title='bbox 1862 3814 2000 3870; x_wconf 89' lang='lat' dir='ltr'><strong>Deus</strong></span> <span class='ocrx_word' id='word_1_589' title='bbox 2045 3815 2134 3870; x_wconf 91' lang='lat' dir='ltr'><strong>ille</strong></span> 
     </span>
    </p>
   </div>
   <div class='ocr_carea' id='block_1_70' title="bbox 551 3901 2131 3974">
    <p class='ocr_par' dir='ltr' id='par_1_70' title="bbox 551 3901 2131 3974">
     <span class='ocr_line' id='line_1_70' title="bbox 551 3901 2131 3974; baseline 0.004 -18"><span class='ocrx_word' id='word_1_590' title='bbox 551 3905 924 3972; x_wconf 83' lang='lat' dir='ltr'><strong>omnipotens,</strong></span> <span class='ocrx_word' id='word_1_591' title='bbox 987 3901 1302 3968; x_wconf 78' lang='lat' dir='ltr'><strong>invisibilis,</strong></span> <span class='ocrx_word' id='word_1_592' title='bbox 1346 3901 1640 3960; x_wconf 85' lang='lat' dir='ltr'><strong>immensus</strong></span> <span class='ocrx_word' id='word_1_593' title='bbox 1682 3903 2032 3974; x_wconf 83' lang='lat' dir='ltr'><strong>degeneraret</strong></span> <span class='ocrx_word' id='word_1_594' title='bbox 2079 3905 2131 3962; x_wconf 91' lang='lat' dir='ltr'><strong>in</strong></span> 
     </span>
    </p>
   </div>
   <div class='ocr_carea' id='block_1_71' title="bbox 553 3993 2131 4064">
    <p class='ocr_par' dir='ltr' id='par_1_71' title="bbox 553 3993 2131 4064">
     <span class='ocr_line' id='line_1_71' title="bbox 553 3993 2131 4064; baseline 0.001 -16"><span class='ocrx_word' id='word_1_595' title='bbox 553 3993 714 4059; x_wconf 81' lang='lat' dir='ltr'><strong>Filio;</strong></span> <span class='ocrx_word' id='word_1_596' title='bbox 749 4011 855 4051; x_wconf 87' lang='lat' dir='ltr'><strong>non</strong></span> <span class='ocrx_word' id='word_1_597' title='bbox 887 3995 1046 4051; x_wconf 89' lang='lat' dir='ltr'><strong>modo</strong></span> <span class='ocrx_word' id='word_1_598' title='bbox 1071 4004 1352 4064; x_wconf 79' lang='lat' dir='ltr'><strong>potestate.</strong></span> <span class='ocrx_word' id='word_1_599' title='bbox 1380 3997 1476 4053; x_wconf 77' lang='lat' dir='ltr'><strong>sed</strong></span> <span class='ocrx_word' id='word_1_600' title='bbox 1499 4005 1554 4053; x_wconf 90' lang='lat' dir='ltr'><strong>et</strong></span> <span class='ocrx_word' id='word_1_601' title='bbox 1573 3997 1880 4054; x_wconf 84' lang='lat' dir='ltr'><strong>conditione</strong></span> <span class='ocrx_word' id='word_1_602' title='bbox 1912 4006 2131 4063; x_wconf 90' lang='lat' dir='ltr'><strong>mutata,</strong></span> 
     </span>
    </p>
   </div>
   <div class='ocr_carea' id='block_1_72' title="bbox 550 4086 2134 4157">
    <p class='ocr_par' dir='ltr' id='par_1_72' title="bbox 550 4086 2134 4157">
     <span class='ocr_line' id='line_1_72' title="bbox 550 4086 2134 4157; baseline 0.004 -17"><span class='ocrx_word' id='word_1_603' title='bbox 550 4086 700 4154; x_wconf 82' lang='lat' dir='ltr'><strong>quasi</strong></span> <span class='ocrx_word' id='word_1_604' title='bbox 734 4100 836 4139; x_wconf 91' lang='lat' dir='ltr'><strong>non</strong></span> <span class='ocrx_word' id='word_1_605' title='bbox 877 4087 1110 4155; x_wconf 91' lang='lat' dir='ltr'><strong>potuerit</strong></span> <span class='ocrx_word' id='word_1_606' title='bbox 1141 4087 1293 4141; x_wconf 88' lang='lat' dir='ltr'><strong>Pater</strong></span> <span class='ocrx_word' id='word_1_607' title='bbox 1323 4086 1391 4142; x_wconf 91' lang='lat' dir='ltr'><strong>de</strong></span> <span class='ocrx_word' id='word_1_608' title='bbox 1426 4088 1715 4157; x_wconf 74' lang='lat' dir='ltr'><strong>semetipso</strong></span> <span class='ocrx_word' id='word_1_609' title='bbox 1747 4088 1902 4143; x_wconf 89' lang='lat' dir='ltr'><strong>talem</strong></span> <span class='ocrx_word' id='word_1_610' title='bbox 1935 4089 2134 4146; x_wconf 85' lang='lat' dir='ltr'><strong>habere</strong></span> 
     </span>
    </p>
   </div>
   <div class='ocr_carea' id='block_1_73' title="bbox 552 4175 2133 4246">
    <p class='ocr_par' dir='ltr' id='par_1_73' title="bbox 552 4175 2133 4246">
     <span class='ocr_line' id='line_1_73' title="bbox 552 4175 2133 4246; baseline 0.004 -18"><span class='ocrx_word' id='word_1_611' title='bbox 552 4175 742 4230; x_wconf 88' lang='lat' dir='ltr'><strong>Filium</strong></span> <span class='ocrx_word' id='word_1_612' title='bbox 767 4177 941 4245; x_wconf 86' lang='lat' dir='ltr'><strong>qualis</strong></span> <span class='ocrx_word' id='word_1_613' title='bbox 970 4186 1023 4231; x_wconf 91' lang='lat' dir='ltr'><strong>et</strong></span> <span class='ocrx_word' id='word_1_614' title='bbox 1050 4177 1164 4246; x_wconf 89' lang='lat' dir='ltr'><strong>ipse</strong></span> <span class='ocrx_word' id='word_1_615' title='bbox 1191 4185 1292 4233; x_wconf 89' lang='lat' dir='ltr'><strong>est.</strong></span> <span class='ocrx_word' id='word_1_616' title='bbox 1329 4176 1558 4234; x_wconf 87' lang='lat' dir='ltr'><strong>Proinde</strong></span> <span class='ocrx_word' id='word_1_617' title='bbox 1588 4192 1686 4232; x_wconf 93' lang='lat' dir='ltr'><strong>nos</strong></span> <span class='ocrx_word' id='word_1_618' title='bbox 1719 4193 1904 4235; x_wconf 91' lang='lat' dir='ltr'><strong>verum</strong></span> <span class='ocrx_word' id='word_1_619' title='bbox 1941 4181 2133 4234; x_wconf 83' lang='lat' dir='ltr'><strong>Filium</strong></span> 
     </span>
    </p>
   </div>
   <div class='ocr_carea' id='block_1_74' title="bbox 551 4263 2132 4342">
    <p class='ocr_par' dir='ltr' id='par_1_74' title="bbox 551 4263 2132 4342">
     <span class='ocr_line' id='line_1_74' title="bbox 551 4263 2132 4342; baseline 0.004 -24"><span class='ocrx_word' id='word_1_620' title='bbox 551 4263 619 4320; x_wconf 89' lang='lat' dir='ltr'><strong>de</strong></span> <span class='ocrx_word' id='word_1_621' title='bbox 648 4280 777 4342; x_wconf 82' lang='lat' dir='ltr'><strong>vero</strong></span> <span class='ocrx_word' id='word_1_622' title='bbox 807 4265 964 4323; x_wconf 86' lang='lat' dir='ltr'><strong>Patre</strong></span> <span class='ocrx_word' id='word_1_623' title='bbox 987 4266 1078 4336; x_wconf 89' lang='lat' dir='ltr'><strong>qui</strong></span> <span class='ocrx_word' id='word_1_624' title='bbox 1105 4281 1318 4338; x_wconf 82' lang='lat' dir='ltr'><strong>semper</strong></span> <span class='ocrx_word' id='word_1_625' title='bbox 1344 4267 1473 4334; x_wconf 80' lang='lat' dir='ltr'><strong>fuit,</strong></span> <span class='ocrx_word' id='word_1_626' title='bbox 1505 4281 1554 4325; x_wconf 82' lang='lat' dir='ltr'><strong>et</strong></span> <span class='ocrx_word' id='word_1_627' title='bbox 1587 4277 1671 4326; x_wconf 88' lang='lat' dir='ltr'><strong>est</strong></span> <span class='ocrx_word' id='word_1_628' title='bbox 1700 4271 1856 4324; x_wconf 89' lang='lat' dir='ltr'><strong>unius</strong></span> <span class='ocrx_word' id='word_1_629' title='bbox 1884 4269 2132 4324; x_wconf 88' lang='lat' dir='ltr'><strong>substan-</strong></span> 
     </span>
    </p>
   </div>
   <div class='ocr_carea' id='block_1_75' title="bbox 552 4357 2132 4430">
    <p class='ocr_par' dir='ltr' id='par_1_75' title="bbox 552 4357 2132 4430">
     <span class='ocr_line' id='line_1_75' title="bbox 552 4357 2132 4430; baseline 0.006 -19"><span class='ocrx_word' id='word_1_630' title='bbox 552 4357 638 4411; x_wconf 73' lang='lat' dir='ltr'><strong>tia:</strong></span> <span class='ocrx_word' id='word_1_631' title='bbox 663 4371 784 4413; x_wconf 92' lang='lat' dir='ltr'><strong>cum</strong></span> <span class='ocrx_word' id='word_1_632' title='bbox 811 4358 1001 4423; x_wconf 87' lang='lat' dir='ltr'><strong>Patre.</strong></span> <span class='ocrx_word' id='word_1_633' title='bbox 1031 4359 1383 4416; x_wconf 72' lang='lat' dir='ltr'><strong>defendimus.</strong></span> <span class='ocrx_word' id='word_1_634' title='bbox 1435 4361 1498 4416; x_wconf 85' lang='lat' dir='ltr'><strong>Et</strong></span> <span class='ocrx_word' id='word_1_635' title='bbox 1528 4360 1629 4416; x_wconf 84' lang='lat' dir='ltr'><strong>hoc</strong></span> <span class='ocrx_word' id='word_1_636' title='bbox 1669 4372 1753 4418; x_wconf 90' lang='lat' dir='ltr'><strong>est</strong></span> <span class='ocrx_word' id='word_1_637' title='bbox 1791 4363 1933 4430; x_wconf 88' lang='lat' dir='ltr'><strong>quod</strong></span> <span class='ocrx_word' id='word_1_638' title='bbox 1965 4361 2132 4420; x_wconf 68' lang='grc' dir='ltr'><strong>ϐιωρί</strong></span> 
     </span>
    </p>
   </div>
   <div class='ocr_carea' id='block_1_76' title="bbox 552 4450 2133 4524">
    <p class='ocr_par' dir='ltr' id='par_1_76' title="bbox 552 4450 2133 4524">
     <span class='ocr_line' id='line_1_76' title="bbox 552 4450 2133 4524; baseline 0.002 -20"><span class='ocrx_word' id='word_1_639' title='bbox 552 4450 788 4520; x_wconf 80' lang='grc' dir='ltr'><strong>ὁμσύσιον</strong></span> <span class='ocrx_word' id='word_1_640' title='bbox 818 4452 1120 4520; x_wconf 85' lang='lat' dir='ltr'><strong>appellant,</strong></span> <span class='ocrx_word' id='word_1_641' title='bbox 1155 4451 1205 4506; x_wconf 87' lang='lat' dir='ltr'><strong>id</strong></span> <span class='ocrx_word' id='word_1_642' title='bbox 1248 4460 1331 4506; x_wconf 84' lang='lat' dir='ltr'><strong>est</strong></span> <span class='ocrx_word' id='word_1_643' title='bbox 1373 4468 1488 4505; x_wconf 85' lang='lat' dir='ltr'><strong>cum</strong></span> <span class='ocrx_word' id='word_1_644' title='bbox 1519 4470 1620 4507; x_wconf 84' lang='lat' dir='ltr'><strong>uno</strong></span> <span class='ocrx_word' id='word_1_645' title='bbox 1658 4453 1801 4506; x_wconf 85' lang='lat' dir='ltr'><strong>aliud</strong></span> <span class='ocrx_word' id='word_1_646' title='bbox 1828 4455 2024 4524; x_wconf 77' lang='lat' dir='ltr'><strong>ipsum,</strong></span> <span class='ocrx_word' id='word_1_647' title='bbox 2076 4466 2133 4512; x_wconf 88' lang='lat' dir='ltr'><strong>ut</strong></span> 
     </span>
    </p>
   </div>
   <div class='ocr_carea' id='block_1_77' title="bbox 2233 3268 3825 3340">
    <p class='ocr_par' dir='ltr' id='par_1_77' title="bbox 2233 3268 3825 3340">
     <span class='ocr_line' id='line_1_77' title="bbox 2233 3268 3825 3340; baseline 0.008 -18"><span class='ocrx_word' id='word_1_648' title='bbox 2233 3276 2408 3333; x_wconf 88' lang='lat' dir='ltr'><strong>erant,</strong></span> <span class='ocrx_word' id='word_1_649' title='bbox 2434 3277 2488 3323; x_wconf 90' lang='lat' dir='ltr'><strong>et</strong></span> <span class='ocrx_word' id='word_1_650' title='bbox 2519 3268 2619 3323; x_wconf 88' lang='lat' dir='ltr'><strong>hoc</strong></span> <span class='ocrx_word' id='word_1_651' title='bbox 2645 3269 2754 3323; x_wconf 88' lang='lat' dir='ltr'><strong>sint</strong></span> <span class='ocrx_word' id='word_1_652' title='bbox 2778 3269 2918 3340; x_wconf 85' lang='lat' dir='ltr'><strong>quod</strong></span> <span class='ocrx_word' id='word_1_653' title='bbox 2950 3280 3093 3326; x_wconf 91' lang='lat' dir='ltr'><strong>retro</strong></span> <span class='ocrx_word' id='word_1_654' title='bbox 3134 3289 3238 3328; x_wconf 90' lang='lat' dir='ltr'><strong>non</strong></span> <span class='ocrx_word' id='word_1_655' title='bbox 3269 3274 3478 3331; x_wconf 84' lang='lat' dir='ltr'><strong>Inerant</strong></span> <span class='ocrx_word' id='word_1_656' title='bbox 3508 3296 3520 3331; x_wconf 91' lang='lat'><strong>:</strong></span> <span class='ocrx_word' id='word_1_657' title='bbox 3554 3287 3613 3333; x_wconf 89' lang='lat' dir='ltr'><strong>ut</strong></span> <span class='ocrx_word' id='word_1_658' title='bbox 3661 3282 3825 3336; x_wconf 87' lang='lat' dir='ltr'><strong>limus</strong></span> 
     </span>
    </p>
   </div>
   <div class='ocr_carea' id='block_1_78' title="bbox 2231 3359 3827 3438">
    <p class='ocr_par' dir='ltr' id='par_1_78' title="bbox 2231 3359 3827 3438">
     <span class='ocr_line' id='line_1_78' title="bbox 2231 3359 3827 3438; baseline 0.008 -24"><span class='ocrx_word' id='word_1_659' title='bbox 2231 3375 2353 3414; x_wconf 93' lang='lat' dir='ltr'><strong>cum</strong></span> <span class='ocrx_word' id='word_1_660' title='bbox 2397 3361 2449 3413; x_wconf 91' lang='lat' dir='ltr'><strong>in</strong></span> <span class='ocrx_word' id='word_1_661' title='bbox 2480 3359 2748 3416; x_wconf 87' lang='lat' dir='ltr'><strong>hominem</strong></span> <span class='ocrx_word' id='word_1_662' title='bbox 2796 3363 3074 3432; x_wconf 88' lang='lat' dir='ltr'><strong>ﬁguratur,</strong></span> <span class='ocrx_word' id='word_1_663' title='bbox 3115 3365 3273 3421; x_wconf 86' lang='lat' dir='ltr'><strong>limus</strong></span> <span class='ocrx_word' id='word_1_664' title='bbox 3301 3381 3421 3422; x_wconf 87' lang='lat' dir='ltr'><strong>esse</strong></span> <span class='ocrx_word' id='word_1_665' title='bbox 3446 3369 3556 3438; x_wconf 83' lang='lat' dir='ltr'><strong>jam</strong></span> <span class='ocrx_word' id='word_1_666' title='bbox 3585 3371 3827 3437; x_wconf 86' lang='lat' dir='ltr'><strong>desinit,</strong></span> 
     </span>
    </p>
   </div>
   <div class='ocr_carea' id='block_1_79' title="bbox 2234 3452 3826 3528">
    <p class='ocr_par' dir='ltr' id='par_1_79' title="bbox 2234 3452 3826 3528">
     <span class='ocr_line' id='line_1_79' title="bbox 2234 3452 3826 3528; baseline 0.009 -23"><span class='ocrx_word' id='word_1_667' title='bbox 2234 3459 2291 3506; x_wconf 92' lang='lat' dir='ltr'><strong>ut</strong></span> <span class='ocrx_word' id='word_1_668' title='bbox 2323 3452 2496 3520; x_wconf 87' lang='lat' dir='ltr'><strong>pisces</strong></span> <span class='ocrx_word' id='word_1_669' title='bbox 2526 3461 2618 3506; x_wconf 90' lang='lat' dir='ltr'><strong>aut</strong></span> <span class='ocrx_word' id='word_1_670' title='bbox 2654 3467 2782 3508; x_wconf 81' lang='lat' dir='ltr'><strong>aves</strong></span> <span class='ocrx_word' id='word_1_671' title='bbox 2823 3468 2945 3508; x_wconf 88' lang='lat' dir='ltr'><strong>cum</strong></span> <span class='ocrx_word' id='word_1_672' title='bbox 2991 3454 3058 3510; x_wconf 88' lang='lat' dir='ltr'><strong>de</strong></span> <span class='ocrx_word' id='word_1_673' title='bbox 3092 3470 3227 3525; x_wconf 87' lang='lat' dir='ltr'><strong>aqua</strong></span> <span class='ocrx_word' id='word_1_674' title='bbox 3258 3459 3588 3528; x_wconf 87' lang='lat' dir='ltr'><strong>procedunt,</strong></span> <span class='ocrx_word' id='word_1_675' title='bbox 3634 3479 3705 3518; x_wconf 77' lang='lat' dir='ltr'><strong>ex</strong></span> <span class='ocrx_word' id='word_1_676' title='bbox 3755 3480 3826 3518; x_wconf 80' lang='lat' dir='ltr'><strong>eo</strong></span> 
     </span>
    </p>
   </div>
   <div class='ocr_carea' id='block_1_80' title="bbox 2229 3540 3826 3618">
    <p class='ocr_par' dir='ltr' id='par_1_80' title="bbox 2229 3540 3826 3618">
     <span class='ocr_line' id='line_1_80' title="bbox 2229 3540 3826 3618; baseline 0.01 -26"><span class='ocrx_word' id='word_1_677' title='bbox 2229 3540 2338 3608; x_wconf 81' lang='lat' dir='ltr'><strong>jam</strong></span> <span class='ocrx_word' id='word_1_678' title='bbox 2369 3556 2473 3595; x_wconf 90' lang='lat' dir='ltr'><strong>non</strong></span> <span class='ocrx_word' id='word_1_679' title='bbox 2506 3555 2664 3610; x_wconf 87' lang='lat' dir='ltr'><strong>aqua,</strong></span> <span class='ocrx_word' id='word_1_680' title='bbox 2698 3543 2818 3611; x_wconf 87' lang='lat' dir='ltr'><strong>quia</strong></span> <span class='ocrx_word' id='word_1_681' title='bbox 2849 3544 2992 3599; x_wconf 87' lang='lat' dir='ltr'><strong>aliud</strong></span> <span class='ocrx_word' id='word_1_682' title='bbox 3019 3561 3033 3599; x_wconf 88' lang='lat'><strong>:</strong></span> <span class='ocrx_word' id='word_1_683' title='bbox 3066 3555 3123 3602; x_wconf 90' lang='lat' dir='ltr'><strong>ut</strong></span> <span class='ocrx_word' id='word_1_684' title='bbox 3151 3547 3317 3602; x_wconf 90' lang='lat' dir='ltr'><strong>lutum</strong></span> <span class='ocrx_word' id='word_1_685' title='bbox 3341 3548 3505 3618; x_wconf 89' lang='lat' dir='ltr'><strong>ﬁguli,</strong></span> <span class='ocrx_word' id='word_1_686' title='bbox 3535 3566 3660 3606; x_wconf 88' lang='lat' dir='ltr'><strong>cum</strong></span> <span class='ocrx_word' id='word_1_687' title='bbox 3688 3556 3826 3608; x_wconf 84' lang='lat' dir='ltr'><strong>soli-</strong></span> 
     </span>
    </p>
   </div>
   <div class='ocr_carea' id='block_1_81' title="bbox 2233 3629 3830 3703">
    <p class='ocr_par' dir='ltr' id='par_1_81' title="bbox 2233 3629 3830 3703">
     <span class='ocr_line' id='line_1_81' title="bbox 2233 3629 3830 3703; baseline 0.009 -19"><span class='ocrx_word' id='word_1_688' title='bbox 2233 3629 2390 3687; x_wconf 90' lang='lat' dir='ltr'><strong>datur</strong></span> <span class='ocrx_word' id='word_1_689' title='bbox 2421 3631 2471 3684; x_wconf 91' lang='lat' dir='ltr'><strong>in</strong></span> <span class='ocrx_word' id='word_1_690' title='bbox 2505 3641 2694 3686; x_wconf 86' lang='lat' dir='ltr'><strong>testam</strong></span> <span class='ocrx_word' id='word_1_691' title='bbox 2723 3649 2738 3687; x_wconf 87' lang='lat'><strong>:</strong></span> <span class='ocrx_word' id='word_1_692' title='bbox 2768 3643 2822 3688; x_wconf 93' lang='lat' dir='ltr'><strong>ut</strong></span> <span class='ocrx_word' id='word_1_693' title='bbox 2854 3633 3020 3703; x_wconf 86' lang='lat' dir='ltr'><strong>lapis,</strong></span> <span class='ocrx_word' id='word_1_694' title='bbox 3059 3650 3180 3692; x_wconf 89' lang='lat' dir='ltr'><strong>cum</strong></span> <span class='ocrx_word' id='word_1_695' title='bbox 3213 3637 3523 3695; x_wconf 80' lang='lat' dir='ltr'><strong>dissolvitur</strong></span> <span class='ocrx_word' id='word_1_696' title='bbox 3562 3643 3830 3699; x_wconf 84' lang='lat' dir='ltr'><strong>decoctus</strong></span> 
     </span>
    </p>
   </div>
   <div class='ocr_carea' id='block_1_82' title="bbox 2234 3721 3830 3797">
    <p class='ocr_par' dir='ltr' id='par_1_82' title="bbox 2234 3721 3830 3797">
     <span class='ocr_line' id='line_1_82' title="bbox 2234 3721 3830 3797; baseline 0.009 -22"><span class='ocrx_word' id='word_1_697' title='bbox 2234 3722 2285 3775; x_wconf 92' lang='lat' dir='ltr'><strong>in</strong></span> <span class='ocrx_word' id='word_1_698' title='bbox 2314 3721 2516 3774; x_wconf 85' lang='lat' dir='ltr'><strong>calcem</strong></span> <span class='ocrx_word' id='word_1_699' title='bbox 2543 3739 2554 3774; x_wconf 92' lang='lat'><strong>:</strong></span> <span class='ocrx_word' id='word_1_700' title='bbox 2587 3731 2643 3776; x_wconf 90' lang='lat' dir='ltr'><strong>ut</strong></span> <span class='ocrx_word' id='word_1_701' title='bbox 2667 3738 2828 3780; x_wconf 88' lang='lat' dir='ltr'><strong>arena</strong></span> <span class='ocrx_word' id='word_1_702' title='bbox 2859 3739 2979 3781; x_wconf 89' lang='lat' dir='ltr'><strong>cum</strong></span> <span class='ocrx_word' id='word_1_703' title='bbox 3026 3737 3260 3785; x_wconf 87' lang='lat' dir='ltr'><strong>mutatur</strong></span> <span class='ocrx_word' id='word_1_704' title='bbox 3289 3730 3342 3782; x_wconf 91' lang='lat' dir='ltr'><strong>in</strong></span> <span class='ocrx_word' id='word_1_705' title='bbox 3368 3731 3594 3797; x_wconf 89' lang='lat' dir='ltr'><strong>vitrum;</strong></span> <span class='ocrx_word' id='word_1_706' title='bbox 3625 3744 3682 3788; x_wconf 91' lang='lat' dir='ltr'><strong>et</strong></span> <span class='ocrx_word' id='word_1_707' title='bbox 3709 3749 3830 3788; x_wconf 77' lang='lat' dir='ltr'><strong>ea:-</strong></span> 
     </span>
    </p>
   </div>
   <div class='ocr_carea' id='block_1_83' title="bbox 2235 3811 3833 3883">
    <p class='ocr_par' dir='ltr' id='par_1_83' title="bbox 2235 3811 3833 3883">
     <span class='ocr_line' id='line_1_83' title="bbox 2235 3811 3833 3883; baseline 0.009 -19"><span class='ocrx_word' id='word_1_708' title='bbox 2235 3817 2370 3877; x_wconf 90' lang='lat' dir='ltr'><strong>tera,</strong></span> <span class='ocrx_word' id='word_1_709' title='bbox 2399 3827 2519 3880; x_wconf 72' lang='lat' dir='ltr'><strong>qure</strong></span> <span class='ocrx_word' id='word_1_710' title='bbox 2548 3811 2762 3883; x_wconf 87' lang='lat' dir='ltr'><strong>longum</strong></span> <span class='ocrx_word' id='word_1_711' title='bbox 2794 3823 2873 3870; x_wconf 88' lang='lat' dir='ltr'><strong>est</strong></span> <span class='ocrx_word' id='word_1_712' title='bbox 2908 3829 3210 3873; x_wconf 88' lang='lat' dir='ltr'><strong>recensere.</strong></span> <span class='ocrx_word' id='word_1_713' title='bbox 3257 3819 3362 3874; x_wconf 90' lang='lat' dir='ltr'><strong>Sed</strong></span> <span class='ocrx_word' id='word_1_714' title='bbox 3393 3821 3619 3877; x_wconf 90' lang='lat' dir='ltr'><strong>multum</strong></span> <span class='ocrx_word' id='word_1_715' title='bbox 3655 3825 3833 3881; x_wconf 82' lang='lat' dir='ltr'><strong>inter-</strong></span> 
     </span>
    </p>
   </div>
   <div class='ocr_carea' id='block_1_84' title="bbox 2232 3905 3831 3983">
    <p class='ocr_par' dir='ltr' id='par_1_84' title="bbox 2232 3905 3831 3983">
     <span class='ocr_line' id='line_1_84' title="bbox 2232 3905 3831 3983; baseline 0.009 -23"><span class='ocrx_word' id='word_1_716' title='bbox 2232 3912 2337 3970; x_wconf 87' lang='lat' dir='ltr'><strong>est,</strong></span> <span class='ocrx_word' id='word_1_717' title='bbox 2369 3905 2529 3960; x_wconf 88' lang='lat' dir='ltr'><strong>stulte</strong></span> <span class='ocrx_word' id='word_1_718' title='bbox 2559 3907 2830 3973; x_wconf 69' lang='lat' dir='ltr'><strong>hteretiee,</strong></span> <span class='ocrx_word' id='word_1_719' title='bbox 2863 3907 3003 3964; x_wconf 90' lang='lat' dir='ltr'><strong>inter</strong></span> <span class='ocrx_word' id='word_1_720' title='bbox 3030 3926 3093 3966; x_wconf 88' lang='lat' dir='ltr'><strong>ea</strong></span> <span class='ocrx_word' id='word_1_721' title='bbox 3120 3928 3239 3982; x_wconf 75' lang='lat' dir='ltr'><strong>qua:</strong></span> <span class='ocrx_word' id='word_1_722' title='bbox 3267 3913 3400 3970; x_wconf 79' lang='lat' dir='ltr'><strong>facta</strong></span> <span class='ocrx_word' id='word_1_723' title='bbox 3433 3927 3576 3983; x_wconf 88' lang='lat' dir='ltr'><strong>sunt,</strong></span> <span class='ocrx_word' id='word_1_724' title='bbox 3611 3929 3668 3974; x_wconf 88' lang='lat' dir='ltr'><strong>et</strong></span> <span class='ocrx_word' id='word_1_725' title='bbox 3697 3936 3831 3976; x_wconf 89' lang='lat' dir='ltr'><strong>eum</strong></span> 
     </span>
    </p>
   </div>
   <div class='ocr_carea' id='block_1_85' title="bbox 2235 3996 3836 4074">
    <p class='ocr_par' dir='ltr' id='par_1_85' title="bbox 2235 3996 3836 4074">
     <span class='ocr_line' id='line_1_85' title="bbox 2235 3996 3836 4074; baseline 0.011 -27"><span class='ocrx_word' id='word_1_726' title='bbox 2235 3996 2324 4064; x_wconf 91' lang='lat' dir='ltr'><strong>qui</strong></span> <span class='ocrx_word' id='word_1_727' title='bbox 2373 3996 2551 4051; x_wconf 88' lang='lat' dir='ltr'><strong>omnia</strong></span> <span class='ocrx_word' id='word_1_728' title='bbox 2595 4001 3043 4070; x_wconf 86' lang='lat' dir='ltr'><strong>quemadmodum</strong></span> <span class='ocrx_word' id='word_1_729' title='bbox 3091 4005 3255 4059; x_wconf 88' lang='lat' dir='ltr'><strong>voluit</strong></span> <span class='ocrx_word' id='word_1_730' title='bbox 3304 4005 3448 4062; x_wconf 88' lang='lat' dir='ltr'><strong>Iecit.</strong></span> <span class='ocrx_word' id='word_1_731' title='bbox 3500 4007 3633 4074; x_wconf 82' lang='lat' dir='ltr'><strong>Quae</strong></span> <span class='ocrx_word' id='word_1_732' title='bbox 3685 4012 3836 4065; x_wconf 83' lang='lat' dir='ltr'><strong>tacta</strong></span> 
     </span>
    </p>
   </div>
   <div class='ocr_carea' id='block_1_86' title="bbox 2234 4089 3840 4169">
    <p class='ocr_par' dir='ltr' id='par_1_86' title="bbox 2234 4089 3840 4169">
     <span class='ocr_line' id='line_1_86' title="bbox 2234 4089 3840 4169; baseline 0.009 -28"><span class='ocrx_word' id='word_1_733' title='bbox 2234 4096 2380 4155; x_wconf 89' lang='lat' dir='ltr'><strong>sunt,</strong></span> <span class='ocrx_word' id='word_1_734' title='bbox 2410 4089 2658 4158; x_wconf 76' lang='lat' dir='ltr'><strong>ascripta:</strong></span> <span class='ocrx_word' id='word_1_735' title='bbox 2687 4090 2977 4147; x_wconf 81' lang='lat' dir='ltr'><strong>conditioni</strong></span> <span class='ocrx_word' id='word_1_736' title='bbox 3009 4096 3316 4152; x_wconf 88' lang='lat' dir='ltr'><strong>deserviunt</strong></span> <span class='ocrx_word' id='word_1_737' title='bbox 3348 4114 3362 4152; x_wconf 90' lang='lat'><strong>:</strong></span> <span class='ocrx_word' id='word_1_738' title='bbox 3394 4101 3484 4168; x_wconf 87' lang='lat' dir='ltr'><strong>qui</strong></span> <span class='ocrx_word' id='word_1_739' title='bbox 3515 4116 3650 4154; x_wconf 85' lang='lat' dir='ltr'><strong>vero</strong></span> <span class='ocrx_word' id='word_1_740' title='bbox 3676 4104 3840 4169; x_wconf 66' lang='lat' dir='ltr'><strong>fecit,</strong></span> 
     </span>
    </p>
   </div>
   <div class='ocr_carea' id='block_1_87' title="bbox 2235 4181 3841 4262">
    <p class='ocr_par' dir='ltr' id='par_1_87' title="bbox 2235 4181 3841 4262">
     <span class='ocr_line' id='line_1_87' title="bbox 2235 4181 3841 4262; baseline 0.009 -29"><span class='ocrx_word' id='word_1_741' title='bbox 2235 4193 2347 4233; x_wconf 75' lang='lat' dir='ltr'><strong>sua:</strong></span> <span class='ocrx_word' id='word_1_742' title='bbox 2375 4181 2662 4237; x_wconf 88' lang='lat' dir='ltr'><strong>voluntatis</strong></span> <span class='ocrx_word' id='word_1_743' title='bbox 2693 4182 2848 4254; x_wconf 70' lang='lat'><strong>521</strong></span> <span class='ocrx_word' id='word_1_744' title='bbox 2878 4194 2932 4238; x_wconf 91' lang='lat' dir='ltr'><strong>et</strong></span> <span class='ocrx_word' id='word_1_745' title='bbox 2959 4189 3156 4256; x_wconf 85' lang='lat' dir='ltr'><strong>proprii</strong></span> <span class='ocrx_word' id='word_1_746' title='bbox 3197 4189 3334 4258; x_wconf 84' lang='lat' dir='ltr'><strong>juris</strong></span> <span class='ocrx_word' id='word_1_747' title='bbox 3357 4199 3460 4246; x_wconf 82' lang='lat' dir='ltr'><strong>est.</strong></span> <span class='ocrx_word' id='word_1_748' title='bbox 3505 4191 3690 4262; x_wconf 84' lang='lat' dir='ltr'><strong>Neque</strong></span> <span class='ocrx_word' id='word_1_749' title='bbox 3731 4210 3841 4262; x_wconf 60' lang='grc' dir='ltr'><strong>μου</strong></span> 
     </span>
    </p>
   </div>
   <div class='ocr_carea' id='block_1_88' title="bbox 2236 4269 3842 4350">
    <p class='ocr_par' dir='ltr' id='par_1_88' title="bbox 2236 4269 3842 4350">
     <span class='ocr_line' id='line_1_88' title="bbox 2236 4269 3842 4350; baseline 0.007 -26"><span class='ocrx_word' id='word_1_750' title='bbox 2236 4277 2342 4324; x_wconf 90' lang='lat' dir='ltr'><strong>test</strong></span> <span class='ocrx_word' id='word_1_751' title='bbox 2372 4269 2424 4324; x_wconf 92' lang='lat' dir='ltr'><strong>in</strong></span> <span class='ocrx_word' id='word_1_752' title='bbox 2454 4269 2594 4325; x_wconf 86' lang='lat' dir='ltr'><strong>aliud</strong></span> <span class='ocrx_word' id='word_1_753' title='bbox 2626 4288 2782 4340; x_wconf 88' lang='lat' dir='ltr'><strong>quam</strong></span> <span class='ocrx_word' id='word_1_754' title='bbox 2813 4275 2953 4343; x_wconf 88' lang='lat' dir='ltr'><strong>quod</strong></span> <span class='ocrx_word' id='word_1_755' title='bbox 2981 4286 3062 4329; x_wconf 89' lang='lat' dir='ltr'><strong>est</strong></span> <span class='ocrx_word' id='word_1_756' title='bbox 3081 4315 3096 4341; x_wconf 94' lang='lat'><strong>,</strong></span> <span class='ocrx_word' id='word_1_757' title='bbox 3126 4277 3305 4346; x_wconf 57' lang='lat' dir='ltr'><strong>aliquo</strong></span> <span class='ocrx_word' id='word_1_758' title='bbox 3332 4291 3556 4350; x_wconf 91' lang='lat' dir='ltr'><strong>cogente</strong></span> <span class='ocrx_word' id='word_1_759' title='bbox 3586 4287 3796 4338; x_wconf 84' lang='lat' dir='ltr'><strong>mutari</strong></span> <span class='ocrx_word' id='word_1_760' title='bbox 3824 4326 3842 4347; x_wconf 91' lang='lat'><strong>,</strong></span> 
     </span>
    </p>
   </div>
   <div class='ocr_carea' id='block_1_89' title="bbox 2235 4360 3845 4432">
    <p class='ocr_par' dir='ltr' id='par_1_89' title="bbox 2235 4360 3845 4432">
     <span class='ocr_line' id='line_1_89' title="bbox 2235 4360 3845 4432; baseline 0.007 -17"><span class='ocrx_word' id='word_1_761' title='bbox 2235 4360 2328 4415; x_wconf 89' lang='lat' dir='ltr'><strong>sed</strong></span> <span class='ocrx_word' id='word_1_762' title='bbox 2362 4370 2517 4429; x_wconf 89' lang='lat' dir='ltr'><strong>prout</strong></span> <span class='ocrx_word' id='word_1_763' title='bbox 2563 4363 2708 4428; x_wconf 78' lang='lat' dir='ltr'><strong>vult,</strong></span> <span class='ocrx_word' id='word_1_764' title='bbox 2758 4373 2810 4419; x_wconf 92' lang='lat' dir='ltr'><strong>et</strong></span> <span class='ocrx_word' id='word_1_765' title='bbox 2850 4367 2934 4422; x_wconf 92' lang='lat' dir='ltr'><strong>cui</strong></span> <span class='ocrx_word' id='word_1_766' title='bbox 2965 4367 3074 4422; x_wconf 87' lang='lat' dir='ltr'><strong>vult</strong></span> <span class='ocrx_word' id='word_1_767' title='bbox 3103 4382 3163 4423; x_wconf 87' lang='lat' dir='ltr'><strong>se</strong></span> <span class='ocrx_word' id='word_1_768' title='bbox 3204 4370 3559 4432; x_wconf 76' lang='lat' dir='ltr'><strong>demonstrat.</strong></span> <span class='ocrx_word' id='word_1_769' title='bbox 3591 4374 3728 4430; x_wconf 81' lang='lat' dir='ltr'><strong>Nam</strong></span> <span class='ocrx_word' id='word_1_770' title='bbox 3789 4381 3845 4432; x_wconf 82' lang='lat' dir='ltr'><strong>si</strong></span> 
     </span>
    </p>
   </div>
   <div class='ocr_carea' id='block_1_90' title="bbox 2235 4451 3845 4527">
    <p class='ocr_par' dir='ltr' id='par_1_90' title="bbox 2235 4451 3845 4527">
     <span class='ocr_line' id='line_1_90' title="bbox 2235 4451 3845 4527; baseline 0.011 -25"><span class='ocrx_word' id='word_1_771' title='bbox 2235 4451 2408 4519; x_wconf 85' lang='lat' dir='ltr'><strong>angeli</strong></span> <span class='ocrx_word' id='word_1_772' title='bbox 2442 4453 2492 4506; x_wconf 89' lang='lat' dir='ltr'><strong>in</strong></span> <span class='ocrx_word' id='word_1_773' title='bbox 2522 4451 2685 4521; x_wconf 82' lang='lat' dir='ltr'><strong>ﬁgura</strong></span> <span class='ocrx_word' id='word_1_774' title='bbox 2723 4453 2995 4510; x_wconf 90' lang='lat' dir='ltr'><strong>hominum</strong></span> <span class='ocrx_word' id='word_1_775' title='bbox 3027 4473 3171 4527; x_wconf 70' lang='lat' dir='ltr'><strong>sarpe</strong></span> <span class='ocrx_word' id='word_1_776' title='bbox 3198 4470 3322 4516; x_wconf 90' lang='lat' dir='ltr'><strong>sunt</strong></span> <span class='ocrx_word' id='word_1_777' title='bbox 3358 4462 3486 4527; x_wconf 87' lang='lat' dir='ltr'><strong>visi,</strong></span> <span class='ocrx_word' id='word_1_778' title='bbox 3535 4474 3595 4518; x_wconf 89' lang='lat' dir='ltr'><strong>et</strong></span> <span class='ocrx_word' id='word_1_779' title='bbox 3643 4477 3845 4520; x_wconf 80' lang='lat' dir='ltr'><strong>tanien</strong></span> 
     </span>
    </p>
   </div>
   <div class='ocr_carea' id='block_1_91' title="bbox 555 4530 3850 4625">
    <p class='ocr_par' dir='ltr' id='par_1_91' title="bbox 555 4530 3850 4625">
     <span class='ocr_line' id='line_1_91' title="bbox 555 4530 3850 4625; baseline 0.01 -35"><span class='ocrx_word' id='word_1_780' title='bbox 555 4553 796 4604; x_wconf 67' lang='lat' dir='ltr'><strong>persona:</strong></span> <span class='ocrx_word' id='word_1_781' title='bbox 823 4541 1090 4598; x_wconf 81' lang='lat' dir='ltr'><strong>audientia</strong></span> <span class='ocrx_word' id='word_1_782' title='bbox 1119 4541 1394 4596; x_wconf 87' lang='lat' dir='ltr'><strong>nominum</strong></span> <span class='ocrx_word' id='word_1_783' title='bbox 1426 4541 1636 4610; x_wconf 88' lang='lat' dir='ltr'><strong>ﬁerent,</strong></span> <span class='ocrx_word' id='word_1_784' title='bbox 1665 4558 1771 4598; x_wconf 93' lang='lat' dir='ltr'><strong>non</strong></span> <span class='ocrx_word' id='word_1_785' title='bbox 1796 4553 1852 4600; x_wconf 94' lang='lat' dir='ltr'><strong>ut</strong></span> <span class='ocrx_word' id='word_1_786' title='bbox 1879 4544 2128 4604; x_wconf 87' lang='lat' dir='ltr'><strong>substan-</strong></span> <span class='ocrx_word' id='word_1_787' title='bbox 2160 4530 2210 4590; x_wconf 80' lang='lat' dir='ltr'><strong>D</strong></span> <span class='ocrx_word' id='word_1_788' title='bbox 2235 4540 2379 4595; x_wconf 77' lang='lat' dir='ltr'><strong>aliud</strong></span> <span class='ocrx_word' id='word_1_789' title='bbox 2412 4556 2516 4596; x_wconf 85' lang='lat' dir='ltr'><strong>non</strong></span> <span class='ocrx_word' id='word_1_790' title='bbox 2545 4553 2672 4598; x_wconf 85' lang='lat' dir='ltr'><strong>sunt</strong></span> <span class='ocrx_word' id='word_1_791' title='bbox 2717 4559 2876 4615; x_wconf 88' lang='lat' dir='ltr'><strong>quam</strong></span> <span class='ocrx_word' id='word_1_792' title='bbox 2915 4549 3054 4614; x_wconf 87' lang='lat' dir='ltr'><strong>quod</strong></span> <span class='ocrx_word' id='word_1_793' title='bbox 3098 4565 3157 4605; x_wconf 90' lang='lat' dir='ltr'><strong>se</strong></span> <span class='ocrx_word' id='word_1_794' title='bbox 3204 4567 3324 4608; x_wconf 89' lang='lat' dir='ltr'><strong>esse</strong></span> <span class='ocrx_word' id='word_1_795' title='bbox 3365 4564 3596 4620; x_wconf 69' lang='lat' dir='ltr'><strong>norunt.</strong></span> <span class='ocrx_word' id='word_1_796' title='bbox 3650 4573 3850 4625; x_wconf 63' lang='lat' dir='ltr'><strong>neque</strong></span> 
     </span>
    </p>
   </div>
   <div class='ocr_carea' id='block_1_92' title="bbox 557 4629 1330 4702">
    <p class='ocr_par' dir='ltr' id='par_1_92' title="bbox 557 4629 1330 4702">
     <span class='ocr_line' id='line_1_92' title="bbox 557 4629 1330 4702; baseline 0.013 -22"><span class='ocrx_word' id='word_1_797' title='bbox 557 4629 680 4683; x_wconf 88' lang='lat' dir='ltr'><strong>tiam</strong></span> <span class='ocrx_word' id='word_1_798' title='bbox 711 4630 969 4688; x_wconf 83' lang='lat' dir='ltr'><strong>vocabula</strong></span> <span class='ocrx_word' id='word_1_799' title='bbox 997 4639 1330 4702; x_wconf 73' lang='lat' dir='ltr'><strong>separarent.</strong></span> 
     </span>
    </p>
   </div>
   <div class='ocr_carea' id='block_1_93' title="bbox 1148 4741 1550 4797">
    <p class='ocr_par' dir='ltr' id='par_1_93' title="bbox 1148 4741 1550 4797">
     <span class='ocr_line' id='line_1_93' title="bbox 1148 4741 1550 4797; baseline -0.002 -1"><span class='ocrx_word' id='word_1_800' title='bbox 1148 4741 1375 4797; x_wconf 84' lang='lat' dir='ltr'><strong>CAPUT</strong></span> <span class='ocrx_word' id='word_1_801' title='bbox 1417 4742 1550 4797; x_wconf 84' lang='lat' dir='ltr'>VIII.</span> 
     </span>
    </p>
   </div>
   <div class='ocr_carea' id='block_1_94' title="bbox 619 4827 2134 4905">
    <p class='ocr_par' dir='ltr' id='par_1_94' title="bbox 619 4827 2134 4905">
     <span class='ocr_line' id='line_1_94' title="bbox 619 4827 2134 4905; baseline 0.007 -23"><span class='ocrx_word' id='word_1_802' title='bbox 619 4827 724 4883; x_wconf 88' lang='lat' dir='ltr'><strong>Sed</strong></span> <span class='ocrx_word' id='word_1_803' title='bbox 749 4837 807 4884; x_wconf 88' lang='lat' dir='ltr'><strong>ut</strong></span> <span class='ocrx_word' id='word_1_804' title='bbox 830 4845 989 4887; x_wconf 89' lang='lat' dir='ltr'><strong>omne</strong></span> <span class='ocrx_word' id='word_1_805' title='bbox 1017 4836 1330 4905; x_wconf 85' lang='lat' dir='ltr'><strong>mysterium</strong></span> <span class='ocrx_word' id='word_1_806' title='bbox 1353 4835 1578 4892; x_wconf 68' lang='lat' dir='ltr'><strong>limosis</strong></span> <span class='ocrx_word' id='word_1_807' title='bbox 1603 4835 1812 4891; x_wconf 66' lang='lat' dir='ltr'><strong>Arianae</strong></span> <span class='ocrx_word' id='word_1_808' title='bbox 1840 4837 2134 4903; x_wconf 80' lang='lat' dir='ltr'><strong>traducam,</strong></span> 
     </span>
    </p>
   </div>
   <div class='ocr_carea' id='block_1_95' title="bbox 557 4922 2138 4998">
    <p class='ocr_par' dir='ltr' id='par_1_95' title="bbox 557 4922 2138 4998">
     <span class='ocr_line' id='line_1_95' title="bbox 557 4922 2138 4998; baseline 0.01 -28"><span class='ocrx_word' id='word_1_809' title='bbox 557 4930 648 4971; x_wconf 88' lang='lat' dir='ltr'><strong>cur</strong></span> <span class='ocrx_word' id='word_1_810' title='bbox 677 4922 848 4976; x_wconf 90' lang='lat' dir='ltr'><strong>nolint</strong></span> <span class='ocrx_word' id='word_1_811' title='bbox 879 4923 1072 4979; x_wconf 84' lang='lat' dir='ltr'><strong>Filium</strong></span> <span class='ocrx_word' id='word_1_812' title='bbox 1101 4927 1167 4982; x_wconf 90' lang='lat' dir='ltr'><strong>de</strong></span> <span class='ocrx_word' id='word_1_813' title='bbox 1197 4927 1366 4984; x_wconf 86' lang='lat' dir='ltr'><strong>Patris</strong></span> <span class='ocrx_word' id='word_1_814' title='bbox 1391 4927 1685 4983; x_wconf 86' lang='lat' dir='ltr'><strong>substantia</strong></span> <span class='ocrx_word' id='word_1_815' title='bbox 1710 4929 1880 4998; x_wconf 88' lang='lat' dir='ltr'><strong>credi,</strong></span> <span class='ocrx_word' id='word_1_816' title='bbox 1907 4931 2138 4986; x_wconf 87' lang='lat' dir='ltr'><strong>breviter</strong></span> 
     </span>
    </p>
   </div>
   <div class='ocr_carea' id='block_1_96' title="bbox 555 5009 2126 5090">
    <p class='ocr_par' dir='ltr' id='par_1_96' title="bbox 555 5009 2126 5090">
     <span class='ocr_line' id='line_1_96' title="bbox 555 5009 2126 5090; baseline 0.008 -29"><span class='ocrx_word' id='word_1_817' title='bbox 555 5009 830 5065; x_wconf 83' lang='lat' dir='ltr'><strong>intimabo.</strong></span> <span class='ocrx_word' id='word_1_818' title='bbox 865 5012 1026 5068; x_wconf 77' lang='lat' dir='ltr'><strong>Aiunt</strong></span> <span class='ocrx_word' id='word_1_819' title='bbox 1055 5017 1195 5070; x_wconf 90' lang='lat' dir='ltr'><strong>enim</strong></span> <span class='ocrx_word' id='word_1_820' title='bbox 1223 5033 1236 5070; x_wconf 93' lang='lat'>:</span> <span class='ocrx_word' id='word_1_821' title='bbox 1267 5017 1400 5074; x_wconf 91' lang='lat' dir='ltr'><strong>Cum</strong></span> <span class='ocrx_word' id='word_1_822' title='bbox 1427 5018 1496 5072; x_wconf 91' lang='lat' dir='ltr'><strong>sit</strong></span> <span class='ocrx_word' id='word_1_823' title='bbox 1524 5019 1665 5075; x_wconf 89' lang='lat' dir='ltr'><strong>Deus</strong></span> <span class='ocrx_word' id='word_1_824' title='bbox 1696 5020 1851 5076; x_wconf 90' lang='lat' dir='ltr'><strong>Pater</strong></span> <span class='ocrx_word' id='word_1_825' title='bbox 1880 5022 2126 5090; x_wconf 90' lang='lat' dir='ltr'><strong>omnipo-</strong></span> 
     </span>
    </p>
   </div>
   <div class='ocr_carea' id='block_1_97' title="bbox 553 5101 2128 5178">
    <p class='ocr_par' dir='ltr' id='par_1_97' title="bbox 553 5101 2128 5178">
     <span class='ocr_line' id='line_1_97' title="bbox 553 5101 2128 5178; baseline 0.006 -22"><span class='ocrx_word' id='word_1_826' title='bbox 553 5111 704 5169; x_wconf 86' lang='lat' dir='ltr'><strong>tens,</strong></span> <span class='ocrx_word' id='word_1_827' title='bbox 739 5101 1053 5166; x_wconf 87' lang='lat' dir='ltr'><strong>invisibilis,</strong></span> <span class='ocrx_word' id='word_1_828' title='bbox 1106 5107 1556 5175; x_wconf 84' lang='lat' dir='ltr'><strong>inconvertibilis,</strong></span> <span class='ocrx_word' id='word_1_829' title='bbox 1608 5111 1980 5176; x_wconf 87' lang='lat' dir='ltr'><strong>immutabilis,</strong></span> <span class='ocrx_word' id='word_1_830' title='bbox 2011 5127 2128 5178; x_wconf 88' lang='lat' dir='ltr'><strong>per-</strong></span> 
     </span>
    </p>
   </div>
   <div class='ocr_carea' id='block_1_98' title="bbox 554 5192 2123 5266">
    <p class='ocr_par' dir='ltr' id='par_1_98' title="bbox 554 5192 2123 5266">
     <span class='ocr_line' id='line_1_98' title="bbox 554 5192 2123 5266; baseline 0.006 -20"><span class='ocrx_word' id='word_1_831' title='bbox 554 5192 743 5258; x_wconf 83' lang='lat' dir='ltr'><strong>fectus,</strong></span> <span class='ocrx_word' id='word_1_832' title='bbox 771 5206 983 5260; x_wconf 77' lang='lat' dir='ltr'><strong>semper</strong></span> <span class='ocrx_word' id='word_1_833' title='bbox 1021 5193 1161 5248; x_wconf 90' lang='lat' dir='ltr'><strong>idem</strong></span> <span class='ocrx_word' id='word_1_834' title='bbox 1181 5234 1197 5260; x_wconf 94' lang='lat'><strong>,</strong></span> <span class='ocrx_word' id='word_1_835' title='bbox 1237 5207 1501 5265; x_wconf 68' lang='lat' dir='ltr'><strong>internus;</strong></span> <span class='ocrx_word' id='word_1_836' title='bbox 1533 5199 1700 5256; x_wconf 87' lang='lat' dir='ltr'><strong>Filius</strong></span> <span class='ocrx_word' id='word_1_837' title='bbox 1729 5215 1857 5257; x_wconf 88' lang='lat' dir='ltr'><strong>vero</strong></span> <span class='ocrx_word' id='word_1_838' title='bbox 1883 5201 2123 5266; x_wconf 86' lang='lat' dir='ltr'><strong>visibilis,</strong></span> 
     </span>
    </p>
   </div>
   <div class='ocr_carea' id='block_1_99' title="bbox 552 5284 2130 5364">
    <p class='ocr_par' dir='ltr' id='par_1_99' title="bbox 552 5284 2130 5364">
     <span class='ocr_line' id='line_1_99' title="bbox 552 5284 2130 5364; baseline 0.007 -24"><span class='ocrx_word' id='word_1_839' title='bbox 552 5284 673 5354; x_wconf 90' lang='lat' dir='ltr'><strong>quia</strong></span> <span class='ocrx_word' id='word_1_840' title='bbox 702 5297 843 5354; x_wconf 68' lang='lat' dir='ltr'><strong>saepe</strong></span> <span class='ocrx_word' id='word_1_841' title='bbox 880 5284 1125 5341; x_wconf 87' lang='lat' dir='ltr'><strong>Patribus</strong></span> <span class='ocrx_word' id='word_1_842' title='bbox 1151 5287 1300 5344; x_wconf 85' lang='lat' dir='ltr'><strong>visus</strong></span> <span class='ocrx_word' id='word_1_843' title='bbox 1341 5299 1452 5354; x_wconf 90' lang='lat' dir='ltr'><strong>est;</strong></span> <span class='ocrx_word' id='word_1_844' title='bbox 1484 5298 1540 5346; x_wconf 91' lang='lat' dir='ltr'><strong>et</strong></span> <span class='ocrx_word' id='word_1_845' title='bbox 1577 5293 1942 5350; x_wconf 86' lang='lat' dir='ltr'><strong>convertibilis</strong></span> <span class='ocrx_word' id='word_1_846' title='bbox 1971 5304 2130 5364; x_wconf 88' lang='lat' dir='ltr'><strong>atque</strong></span> 
     </span>
    </p>
   </div>
   <div class='ocr_carea' id='block_1_100' title="bbox 553 5376 2129 5456">
    <p class='ocr_par' dir='ltr' id='par_1_100' title="bbox 553 5376 2129 5456">
     <span class='ocr_line' id='line_1_100' title="bbox 553 5376 2129 5456; baseline 0.009 -26"><span class='ocrx_word' id='word_1_847' title='bbox 553 5376 849 5441; x_wconf 87' lang='lat' dir='ltr'><strong>mutabilis,</strong></span> <span class='ocrx_word' id='word_1_848' title='bbox 894 5376 1016 5446; x_wconf 82' lang='lat' dir='ltr'><strong>quia</strong></span> <span class='ocrx_word' id='word_1_849' title='bbox 1048 5379 1099 5433; x_wconf 89' lang='lat' dir='ltr'><strong>in</strong></span> <span class='ocrx_word' id='word_1_850' title='bbox 1132 5377 1293 5434; x_wconf 83' lang='lat' dir='ltr'><strong>variis</strong></span> <span class='ocrx_word' id='word_1_851' title='bbox 1341 5381 1522 5450; x_wconf 85' lang='lat' dir='ltr'><strong>ﬁguris</strong></span> <span class='ocrx_word' id='word_1_852' title='bbox 1569 5383 1792 5454; x_wconf 85' lang='lat' dir='ltr'><strong>singulis</strong></span> <span class='ocrx_word' id='word_1_853' title='bbox 1834 5386 2129 5456; x_wconf 83' lang='lat' dir='ltr'><strong>quibusque</strong></span> 
     </span>
    </p>
   </div>
   <div class='ocr_carea' id='block_1_101' title="bbox 552 5469 2133 5544">
    <p class='ocr_par' dir='ltr' id='par_1_101' title="bbox 552 5469 2133 5544">
     <span class='ocr_line' id='line_1_101' title="bbox 552 5469 2133 5544; baseline 0.008 -24"><span class='ocrx_word' id='word_1_854' title='bbox 552 5481 672 5524; x_wconf 87' lang='lat' dir='ltr'><strong>sese</strong></span> <span class='ocrx_word' id='word_1_855' title='bbox 717 5472 1056 5524; x_wconf 83' lang='lat' dir='ltr'><strong>monstravit.</strong></span> <span class='ocrx_word' id='word_1_856' title='bbox 1105 5469 1204 5536; x_wconf 85' lang='lat' dir='ltr'><strong>Qui</strong></span> <span class='ocrx_word' id='word_1_857' title='bbox 1253 5471 1295 5525; x_wconf 92' lang='lat' dir='ltr'><strong>si</strong></span> <span class='ocrx_word' id='word_1_858' title='bbox 1338 5471 1407 5526; x_wconf 91' lang='lat' dir='ltr'><strong>de</strong></span> <span class='ocrx_word' id='word_1_859' title='bbox 1437 5471 1643 5538; x_wconf 88' lang='lat' dir='ltr'><strong>Patris,</strong></span> <span class='ocrx_word' id='word_1_860' title='bbox 1684 5476 1958 5544; x_wconf 89' lang='lat' dir='ltr'><strong>inquiunt,</strong></span> <span class='ocrx_word' id='word_1_861' title='bbox 1986 5487 2133 5533; x_wconf 78' lang='lat' dir='ltr'><strong>esset</strong></span> 
     </span>
    </p>
   </div>
   <div class='ocr_carea' id='block_1_102' title="bbox 554 5564 2130 5636">
    <p class='ocr_par' dir='ltr' id='par_1_102' title="bbox 554 5564 2130 5636">
     <span class='ocr_line' id='line_1_102' title="bbox 554 5564 2130 5636; baseline 0.006 -21"><span class='ocrx_word' id='word_1_862' title='bbox 554 5564 882 5631; x_wconf 78' lang='lat' dir='ltr'><strong>substantia,</strong></span> <span class='ocrx_word' id='word_1_863' title='bbox 927 5581 1193 5636; x_wconf 82' lang='lat' dir='ltr'><strong>nunquam</strong></span> <span class='ocrx_word' id='word_1_864' title='bbox 1235 5566 1348 5621; x_wconf 87' lang='lat' dir='ltr'><strong>ﬁeri</strong></span> <span class='ocrx_word' id='word_1_865' title='bbox 1390 5576 1568 5636; x_wconf 89' lang='lat' dir='ltr'><strong>posset</strong></span> <span class='ocrx_word' id='word_1_866' title='bbox 1609 5577 1662 5621; x_wconf 88' lang='lat' dir='ltr'><strong>ut</strong></span> <span class='ocrx_word' id='word_1_867' title='bbox 1695 5579 1814 5623; x_wconf 88' lang='lat' dir='ltr'><strong>ante</strong></span> <span class='ocrx_word' id='word_1_868' title='bbox 1844 5573 2018 5625; x_wconf 85' lang='lat' dir='ltr'><strong>carnis</strong></span> <span class='ocrx_word' id='word_1_869' title='bbox 2049 5587 2130 5625; x_wconf 85' lang='lat' dir='ltr'><strong>as-</strong></span> 
     </span>
    </p>
   </div>
   <div class='ocr_carea' id='block_1_103' title="bbox 555 5657 2124 5720">
    <p class='ocr_par' dir='ltr' id='par_1_103' title="bbox 555 5657 2124 5720">
     <span class='ocr_line' id='line_1_103' title="bbox 555 5657 2124 5720; baseline 0.008 -18"><span class='ocrx_word' id='word_1_870' title='bbox 555 5657 910 5720; x_wconf 86' lang='lat' dir='ltr'><strong>sumptionem</strong></span> <span class='ocrx_word' id='word_1_871' title='bbox 955 5665 1046 5711; x_wconf 84' lang='lat' dir='ltr'><strong>aut</strong></span> <span class='ocrx_word' id='word_1_872' title='bbox 1076 5657 1297 5712; x_wconf 90' lang='lat' dir='ltr'><strong>visibilis</strong></span> <span class='ocrx_word' id='word_1_873' title='bbox 1341 5666 1431 5712; x_wconf 88' lang='lat' dir='ltr'><strong>aut</strong></span> <span class='ocrx_word' id='word_1_874' title='bbox 1472 5657 1739 5711; x_wconf 86' lang='lat' dir='ltr'><strong>mutabilis</strong></span> <span class='ocrx_word' id='word_1_875' title='bbox 1768 5673 2082 5714; x_wconf 82' lang='lat' dir='ltr'><strong>cerneretur</strong></span> <span class='ocrx_word' id='word_1_876' title='bbox 2113 5681 2124 5713; x_wconf 89' lang='lat'>:</span> 
     </span>
    </p>
   </div>
   <div class='ocr_carea' id='block_1_104' title="bbox 561 5742 2127 5822">
    <p class='ocr_par' dir='ltr' id='par_1_104' title="bbox 561 5742 2127 5822">
     <span class='ocr_line' id='line_1_104' title="bbox 561 5742 2127 5822; baseline 0.009 -29"><span class='ocrx_word' id='word_1_877' title='bbox 561 5742 682 5808; x_wconf 82' lang='lat' dir='ltr'><strong>quin</strong></span> <span class='ocrx_word' id='word_1_878' title='bbox 726 5747 896 5812; x_wconf 85' lang='lat' dir='ltr'><strong>potius</strong></span> <span class='ocrx_word' id='word_1_879' title='bbox 928 5748 978 5801; x_wconf 93' lang='lat' dir='ltr'><strong>in</strong></span> <span class='ocrx_word' id='word_1_880' title='bbox 1010 5752 1307 5819; x_wconf 67' lang='lat' dir='ltr'><strong>aequalitate</strong></span> <span class='ocrx_word' id='word_1_881' title='bbox 1351 5766 1447 5820; x_wconf 81' lang='lat' dir='ltr'><strong>qua</strong></span> <span class='ocrx_word' id='word_1_882' title='bbox 1479 5751 1628 5804; x_wconf 71' lang='lat' dir='ltr'><strong>Pater</strong></span> <span class='ocrx_word' id='word_1_883' title='bbox 1660 5759 1766 5809; x_wconf 74' lang='lat' dir='ltr'><strong>est.</strong></span> <span class='ocrx_word' id='word_1_884' title='bbox 1813 5751 1971 5822; x_wconf 69' lang='lat'><strong>520</strong></span> <span class='ocrx_word' id='word_1_885' title='bbox 2013 5771 2127 5822; x_wconf 78' lang='lat' dir='ltr'><strong>per-</strong></span> 
     </span>
    </p>
   </div>
   <div class='ocr_carea' id='block_1_105' title="bbox 2238 4631 3857 4718">
    <p class='ocr_par' dir='ltr' id='par_1_105' title="bbox 2238 4631 3857 4718">
     <span class='ocr_line' id='line_1_105' title="bbox 2238 4631 3857 4718; baseline 0.012 -34"><span class='ocrx_word' id='word_1_886' title='bbox 2238 4631 2589 4694; x_wconf 86' lang='lat' dir='ltr'><strong>substantiam</strong></span> <span class='ocrx_word' id='word_1_887' title='bbox 2631 4646 2838 4696; x_wconf 84' lang='lat' dir='ltr'><strong>mutant</strong></span> <span class='ocrx_word' id='word_1_888' title='bbox 2884 4652 3004 4694; x_wconf 91' lang='lat' dir='ltr'><strong>cum</strong></span> <span class='ocrx_word' id='word_1_889' title='bbox 3054 4640 3276 4697; x_wconf 73' lang='lat' dir='ltr'><strong>formam</strong></span> <span class='ocrx_word' id='word_1_890' title='bbox 3311 4643 3527 4700; x_wconf 84' lang='lat' dir='ltr'><strong>humani</strong></span> <span class='ocrx_word' id='word_1_891' title='bbox 3575 4651 3857 4718; x_wconf 82' lang='lat' dir='ltr'><strong>corporis</strong></span> 
     </span>
    </p>
   </div>
   <div class='ocr_carea' id='block_1_106' title="bbox 2238 4729 3856 4810">
    <p class='ocr_par' dir='ltr' id='par_1_106' title="bbox 2238 4729 3856 4810">
     <span class='ocr_line' id='line_1_106' title="bbox 2238 4729 3856 4810; baseline 0.012 -34"><span class='ocrx_word' id='word_1_892' title='bbox 2238 4732 2491 4788; x_wconf 89' lang='lat' dir='ltr'><strong>sumunt;</strong></span> <span class='ocrx_word' id='word_1_893' title='bbox 2535 4735 2741 4802; x_wconf 65' lang='lat' dir='ltr'><strong>quanto</strong></span> <span class='ocrx_word' id='word_1_894' title='bbox 2797 4729 2964 4800; x_wconf 82' lang='lat' dir='ltr'><strong>magis</strong></span> <span class='ocrx_word' id='word_1_895' title='bbox 3023 4730 3138 4798; x_wconf 90' lang='lat' dir='ltr'><strong>ipse</strong></span> <span class='ocrx_word' id='word_1_896' title='bbox 3185 4733 3438 4790; x_wconf 83' lang='lat' dir='ltr'><strong>Dominus</strong></span> <span class='ocrx_word' id='word_1_897' title='bbox 3487 4748 3672 4793; x_wconf 88' lang='lat' dir='ltr'><strong>noster</strong></span> <span class='ocrx_word' id='word_1_898' title='bbox 3733 4743 3856 4810; x_wconf 85' lang='lat' dir='ltr'><strong>qui</strong></span> 
     </span>
    </p>
   </div>
   <div class='ocr_carea' id='block_1_107' title="bbox 2241 4813 3858 4895">
    <p class='ocr_par' dir='ltr' id='par_1_107' title="bbox 2241 4813 3858 4895">
     <span class='ocr_line' id='line_1_107' title="bbox 2241 4813 3858 4895; baseline 0.012 -29"><span class='ocrx_word' id='word_1_899' title='bbox 2241 4815 2417 4869; x_wconf 86' lang='lat' dir='ltr'><strong>omnia</strong></span> <span class='ocrx_word' id='word_1_900' title='bbox 2444 4813 2590 4882; x_wconf 73' lang='lat' dir='ltr'><strong>fecit,</strong></span> <span class='ocrx_word' id='word_1_901' title='bbox 2619 4820 2707 4888; x_wconf 89' lang='lat' dir='ltr'><strong>qui</strong></span> <span class='ocrx_word' id='word_1_902' title='bbox 2739 4819 2866 4890; x_wconf 87' lang='lat' dir='ltr'><strong>ipsis</strong></span> <span class='ocrx_word' id='word_1_903' title='bbox 2894 4824 3100 4892; x_wconf 84' lang='lat' dir='ltr'><strong>angelis</strong></span> <span class='ocrx_word' id='word_1_904' title='bbox 3125 4833 3182 4884; x_wconf 93' lang='lat' dir='ltr'><strong>ut</strong></span> <span class='ocrx_word' id='word_1_905' title='bbox 3212 4825 3313 4882; x_wconf 91' lang='lat' dir='ltr'><strong>hoc</strong></span> <span class='ocrx_word' id='word_1_906' title='bbox 3339 4837 3580 4895; x_wconf 89' lang='lat' dir='ltr'><strong>possent,</strong></span> <span class='ocrx_word' id='word_1_907' title='bbox 3617 4845 3712 4884; x_wconf 75' lang='lat' dir='ltr'><strong>sua</strong></span> <span class='ocrx_word' id='word_1_908' title='bbox 3752 4835 3858 4885; x_wconf 84' lang='lat' dir='ltr'><strong>in—</strong></span> 
     </span>
    </p>
   </div>
   <div class='ocr_carea' id='block_1_108' title="bbox 2243 4906 3860 4990">
    <p class='ocr_par' dir='ltr' id='par_1_108' title="bbox 2243 4906 3860 4990">
     <span class='ocr_line' id='line_1_108' title="bbox 2243 4906 3860 4990; baseline 0.013 -31"><span class='ocrx_word' id='word_1_909' title='bbox 2243 4906 2520 4962; x_wconf 89' lang='lat' dir='ltr'><strong>stitutione</strong></span> <span class='ocrx_word' id='word_1_910' title='bbox 2545 4912 2848 4966; x_wconf 86' lang='lat' dir='ltr'><strong>concessit?</strong></span> <span class='ocrx_word' id='word_1_911' title='bbox 2875 4913 2987 4968; x_wconf 85' lang='lat' dir='ltr'><strong>Huc</strong></span> <span class='ocrx_word' id='word_1_912' title='bbox 3011 4917 3213 4972; x_wconf 85' lang='lat' dir='ltr'><strong>accedit</strong></span> <span class='ocrx_word' id='word_1_913' title='bbox 3238 4919 3375 4986; x_wconf 86' lang='lat' dir='ltr'><strong>quod</strong></span> <span class='ocrx_word' id='word_1_914' title='bbox 3404 4921 3446 4974; x_wconf 91' lang='lat' dir='ltr'><strong>si</strong></span> <span class='ocrx_word' id='word_1_915' title='bbox 3483 4921 3676 4977; x_wconf 81' lang='lat' dir='ltr'><strong>Filium</strong></span> <span class='ocrx_word' id='word_1_916' title='bbox 3709 4925 3860 4990; x_wconf 75' lang='lat' dir='ltr'><strong>Dei,</strong></span> 
     </span>
    </p>
   </div>
   <div class='ocr_carea' id='block_1_109' title="bbox 2242 4997 3858 5082">
    <p class='ocr_par' dir='ltr' id='par_1_109' title="bbox 2242 4997 3858 5082">
     <span class='ocr_line' id='line_1_109' title="bbox 2242 4997 3858 5082; baseline 0.011 -31"><span class='ocrx_word' id='word_1_917' title='bbox 2242 5007 2298 5052; x_wconf 92' lang='lat' dir='ltr'><strong>ut</strong></span> <span class='ocrx_word' id='word_1_918' title='bbox 2320 4997 2431 5066; x_wconf 87' lang='lat' dir='ltr'><strong>jam</strong></span> <span class='ocrx_word' id='word_1_919' title='bbox 2460 4999 2654 5056; x_wconf 92' lang='lat' dir='ltr'><strong>dictum</strong></span> <span class='ocrx_word' id='word_1_920' title='bbox 2689 5013 2772 5058; x_wconf 89' lang='lat' dir='ltr'><strong>est</strong></span> <span class='ocrx_word' id='word_1_921' title='bbox 2797 5004 2868 5059; x_wconf 87' lang='lat' dir='ltr'><strong>ita</strong></span> <span class='ocrx_word' id='word_1_922' title='bbox 2897 5008 3066 5061; x_wconf 88' lang='lat' dir='ltr'><strong>visum</strong></span> <span class='ocrx_word' id='word_1_923' title='bbox 3098 5022 3128 5068; x_wconf 83' lang='lat' dir='ltr'><strong>a</strong></span> <span class='ocrx_word' id='word_1_924' title='bbox 3163 5009 3406 5065; x_wconf 86' lang='lat' dir='ltr'><strong>Patribus</strong></span> <span class='ocrx_word' id='word_1_925' title='bbox 3433 5013 3858 5082; x_wconf 76' lang='lat' dir='ltr'><strong>approbamus,</strong></span> 
     </span>
    </p>
   </div>
   <div class='ocr_carea' id='block_1_110' title="bbox 2236 5094 3864 5170">
    <p class='ocr_par' dir='ltr' id='par_1_110' title="bbox 2236 5094 3864 5170">
     <span class='ocr_line' id='line_1_110' title="bbox 2236 5094 3864 5170; baseline 0.014 -30"><span class='ocrx_word' id='word_1_926' title='bbox 2236 5097 2290 5141; x_wconf 91' lang='lat' dir='ltr'><strong>ut</strong></span> <span class='ocrx_word' id='word_1_927' title='bbox 2320 5103 2426 5144; x_wconf 93' lang='lat' dir='ltr'><strong>non</strong></span> <span class='ocrx_word' id='word_1_928' title='bbox 2452 5098 2620 5147; x_wconf 88' lang='lat' dir='ltr'><strong>totum</strong></span> <span class='ocrx_word' id='word_1_929' title='bbox 2655 5094 2708 5148; x_wconf 90' lang='lat' dir='ltr'><strong>in</strong></span> <span class='ocrx_word' id='word_1_930' title='bbox 2732 5095 2819 5149; x_wconf 91' lang='lat' dir='ltr'><strong>illo</strong></span> <span class='ocrx_word' id='word_1_931' title='bbox 2847 5098 2988 5166; x_wconf 90' lang='lat' dir='ltr'><strong>quod</strong></span> <span class='ocrx_word' id='word_1_932' title='bbox 3019 5099 3158 5155; x_wconf 90' lang='lat' dir='ltr'><strong>Dens</strong></span> <span class='ocrx_word' id='word_1_933' title='bbox 3183 5110 3286 5168; x_wconf 89' lang='lat' dir='ltr'><strong>est,</strong></span> <span class='ocrx_word' id='word_1_934' title='bbox 3309 5103 3617 5170; x_wconf 85' lang='lat' dir='ltr'><strong>videretur;</strong></span> <span class='ocrx_word' id='word_1_935' title='bbox 3644 5108 3746 5161; x_wconf 88' lang='lat' dir='ltr'><strong>sed</strong></span> <span class='ocrx_word' id='word_1_936' title='bbox 3788 5125 3864 5163; x_wconf 81' lang='grc' dir='ltr'><strong>ιιι</strong></span> 
     </span>
    </p>
   </div>
   <div class='ocr_carea' id='block_1_111' title="bbox 2235 5177 3873 5271">
    <p class='ocr_par' dir='ltr' id='par_1_111' title="bbox 2235 5177 3873 5271">
     <span class='ocr_line' id='line_1_111' title="bbox 2235 5177 3873 5271; baseline 0.018 -39"><span class='ocrx_word' id='word_1_937' title='bbox 2235 5177 2612 5248; x_wconf 90' lang='lat' dir='ltr'><strong>dispositiones</strong></span> <span class='ocrx_word' id='word_1_938' title='bbox 2637 5200 2814 5241; x_wconf 91' lang='lat' dir='ltr'><strong>rerum</strong></span> <span class='ocrx_word' id='word_1_939' title='bbox 2847 5189 3178 5260; x_wconf 91' lang='lat' dir='ltr'><strong>luturarum,</strong></span> <span class='ocrx_word' id='word_1_940' title='bbox 3209 5210 3328 5262; x_wconf 78' lang='lat' dir='ltr'><strong>qua:</strong></span> <span class='ocrx_word' id='word_1_941' title='bbox 3365 5196 3479 5251; x_wconf 88' lang='lat' dir='ltr'><strong>suis</strong></span> <span class='ocrx_word' id='word_1_942' title='bbox 3525 5199 3873 5271; x_wconf 68' lang='lat' dir='ltr'><strong>quibusqua</strong></span> 
     </span>
    </p>
   </div>
   <div class='ocr_carea' id='block_1_112' title="bbox 2237 5273 3876 5361">
    <p class='ocr_par' dir='ltr' id='par_1_112' title="bbox 2237 5273 3876 5361">
     <span class='ocr_line' id='line_1_112' title="bbox 2237 5273 3876 5361; baseline 0.018 -37"><span class='ocrx_word' id='word_1_943' title='bbox 2237 5273 2564 5340; x_wconf 88' lang='lat' dir='ltr'><strong>temporibus</strong></span> <span class='ocrx_word' id='word_1_944' title='bbox 2590 5278 2920 5347; x_wconf 76' lang='lat' dir='ltr'><strong>complenda:</strong></span> <span class='ocrx_word' id='word_1_945' title='bbox 2947 5292 3131 5352; x_wconf 84' lang='lat' dir='ltr'><strong>erant,</strong></span> <span class='ocrx_word' id='word_1_946' title='bbox 3173 5286 3226 5340; x_wconf 89' lang='lat' dir='ltr'><strong>in</strong></span> <span class='ocrx_word' id='word_1_947' title='bbox 3275 5287 3367 5342; x_wconf 94' lang='lat' dir='ltr'><strong>illo</strong></span> <span class='ocrx_word' id='word_1_948' title='bbox 3409 5303 3504 5356; x_wconf 89' lang='lat' dir='ltr'><strong>per</strong></span> <span class='ocrx_word' id='word_1_949' title='bbox 3534 5291 3876 5361; x_wconf 79' lang='lat' dir='ltr'><strong>imaginem</strong></span> 
     </span>
    </p>
   </div>
   <div class='ocr_carea' id='block_1_113' title="bbox 2236 5371 3884 5451">
    <p class='ocr_par' dir='ltr' id='par_1_113' title="bbox 2236 5371 3884 5451">
     <span class='ocr_line' id='line_1_113' title="bbox 2236 5371 3884 5451; baseline 0.015 -31"><span class='ocrx_word' id='word_1_950' title='bbox 2236 5377 2602 5426; x_wconf 89' lang='lat' dir='ltr'><strong>cernerentur.</strong></span> <span class='ocrx_word' id='word_1_951' title='bbox 2643 5371 2772 5426; x_wconf 81' lang='lat' dir='ltr'><strong>Nam</strong></span> <span class='ocrx_word' id='word_1_952' title='bbox 2799 5374 2921 5443; x_wconf 87' lang='lat' dir='ltr'><strong>quis</strong></span> <span class='ocrx_word' id='word_1_953' title='bbox 2963 5375 3154 5433; x_wconf 85' lang='lat' dir='ltr'><strong>Filium</strong></span> <span class='ocrx_word' id='word_1_954' title='bbox 3185 5380 3276 5434; x_wconf 85' lang='lat' dir='ltr'><strong>Dei</strong></span> <span class='ocrx_word' id='word_1_955' title='bbox 3302 5379 3484 5437; x_wconf 86' lang='lat' dir='ltr'><strong>videre</strong></span> <span class='ocrx_word' id='word_1_956' title='bbox 3509 5385 3686 5451; x_wconf 89' lang='lat' dir='ltr'><strong>potuit</strong></span> <span class='ocrx_word' id='word_1_957' title='bbox 3739 5404 3884 5443; x_wconf 75' lang='lat' dir='ltr'><strong>au-</strong></span> 
     </span>
    </p>
   </div>
   <div class='ocr_carea' id='block_1_114' title="bbox 2235 5465 3888 5543">
    <p class='ocr_par' dir='ltr' id='par_1_114' title="bbox 2235 5465 3888 5543">
     <span class='ocr_line' id='line_1_114' title="bbox 2235 5465 3888 5543; baseline 0.014 -28"><span class='ocrx_word' id='word_1_958' title='bbox 2235 5470 2445 5530; x_wconf 88' lang='lat' dir='ltr'><strong>tequam</strong></span> <span class='ocrx_word' id='word_1_959' title='bbox 2474 5465 2884 5536; x_wconf 73' lang='lat' dir='ltr'><strong>cOnSpieabilcm</strong></span> <span class='ocrx_word' id='word_1_960' title='bbox 2914 5471 3191 5527; x_wconf 86' lang='lat' dir='ltr'><strong>materiam</strong></span> <span class='ocrx_word' id='word_1_961' title='bbox 3219 5474 3357 5528; x_wconf 90' lang='lat' dir='ltr'><strong>sicut</strong></span> <span class='ocrx_word' id='word_1_962' title='bbox 3385 5474 3434 5529; x_wconf 91' lang='lat' dir='ltr'><strong>ei</strong></span> <span class='ocrx_word' id='word_1_963' title='bbox 3476 5476 3672 5543; x_wconf 88' lang='lat' dir='ltr'><strong>placuit</strong></span> <span class='ocrx_word' id='word_1_964' title='bbox 3691 5517 3709 5540; x_wconf 84' lang='lat'><strong>,</strong></span> <span class='ocrx_word' id='word_1_965' title='bbox 3760 5495 3848 5537; x_wconf 77' lang='lat' dir='ltr'><strong>as</strong></span> <span class='ocrx_word' id='word_1_966' title='bbox 3867 5513 3888 5524; x_wconf 66' lang='grc' dir='ltr'><strong>ι</strong></span> 
     </span>
    </p>
   </div>
   <div class='ocr_carea' id='block_1_115' title="bbox 2233 5560 3886 5636">
    <p class='ocr_par' dir='ltr' id='par_1_115' title="bbox 2233 5560 3886 5636">
     <span class='ocr_line' id='line_1_115' title="bbox 2233 5560 3886 5636; baseline 0.011 -25"><span class='ocrx_word' id='word_1_967' title='bbox 2233 5560 2460 5624; x_wconf 72' lang='grc' dir='ltr'>διιιιιρδὶι</span> <span class='ocrx_word' id='word_1_968' title='bbox 2482 5599 2496 5621; x_wconf 85' lang='grc'><strong>.</strong></span> <span class='ocrx_word' id='word_1_969' title='bbox 2527 5561 2607 5614; x_wconf 87' lang='lat' dir='ltr'><strong>vel</strong></span> <span class='ocrx_word' id='word_1_970' title='bbox 2640 5560 2812 5628; x_wconf 89' lang='lat' dir='ltr'><strong>ipsum</strong></span> <span class='ocrx_word' id='word_1_971' title='bbox 2844 5560 3113 5619; x_wconf 90' lang='lat' dir='ltr'><strong>hominem</strong></span> <span class='ocrx_word' id='word_1_972' title='bbox 3162 5565 3382 5622; x_wconf 87' lang='lat' dir='ltr'><strong>induere</strong></span> <span class='ocrx_word' id='word_1_973' title='bbox 3418 5567 3670 5636; x_wconf 77' lang='lat' dir='ltr'><strong>dignatus</strong></span> <span class='ocrx_word' id='word_1_974' title='bbox 3705 5587 3829 5629; x_wconf 77' lang='lat' dir='ltr'><strong>est</strong></span> <span class='ocrx_word' id='word_1_975' title='bbox 3854 5579 3886 5631; x_wconf 70' lang='grc' dir='ltr'><em>ἲ</em></span> 
     </span>
    </p>
   </div>
   <div class='ocr_carea' id='block_1_116' title="bbox 2231 5654 3893 5743">
    <p class='ocr_par' dir='ltr' id='par_1_116' title="bbox 2231 5654 3893 5743">
     <span class='ocr_line' id='line_1_116' title="bbox 2231 5654 3893 5743; baseline 0.016 -38"><span class='ocrx_word' id='word_1_976' title='bbox 2231 5654 2328 5722; x_wconf 89' lang='lat' dir='ltr'><strong>Qui</strong></span> <span class='ocrx_word' id='word_1_977' title='bbox 2357 5658 2456 5711; x_wconf 89' lang='lat' dir='ltr'><strong>etsi</strong></span> <span class='ocrx_word' id='word_1_978' title='bbox 2489 5658 2714 5743; x_wconf 77' lang='lat' dir='ltr'><strong>Abrahzc</strong></span> <span class='ocrx_word' id='word_1_979' title='bbox 2741 5662 2886 5716; x_wconf 86' lang='lat' dir='ltr'><strong>visus</strong></span> <span class='ocrx_word' id='word_1_980' title='bbox 2913 5674 2994 5718; x_wconf 88' lang='lat' dir='ltr'><strong>est</strong></span> <span class='ocrx_word' id='word_1_981' title='bbox 3022 5665 3171 5732; x_wconf 74' lang='lat' dir='ltr'><strong>(Gen.</strong></span> <span class='ocrx_word' id='word_1_982' title='bbox 3200 5668 3381 5736; x_wconf 69' lang='grc' dir='ltr'>χνιιι),</span> <span class='ocrx_word' id='word_1_983' title='bbox 3419 5669 3516 5723; x_wconf 85' lang='lat' dir='ltr'><strong>sed</strong></span> <span class='ocrx_word' id='word_1_984' title='bbox 3554 5669 3606 5723; x_wconf 90' lang='lat' dir='ltr'><strong>iu</strong></span> <span class='ocrx_word' id='word_1_985' title='bbox 3651 5672 3740 5724; x_wconf 81' lang='lat' dir='ltr'><strong>Im</strong></span> <span class='ocrx_word' id='word_1_986' title='bbox 3765 5693 3893 5737; x_wconf 70' lang='lat' dir='ltr'><strong>ma</strong></span> 
     </span>
    </p>
   </div>
   <div class='ocr_carea' id='block_1_117' title="bbox 2233 5761 3899 5842">
    <p class='ocr_par' dir='ltr' id='par_1_117' title="bbox 2233 5761 3899 5842">
     <span class='ocr_line' id='line_1_117' title="bbox 2233 5761 3899 5842; baseline 0.012 -30"><span class='ocrx_word' id='word_1_987' title='bbox 2233 5761 2446 5814; x_wconf 85' lang='lat' dir='ltr'><strong>humani</strong></span> <span class='ocrx_word' id='word_1_988' title='bbox 2495 5764 2736 5833; x_wconf 79' lang='lat' dir='ltr'><strong>corporis</strong></span> <span class='ocrx_word' id='word_1_989' title='bbox 2778 5766 2920 5818; x_wconf 77' lang='lat' dir='ltr'><strong>visus</strong></span> <span class='ocrx_word' id='word_1_990' title='bbox 2971 5777 3083 5830; x_wconf 80' lang='lat' dir='ltr'><strong>est,</strong></span> <span class='ocrx_word' id='word_1_991' title='bbox 3135 5784 3240 5836; x_wconf 90' lang='lat' dir='ltr'><strong>quo</strong></span> <span class='ocrx_word' id='word_1_992' title='bbox 3279 5769 3484 5826; x_wconf 79' lang='lat' dir='ltr'><strong>scilicet</strong></span> <span class='ocrx_word' id='word_1_993' title='bbox 3535 5783 3899 5842; x_wconf 70' lang='lat' dir='ltr'><strong>postrexus</strong></span> 
     </span>
    </p>
   </div>
  </div>
