3960 6176
254 326 347 382 461

1221 325 1495 383 CONTRA
1538 320 2295 381 PALLADIUMIARIANUM
2333 324 2458 382 LIB.
2498 324 2559 380 Ii.

3410 329 3517 387 462

249 437 580 513 temporibus
632 441 685 495 in
726 441 939 495 homine
979 449 1233 496 venturrrs
1277 454 1399 495 esse
1436 440 1827 496 ostenderetur.
1861 439 1913 496 Α
1938 436 2080 503 tulit,
2110 445 2171 492 ut
2195 440 2437 509 spiritum
2468 440 2517 494 in
2544 454 2759 496 carnem
2784 448 3034 503 mutaret,
3066 440 3159 497 sed
3188 449 3244 496 ut
3264 450 3517 511 suseqrto

250 536 413 591 Iacob
437 537 603 590 etiam
630 536 757 589 alibi
784 536 835 589 iu
866 537 1077 604 angelo,
1101 535 1227 589 alibi
1252 549 1402 604 aeque
1427 534 1637 590 videtur
1664 533 1717 587 in
1744 534 1839 586 ho-

247 633 391 687 mine
420 631 580 703 ((ἷειι.
612 630 819 699 xxvm).
848 630 949 698 Qui
981 629 1103 684 ideo
1126 643 1187 684 se
1210 630 1261 683 in
1283 629 1473 699 angelo
1499 627 1835 683 demonstra-

246 728 340 788 vit,
374 734 437 779 ut
477 724 724 778 nuntium
766 738 824 777 sc
863 721 1039 791 magni
1078 720 1286 775 consilii
1333 719 1613 773 indicaret.
1648 717 1704 771 ιιι
1737 718 1838 770 ho-

251 815 396 868 mine
418 827 552 867 vero
576 827 699 867 cum
726 828 831 881 quo
876 820 930 866 et
960 810 1277 864 colluctatus
1290 807 1466 863 fuisse
1486 806 1830 871 describitur,

249 914 304 959 ut
333 905 624 972 imaginem
658 904 848 957 futura:
895 899 1289 957 colluctationis
1316 914 1473 967 quam
1516 913 1635 952 cum
1674 898 1835 952 lsrael

248 994 533 1049 habiturus
560 1003 674 1048 erat
700 994 853 1064 (Gen.
880 1007 1061 1058 χχχιι,
1091 990 1208 1059 ‘50),
1236 1004 1355 1045 cum
1399 989 1691 1044 secundum
1732 989 1834 1043 ho-

248 1085 444 1138 minem
482 1082 820 1146 advenisset,
871 1081 1152 1151 perspicue
1191 1078 1469 1133 indicaret.
1500 1077 1606 1133 Sed
1651 1087 1709 1131 ut
1736 1077 1836 1132 Do-

250 1174 451 1228 minum
486 1174 754 1239 crederet,
784 1186 904 1228 cum
936 1186 1041 1241 quo
1067 1179 1214 1226 tanto
1235 1169 1529 1225 certamine
1550 1168 1649 1224 sub
1670 1170 1835 1239 figura

256 1265 494 1320 hominis
542 1263 874 1325 luctabatur,
918 1262 1114 1323 lsrael,
1161 1260 1212 1316 id
1259 1269 1373 1328 est,
1436 1261 1600 1317 homo
1646 1259 1834 1314 videns

252 1355 445 1422 Deum,
478 1368 675 1409 nomen
706 1353 928 1423 accepit.
966 1352 1085 1406 Vidi
1106 1354 1257 1420 enim,
1283 1352 1480 1422 inquit,
1510 1352 1675 1406 Deum
1706 1353 1835 1422 facie

250 1446 320 1499 ad
350 1448 557 1516 facient,
586 1456 633 1499 et
661 1447 805 1500 salva
836 1449 969 1515 facta
990 1454 1064 1499 est
1092 1446 1261 1499 animo
1290 1462 1401 1500 mea
1431 1446 1623 1516 (Exod.
1655 1462 1731 1511 ιιι,
1753 1445 1831 1517 ‘2).

255 1537 322 1590 Et
349 1537 536 1606 utique
580 1536 801 1606 ﬁguram
831 1537 1062 1592 hominis
1106 1538 1341 1606 viderat,
1373 1555 1531 1608 quam
1570 1539 1708 1594 Deus
1739 1538 1833 1593 Dei

256 1627 423 1683 Filius
447 1627 715 1684 induerat.
747 1628 912 1699 Moysi
946 1630 997 1683 in
1026 1630 1160 1684 rubo
1190 1629 1240 1682 in
1271 1628 1478 1683 flamma
1512 1630 1647 1699 ignis
1675 1645 1835 1700 appa-

248 1720 375 1785 ruit,
408 1728 466 1773 ut
494 1720 670 1775 lumen
697 1719 1069 1782 credentibus,
1116 1719 1405 1775 incredulis
1446 1719 1706 1789 judicium
1737 1721 1841 1775 de-,

1940 529 2139 585 homini
2181 530 2633 587 immortalitatem
2680 541 2838 601 atque
2880 532 3234 587 azternitatcm
3278 532 3513 588 caelestis

1937 621 2060 676 vita
2088 629 2382 688 praestaret.
2425 623 2557 677 Nam
2590 624 2690 679 etsi
2718 625 3006 692 Apostolus
3032 625 3378 693 semetipsum
3403 626 3518 679 exi-

1938 712 2153 766 nanisse
2194 713 2355 778 dicit,
2399 714 2624 769 formam
2653 717 2793 771 servi
2824 716 3165 785 suscipiendo
3197 716 3418 786 (Philip.
3448 732 3511 786 ιι,

1940 799 2017 867 7),
2050 815 2157 855 non
2204 801 2387 870 utique
2415 804 2493 857 sic
2528 804 2857 858 exinanitum
2900 806 3190 873 accipimus
3215 845 3231 870 ,
3277 815 3337 860 ut
3369 806 3515 863 aliud

1938 907 2095 961 quam
2129 894 2271 960 quod
2300 894 2472 948 fuerat
2512 896 2653 949 idem
2697 897 2916 964 spiritus
2950 898 3120 965 ﬁeret,
3152 897 3248 952 sed
3278 906 3338 952 ut
3359 913 3519 966 sepo-

1937 986 2042 1039 sito
2068 986 2280 1040 interim
2324 987 2618 1055 majestatis
2646 1002 2759 1043 suae
2791 991 3027 1057 honore,
3078 991 3367 1046 humanum
3397 1008 3520 1048 cor-

1937 1088 2035 1144 pus
2063 1074 2337 1145 indueret,
2370 1090 2477 1144 quo
2498 1086 2769 1148 suscepto,
2813 1081 2957 1135 salus
2985 1083 3221 1150 gentium
3246 1082 3416 1138 ﬁeret.
3448 1084 3518 1140 Ut

1935 1167 2079 1223 enim
2108 1168 2186 1224 sol
2227 1184 2348 1224 cum
2381 1170 2520 1225 nube
2545 1172 2761 1240 tegitur,
2793 1172 3013 1229 claritas
3040 1172 3199 1243 523
3226 1173 3343 1242 ejus
3364 1187 3517 1229 com-

1936 1258 2203 1326 primitur,
2232 1275 2338 1315 non
2369 1272 2619 1329 caecatur,
2653 1272 2706 1318 ct
2732 1263 2911 1318 lumen
2936 1263 3065 1318 illud
3086 1265 3229 1333 quod
3254 1272 3366 1319 toto
3386 1268 3519 1321 urbe

1936 1349 2185 1405 diﬁ‘nsum
2208 1352 2352 1407 claro
2376 1354 2661 1421 splendore
2690 1364 2880 1410 cuncta
2903 1355 3205 1423 perfundit,
3235 1369 3396 1424 parvo
3426 1358 3519 1411 ad-

1937 1439 2152 1494 modum
2181 1443 2454 1497 obstaculo
2484 1445 2641 1498 nubis
2669 1444 2975 1511 includitur,
3008 1459 3113 1499 non
3142 1446 3414 1500 aufertur:
3440 1448 3519 1502 sic

1934 1540 1991 1584 et
2019 1531 2181 1587 homo
2224 1534 2315 1587 ille
2346 1550 2502 1604 quem
2537 1536 2794 1590 Dominus
2834 1536 3182 1606 Salvatorque
3220 1547 3419 1604 noster,
3464 1540 3518 1593 id

1935 1628 2019 1675 est
2048 1621 2186 1677 Deus
2227 1624 2426 1692 Deique
2459 1626 2627 1680 Filius
2667 1627 2868 1692 induit,
2900 1627 3155 1682 deitatem
3195 1627 3247 1681 in
3278 1628 3372 1682 illo
3409 1643 3516 1683 non

1938 1712 2238 1783 intercepit,
2272 1716 2366 1770 sed
2398 1718 2695 1772 abscondit.
2730 1718 2968 1788 Denique
2992 1732 3111 1775 curn
3140 1734 3199 1775 se
3238 1721 3292 1775 in
3334 1732 3523 1781 monte.

252 1818 581 1865 monstraret
608 1827 619 1862 :
644 1810 768 1879 quia
788 1809 1035 1864 Christus
1058 1808 1400 1864 credentibus
1430 1810 1573 1864 salus
1600 1819 1700 1875 est,
1730 1826 1836 1864 non
1868 1799 1915 1858 Β
1943 1805 2219 1872 paululum
2245 1814 2397 1860 extra
2432 1808 2604 1875 ipsum
2636 1808 2904 1864 hominem
2944 1810 3223 1866 extulisset
3246 1852 3260 1877 ,
3309 1810 3517 1881 fulgore

251 1897 595 1952 credentibus
623 1912 776 1966 poena
797 1939 813 1964 ,
854 1907 910 1952 ut
938 1899 1225 1967 Apostolus
1251 1899 1324 1952 ait
1353 1918 1367 1951 :
1399 1899 1529 1953 Aliis
1568 1901 1695 1954 odor
1724 1902 1838 1954 vita:

254 1990 305 2041 in
342 1990 517 2053 vitam,
544 1989 661 2043 aliis
690 1989 816 2043 odor
847 1990 1022 2043 mortis
1050 1990 1102 2043 in
1126 2000 1333 2044 mortem
1363 1988 1451 2061 (ΙΙ
1480 1990 1599 2046 Cor.
1632 2007 1691 2056 ιι,
1725 1992 1833 2061 16).

255 2078 513 2148 Populum
554 2079 715 2134 lsrael
746 2081 797 2135 in
825 2080 1072 2135 columna
1111 2082 1265 2137 nubis
1308 2097 1400 2149 per
1438 2083 1612 2149 diem,
1652 2094 1705 2139 et
1745 2100 1841 2153 per

256 2179 467 2227 noctem
490 2172 542 2225 iu
570 2173 817 2227 columna
855 2173 990 2243 ignis
1019 2175 1168 2244 quasi
1207 2176 1311 2229 dux
1343 2174 1546 2230 itineris
1572 2178 1838 2245 praecede-

255 2260 346 2315 bat
385 2261 581 2331 (Exod.
604 2252 719 2328 χιιι,
746 2262 861 2333 2i),
892 2273 949 2317 ιιι
986 2265 1233 2334 baptismi
1263 2266 1486 2335 gratiam
1520 2282 1614 2333 per
1640 2267 1833 2323 nubem

251 2363 307 2406 et
331 2352 529 2406 donum
560 2353 731 2406 sancti
760 2353 991 2421 Spiritus
1023 2368 1117 2423 per
1147 2354 1320 2425 ignem
1344 2356 1651 2411 ostenderet
1678 2374 1688 2408 :
1714 2358 1833 2426 quia

251 2443 529 2510 apostolus
574 2443 764 2498 Paulus
814 2446 865 2497 in
898 2445 1037 2499 nube
1084 2446 1267 2500 Patres
1314 2447 1607 2517 baptizatos
1653 2450 1839 2505 scribit

255 2532 316 2599 (1
347 2534 469 2587 Cor.
494 2550 547 2602 x,
574 2534 650 2599 ἓ).
678 2535 740 2588 Ει
768 2536 1021 2603 Spiritum
1045 2539 1180 2591 sicut
1220 2538 1392 2606 ignem
1419 2553 1538 2593 esse
1571 2541 1839 2608 apostolo-

252 2639 376 2677 rum
406 2625 535 2679 Acta
560 2625 830 2679 declarant
859 2626 994 2695 (Act.
1030 2643 1087 2691 ιι,
1111 2628 1188 2697 5).
1217 2627 1379 2683 Vides
1405 2644 1531 2699 ergo
1560 2646 1653 2699 per
1679 2632 1835 2704 522

250 2714 435 2769 orrtnia
454 2756 467 2781 ,
497 2714 779 2777 haeretica,
822 2716 1164 2771 characteres
1194 2718 1492 2774 divinarum
1534 2721 1839 2790 dispositio-

251 2822 384 2862 num
417 2807 469 2861 in
510 2806 768 2862 honorem
801 2809 893 2863 Dei
937 2810 1182 2867 Patribus
1214 2823 1593 2882 przeostensos,
1626 2832 1728 2871 non
1761 2826 1838 2872 ta-

255 2913 382 2952 men
412 2897 581 2967 ipsunt
625 2899 787 2953 Deum
810 2942 822 2960 ,
856 2909 915 2955 ut
939 2911 1049 2968 est,
1089 2902 1308 2972 proprie
1336 2905 1648 2959 revelatum.
1680 2907 1841 2962 Deni-

251 3003 363 3058 que
391 3003 511 3042 cum
545 2989 752 3059 Moyses
791 3002 971 3045 oraret
997 3000 1056 3045 ut
1082 2991 1269 3048 faciem
1300 2994 1394 3049 Dei
1434 3011 1566 3064 pure
1597 2996 1835 3065 videret,

250 3078 386 3147 quid
417 3079 483 3132 ad
513 3078 660 3133 illum
705 3079 958 3134 continuo
991 3082 1162 3135 Deus?
1212 3082 1333 3137 Non
1374 3085 1589 3154 poteris,
1632 3085 1835 3157 inquit,

1939 1895 2154 1950 luminis
2182 1897 2297 1965 ejus
2328 1912 2465 1965 pene
2494 1899 2747 1954 obczecati
2775 1902 3002 1969 apostoli
3029 1901 3242 1970 (Matth.
3276 1902 3407 1970 χιιι)
3437 1904 3518 1972 (in

1938 1994 2133 2041 terram
2162 1988 2358 2057 quippe
2388 1988 2632 2046 homines
2662 1992 2995 2062 cediderrrnt')
3026 1994 3308 2062 periclitati
3332 1996 3517 2062 vitam,

1937 2080 2036 2132 nisi
2081 2080 2160 2135 eis
2208 2080 2465 2137 Dominus
2492 2092 2803 2153 compresso
2843 2099 3054 2140 rursum
3087 2085 3379 2156 majestatis
3409 2102 3520 2142 suae

1939 2171 2145 2228 honore
2176 2182 2232 2227 ιιι
2266 2174 2572 2229 misericors
2616 2176 2992 2243 subvenisset,
3039 2176 3331 2232 secundum
3373 2178 3519 2232 illam

1938 2264 2255 2317 sententiam
2283 2282 2294 2315 :
2324 2264 2489 2319 Nemo
2515 2266 2638 2319 cidit
2666 2266 2849 2331 Deum,
2876 2276 2928 2320 et
2950 2267 3073 2320 vixit
3103 2267 3301 2337 (Exod.
3330 2282 3516 2334 χχχιιι,

1936 2352 2051 2421 20).
2082 2354 2152 2408 Ut
2183 2368 2312 2423 ergo
2331 2355 2545 2410 claritas
2577 2356 2709 2410 solis
2736 2370 2858 2411 cum
2892 2369 2993 2409 non
3023 2371 3192 2426 usque
3216 2358 3281 2412 ad
3309 2368 3521 2413 nostros

1936 2443 2135 2496 emicat
2160 2443 2306 2497 visus
2342 2444 2443 2498 sibi
2473 2445 2620 2497 salva
2650 2453 2761 2509 est;
2803 2444 2926 2514 quia
2958 2444 3096 2514 quod
3137 2461 3242 2500 non
3286 2447 3516 2509 videtur,

1946 2532 2273 2589 inﬁrmitatis
2296 2543 2382 2589 est
2420 2546 2616 2589 nostra:
2638 2579 2651 2602 ,
2683 2550 2908 2603 quorum
2936 2535 3124 2591 oculos
3144 2536 3358 2590 nubium
3390 2540 3522 2592 texit

1937 2624 2244 2679 obscuritas
2270 2643 2283 2679 :
2320 2626 2390 2679 ita
2422 2637 2475 2681 et
2505 2628 2760 2694 majestas
2781 2628 2868 2682 illa
2900 2628 3100 2692 divina,
3124 2642 3242 2697 qua:
3272 2629 3353 2700 (ut
3378 2628 3515 2698 dixi)

1936 2726 2132 2781 corpus
2173 2715 2449 2783 induerat,
2487 2717 2675 2784 probat
2717 2731 2778 2772 se
2823 2732 2928 2771 non
2966 2717 3291 2773 detrimento
3320 2722 3516 2788 proprii

1939 2804 2156 2859 latuisae
2182 2805 2429 2875 fulgoris,
2463 2810 2555 2861 sed
2586 2808 2784 2871 carnis,
2815 2816 2874 2862 ut
2898 2806 3030 2873 dixi,
3058 2809 3336 2874 beneficio,
3368 2812 3519 2880 cujus

1936 2907 2097 2947 causa
2122 2892 2286 2950 Filius
2309 2896 2425 2963 Dei,
2451 2896 2615 2952 Filius
2638 2897 2868 2953 hominis
2887 2912 3008 2955 esse
3028 2899 3297 2955 sustinuit.
3316 2902 3518 2972 Nempe

1938 2982 2079 3038 enim
2112 2984 2179 3039 de
2208 2985 2409 3055 Spiritu
2451 2987 2543 3041 Dei
2572 2988 2734 3057 Virgo
2762 2989 3029 3056 concepit,
3061 2997 3117 3044 et
3145 2990 3287 3059 quod
3324 3005 3518 3046 conce-

1945 3075 2039 3143 pit,
2061 3075 2163 3133 hoc
2186 3079 2411 3148 peperit,
2433 3078 2483 3134 id
2504 3090 2605 3146 est,
2631 3079 2796 3135 Deum
2817 3080 3019 3135 homini
3040 3095 3140 3137 suo
3162 3083 3244 3152 (ut
3253 3082 3362 3152 jam
3384 3082 3519 3153 dixi)

253 3169 432 3221 ridere
457 3169 639 3237 facient
675 3185 863 3223 meam.
905 3169 1027 3224 Non
1066 3172 1199 3225 enim
1241 3171 1424 3226 videbit
1468 3173 1617 3228 homo
1658 3178 1839 3245 faciem
1867 3157 1913 3218 Ο
1944 3171 2206 3224 sociatum
2233 3188 2247 3225 :
2276 3170 2412 3226 sicut
2440 3170 2555 3239 ipse
2581 3171 2715 3225 dixit
2745 3189 2759 3224 :
2792 3172 2941 3237 Quod
2969 3173 3196 3226 nascitur
3231 3172 3297 3226 dc
3332 3190 3517 3237 carne,

254 3272 445 3324 meam,
472 3268 520 3312 et
548 3261 672 3311 vivet
698 3258 896 3331 (Exod.
927 3276 1119 3328 χχχιιι,
1148 3260 1266 3331 20).
1299 3262 1412 3318 Hoc
1437 3264 1552 3333 ipso
1580 3267 1719 3336 quod
1749 3283 1839 3324 ιιεο

251 3356 414 3415 gatur
436 3360 705 3417 aspectus,
739 3349 951 3404 claritas
972 3351 1298 3420 assignatur,
1326 3368 1443 3422 quae
1468 3356 1671 3412 scilicet
1694 3365 1838 3412 tanta

252 3447 370 3505 est,
400 3448 599 3507 quanta
642 3438 907 3494 credenda
952 3447 1036 3495 est
1068 3456 1189 3511 quae
1232 3442 1515 3499 invisibilis
1556 3445 1837 3502 indicatur.

250 3527 392 3583 Cum
436 3543 566 3598 ergo
594 3528 802 3598 Moyses
826 3538 883 3586 et
909 3531 1068 3585 situm
1098 3532 1219 3587 eteli
1242 3572 1259 3599 ,
1286 3544 1339 3587 et
1368 3534 1582 3590 ordines
1619 3537 1841 3603 mundi,

251 3627 310 3674 et
328 3620 720 3674 elementorum
743 3620 907 3689 vices,
934 3623 1093 3678 totius
1113 3622 1343 3691 denique
1368 3626 1513 3682 orbis
1528 3640 1841 3685 ornamenta

250 3708 564 3779 digesserit,
597 3710 881 3780 indicarit,
924 3714 1287 3781 expresserit,
1320 3715 1403 3769 cui
1450 3716 1561 3785 ipse
1586 3717 1842 3775 Dominus

250 3801 630 3880 testimonium
658 3802 948 3871 perhibuit,
981 3803 1164 3858 dicens
1190 3822 1201 3857 :
1237 3804 1402 3859 Nemo
1429 3809 1520 3860 erit
1540 3824 1601 3862 ex
1628 3811 1843 3880 praphe—

251 3891 323 3944 tis
360 3899 421 3942 ιιι
454 3874 626 3945 servus
655 3906 800 3945 meus
829 3890 1053 3961 Moyses,
1084 3894 1164 3947 cui
1192 3894 1325 3963 facie
1362 3897 1429 3949 ad
1457 3897 1638 3967 faciem
1667 3915 1752 3952 ore
1774 3902 1843 3953 ad

246 3999 309 4035 os
341 3983 546 4037 locutus
572 3998 683 4037 sum
714 3984 903 4053 (Num.
933 4000 1034 4051 xu,
1067 3985 1147 4055 7),
1195 3987 1364 4042 Deum
1397 3996 1571 4046 tamen
1601 4008 1731 4061 pure
1767 3993 1839 4047 vi-

246 4074 385 4128 dere
434 4088 541 4128 non
570 4074 760 4143 potuit.
801 4076 990 4133 Merito
1020 4080 1234 4150 quidem
1266 4081 1542 4152 prophetia
1589 4084 1731 4137 omni
1763 4085 1844 4139 di-

247 4181 415 4234 gnus,
447 4167 541 4221 sed
570 4182 673 4222 non
705 4184 873 4239 usque
911 4171 1048 4226 adeo
1088 4182 1146 4227 ut
1175 4174 1369 4229 intueri
1402 4175 1567 4229 Deum
1603 4170 1840 4242 valeret,

243 4257 379 4325 quia
406 4255 571 4311 homo
616 4261 983 4316 tantummodo
1027 4272 1187 4317 esset.
1233 4264 1298 4318 Et
1343 4265 1524 4335 utique
1555 4266 1641 4320 hic
1665 4267 1841 4321 omnia

244 4345 378 4401 Filii
422 4348 588 4403 verba
631 4348 990 4416 defendimus,
1035 4368 1191 4423 quem
1233 4354 1284 4408 in
1331 4365 1513 4410 monte
1555 4356 1681 4411 Sina
1721 4372 1839 4411 cum

241 4439 442 4510 Moyse
470 4441 701 4496 locutum
729 4458 849 4498 esse
876 4444 1097 4511 scimus,
1123 4447 1213 4514 qui
1238 4446 1458 4516 agendis
1482 4447 1839 4517 explicandis-

1941 3278 2065 3316 caro
2091 3273 2161 3316 est
2184 3278 2204 3315 :
2225 3271 2272 3316 et
2299 3264 2434 3332 quod
2458 3264 2773 3317 nascitur'dc
2795 3264 2979 3331 spiritu
3000 3304 3015 3328 ,
3044 3264 3251 3334 spiritus
3271 3273 3346 3319 cat
3360 3308 3377 3334 ,
3400 3267 3521 3334 quia

1943 3356 2081 3409 Deus
2108 3356 2334 3425 Spiritus
2377 3365 2472 3422 est,
2513 3367 2563 3410 ct
2588 3357 2652 3411 de
2694 3356 2800 3410 Deo
2829 3365 2979 3411 natus
3000 3366 3078 3411 est
3108 3355 3286 3426 (loco.
3317 3373 3405 3423 ιιι,
3438 3359 3516 3428 ϐ).

1940 3446 2095 3501 Sicut
2118 3456 2175 3501 et
2201 3446 2424 3517 angelus
2451 3447 2518 3502 ad
2554 3448 2773 3503 Mariam
2801 3448 3060 3518 virginem
3087 3447 3218 3503 dicit
3242 3466 3254 3500 :
3294 3449 3521 3520 Spinm

1944 3537 2041 3591 οιιί
2067 3537 2223 3592 veniet
2250 3539 2305 3591 in
2330 3548 2407 3602 te,
2433 3546 2479 3592 et
2502 3538 2663 3594 virtus
2692 3537 2933 3592 Altiuimi
2955 3535 3269 3591 obumbrabit
3298 3548 3362 3592 te.
3391 3538 3521 3591 Pro-

1943 3638 2113 3696 pterea
2140 3629 2277 3697 quod
2319 3637 2553 3682 nascetur
2593 3644 2657 3682 ex
2701 3638 2749 3681 te
2764 3636 3018 3693 sanctum,
3064 3627 3321 3681 vocabitur
3350 3624 3521 3681 Filius

1943 3718 2039 3773 Dei
2065 3719 2215 3790 (Luc.
2258 3733 2310 3786 ι,
2332 3719 2448 3788 55).
2477 3718 2639 3772 Vides
2667 3730 2801 3786 ergo
2822 3721 2994 3786 ipsum
3021 3718 3266 3783 spiritum
3286 3756 3302 3780 ,
3344 3716 3393 3769 id
3435 3728 3521 3771 est

1942 3810 2135 3864 Filium
2161 3809 2254 3864 Dei
2277 3808 2490 3864 venisse
2516 3807 2583 3861 ad
2614 3806 2910 3875 Virginem,
2948 3814 3011 3860 et
3038 3805 3161 3860 inde
3200 3806 3291 3859 Dei
3333 3815 3389 3859 et
3422 3805 3519 3858 lto-

1943 3900 2104 3957 minis
2127 3898 2320 3953 Filium
2346 3896 2706 3967 processisse?
2729 3896 2839 3950 Nec
2866 3903 3042 3950 tamen
3071 3895 3187 3963 ipso
3206 3895 3520 3950 indumento

1940 3992 2120 4047 carnis
2144 3991 2238 4045 Dei
2266 3990 2460 4044 Filium
2486 4001 2605 4042 esse
2634 3996 2914 4052 mutatum,
2947 3986 3042 4041 sed
3071 3986 3316 4043 eumdem
3344 3986 3517 4055 ipsum

1943 4098 2062 4137 esse
2094 4083 2144 4135 in
2188 4080 2404 4135 homine
2434 4078 2523 4147 qui
2548 4077 2722 4132 fuerat
2754 4086 2877 4131 ante
2898 4077 3153 4132 mundum
3180 4091 3299 4132 cum
3329 4078 3481 4130 l‘alre
3500 4118 3515 4142 ,

1944 4188 2038 4241 per
2068 4186 2225 4241 quem
2270 4173 2402 4224 facta
2435 4176 2559 4223 sunt
2587 4167 2763 4221 omnia
2784 4206 2799 4233 ,
2828 4176 2884 4222 et
2922 4168 3039 4222 sine
3077 4181 3182 4236 quo
3211 4166 3406 4220 factum
3436 4180 3520 4221 est

1942 4262 2108 4327 nihil,
2140 4263 2275 4316 sicut
2306 4260 2630 4329 evangelista
2654 4260 2729 4313 ait
2755 4276 2768 4311 :
2800 4256 3025 4311 Mundus
3049 4273 3139 4327 per
3167 4257 3329 4326 ipsum
3359 4258 3519 4326 facta:

1941 4361 2014 4405 est
2033 4391 2047 4417 ,
2079 4361 2129 4406 et
2153 4352 2371 4404 mundus
2396 4366 2511 4403 eum
2533 4364 2634 4403 non
2662 4349 2888 4419 cognovit
2931 4348 3105 4416 (Joan.
3136 4362 3186 4410 ι,
3214 4346 3521 4416 l0).,C:etc-

1941 4461 2060 4499 rum
2086 4444 2312 4507 amentis
2341 4452 2425 4498 est
2445 4442 2684 4509 credere,
2715 4440 2784 4494 ab
2806 4453 2870 4494 eo
2894 4453 3051 4508 posse
3077 4438 3311 4504 liberari,
3341 4439 3428 4507 qui
3463 4449 3517 4494 ut

239 4546 364 4601 que
395 4530 555 4587 rebus
587 4548 617 4585 a
640 4532 795 4588 Patre
816 4533 1101 4589 advenerat
1121 4513 1295 4607 {quia
1314 4538 1491 4591 omnia
1521 4513 1565 4592 av
1580 4539 1839 4609 principio
1864 4513 1917 4573 υ
1945 4538 2215 4605 liberaret,
2251 4536 2625 4599 amissusoest;
2656 4543 2714 4588 ut
2734 4540 3062 4597 nasceretur,
3092 4545 3379 4600 oppressus
3401 4543 3516 4596 est;

234 4641 352 4696 per
382 4626 558 4695 ipsum
582 4637 635 4682 et
663 4628 898 4684 ordinari
929 4637 983 4683 et
1011 4630 1264 4698 explicari
1295 4639 1349 4686 et
1387 4646 1604 4687 manere
1643 4646 1839 4687 conve-

236 4729 435 4781 nerat,
462 4726 520 4771 ut
548 4718 778 4774 habendi
806 4720 922 4775 Filii
950 4720 1062 4776 hare
1092 4723 1355 4791 praecipue
1382 4724 1519 4777 ratio
1546 4732 1835 4779 constaret.

232 4808 312 4863 Et
338 4818 525 4863 tamen
552 4808 631 4863 sic
652 4811 795 4863 visus
817 4810 1090 4881 accipitur,
1114 4821 1172 4865 ut
1193 4812 1417 4882 alicujus
1438 4814 1836 4881 conSpicabilis,

233 4908 299 4952 ut
351 4897 506 4964 dixi,
555 4900 791 4953 materia:
838 4900 1185 4969 dispositione
1229 4913 1500 4973 assumpta
1546 4904 1833 4971 videretur,

227 4992 403 5047 salva
438 4990 645 5046 scilicet
687 4992 1045 5049 invisibilitate
1072 4993 1222 5063 ejus,
1270 5010 1428 5066 quam
1476 5011 1506 5052 a
1552 5008 1839 5067 conspectu

224 5083 498 5137 omnium
538 5082 792 5151 majestas
820 5083 1074 5139 interfusa
1115 5086 1373 5154 seposuit.
1426 5087 1538 5141 Non
1584 5091 1726 5143 enim
1762 5091 1840 5145 sic

224 5175 507 5230 humanis
529 5175 833 5244 aspectibus
856 5177 1123 5231 revelatus
1141 5185 1244 5244 est,
1270 5189 1328 5233 ut
1351 5186 1455 5232 tota
1480 5180 1530 5233 in
1556 5180 1647 5234 illo
1667 5181 1839 5237 deitas

221 5275 574 5336 appareret,
604 5267 701 5321 sed
728 5265 792 5319 ad
825 5268 993 5322 vicem
1021 5269 1259 5338 speculi,
1290 5284 1411 5324 cum
1440 5280 1726 5340 conceptos
1761 5274 1842 5327 in-

219 5370 309 5413 tra
352 5360 540 5412 lucem
576 5372 726 5412 suam
755 5359 931 5413 vultus
956 5360 1108 5429 quasi
1140 5360 1205 5415 ad
1249 5361 1457 5430 plenam
1481 5362 1710 5432 efﬁgiem
1744 5365 1839 5416 ho-

217 5451 413 5504 minis
457 5448 710 5513 includit;
744 5451 813 5504 ita
840 5450 1134 5518 majestatis
1160 5452 1273 5519 ejus
1304 5461 1571 5520 prmeunte
1602 5451 1834 5522 fulgore,

210 5541 377 5599 intra
418 5540 469 5593 id
513 5543 686 5595 visum
722 5538 851 5607 ‘est,
898 5541 1041 5610 quod
1088 5542 1370 5612 imaginem
1414 5542 1684 5609 veritatis,
1729 5558 1833 5597 non

210 5638 423 5704 ipsum
455 5633 623 5685 Deum
655 5634 867 5701 proprie
896 5632 1303 5687 demonstraret.
1327 5634 1414 5689 Sic
1432 5646 1485 5688 et
1515 5635 1835 5698 cumlrorni-

211 5746 355 5787 rem
404 5726 629 5781 induere
660 5727 902 5795 dignatus
934 5738 1045 5794 est,
1081 5742 1181 5783 non
1231 5727 1405 5782 labem
1440 5728 1719 5783 atcruitari
1756 5730 1831 5783 irr-

1944 4635 2002 4681 ut
2045 4626 2502 4681 immortalitatem
2547 4623 2848 4694 redigeret,
2890 4621 3138 4677 transivit
3164 4621 3229 4675 ad
3267 4634 3516 4677 mortem.

1943 4717 2047 4773 Sed
2070 4714 2235 4787 absit,
2265 4716 2425 4781 absit,
2451 4716 2722 4783 lraaretiee,
2754 4722 2810 4769 ut
2829 4728 3017 4769 sensus
3040 4723 3142 4771 tua:
3168 4713 3459 4783 iniquitatis
3487 4726 3517 4768 a

1942 4809 2217 4864 catholicis
2244 4807 2572 4861 admittatur.
2605 4805 2712 4860 Nos
2736 4804 2877 4860 enim
2900 4804 3171 4859 credimus
3211 4804 3518 4883 immutabi-

1943 4901 2047 4954 lem
2078 4907 2132 4954 et
2159 4897 2620 4953 inconvertibilem
2641 4937 2655 4960 ,
2682 4895 2913 4949 Verbum
2944 4903 2997 4950 et
3020 4894 3276 4965 Spiritum
3298 4937 3311 4961 ,
3353 4896 3405 4951 id
3435 4904 3521 4952 est

1945 4995 2132 5048 Filium
2164 4991 2255 5047 Dei
2290 5010 2300 5044 :
2332 4990 2418 5060 qui
2449 5005 2569 5045 cum
2614 4988 2884 5043 hominem
2932 4988 3137 5056 induit,
3180 5004 3284 5045 non
3322 5000 3520 5045 statunr

1944 5084 2120 5146 vertit,
2166 5096 2269 5137 non
2297 5079 2459 5152 524
2485 5079 2727 5135 ordinem
2755 5079 3004 5148 perdidit,
3035 5095 3140 5136 non
3168 5080 3517 5135 substantiam

1943 5174 2265 5240 imrnutavir,
2297 5172 2391 5227 sed
2423 5170 2633 5225 illuvias
2656 5170 2893 5239 ejusdem
2925 5170 3166 5240 corporis
3187 5179 3389 5224 arterno
3419 5170 3519 5223 cla-

1942 5267 2115 5321 ritatis
2156 5280 2266 5321 suae
2298 5266 2498 5320 lumine
2535 5263 2858 5332 illustravit,
2901 5273 2957 5319 ut
2985 5265 3050 5317 ad
3081 5278 3178 5317 nos
3211 5276 3305 5330 per
3342 5261 3519 5313 trami-

1944 5368 2051 5415 tem
2086 5359 2327 5430 corporis
2368 5358 2515 5429 ejus,
2561 5359 2647 5414 lux
2696 5359 2863 5413 sancti
2907 5357 3162 5425 Spiritus,
3206 5361 3260 5407 ct
3302 5360 3516 5405 reternre

1944 5454 2066 5508 vitro
2090 5453 2256 5523 gratia
2284 5451 2629 5507 redundaret.
2661 5450 2830 5517 Quem
2861 5448 2959 5502 etsi
3000 5456 3211 5515 passum
3246 5440 3514 5497 credimus

1944 5554 1998 5601 et
2036 5545 2333 5614 sepultum,
2365 5543 2458 5598 sed
2508 5543 2668 5596 homo
2709 5541 2794 5593 ille
2831 5551 3016 5607 passus
3045 5541 3126 5588 est
3165 5547 3321 5599 quem
3354 5530 3515 5585 Filius

1948 5638 2035 5691 Dei
2066 5638 2320 5705 suscepit,
2354 5650 2509 5704 quem
2542 5632 2739 5695 induit,
2777 5643 2933 5696 quem
2977 5624 3221 5692 por-tavit.
3265 5622 3368 5675 Sed
3393 5624 3513 5689 quia

1944 5740 2108 5786 totum
2154 5730 2218 5783 ad
2253 5740 2518 5783 aucmrcm
2553 5723 2874 5779 referebatur
2921 5718 3170 5789 quidquid
3221 5716 3379 5773 homo
3424 5716 3511 5771 ille
