3960 6176
452 311 556 367 41.ῗῦ

1770 311 1996 369 VlGlLll
2036 310 2401 369 TAPSENSIS

3597 315 3699 372 εει

450 422 772 493 patiebatur,
813 422 932 479 ideo
974 404 1123 481 mors
1163 435 1219 480 et
1264 427 1441 495 passio
1485 426 1694 482 Domini
1741 427 2019 482 indicatur.
2053 433 2097 490 Α
2125 429 2203 481 bis
2222 426 2465 481 Romani.
2500 427 2627 482 Ecce
2657 428 2832 483 nullus
2856 430 3124 483 senectutis
3150 431 3303 483 annis
3327 438 3699 499 prorutus,“-

451 515 583 569 Nam
603 522 658 567 et
681 521 891 568 constat
913 516 1210 571 immortale
1231 532 1349 572 esse
1368 518 1509 586 quod
1533 518 1623 574 Dei
1645 527 1729 572 est
1746 558 1761 583 ,
1798 517 2026 572 hominis
2121 516 2211 585 jus
2222 514 2299 569 vel
2318 516 2426 570 sola
2438 527 2563 572 esset
2585 518 2859 573 reverenda
2874 519 3184 587 canities,de
3197 519 3381 573 ultimo
3407 522 3525 579 sinu
3544 524 3702 579 maris

449 605 592 673 quod
619 604 901 659 caducum.
939 605 1120 667 Tertia
1166 621 1381 678 quoque
1421 608 1509 664 die
1552 608 1882 672 resurrexit,
1923 622 2029 662 non

454 697 597 752 Deus
623 696 678 752 in
709 695 998 763 hominem,
1026 696 1122 752 sed
1150 699 1313 752 homo
1343 701 1517 768 potius
1545 699 1597 753 in
1622 699 1808 753 Deum.
1832 697 2030 753 Ascen-

450 787 529 842 dit
553 788 607 841 in
634 786 823 851 cmlos,
846 786 1040 840 obtulit
1069 786 1213 842 Patri
1242 802 1341 843 suo
1367 789 1634 844 hominem
1660 788 1807 844 illum
1838 787 2029 855 gratis-

449 878 643 931 simum
670 888 885 931 munus.
916 877 1169 933 Consedit
1195 878 1264 934 ad
1288 879 1563 935 desteram
1582 879 1792 944 Patris,
1836 890 2032 932 secun-

449 967 577 1020 dum
602 966 745 1035 quod
772 966 1027 1035 scriptum
1048 974 1131 1022 est
1153 983 1166 1021 :
1200 966 1341 1021 Dixit
1359 967 1606 1023 Dominus
1636 966 1855 1022 Domino
1880 981 2023 1019 meo:

452 1056 589 1111 Sede
620 1055 689 1109 ad
718 1056 981 1110 dexteram
1026 1072 1187 1110 meam
1228 1056 1402 1128 (Psal.
1434 1074 1551 1125 cu,
1581 1056 1655 1127 l).
1689 1056 1831 1111 Misit
1874 1055 2031 1110 nobis

450 1146 706 1216 Spiritum
749 1154 993 1201 sanctum
1040 1146 1109 1202 de
1153 1148 1366 1217 propria
1397 1162 1493 1203 sua
1537 1155 1594 1202 et
1628 1149 1740 1215 ipsa
1772 1160 1876 1199 una
1904 1144 2031 1199 sub-

452 1235 672 1299 stantia,
700 1242 1082 1304 protectorem,
1106 1236 1572 1301 sanetilieatorem,
1600 1244 1657 1289 et
1682 1233 2031 1289 deductorem

452 1330 507 1381 in
536 1327 696 1380 vitam
735 1334 1018 1390 mternam;
1044 1325 1188 1379 sicut
1212 1327 1469 1395 scriptum
1502 1332 1585 1379 est
1626 1338 1692 1378 ex
1731 1337 1862 1378 voce
1890 1323 1981 1377 Dei
2016 1338 2031 1376 :

456 1419 733 1486 E/fundam
753 1419 815 1471 de
839 1418 1042 1486 Spiritu
1070 1433 1180 1471 meo
1200 1433 1353 1487 super
1375 1432 1543 1471 servos
1573 1431 1708 1470 meos
1744 1423 1791 1469 et
1819 1413 2033 1468 ancillas

452 1526 591 1564 meas
612 1508 772 1579 (Jocl,
798 1523 856 1573 tt,
883 1508 1001 1579 29).
1034 1510 1097 1563 Et
1114 1509 1306 1564 iterum
1336 1525 1349 1562 :
1384 1508 1611 1579 Spiritus
1631 1523 1694 1562 ex
1716 1523 1795 1561 me
1812 1506 2035 1576 prodibit

451 1598 606 1667 (lsai.
630 1615 763 1665 un,
794 1598 903 1666 16).
933 1598 1000 1653 Et
1023 1599 1136 1669 ipse
1159 1598 1416 1653 Dominus
1436 1597 1793 1667 Salvatorque
1813 1604 1993 1651 noster
2017 1611 2030 1649 :

451 1690 530 1767 De
550 1705 681 1756 meo,
714 1688 904 1759 inquit,
934 1688 1154 1759 accipiet
1177 1687 1363 1760 (Joan.
1388 1703 1498 1754 XVI,
1534 1688 1647 1756 li),
1668 1701 1731 1742 es
1758 1701 1826 1741 eo
1852 1686 2034 1755 utique

2134 603 2325 659 Oceani
2353 605 2518 660 venire
2553 607 2849 674 compulsus
2886 616 2990 675 est,
3022 616 3067 662 et
3110 607 3329 662 concilio
3357 608 3490 664 nihil
3518 610 3700 681 defuit.

2134 695 2326 752 Nullus
2364 696 2529 753 debile
2568 714 2753 767 corpus
2801 699 3009 752 trahens
3031 739 3045 764 ,
3067 700 3390 770 jejuniorum
3437 701 3705 770 stipenst

2132 795 2395 841 oneratum
2421 827 2438 852 ,
2493 787 2688 842 itineris
2735 798 2809 843 est
2856 798 3060 842 coactus
3112 788 3303 860 injuria
3326 828 3343 854 ,
3387 789 3705 859 fortitudinis

2130 864 2332 932 amissa:
2357 878 2549 932 domita
2581 879 2797 947 deﬂere.
2830 863 3024 932 Nullus
3051 886 3303 946 postremo
3332 880 3625 949 pauperiem
3653 881 3709 933 in

2130 966 2472 1021 sacerdotibus
2501 968 2662 1039 526
2686 967 2961 1036 gloriosam
2983 1007 3000 1031 ,
3033 968 3260 1021 subsidio
3285 968 3517 1022 veniendi
3546 970 3707 1022 desti-

2132 1065 2272 1112 tutus
2311 1057 2579 1126 ingemuit.
2614 1055 2763 1111 Unde
2790 1055 3097 1127 completum
3122 1058 3175 1110 in
3214 1066 3263 1110 te
3288 1066 3363 1111 est
3381 1097 3397 1121 ,
3420 1058 3706 1112 clementis-

2129 1144 2253 1197 sime
2302 1146 2592 1215 principum
2619 1136 2898 1209 Gratiane,
2921 1146 3059 1215 quod
3088 1144 3360 1212 Scriptura
3387 1146 3562 1199 diuina
3593 1147 3706 1200 lau—

2133 1232 2271 1286 davit
2293 1248 2312 1286 :
2347 1234 2537 1289 Beatus
2568 1234 2659 1303 qni
2703 1233 2949 1304 intelligit
2977 1247 3143 1303 super
3178 1249 3405 1304 egenum
3429 1245 3485 1290 et
3510 1250 3708 1306 paupe-

2134 1338 2248 1377 rem
2272 1322 2445 1391 (Psal.
2467 1323 2576 1394 χι).
2604 1323 2770 1389 Quam
2798 1340 2947 1395 grave
2970 1334 3161 1390 autem,
3191 1325 3236 1378 si
3265 1334 3470 1395 propter
3499 1326 3630 1380 duos
3656 1329 3711 1381 in

2136 1410 2359 1477 perfidia
2380 1411 2628 1477 curiosos,
2652 1419 2758 1465 toto
2787 1413 2841 1464 in
2872 1412 2989 1467 orbe
3013 1420 3175 1465 essent
3204 1411 3447 1467 Ecclesia:
3470 1416 3709 1468 sacerdo-

2133 1500 2265 1555 tibus
2293 1500 2589 1554 destitutae?
2628 1500 2731 1564 Qui
2759 1500 2911 1554 etiam
2948 1500 2999 1554 si
3038 1501 3203 1554 venire
3250 1512 3456 1569 propter
3486 1503 3707 1571 prolixi-

2131 1602 2284 1648 tatem
2305 1590 2496 1645 itineris
2522 1593 2849 1661 nequiverunt
2866 1637 2884 1662 ,
2921 1602 3090 1646 tamen
3116 1608 3290 1646 omnes
3320 1610 3479 1664 prope
3505 1610 3571 1647 ex
3599 1611 3711 1648 om-

2134 1679 2278 1732 ntbus
2326 1678 2430 1748 fere
2475 1681 2747 1750 provinciis
2794 1681 3223 1750 Occidentalibus,
3281 1684 3448 1738 missis
3498 1686 3713 1755 adfuere

452 1766 594 1849 quod
618 1779 897 1836 cst-Filius
919 1819 935 1848 ’
965 1780 1090 1849 quia
1119 1790 1175 1835 ει
1197 1779 1361 1835 [cuius
1381 1779 1450 1835 de
1470 1794 1535 1835 eo
1562 1778 1705 1849 quod
1736 1778 1891 1833 pater
1928 1785 2033 1833 εει,
2067 1800 2109 1860 Β
2128 1766 2316 1837 legatis
2332 1781 2351 1830 ;
2376 1776 2422 1860 et
2435 1767 2848 1823 altercationibus
2861 1769 3171 1825 evidentibus
3197 1772 3251 1823 id
3274 1787 3327 1825 se
3355 1782 3522 1827 tenere
3540 1814 3555 1837 ,
3573 1776 3712 1841 quod

455 1868 662 1924 Exinde
688 1868 951 1938 praeﬁnito
993 1880 1236 1938 tempore
1266 1878 1555 1933 venturus,
1595 1869 1743 1923 vivos
1768 1877 2034 1923 mortuos.

453 1972 559 2027 que
584 1957 939 2026 iudicaturus,
967 1966 1025 2011 ut
1044 1956 1232 2012 reddat
1261 1957 1607 2013 credentibus
1644 1957 1894 2027 prtemia,
1928 1971 2033 2015 non

454 2048 808 2124 credentibus,
835 2061 961 2104 vero
988 2047 1267 2118 supplicia.
1296 2046 1458 2118 Cujus
1484 2061 1710 2118 regnum
1733 2056 1993 2103 aeternum
2016 2086 2032 2113 ,

454 2137 786 2203 immortale,
820 2152 922 2194 nec
964 2137 1172 2193 initium
1201 2137 1394 2205 habet,
1439 2152 1540 2194 nec
1587 2139 1917 2194 terminum:
1947 2137 2032 2193 cui

453 2227 626 2283 honor
654 2237 706 2283 et
734 2228 903 2311 gloria
930 2227 984 2283 in
1008 2228 1202 2284 sarcula
1227 2228 1569 2285 sucularum.
1592 2230 1784 2283 Amen.

453 2349 702 2391 ενιδτοω
740 2349 966 2392 εοιηειιιι
1005 2349 1363 2401 Δρυιιειευειε
1393 2351 1460 2391 AD
1494 2350 1767 2391 EPISOOPOS
1801 2350 2029 2391 οΑιιιε.

529 2433 815 2488 Concilium
873 2436 1011 2505 quod
1083 2434 1314 2489 convenit
1365 2432 1643 2502 Aquileiae,
1693 2433 2033 2487 dilectissimis

454 2526 696 2593 fratribus
740 2525 988 2595 episcopis
1032 2525 1304 2594 provinciae
1341 2522 1707 2580 Viennensium
1738 2532 1789 2578 et
1822 2520 2029 2577 Narbo-

452 2616 681 2670 nensium
712 2616 888 2683 prima:
915 2627 962 2669 et
988 2617 1251 2670 secundm.

521 2707 732 2778 Agimus
756 2706 948 2775 gratias
979 2714 1169 2768 sanctis
1190 2705 1525 2759 unanimitati
1567 2714 1773 2770 vestrm,
1814 2707 1950 2775 quod
1976 2706 2030 2761 in

451 2799 671 2853 dominis
692 2809 738 2852 et
763 2798 1011 2867 fratribus
1041 2799 1227 2853 nostris
1248 2798 1544 2852 Constantio
1565 2807 1613 2853 et
1644 2798 1891 2865 Proculo,
1917 2816 2029 2854 om-

450 2894 593 2947 nium
635 2891 779 2945 nobis
808 2903 1028 2945 vestrum
1058 2892 1380 2961 pra-sentiam
1408 2893 1694 2947 contulistis
1721 2879 2030 2963 :‘simulque

449 2982 746 3052 prwscripta
780 2983 1032 3051 majorum
1061 2991 1320 3051 sequentes
1340 3022 1356 3048 ,
1408 2998 1509 3036 non
1539 2984 1793 3038 mediocre
1818 2984 2028 3039 addidi-

450 3075 544 3127 stis
572 3074 771 3140 pondus
808 3072 1067 3126 sententiis
1095 3075 1303 3140 nostris,
1332 3089 1447 3126 cum
1473 3075 1657 3143 quibus
1682 3076 1833 3129 etiam
1854 3085 2030 3131 vestra:

450 3162 734 3218 sanctitatis
777 3164 1004 3216 convenit
1050 3163 1295 3231 professio
1316 3186 1349 3229 ,ι
1380 3156 1539 3235 525
1587 3164 1781 3219 domini
1840 3170 2026 3234 fratres
2052 3155 2099 3217 C

450 3255 787 3309 dilectissimi.
817 3252 1002 3324 Itaque
1029 3264 1085 3309 ut
1119 3256 1333 3310 libenter
1370 3258 1685 3329 suscepimus
1728 3271 2030 3317 memoratos

449 3347 513 3400 de
535 3357 696 3398 uestro
738 3358 1015 3415 nostroque
1051 3347 1306 3400 consortio
1344 3356 1546 3401 sanctos
1571 3348 1730 3416 viros,
1767 3351 1839 3404 ita
1877 3351 2030 3405 etiam

450 3437 597 3490 uberi
625 3435 908 3507 gratiarum
938 3440 1135 3490 actione
1161 3437 1485 3495 dimittimus.
1520 3439 1687 3504 Quam
1713 3444 2028 3499 necessarius

448 3537 616 3580 autem
645 3538 915 3582 conuentus
942 3527 1025 3582 hic
1054 3529 1236 3598 fuerit,
1267 3530 1417 3584 rebus
1445 3531 1573 3601 ipsis
1602 3534 1835 3600 patescit,
1856 3551 2024 3606 quan.

448 3620 517 3672 do
551 3619 833 3673 adversarii
861 3628 909 3672 et
951 3620 1145 3675 inimici
1173 3620 1291 3686 Dei,
1329 3623 1535 3677 Ariona:
1560 3637 1708 3680 seetse
1732 3627 2027 3697 interpretes

446 3725 509 3763 ac
536 3711 843 3779 defensores,
882 3709 1155 3767 Palladius
1182 3729 1241 3767 ac
1279 3712 1666 3784 Secundianus,
1696 3720 1804 3772 duo
1830 3727 2027 3775 tantum

444 3801 532 3869 qui
554 3802 668 3855 ausi
694 3811 810 3855 sunt
841 3803 909 3855 ad
938 3804 1207 3858 concilium
1230 3807 1514 3873 convenire,
1555 3808 1776 3863 debitam
1806 3827 2026 3880 prwsen-

446 3904 520 3948 tes
549 3907 793 3963 excepere
814 3895 1135 3960 sententiam,
1158 3912 1314 3965 super
1334 3897 1586 3967 impietate
1609 3901 1842 3957 convicti.
1871 3902 2024 3956 Inco-

442 3984 603 4037 lumes
631 4000 718 4037 vos
761 3994 808 4038 et
848 3987 1234 4055 ﬂorentissimos
1265 3988 1401 4042 Deus
1427 3999 1598 4045 noster
1628 3999 1837 4047 tueatur
1860 4009 2025 4048 omni-

444 4084 650 4143 potens,
679 4076 874 4130 domini
902 4077 1087 4145 fratres
1107 4078 1443 4136 dilectissimi.
1782 4072 1790 4078 ’

443 4179 689 4220 Ειηδτοιλ
723 4179 949 4220 ιιῖιυεοει
978 4181 1202 4222 ςοκοιιιι
1236 4184 1303 4222 ΑΙ)
1327 4184 1634 4226 ΩΒΑΊΊΑΝΙῘΜ
1672 4188 1740 4226 ΕΤ
1772 4188 2024 4230 VALENTI-

711 4250 909 4289 MANUI
940 4252 1007 4291 ET
1033 4252 1365 4294 TBEODOSIUI
1389 4256 1763 4297 ΙΙΙΡΕΒᾹΙὉΒΕΒ.

515 4324 922 4394 lmperatoribus
956 4328 1394 4395 clementissimis,
1433 4343 1479 4385 et
1509 4332 1817 4388 Christianis
1839 4335 2022 4390 beatis-

436 4416 676 4487 simique
723 4418 1068 4489 principibus,
1123 4420 1395 4483 Gratiano,
1427 4433 1475 4475 et
1528 4421 1925 4490 Valentiniano,
1970 4435 2019 4480 et

2137 1873 2228 1911 nos
2248 1858 2547 1923 asserimus,
2579 1869 2625 1913 et
2648 1860 2700 1914 in
2727 1870 2944 1915 tractatu
2974 1861 3176 1917 Νίσιεηὶ
3200 1878 3479 1935 congruere
3506 1868 3713 1921 concilii

2135 1946 2484 2018 designarunt,
2513 1949 2638 2003 sicut
2661 1951 2885 2023 subjecta
2908 1951 3192 2006 declarant.
3213 1951 3405 2023 Ubique
3423 1970 3545 2025 ergo
3567 1973 3708 2010 nunc

2135 2050 2226 2103 pro
2252 2045 2414 2090 vestro
2457 2037 2669 2108 imperio
2712 2041 2990 2095 concinunt
3034 2051 3150 2096 vota
3201 2042 3534 2112 populorum.
3602 2046 3714 2101 Nec

2133 2131 2299 2177 tamen
2325 2125 2534 2181 arbitrio
2566 2138 2727 2184 vestro
2765 2139 3044 2187 assertores
3074 2132 3196 2203 ﬁdei
3235 2133 3533 2212 defuerunt.
3569 2136 3715 2193 Nam

2134 2212 2250 2267 licet
2277 2215 2525 2271 evidentia
2550 2230 2713 2274 essent
2740 2224 3037 2292 praescripta
3063 2229 3344 2297 majorum,
3370 2244 3402 2281 a
3421 2230 3602 2297 quibus
3615 2232 3716 2284 im-

2134 2302 2273 2373 pium
2297 2313 2369 2358 est
2391 2314 2439 2359 et
2461 2308 2762 2380 sacrilegum
2786 2311 3010 2379 deviare,
3036 2321 3203 2369 tamen
3223 2316 3545 2385 disceptandi
3564 2319 3716 2373 obtu-

2136 2393 2286 2447 limus
2306 2395 2620 2464 facultatem.
2651 2399 2723 2451 Ac
2747 2401 2969 2468 primum
2996 2405 3306 2473 principium
3327 2407 3495 2473 ipsum
3519 2409 3716 2464 oborta:

2134 2483 2462 2540 discussimus
2489 2490 2812 2559 qutestionis,
2842 2501 2994 2563 atque
3039 2495 3150 2547 Arii
3192 2497 3459 2564 epistolam
3506 2502 3712 2565 putaui-

2132 2588 2246 2627 mus
2269 2591 2374 2630 esse
2401 2578 2737 2644 recitandam,
2760 2583 2849 2652 qui
2890 2592 3073 2639 auctor
3100 2588 3303 2642 Ariona:
3337 2588 3548 2646 haeresis
3577 2592 3717 2647 inve-

2136 2665 2293 2719 nitur.
2327 2665 2473 2722 Unde
2494 2678 2541 2724 et
2562 2686 2747 2729 nomen
2775 2672 2979 2728 hwresis
3000 2676 3211 2745 accepit,
3235 2692 3296 2731 ea
3324 2679 3557 2733 videlicet
3578 2699 3708 2752 gra-

2133 2761 2233 2824 tia,
2262 2769 2317 2813 ut
2343 2762 2584 2831 quoniam
2626 2763 2846 2820 Arianos
2884 2783 2936 2821 se
2968 2784 3150 2837 negare
3178 2782 3542 2825 consueverant
3560 2814 3577 2838 ,
3604 2775 3719 2828 Arii

2136 2849 2474 2919 blasphemias
2515 2863 2603 2906 aut
2646 2854 2930 2911 incusanda
2959 2858 3282 2927 damnarent,
3312 2870 3398 2914 aut
3429 2865 3716 2919 astruendo

2133 2945 2477 3015 defenderent,
2503 2956 2593 3000 aut
2620 2959 2750 3003 certe
2774 2967 2874 3003 non
2913 2961 3202 3007 recusarent
3233 2971 3415 3009 nomen
3442 2959 3561 3028 ejus
3581 2998 3600 3021 ,
3628 2974 3721 3011 cu-

2129 3036 2216 3102 jus
2237 3035 2545 3105 impietatem
2574 3038 2939 3107 perﬁdiamque
2962 3052 3308 3111 sequerentur.
3339 3043 3447 3099 Sed
3468 3046 3598 3113 quia
3620 3064 3718 3100 au-

2183 3140 2320 3177 orem
2348 3140 2494 3179 suum
2523 3142 2614 3183 nec
2634 3126 2878 3182 damnare
2917 3138 3167 3199 poterant,
3201 3146 3288 3185 nec
3316 3133 3530 3202 probare
3549 3175 3567 3200 ,
3599 3152 3720 3189 cum

2130 3214 2232 3285 ipsi
2260 3218 2329 3270 ad
2355 3218 2743 3288 disceptandum
2789 3228 2908 3275 ante
2936 3222 3165 3277 triduum
3192 3238 3548 3293 provocassem
3566 3270 3585 3295 ,
3631 3228 3718 3283 lo—

2130 3323 2284 3377 coque
2313 3318 2362 3362 et
2385 3319 2607 3377 tempore
2634 3312 2926 3376 constituto,
2952 3330 3053 3367 non
3073 3326 3363 3385 exspectata
3379 3322 3721 3375 conventione

2138 3398 2491 3464 prodiissent:
2541 3402 2707 3455 subito
2767 3402 2855 3471 qui
2896 3404 3136 3459 dixerant
3163 3423 3236 3473 se,
3265 3408 3385 3478 quia
3431 3408 3721 3466 Christiani

2125 3494 2287 3539 essent
2313 3487 2464 3558 facile
2499 3488 2806 3558 probaturos
2846 3492 3005 3562 (quod
3029 3510 3124 3550 nos
3150 3495 3359 3551 libenter
3383 3502 3722 3572 accepimus,

2128 3586 2175 3631 et
2202 3580 2484 3648 optavimus
2514 3590 2569 3634 ut
2594 3582 2917 3656 probarent),
2940 3586 3169 3658 refugere
3190 3604 3515 3661 congressum
3544 3595 3720 3662 illico,

2126 3682 2173 3726 et
2192 3674 2610 3745 disceptationem
2650 3679 2907 3736 declinare
2958 3692 3236 3752 creperum.
3295 3684 3492 3740 Multus
3538 3698 3725 3743 tamen

2124 3765 2269 3820 nobis
2290 3782 2405 3820 cum
2432 3766 2512 3822 his
2553 3785 2716 3823 sermo
2743 3769 2873 3838 fuit:
2906 3775 3188 3842 preposita:
3213 3774 3396 3829 divina:
3438 3777 3493 3829 in
3539 3778 3725 3831 medio

2123 3854 2411 3924 Scriptura:
2432 3875 2451 3912 .'
2474 3859 2793 3928 disceptandi
2814 3900 2831 3926 ,
2875 3862 2938 3914 de
2966 3862 3131 3931 primo
3160 3874 3277 3917 ortu
3304 3865 3406 3918 diei
3434 3866 3490 3919 in
3521 3867 3725 3922 horam

2134 3948 2401 4017 septimam
2424 3951 2572 4019 capia
2596 3951 2748 4018 data,
2791 3952 2962 4007 delata
2990 3955 3254 4022 patientia.
3296 3957 3457 4025 Atque
3506 3960 3727 4012 utinam

2125 4053 2288 4105 pauca
2315 4038 2583 4107 dixissent,
2628 4041 2704 4094 vel
2746 4051 2877 4097 certe
2925 4059 3040 4113 qua:
3080 4045 3387 4115 audivimus,
3438 4063 3729 4116 possemus

2124 4129 2342 4184 abolere.
2373 4130 2510 4185 Nam
2530 4134 2789 4203 sacrilegis
2814 4136 3011 4189 vocibus
3035 4136 3174 4205 (cum
3216 4138 3371 4190 Arius
3399 4140 3577 4193 solum
3611 4140 3731 4194 Pa~

2123 4228 2248 4272 trem
2272 4222 2656 4291 sempiternum,
2687 4224 2851 4276 solum
2882 4216 3089 4289 bonum,
3114 4226 3282 4299 solum
3304 4242 3477 4280 verum
3511 4228 3732 4294 Deum,

2121 4306 2285 4361 solum
2320 4308 2748 4364 immortalitatem
2779 4311 3059 4378 habentem,
3085 4320 3251 4369 solum
3272 4321 3564 4384 sapientem
3585 4361 3603 4384 ,
3638 4335 3735 4373 sa-

2123 4398 2228 4450 lum
2257 4407 2507 4467 potentem
2532 4401 2767 4463 dicendo,
2800 4412 3053 4469 expertem
3076 4419 3254 4458 eorum
3287 4403 3506 4465 Filium,
3546 4410 3734 4477 impia

437 4506 722 4561 Theodosio
746 4488 975 4562 sanctum
1000 4511 1293 4577 concilium,
1325 4512 1460 4578 quod
1488 4515 1717 4567 convenit
1744 4488 2010 4582 Aquileiae.
2040 4513 2095 4573 D
2120 4488 2512 4542 commoumane
2537 4490 2768 4544 volume!
2791 4491 3044 4582 ,ίηίειίίθῆ
3062 4493 3155 4582 is".
3193 4492 3371 4582 Α’ίὶωπ
3390 4495 3576 4582 §27
3629 4514 3737 4567 po-

508 4595 811 4651 Benedmu‘
843 4596 980 4652 De“
1010 4597 1168 4652 Pam,
1194 4598 1403 4653 Damm-
1439 4602 1601 4655 nmm-
1628 4600 1755 4656 le“
1783 4579 2006 4670 clm-ui.
2118 4584 2217 4628 tius
2244 4592 2421 4670 sequi,
2449 4594 2600 4646 quam
2631 4579 3004 4670 sempiternum
3048 4579 3211 4635 Deum
3243 4580 3338 4636 Dei
3380 4579 3601 4637 Filium
3629 4627 3647 4652 ,
3682 4598 3735 4640 et

434 4685 518 4754 qm.
548 4685 685 4738 vo“:
719 4684 1006 4740 Romanum
1033 4687 1304 4756 imperium
1332 4688 1505 4743 dedit:
1530 4689 1881 4746 “beam-au
1904 4662 2009 4747 Da;
2115 4679 2287 4718 verum
2328 4662 2525 4732 Deum,
2556 4676 2602 4719 et
2625 4666 2811 4720 bonum
2835 4666 3019 4735 Deum,
3051 4678 3096 4723 et
3116 4671 3416 4740 sapientem,
3443 4681 3492 4726 et
3526 4687 3741 4742 potess-

434 4775 605 4827 minus
632 4784 803 4829 noster
821 4774 972 4830 Iesus
994 4776 1245 4841 Christus,
1263 4777 1555 4847 unigenitus
1580 4777 1687 4833 Dei
1705 4777 1899 4846 Filius,
1923 4782 2012 4850 qui

2132 4764 2237 4819 rem,
2259 4765 2305 4807 et
2326 4756 2758 4812 immortalitatem
2775 4758 3039 4812 habentem
3064 4759 3330 4813 voluerunt
3350 4761 3539 4830 fateri.
3571 4763 3733 4819 ιιιι.

433 4881 648 4934 regnum
674 4874 893 4919 vestrum
919 4882 1011 4921 sua
1050 4868 1237 4936 pietate
1278 4868 1519 4934 custodit,
1543 4869 1683 4939 apud
1714 4885 1864 4939 quem
1887 4848 2010 4941 gra-

2132 4854 2197 4898 ras
2230 4848 2383 4899 horas
2411 4851 2602 4915 frustra
2631 4848 3057 4916 consumpsimus.
3090 4849 3354 4904 Crescebat
3383 4866 3581 4906 eorum
3627 4857 3743 4910 im-

434 4956 533 5010 tias
553 4957 751 5024 agimus
766 4955 901 5009 vobis
925 4956 1325 5025 (clementissimi
1354 4957 1631 5028 principes)
1658 4961 1795 5028 quod
1816 4968 1859 5013 et
1889 4939 2010 5026 fidei

2132 4939 2304 5006 pietas,
2330 4956 2420 4991 nec
2443 4939 2628 5009 corrigi
2658 4939 2764 4992 ullo
2788 4949 2983 5009 poterat
3015 4941 3188 4994 modo.
3224 4941 3448 5011 Denique
3473 4960 3617 4999 cum
3652 4951 3739 5000 vi.

431 5054 607 5100 vestra:
635 5046 857 5098 studiunt
880 5044 1197 5114 probavistis,
1228 5044 1314 5115 qui
1336 5046 1403 5098 ad
1432 5027 1765 5099 removendos
1792 5046 2009 5099 alterca-

2132 5028 2291 5079 lerent
2314 5043 2368 5081 se
2393 5027 2503 5081 Arii
2533 5029 2763 5096 epistolce
2782 5027 3063 5100 sacrilegiis
3085 5031 3349 5100 perurgeri
3379 5033 3578 5099 (quam
3603 5037 3739 5091 ideo

429 5137 589 5191 tiones
626 5152 929 5208 congregare
974 5136 1220 5189 statuistis
1264 5134 1581 5189 sacerdotale
1627 5135 1930 5202 concilium,
1962 5146 2010 5190 et

2132 5121 2456 5193 :ubdidimus,
2487 5130 2542 5174 ut
2588 5137 2701 5175 eam
2741 5121 2893 5174 etiam
2938 5130 3102 5175 vestra
3133 5122 3401 5177 clementia
3423 5126 3741 5194 perhorre-

428 5226 678 5296 episcopis
708 5226 1005 5295 dignatione
1032 5234 1196 5279 vestra
1219 5224 1662 5292 honoriﬁcentiam
1694 5226 2004 5293 reservastis,
2110 5213 2295 5285 εοενεί)
2323 5215 2608 5269 τεείίίεηισε
2638 5216 2700 5268 de
2729 5214 2896 5268 ηιεάία
2917 5214 3145 5283 filim“?
3169 5213 3405 5282 ίεοιίοηε,
3438 5220 3739 5283 petierunt

426 5324 482 5369 ut
507 5330 653 5368 nemo
669 5316 858 5369 deesset
883 5316 1082 5380 volens,
1114 5330 1261 5367 nemo
1287 5322 1555 5385 cogeretur
1580 5313 1792 5365 invitus.
1824 5312 2007 5383 Itaque
2108 5316 2163 5359 ut
2206 5323 2379 5361 eorum
2430 5308 2702 5378 prepositis
2746 5307 3200 5377 responderemus,
3243 5323 3559 5377 quanquam
3614 5329 3739 5367 non

422 5405 572 5478 juxta
600 5405 999 5458 mansuetudinis
1028 5414 1203 5459 vestra:
1217 5412 1408 5457 statuta
1438 5402 1765 5457 convenimus
1796 5404 1903 5456 sine
1924 5404 2003 5455 in-
2110 5408 2235 5452 esset
2264 5399 2457 5452 ordinis
2500 5414 2660 5468 neque
2688 5398 2899 5451 rationis
2942 5405 2998 5450 ut
3023 5397 3300 5466 praeposita
3338 5397 3743 5470 inter-rumpe-

425 5494 564 5549 vidia
608 5496 963 5561 multitudinis,
994 5504 1041 5550 et
1075 5512 1190 5548 cum
1237 5495 1420 5562 affectu
1465 5492 1879 5562 disceptationis:
1911 5510 2003 5547 nec
2110 5504 2312 5541 remus:
2342 5503 2733 5559 responsumque
2774 5494 2902 5541 esset
2923 5504 2953 5540 a
2979 5487 3120 5540 nobis
3154 5495 3205 5540 at
3233 5487 3558 5542 damnarent
3610 5494 3747 5548 Arii

425 5584 523 5638 ulli
552 5585 615 5637 de
634 5587 878 5639 hmreticis
910 5586 1132 5656 episc0pi
1159 5584 1495 5652 suntreperti,
1522 5582 1619 5635 nisi
1648 5580 1922 5635 Palladius
1941 5599 2003 5637 ac
2108 5578 2411 5649 impietates,
2445 5588 2491 5632 et
2520 5578 2582 5632 de
2607 5577 2788 5648 quibus
2810 5577 3010 5642 vellent,
3036 5578 3212 5631 ordine
3234 5578 3437 5645 locoque
3462 5595 3746 5653 servato,

430 5672 815 5737 Secundianus,
848 5674 1071 5728 homines
1096 5681 1303 5726 vetusta:
1328 5670 1591 5742 per/illiw,
1638 5681 1843 5743 prOpter
1871 5689 2000 5742 quos
2110 5689 2284 5728 eorum
2323 5673 2688 5727 intentionibus
2732 5672 3193 5738 responderemus;
3223 5678 3389 5722 tamen
3432 5678 3753 5741 (requieti-

432 5761 725 5829 t'ott}:‘cqari
749 5762 1015 5817 concilium
1058 5761 1382 5832 postulabant
1412 5762 1475 5821 de
1502 5769 1723 5819 extrema
1744 5771 1886 5833 parie
1913 5778 1999 5817 or-
2112 5779 2224 5817 mus
2272 5772 2591 5835 pra'postera'
2620 5763 2883 5833 voluntati,
2932 5760 3011 5817 Ibi
3040 5770 3143 5815 tum
3190 5759 3459 5833 Evangelii
3510 5770 3757 5839 scrip)“
