3962 6178
296 355 395 410 465
1376 370 1462 427 DF.
1505 372 1658 428 FIDE
1697 371 1971 432 NlC/ENA
2009 375 2438 441 TRACTATUS.
3441 402 3547 459 463

282 469 531 538 falsantes
559 511 574 536 ,
600 484 978 544 proposuerunt
1004 479 1148 534 nobis
1193 482 1382 538 dixisse
1417 482 1685 540 Dominum
1708 504 1727 541 :
1769 487 1868 553 Qui
1897 490 1947 549 Α
1981 493 2306 547 sacerdotum
2331 495 2454 550 data
2492 502 2566 551 est
2594 502 2953 573 congreganda
2969 506 3179 560 concilio
3226 510 3547 574 remouistis:

278 576 368 615 me
399 563 572 629 misit,
621 566 792 636 major
817 583 905 625 me
933 579 1015 626 est
1039 588 1053 624 :
1090 589 1207 625 cum
1235 575 1385 629 aliter
1410 579 1656 646 scriptum
1684 582 1865 636 doceat
1973 580 2190 647 petimus
2212 591 2265 636 ut
2288 586 2527 651 quoniam
2547 587 2601 640 in
2624 588 2903 645 Sirmiensi
2920 594 3104 666 oppido
3138 597 3307 652 adhuc
3330 615 3547 656 conven-

278 652 435 705 mia
466 652 886 725 scripturarum,
934 659 1220 735 ηεάανθαιί
1248 666 1311 719 de
1351 667 1577 737 falsitate
1619 680 1770 737 sum,
1812 682 1867 727 ut
1973 676 2052 722 tus
2096 677 2291 724 tentare
2338 676 2680 745 cognovimus,
2729 680 2995 736 clementia
3038 694 3233 750 vestra,
3280 688 3551 746 interdicta

276 742 583 811 faterentur,
615 762 711 801 nec
748 758 921 805 tamen
949 755 1143 811 ratione
1156 761 1390 814 correcti.
1423 760 1563 815 Nam
1585 779 1701 816 cum
1727 766 1832 822 dice

1969 755 2120 809 etiam
2152 773 2283 811 nunc
2311 761 2547 829 coitione,
2577 768 2913 821 reverentiam
2930 772 3150 837 primum
3181 773 3428 832 Ecclesite
3455 795 3549 834 ca-

274 852 472 899 remus,
503 841 785 895 secundum
827 845 1001 899 carnis
1021 851 1396 920 susceptionem
1427 855 1674 910 minorem
1704 857 1832 911 Patr

1966 842 2190 914 tholicaa,
2221 848 2384 919 539
2422 850 2605 907 deinde
2639 858 2791 908 etiam
2820 858 3013 925 legibus
3038 863 3213 917 vestris
3233 864 3430 935 deferre
3451 869 3545 938 ju-

268 938 367 979 suo
396 924 605 981 Filium
621 930 755 994 dici;
775 936 1054 990 secundum
1072 938 1396 995 divinitatem
1414 953 1583 999 autem
1612 962 1705 1013 pro
1724 949 1862 1002 testi-

270 1017 462 1069 moniis
504 1018 921 1092 Scripturarum,
959 1042 1133 1096 parens
1157 1040 1206 1084 et
1228 1034 1475 1101 aqualem
1495 1038 1738 1106 probari;
1767 1056 1859 1096 nec

272 1108 629 1174 posseibiesse
654 1113 976 1170 discretionis
998 1120 1189 1188 gradus
1212 1122 1455 1195 alicujus,
1484 1134 1576 1180 aut
1594 1130 1858 1198 magnitu-

271 1200 431 1266 dinis,
460 1202 550 1255 ubi
574 1215 702 1259 esset
730 1208 899 1262 unitas
926 1214 1185 1279 potestatis
1211 1230 1233 1268 :
1253 1230 1353 1270 non
1381 1218 1545 1272 solum
1568 1218 1650 1274 illi
1679 1221 1857 1277 nolue-

269 1303 387 1345 runt
416 1297 690 1351 emendare
711 1314 955 1365 errorem,
978 1305 1066 1357 sed
1085 1305 1238 1359 etiam
1263 1309 1517 1362 vesaniam
1540 1326 1726 1382 augere
1750 1328 1855 1368 cas-

268 1393 476 1452 perunt,
497 1396 554 1438 ut
578 1396 627 1439 et
648 1388 927 1458 subjectum
954 1396 1235 1447 secundum
1260 1398 1579 1453 divinitatem
1606 1400 1856 1467 dicerent,

265 1474 414 1540 quasi
444 1472 557 1528 ulla
590 1474 683 1529 Dei
709 1480 984 1535 secundum
1011 1484 1324 1540 divinitatem
1364 1489 1523 1558 possit
1542 1502 1651 1544 csse
1681 1493 1855 1563 subje-

264 1567 387 1622 ctio.
422 1566 650 1622 Mortem
687 1571 905 1641 denique
938 1589 1039 1629 non
1068 1577 1137 1628 ad
1159 1591 1533 1634 sacramentum
1556 1590 1743 1637 nostra:
1765 1599 1850 1637 sa-

263 1653 405 1716 lutis.
422 1657 518 1708 sed
542 1658 610 1710 ad
630 1658 976 1724 inﬁmitatem
990 1666 1268 1733 quamdam
1291 1668 1579 1723 divinitatis
1600 1675 1851 1741 referunt.

261 1744 575 1808 Horremus,
592 1750 966 1805 clementissimi
988 1755 1263 1824 principes,
1280 1748 1389 1811 tam
1413 1760 1531 1813 dira
1545 1761 1814 1831 sacrilegia
1830 1778 1851 1826 ;

261 1850 552 1902 pracosque
568 1836 821 1904 doctores,
847 1856 909 1895 ne
934 1843 1151 1899 ulterius
1173 1847 1391 1917 populos
1412 1844 1698 1918 deciperent
1722 1866 1849 1920 quos
1880 1854 1926 1916 B
1958 1835 2227 1905 Εασεδίκεο

258 1925 521 1993 tenebant,
548 1930 835 1984 sacerdotio
856 1935 1141 2001 putavimus
1165 1939 1497 1996 abdicandos.
1516 1941 1693 2012 Neque
1712 1945 1845 1998 enim

257 2015 471 2087 dignum
492 2030 569 2072 est
593 2030 646 2073 ut
666 2023 1004 2080 sacerdotium
1030 2032 1142 2099 ejus
1163 2032 1257 2085 sibi
1278 2034 1553 2101 vindicent,
1584 2053 1734 2105 quem
1758 2055 1847 2092 ne-

256 2121 525 2177 gaverunt.
562 2112 793 2170 Vestram
819 2117 992 2185 ﬁdem,
1020 2131 1238 2177 vestram
1263 2124 1482 2195 gloriam
1510 2128 1845 2195 deprecamur

255 2207 306 2251 ιι
327 2204 675 2256 reverentiam
702 2205 901 2276 imperii
938 2213 1090 2264 vestri
1114 2212 1357 2283 deferatis
1382 2220 1616 2273 auctori:
1636 2236 1845 2274 censea-

254 2290 417 2359 tisque
453 2294 737 2363 impietatis
760 2310 1036 2353 assertores
1064 2311 1113 2354 et
1139 2303 1400 2360 adulteros
1426 2307 1675 2374 veritatis,
1706 2310 1842 2364 datis

258 2380 495 2446 apicibus
525 2383 810 2440 clementia:
847 2398 1023 2443 vestra)
1046 2392 1114 2444 ad
1130 2392 1334 2461 judicia
1379 2399 1716 2468 competentia
1736 2442 1752 2467 ,
1779 2401 1842 2455 ab

259 2467 506 2525 Ecclesia
550 2474 796 2528 arcendos
839 2492 947 2532 esse
972 2476 1269 2547 liminibus,
1294 2494 1351 2537 ut
1394 2486 1450 2539 in
1480 2485 1840 2542 damnatorum

251 2558 419 2613 locum
450 2579 547 2630 per
570 2573 758 2618 nostra:
781 2569 1045 2635 parvitatis
1069 2571 1280 2643 legatos,
1309 2575 1473 2628 sancti
1501 2576 1841 2649 subr0gentur

248 2652 564 2705 sacerdotes.
594 2653 825 2707 Attalum
846 2656 1220 2730 mquoque
1250 2663 1595 2733 presbyterum
1622 2666 1685 2719 de
1705 2683 1839 2735 prae-

247 2740 567 2795 micatione
586 2747 897 2812 confessum,
919 2757 965 2799 et
991 2749 1161 2817 palam
1182 2751 1464 2822 sacrilegiis
1489 2754 1838 2823 inluerentem,

250 2844 342 2895 pur
364 2832 624 2884 sententia
648 2835 1060 2903 comprehendat.
1078 2838 1218 2893 Nam
1240 2843 1363 2906 quid
1379 2843 1441 2897 de
1466 2846 1706 2915 magistro
1725 2854 1838 2915 ejus

259 2914 469 2971 Valente
498 2919 875 2993 dicamus?qui
901 2941 1017 2979 cum
1055 2939 1183 2983 esset
1218 2933 1514 2999 proximus,
1554 2914 1837 2993 declinavit

246 3009 570 3063 sacerdotale
595 3012 892 3080 concilium,
946 3031 1010 3071 ne
1051 3033 1236 3074 eversa:
1263 3022 1465 3089 patriae,
1490 3026 1834 3094 perditorum-

245 3112 339 3164 que
382 3098 576 3152 civium
620 3116 801 3155 causas
859 3114 1105 3172 prarstare
1140 3110 1487 3165 sacerdotibus
1534 3125 1833 3182 cogeretur:

1967 932 2120 990 beatis
2146 945 2200 990 ut
2221 948 2268 992 et
2287 956 2391 1005 vos,
2419 941 2529 997 Deo
2568 949 2781 1012 praesule
2811 950 3151 1023 triumphetis,
3172 958 3265 1026 qui
3285 932 3402 1027 paci
3429 932 3532 1016 Ec-

1964 1022 2243 1081 clesiarum
2253 1030 2509 1100 quietique
2529 1037 2818 1091 consulitis.

2140 1132 2337 1173 ΒΟΙΙΝΑ
2373 1135 2729 1179 ενιεεονοιιυιι
2766 1140 2851 1188 QUI
2889 1142 3356 1191 SIJBSCNPSKRUN‘I'.

1973 1200 2296 1271 Valerianus,
2784 1212 3093 1285 Domninus,

1961 1293 2279 1363 Ambrosius,
2782 1302 3056 1375 Diogenes,

1961 1378 2302 1448 Constantius,
2790 1394 3062 1464 Proculus,

1957 1470 2162 1536 Justus.
2783 1487 3120 1557 Heliodorus,

1958 1565 2333 1634 Abundantius,
2782 1576 3064 1644 Philaster,

1960 1654 2221 1723 Eventius,
2779 1666 3016 1735 Iovinus,

1956 1745 2149 1801 Limeni
2156 1764 2235 1813 us,
2781 1756 2957 1823 Felix,

2782 1844 3060 1912 Maximus,

1951 1927 2195 1991 Savinus,
2780 1938 3014 2003 Amatus,

1948 2016 2384 2087 Exsuperantius,
2781 2026 2953 2093 Felix,

1947 2108 2299 2175 Macedonius,
2782 2117 2981 2184 Viator,

1947 2196 2246 2264 Bassianus,
2775 2208 3109 2279 Maximinus,
3165 2212 3175 2223 ’

1945 2290 2209 2356 Artemius,
2774 2299 3044 2370 Ephesius,

1944 2378 2290 2450 Constantius,
2775 2389 2825 2442 Ν
2834 2394 3077 2462 umidius,

1945 2470 2226 2538 Maximus,
2775 2481 3049 2552 Artemius,

1942 2563 2261 2631 Almacltius,
2776 2569 2946 2639 Felix,

1940 2650 2246 2720 Ianuarius,
2827 2660 3073 2737 EpiscOpi
3093 2669 3519 2740 subscripserunt.

1940 2739 2260 2804 Theodorus,

1945 2813 2113 2827 *σ-

2240 2857 2272 2905 γ
2286 2858 2461 2912 ICILII
2502 2861 2586 2913 ΤΛ
2598 2862 2868 2918 PSENSIS
2918 2868 3215 2926 EPISCOI’I

1993 2937 2422 2992 ’ωΑοτΑτυε
2452 2945 3066 3068 ΒεξὲῗῗκιὲιξΕΝΔ
3092 2956 3469 3010 ADVERSUS

2886 3051 2909 3085 1

1937 3107 2199 3150 αηιεοοιιιο
2224 3111 2550 3153 ΝᾹΖΙΑΝΖΕΝΟ
2578 3116 2608 3154 Α
2635 3116 2923 3160 ΝοΝΝυιιιε
2952 3122 3228 3167 Αεειιιιττυε
3257 3130 3270 3165 ἴ
3300 3129 3389 3177 QUI
3421 3129 3513 3169 ES?

246 3188 508 3251 quietiam
539 3201 715 3258 torque
748 3190 826 3260 (ut
874 3197 1142 3266 asseritur)
1178 3206 1221 3251 et
1244 3200 1527 3268 brachiali,
1571 3205 1827 3275 impietate

2004 3199 2215 3238 unus
2245 3202 2417 3242 ευιτιο
2448 3203 2583 3244 LIBRI
2611 3206 2646 3246 ll
2674 3206 2881 3250 CONTRA
2911 3210 3228 3268 PALLADIUI,
3249 3218 3353 3258 ςωι
3373 3220 3511 3260 ΝονΑ

246 3274 467 3331 Gothica
492 3282 831 3349 profanatus,
860 3299 1003 3338 more
1026 3287 1230 3343 indutus
1254 3274 1739 3361 gentiliumkausus
1767 3298 1833 3351 sit

246 3365 299 3418 in
341 3378 673 3436 prospectum
715 3373 965 3429 exercitus
1009 3378 1218 3445 prodire
1269 3379 1517 3439 Romani.
1545 3385 1694 3452 Quod
1720 3389 1835 3445 sine

244 3456 398 3508 dubio
428 3475 534 3512 non
558 3458 724 3513 solum
749 3462 802 3515 in
832 3465 1094 3520 sacerdote
1125 3468 1453 3541 sacrilegum,
1478 3474 1569 3528 sed
1597 3476 1753 3530 etiam
1777 3479 1833 3533 in

243 3562 549 3616 quocunque
575 3560 650 3604 est
677 3550 990 3612 Christiano.
1016 3558 1220 3613 Etenim
1244 3563 1546 3620 abharretur
1563 3584 1702 3623 more
1721 3568 1833 3626 Ro-

243 3653 429 3699 mano;
460 3640 563 3693 nisi
588 3642 721 3711 forte
747 3646 821 3698 sic
846 3649 1010 3703 solent
1045 3651 1331 3727 idololatria
1369 3660 1663 3716 sacerdotes
1703 3679 1828 3730 pro-

240 3727 349 3780 dire
388 3728 696 3786 Gothorum.
744 3732 948 3790 Haveat
995 3741 1232 3810 pietatem
1263 3755 1476 3802 vestram
1505 3727 1823 3809 sacerdotale

239 3831 445 3883 nomen,
469 3820 608 3885 quod
628 3821 717 3877 ille
742 3826 1019 3898 sacrilegus
1047 3830 1299 3900 infamat;
1325 3838 1413 3906 qui
1442 3841 1590 3894 etiam
1615 3858 1829 3899 suorum

238 3906 439 3958 vocibus
456 3946 474 3974 ,
501 3911 593 3977 qui
629 3919 793 3966 tamen
821 3930 1081 3986 superesse
1108 3937 1358 3995 possunt,
1390 3930 1600 3999 nefandi
1618 3935 1825 3989 sceleris

238 3998 490 4065 arguitur.
513 3999 659 4053 Certe
674 4002 881 4057 domum
896 4019 1093 4077 repetat
1105 4027 1271 4081 suam,
1288 4032 1390 4071 non
1402 3998 1709 4076 contaminet
1727 4026 1825 4088 llo-

237 4089 555 4144 rentissimas
586 4089 756 4147 Italia:
793 4098 1051 4166 civitates,
1097 4106 1188 4174 qui
1216 4124 1351 4163 nunc
1379 4110 1577 4168 illicitis
1606 4117 1822 4171 ordina—

237 4178 456 4232 tionibus
477 4182 769 4239 consim.'les
797 4188 879 4241 sui
893 4191 1051 4244 sociat
1075 4193 1191 4261 sibi,
1218 4209 1264 4251 et
1293 4201 1625 4257 seminarium
1644 4208 1824 4275 quierit

235 4281 341 4319 suae
356 4267 638 4337 impietatis
666 4283 817 4342 atque
841 4279 1073 4346 per/idice
1101 4300 1191 4351 per
1214 4303 1443 4357 quosque
1470 4267 1697 4360 perditos
1725 4297 1819 4351 de-

233 4355 557 4427 relinquere,
604 4363 693 4429 qui
720 4365 983 4434 episcopus
1010 4385 1119 4426 esse
1143 4355 1237 4429 nec
1264 4355 1435 4445 coepit.
1465 4355 1605 4434 Nam
1651 4384 1819 4453 primo

236 4443 513 4502 Petavione
542 4455 892 4522 superpositus
911 4458 1081 4527 fuerat
1095 4473 1270 4518 sancto
1304 4467 1411 4522 viro
1440 4467 1622 4524 Marco
1654 4473 1819 4528 admi-

2012 3290 2123 3329 PRE
2132 3292 2373 3333 FATIONB.

1938 3363 2098 3421 Face
2117 3369 2401 3439 conscripta
2422 3371 2565 3438 apud
2590 3370 2820 3428 Nicwam
2846 3392 2879 3429 a
2910 3388 3041 3433 recte
3068 3382 3382 3439 credentibus
3409 3388 3512 3455 θρὶ-

2224 3494 2229 3497 ι
2286 3460 2455 3527 scapis
2485 3465 2716 3519 trecentis
2755 3466 2924 3520 decem
2952 3480 2999 3523 et
3026 3479 3161 3529 octo.

2001 3543 2278 3600 Credimus
2306 3547 2360 3601 in
2389 3547 2572 3616 Deum,
2604 3549 2817 3607 Patrem
2843 3558 3254 3629 omnipotentem,
3291 3566 3513 3621 omnium

1934 3633 2211 3689 visibilium
2241 3644 2286 3690 ct
2315 3636 2649 3695 invisibilium
2679 3629 2922 3711 factore-rm
2947 3660 2998 3702 et
3036 3666 3195 3705 unum
3234 3653 3513 3711 Dominum

1933 3733 2166 3779 nostrum
2191 3724 2371 3781 Iesum
2390 3725 2672 3798 Christum,
2698 3729 2893 3789 Filium
2920 3735 3035 3805 Dei,
3063 3751 3235 3796 natum
3264 3745 3327 3797 de
3359 3744 3514 3803 Patre

1931 3817 2160 3885 unicum,
2186 3817 2284 3872 hoc
2323 3829 2398 3872 est
2440 3820 2504 3872 de
2539 3821 2819 3878 substantia
2851 3825 3023 3883 Patris
3050 3846 3070 3885 :
3103 3831 3263 3886 Deum
3287 3836 3350 3890 de
3378 3836 3507 3903 Dee,

1929 3905 2098 3960 lumen
2120 3908 2184 3961 de
2209 3907 2420 3976 lumine,
2453 3909 2614 3963 Deum
2634 3928 2804 3967 verum
2825 3916 2887 3969 de
2912 3916 3020 3973 Deo
3046 3936 3180 3986 vero,
3207 3933 3386 3979 natum
3413 3944 3512 3982 non

1926 3996 2120 4065 factum
2148 4014 2167 4053 :
2190 4001 2343 4054 unius
2371 4000 2667 4057 substantiis
2690 4019 2805 4058 cum
2831 4005 3010 4076 Patre,
3039 4014 3176 4080 quod
3216 4013 3380 4069 (ἓνωεὶ
3416 4020 3503 4071 di-

1925 4097 2046 4141 cunt
2074 4087 2311 4161 ὁμούσιον
2333 4105 2351 4143 :
2374 4106 2466 4159 per
2491 4107 2641 4160 quem
2666 4095 2839 4149 omnia
2867 4097 3005 4165 facta
3030 4110 3171 4168 sunt,
3194 4103 3293 4157 sive
3317 4122 3430 4173 qua:
3456 4112 3509 4162 in

1926 4177 2067 4243 caelo,
2100 4179 2203 4231 sive
2228 4194 2340 4247 qua:
2376 4181 2429 4233 in
2464 4188 2620 4236 terra.
2672 4182 2772 4250 Qui
2817 4196 3025 4257 prapter
3053 4206 3144 4245 nos
3170 4192 3419 4263 homines,
3457 4208 3509 4252 et

1925 4278 2131 4336 prapter
2154 4276 2380 4323 nostram
2401 4272 2615 4327 salutem
2643 4273 2920 4344 descendit,
2944 4288 2991 4331 et
3016 4280 3313 4339 incarnatus
3338 4295 3430 4348 est,
3456 4297 3507 4343 et
3590 4318 3599 4321 -

1922 4358 2072 4413 homo
2101 4363 2267 4429 factus
2295 4369 2388 4427 est,
2414 4376 2594 4428 passus
2618 4372 2711 4429 est,
2729 4369 3004 4421 resurrexit
3028 4372 3175 4425 tertia
3196 4374 3303 4442 die,
3324 4392 3502 4433 ascen-

1922 4450 1997 4504 dit
2023 4452 2092 4504 ad
2128 4452 2299 4518 melos,
2326 4451 2443 4506 inde
2470 4462 2709 4508 venturus
2737 4456 2979 4525 judicare
3008 4461 3141 4516 vivos
3166 4474 3213 4518 et
3256 4476 3500 4524 mortuos.

237 4533 415 4588 rabilis
446 4540 705 4595 memorias
747 4548 1035 4605 sacerdoti:
1062 4561 1111 4605 et
1142 4565 1475 4626 posteaquam
1525 4562 1821 4632 deformiter
1846 4573 1900 4634 D
1925 4543 2084 4634 53o
2129 4540 2198 4596 Et
2230 4543 2482 4613 Spiritum
2512 4554 2764 4600 mmmm'
2816 4547 2921 4605 E08
2960 4563 3129 4607 autem
3165 4556 3253 4626 qui
3281 4558 3455 4613 dicunt
3487 4576 3502 4615 :

232 4623 457 4691 dejectus
482 4644 515 4678 a
548 4629 690 4697 plebe
716 4641 823 4701 est,
853 4638 940 4706 qui
969 4637 1241 4698 Petavione
1268 4623 1376 4701 esse
1415 4664 1515 4703 non
1547 4623 1711 4718 potuit
1730 4693 1747 4720 ,
1773 4655 1819 4710 is

231 4727 363 4765 nunc
395 4715 718 4786 Mediolani,
750 4734 864 4792 post
902 4729 1204 4786 eversionem
1240 4738 1425 4805 patria:
1455 4715 1556 4811 (ne-
1584 4742 1818 4801 dicamus

232 4803 598 4877 proditionem)
627 4810 944 4882 inequitavit.
987 4818 1156 4888 Super
1196 4803 1430 4883 omnibus
1462 4803 1626 4901 igitur
1651 4835 1819 4905 pietas

233 4901 395 4945 vestra
423 4912 517 4949 nos
536 4903 793 4958 consolari
820 4907 1061 4977 dignetur
1077 4951 1094 4977 ,
1126 4914 1187 4969 ne
1207 4918 1606 4989 obtemperantes
1627 4937 1810 4986 vestrm

231 4987 619 5054 tranquillitatis
663 4997 908 5065 statutis,
955 5001 1147 5069 frustra
1194 4987 1480 5068 convenisse
1522 5016 1808 5075 videamur.

230 5069 355 5127 Non
377 5074 547 5130 solum
570 5082 701 5133 enim
726 5089 1008 5144 cavendum
1036 5104 1109 5149 est
1133 5111 1194 5151 ne
1216 5109 1410 5169 nostra,
1436 5104 1527 5157 sed
1553 5107 1707 5161 etiam
1730 5126 1814 5164 vs-

226 5178 335 5220 stra
372 5169 577 5225 decreta
603 5173 869 5234 luduntur.
907 5179 1135 5240 Petimus
1162 5190 1351 5259 igitur,
1381 5204 1433 5249 ut
1462 5196 1658 5266 legatos
1690 5218 1813 5257 con-

226 5258 336 5310 cilii
362 5270 569 5316 sanctos
606 5265 740 5320 viros
778 5283 918 5339 teque
946 5258 1212 5333 clementia
1239 5291 1404 5338 vestra
1428 5288 1608 5344 audire
1634 5291 1816 5362 digne-

227 5363 334 5419 tur,
360 5366 409 5410 et
428 5374 549 5413 cum
575 5362 756 5429 e/Tectu
782 5384 958 5425 eorum
982 5389 1096 5443 qua:
1123 5381 1380 5447 poscimus
1401 5425 1416 5449 ,
1450 5392 1700 5446 maturius
1730 5409 1811 5449 re-

225 5456 339 5510 dire
373 5462 679 5531 pra-cipiat:
713 5476 766 5521 ut
797 5477 1075 5533 mercedem
1101 5482 1367 5552 accipiatis
1395 5504 1427 5541 a
1451 5488 1673 5548 Domino
1707 5495 1815 5550 Deo

226 5552 449 5622 Christo,
473 5561 625 5631 cujus
649 5562 902 5626 Ecclesiae
925 5574 989 5627 ab
1019 5580 1155 5632 omni
1172 5585 1541 5656 sacrilegorum
1561 5591 1672 5648 labe
1690 5612 1814 5663 pur-

227 5655 403 5718 gastis.
432 5655 773 5719 Photinianos
799 5684 1011 5740 quoque,
1036 5692 1162 5745 quos
1200 5689 1245 5733 et
1278 5686 1529 5753 superiori
1559 5691 1668 5759 lege
1690 5655 1815 5749 cen-

224 5753 400 5809 suistis
424 5758 597 5814 nullos
628 5762 793 5831 facere
820 5769 999 5827 debere
1034 5790 1328 5849 conventus,
1357 5792 1405 5838 et
1447 5802 1557 5841 cam
1602 5806 1717 5859 qua:
1745 5795 1807 5851 dc

1929 4633 2057 4687 Erat
2099 4636 2300 4702 quando
2331 4654 2432 4691 non
2470 4649 2599 4707 erat,
2632 4652 2677 4698 et
2726 4646 3025 4713 priusquam
3064 4666 3355 4711 nasceretur
3400 4675 3501 4714 non

1925 4738 2034 4780 erat
2060 4743 2078 4782 :
2108 4737 2154 4781 et
2185 4731 2497 4799 mutabilem,
2522 4734 2599 4788 vcl
2626 4741 2997 4794 convertibilem
3019 4760 3127 4798 esse
3152 4744 3351 4802 Filium
3372 4750 3501 4817 Dei;

1923 4816 2016 4872 Iros
2063 4820 2453 4878 anathematizat
2509 4826 2761 4883 catholica
2811 4840 2859 4886 et
2907 4838 3189 4901 apostolica
3248 4816 3499 4901 Ecclesia.

1925 4910 2103 4966 Amen.

1991 4999 2188 5057 Amore
2212 5004 2486 5061 catholicae
2506 5006 2626 5065 lidei
2646 5010 2855 5081 ductus,
2876 5015 2986 5086 jam
3011 5020 3214 5089 pridem
3236 5025 3497 5086 adversus

1920 5088 2148 5144 Arianos
2185 5091 2423 5149 libellum
2460 5095 2732 5157 edideram
2761 5118 2920 5173 quem
2947 5088 3070 5165 cum
3099 5113 3275 5169 amico
3318 5117 3497 5187 legen-

1920 5180 2044 5234 dum
2069 5180 2356 5251 dedissem,
2383 5187 2749 5261 quiapplacuil,
2766 5198 2990 5255 credidit
3014 5180 3493 5262 transcribendum.

1918 5269 1961 5322 A
1993 5283 2096 5339 quo
2124 5270 2224 5326 hoc
2253 5289 2352 5343 ego
2380 5291 2701 5351 magnopere
2728 5287 2986 5353 postulavi
3017 5300 3072 5345 ut
3103 5293 3312 5354 interim
3339 5295 3495 5350 disi-

1918 5360 2119 5415 mulato
2151 5371 2371 5420 auctore
2391 5406 2407 5431 ,
2448 5367 2616 5426 doctis
2640 5373 2769 5429 viris
2797 5385 2853 5431 et
2880 5378 3224 5446 prudentibus
3253 5382 3492 5451 legeret;

1920 5454 1977 5499 ut
2004 5447 2049 5500 si
2078 5463 2236 5517 quem
2266 5455 2521 5512 movisset
2555 5460 2693 5529 quod
2731 5463 2839 5519 illic
2870 5466 2987 5534 plus
3015 5477 3103 5524 aut
3144 5447 3328 5525 minus
3346 5447 3494 5542 posi;

1918 5543 2029 5590 tum
2060 5537 2349 5611 videretur,
2376 5555 2556 5613 posset
2580 5548 2924 5617 plurimorum
2952 5556 3175 5612 consilio
3196 5562 3490 5621 emendari.

1917 5623 2083 5681 Nemo
2112 5638 2193 5682 εει
2225 5633 2366 5686 enim
2395 5634 2483 5702 qui
2505 5636 2604 5692 sibi
2638 5648 2744 5693 tam
2774 5652 3082 5710 arroganter
3106 5660 3369 5705 summam
3398 5652 3492 5706 do-

1919 5712 2105 5769 ctrinm
2132 5718 2369 5774 cmlcstis
2394 5734 2651 5790 assumat,
2682 5734 2741 5780 ut
2769 5738 2914 5796 putet
2944 5746 3002 5787 se
3032 5750 3207 5791 omnia
3238 5743 3493 5810 mysteria

1914 5800 2116 5870 liquido
2144 5806 2525 5879 comprehensa
2554 5814 2807 5886 retinere,
2840 5831 2960 5877 cum
2990 5822 3187 5885 Paulus
3217 5800 3490 5902 apostolus
3536 5898 3539 5901 _
