3962 6178
400 352 493 408 ibi

1694 337 1920 392 VIGILII
1958 333 2331 393 TAPSENSIS

3538 334 3634 388 468

398 476 531 524 dicat
562 489 572 522 ε
600 469 701 537 ραι
727 481 853 537 ergo
882 474 1027 535 putat
1063 480 1123 519 se
1153 462 1349 531 aliquid
1383 457 1550 520 κρῖνε,
1597 458 1820 510 necdum
1864 458 1963 507 scit
1994 462 2039 514 Α
2066 457 2294 519 Spiritus
2317 454 2483 505 sancti
2517 452 2727 522 (.ilutth.
2765 467 2980 513 surtu,
3013 449 3122 517 12)).
3151 450 3273 502 llzre
3300 459 3378 501 est
3410 448 3634 504 perfecta

398 563 841 630 similitadniotlutn
885 567 1128 627 oporteat
1167 570 1304 609 scire
1341 551 1390 621 (Ι
1434 552 1556 610 Cor.
1602 564 1729 614 viti,
1767 547 1865 615 2),
1914 557 1971 601 et

401 654 557 707 Mudu
588 668 682 720 per
707 651 980 719 speculum
1010 650 1061 701 in
1084 647 1364 714 mnigmate
1387 643 1664 704 videmus;
1689 648 1814 693 tunc
1837 637 1971 693 facie

403 745 469 799 ad
512 744 699 797 faciem
740 739 794 809 (Ι
821 739 945 794 Cor.
973 754 1087 805 xm,
1133 737 1242 806 l2).
1285 736 1378 789 Sin
1408 747 1536 789 vero
1561 730 1766 786 cunctis
1794 726 1973 783 omnia

404 850 523 903 qua:
552 834 657 887 illic
683 832 881 900 scripta
920 838 1073 885 erant
1096 871 1113 895 ,
1138 829 1287 899 juxta
1331 828 1487 881 fidem
1518 839 1696 881 veram
1727 832 1977 879 constare

405 925 732 989 viderentur,
762 932 873 979 tum
893 933 946 976 et
975 923 1088 989 ipse
1111 922 1408 990 petentibus
1431 930 1536 973 non
1565 925 1800 985 negaret.
1823 914 1976 980 Quod

405 1030 526 1069 cum
558 1015 629 1067 ita
670 1014 859 1068 fecisse
914 1011 1253 1066 manifestum
1291 1020 1393 1066 est.
1440 1010 1506 1063 Et
1543 1008 1664 1077 quia
1695 1020 1783 1062 res
1820 1004 1977 1072 digna

409 1112 515 1156 tam
537 1102 811 1157 catholicae
825 1101 1314 1169 confessioniquam
1337 1098 1601 1152 haeretica:
1622 1091 1977 1165 responsioni,

410 1192 777 1246 universorum
812 1191 1016 1260 judicio
1039 1190 1299 1244 mstimata
1329 1198 1433 1252 est,
1467 1187 1617 1242 multi
1644 1195 1765 1240 eum
1792 1184 1873 1239 vel
1905 1183 1982 1238 le-

409 1295 537 1348 gere
564 1281 646 1336 vel
676 1281 981 1336 describere
1006 1279 1307 1334 voluerunt.
1330 1278 1435 1334 Sed
1467 1292 1572 1331 non
1594 1274 1761 1330 defuit
1778 1272 1870 1343 qui
1895 1272 1981 1327 vel

411 1385 509 1438 pro
533 1371 706 1425 studio
737 1370 1012 1435 doctrinae,
1044 1369 1123 1424 vel
1155 1384 1252 1439 pro
1280 1368 1518 1423 caritatis
1547 1366 1747 1430 ofﬁcio,
1775 1378 1837 1419 ea
1863 1378 1983 1433 qua:

410 1476 442 1513 a
470 1462 619 1515 nobis
649 1460 789 1514 dicta
818 1469 963 1522 sunt,
991 1460 1353 1528 scrupulosius
1374 1465 1717 1521 retractaret;
1749 1462 1805 1509 et
1832 1468 1983 1523 quas-

410 1551 531 1603 dam
563 1550 652 1606 il'e
678 1550 761 1604 vel
790 1550 1080 1619 superﬂua,
1106 1549 1189 1603 vel
1216 1548 1458 1618 ambigua
1486 1547 1711 1611 diceret,
1739 1558 1859 1613 qua:
1886 1542 1984 1596 ali-

411 1652 494 1695 ter
519 1642 724 1710 possint
744 1657 773 1695 a
796 1642 1107 1712 quibusdam
1131 1657 1287 1711 quam
1311 1658 1339 1693 a
1368 1656 1454 1696 me
1478 1641 1618 1695 dicta
1649 1643 1774 1693 sunt
1791 1632 1981 1703 accipi.

412 1730 642 1786 Proinde
665 1746 848 1785 rursus
870 1746 931 1786 ea
955 1731 1063 1797 ipsa
1090 1730 1317 1798 planiori
1339 1738 1588 1784 sermone
1610 1728 1662 1781 in
1686 1725 1785 1779 hoc
1807 1721 1985 1777 libello

413 1818 607 1887 digessi
633 1863 648 1885 ,
681 1830 738 1875 ut
767 1831 821 1878 et
851 1822 1243 1890 simplicitatem
1274 1835 1462 1875 sensus
1492 1819 1595 1874 mei
1625 1814 1985 1876 ostenderem,

412 1919 466 1961 et
513 1912 817 1981 scrupulum
860 1913 1156 1983 legentibus
1200 1921 1552 1981 amputarent.
1581 1908 1713 1962 Nam
1756 1906 1861 1959 hoc
1903 1909 1988 1958 est

415 2001 553 2068 quod
584 2002 727 2058 aiunt
762 2018 917 2068 posse
959 2003 1301 2073 reprehendi,
1341 2002 1480 2072 quod
1513 1999 1601 2055 ubi
1630 1997 1861 2054 Verbum
1890 1994 1986 2051 Dei

415 2108 479 2147 ex
512 2108 736 2162 persona
766 2094 885 2149 Filii
925 2096 1195 2164 posuimus
1218 2138 1233 2160 ,
1283 2094 1387 2149 tale
1416 2094 1516 2148 Iioc
1546 2091 1759 2146 verbum
1792 2089 1988 2143 intelli-

415 2199 542 2250 gere
574 2193 815 2252 putemus
843 2186 999 2253 quale
1027 2186 1357 2255 grammatici
1388 2184 1626 2249 tradunt,
1657 2182 1848 2251 spiritu
1878 2181 1990 2237 oris

417 2289 596 2328 aerem
636 2274 919 2340 otl‘ensum,
959 2275 1346 2344 intelligibilem
1388 2274 1594 2328 auditu.
1642 2273 1749 2330 Sed
1779 2288 1877 2329 nos
1906 2287 1990 2328 sa-

418 2364 669 2432 pientiam
697 2380 803 2420 non
834 2366 988 2435 hujus
1009 2365 1214 2431 mundi,
1238 2380 1355 2434 qtltP.
1384 2364 1694 2429 destruitur,
1726 2363 1824 2420 Sed
1846 2364 1991 2419 illam

419 2471 537 2522 quae
563 2471 629 2511 ex
660 2455 771 2511 Deo
813 2464 897 2511 est
935 2458 1200 2520 novimus,
1246 2470 1363 2526 qua:
1401 2456 1633 2510 Verbum
1682 2454 1777 2509 Dei
1827 2456 1991 2509 Deum

419 2563 539 2603 esse
574 2547 825 2611 insinuat,
851 2564 973 2604 cum
1014 2548 1144 2601 dicit
1176 2566 1188 2600 :
1217 2547 1274 2601 ln
1307 2547 1567 2616 principio
1592 2556 1707 2602 erat
1735 2546 1992 2615 Verbum,

419 2650 474 2696 et
504 2637 735 2694 Verbum
764 2646 881 2693 erat
916 2638 1054 2708 apud
1089 2637 1252 2692 Deum
1277 2679 1292 2704 ,
1340 2645 1394 2692 et
1425 2639 1563 2693 Deus
1593 2645 1710 2693 erat
1740 2637 1994 2693 Verbum.

420 2733 610 2787 Omnia
642 2746 737 2802 per
763 2732 935 2802 ipsum
968 2731 1102 2786 facta
1131 2740 1253 2785 sunt
1278 2770 1294 2796 ,
1327 2730 1526 2786 etsine
1556 2731 1669 2799 ipso
1694 2731 1888 2786 factum
1914 2741 1996 2789 est

421 2825 555 2880 nihil
582 2822 759 2893 (Joan.
805 2838 843 2889 ι,
885 2822 1020 2892 1-5).
1056 2822 1206 2878 Unde
1236 2822 1417 2877 mirari
1442 2836 1527 2877 me
1559 2822 1760 2887 fateor,
1791 2822 1894 2877 hoc
1926 2825 1994 2879 ita

422 2914 609 2969 sentiri
639 2914 898 2983 potuisse,
920 2911 1073 2980 quasi
1099 2927 1196 2967 nos
1227 2927 1510 2981 personam
1540 2913 1695 2983 531
1726 2915 1993 2982 propriam

426 3006 609 3071 Verbi,
634 3005 771 3075 quod
795 3013 877 3059 est
897 3004 1084 3070 Filius,
1110 3017 1443 3069 negaremus.
1465 3002 1632 3056 Nemo
1653 3002 1814 3057 verbo
1840 3013 1999 3059 tenus

426 3096 684 3160 nominat,
715 3108 872 3165 quem
901 3107 1031 3148 vere
1059 3106 1179 3148 esse
1202 3092 1254 3147 in
1285 3105 1511 3162 persona
1532 3106 1627 3145 sua
1654 3093 1849 3161 smpius
1875 3107 1998 3161 pro-

427 3190 608 3243 litetur
637 3205 650 3241 :
683 3202 803 3241 nam
829 3184 1097 3256 quomodo
1123 3192 1213 3237 aut
1239 3198 1423 3237 verum
1450 3181 1663 3250 Fiiium,
1694 3194 1782 3237 aut
1809 3198 1993 3239 verum
2026 3166 2073 3230 (ἶ

428 3282 637 3337 Patrem
686 3280 914 3337 confessi
960 3293 1166 3345 sumus,
1206 3280 1251 3333 si
1301 3293 1407 3333 non
1448 3293 1573 3334 vere
1620 3279 1997 3349 preprietatem

428 3388 776 3444 personarum
805 3382 911 3428 tam
952 3370 1124 3427 Patris
1163 3386 1318 3441 quam
1346 3371 1465 3426 Filii
1496 3372 1867 3427 servavimus?
1896 3373 1999 3429 Sed

429 3467 550 3535 quia
580 3466 739 3521 unius
766 3464 855 3519 Dei
884 3462 1199 3519 vocabulum
1232 3462 1480 3528 diximus,
1500 3476 1753 3530 personas
1780 3478 2003 3533 negasse

430 3568 696 3627 putamur.
740 3557 807 3611 Et
837 3556 962 3611 hinc
1002 3554 1288 3609 verisimile
1320 3555 1491 3608 visum
1538 3563 1618 3609 est
1644 3555 1784 3624 quod
1825 3556 2003 3625 posui-

432 3664 569 3703 mus.
597 3649 703 3704 Nos
731 3647 940 3701 Patrcm
969 3654 1021 3701 et
1048 3644 1239 3701 Filium
1270 3645 1339 3699 ita
1371 3658 1729 3714 nominamus,
1753 3655 1810 3699 ut
1838 3661 2000 3699 unum

430 3740 484 3793 ἰ)
509 3755 597 3793 ιιιιι
628 3740 680 3794 in
710 3739 788 3792 bis
813 3738 1055 3808 personis
1072 3744 1126 3792 et
1146 3735 1448 3790 nominibus
1469 3737 1821 3805 assiguemus.
1839 3734 2003 3792 Porro

430 3831 622 3885 iterum
655 3830 810 3883 Pater
839 3836 893 3883 et
924 3827 1112 3891 Filius,
1140 3824 1240 3881 etsi
1270 3825 1378 3880 duo
1405 3827 1617 3882 nomina
1644 3826 1999 3895 appellantur,

404 3920 639 3975 ratione
666 3927 840 3972 tamen
870 3924 925 3973 ct
952 3915 1247 3971 substantia
1277 3930 1440 3970 unum
1467 3922 1612 3972 sunt.
1656 3916 1723 3970 Et
1750 3930 1870 3971 cum
1903 3914 2005 3970 Pa-

433 4022 566 4066 trem
595 4019 653 4066 ct
681 4011 871 4065 Filium
896 4018 1091 4075 statuo,
1117 4010 1372 4063 unitatem
1392 4008 1605 4077 assigno
1625 4008 1858 4078 generis.
1882 4007 2007 4063 lltec

432 4104 609 4157 omnia
641 4101 859 4170 intelligi
890 4115 1049 4169 posse
1075 4101 1334 4154 aestimata
1365 4108 1508 4167 sunt,
1542 4100 1694 4170 quasi
1726 4099 1822 4154 ista
1850 4113 2005 4155 voca-
2039 4117 2046 4124 ·

435 4196 557 4249 bula
582 4195 722 4249 inter
750 4194 964 4248 Patrem
989 4199 1045 4248 et
1066 4191 1256 4247 Filium
1280 4190 1350 4245 ita
1373 4189 1545 4259 posita
1573 4191 1701 4256 sint,
1729 4199 1787 4244 ut
1807 4196 1890 4243 est
1909 4202 2006 4241 no-

432 4303 554 4342 men
586 4295 641 4341 et
669 4300 986 4355 cegnomen,
1035 4285 1194 4338 unius
1236 4290 1414 4337 tamen
1446 4295 1727 4351 personae;
1776 4294 1895 4334 cum
1939 4294 2004 4335 ex

433 4376 797 4445 superioribus
823 4382 914 4427 aut
940 4372 1283 4428 inferioribus
1310 4370 1465 4425 dictis
1498 4368 1730 4438 potuerit
1758 4370 1871 4423 haec
1902 4382 2007 4423 su-

432 4468 601 4537 spicio
627 4482 731 4520 non
763 4464 989 4519 admitti.
1018 4464 1122 4531 Qui
1150 4463 1289 4521 enim
1316 4460 1507 4515 Filium
1539 4459 1631 4513 Dei
1658 4475 1763 4516 non
1790 4458 2005 4514 aliunde

2070 546 2305 602 Trinitas
2345 545 2399 598 in
2442 545 2645 597 unitate
2684 544 3005 606 consistens,
3046 556 3205 609 quam
3246 541 3445 593 scilicet
3486 540 3645 592 unius

2070 635 2383 693 substantia:
2410 634 2741 702 proﬁtemur.
2768 632 2881 686 Non
2910 631 3052 685 enim
3085 645 3187 684 nos
3206 629 3497 684 secundum
3525 643 3642 683 eor-

2075 741 2261 795 porum
2290 724 2675 790 eonditionem,
2707 722 3027 777 divisionem
3055 721 3108 775 in
3138 722 3247 776 Deo
3267 720 3521 783 facimus;
3548 719 3645 774 sed

2076 816 2369 873 secundum
2395 815 2589 870 divinat
2615 823 2819 868 natura
2846 813 3133 881 potentiam
3152 852 3171 873 .
3197 826 3316 880 qum
3343 811 3399 865 in
3426 810 3647 866 materia

2078 922 2183 961 non
2204 912 2356 962 estet
2383 905 2656 960 nominum
2684 917 2942 972 personas
2956 917 3081 957 vere
3095 910 3342 955 constare
3356 898 3646 965 credimus,

2077 1006 2132 1052 et
2156 995 2411 1051 unitatem
2447 995 2743 1050 divinitatis
2772 1007 2895 1049 esse
2921 1002 3198 1047 testamur.
3235 989 3343 1046 Nec
3381 990 3649 1045 extensio-

2079 1104 2200 1145 nem
2230 1090 2401 1159 partis
2426 1088 2655 1157 alicujus
2680 1101 2744 1142 ex
2776 1086 2934 1141 Patre
2959 1087 3043 1156 (ut
3069 1084 3285 1153 quidam
3312 1083 3653 1153 putaverunt)

2081 1181 2174 1237 Dei
2205 1180 2396 1237 Filium
2422 1179 2681 1236 dicimus:
2701 1188 2799 1234 nec
2814 1177 3035 1233 verbum
3058 1175 3176 1231 sine
3191 1174 3435 1241 re,velut
3458 1189 3651 1228 sonum

2081 1274 2226 1330 vocis
2253 1273 2581 1342 accipimus;
2610 1270 2705 1327 sed
2735 1270 2835 1325 tria
2861 1269 3075 1324 nomina
3092 1307 3111 1333 ,
3136 1276 3195 1323 et
3220 1276 3329 1322 tres
3358 1280 3647 1335 personas,

2084 1368 2241 1424 tutius
2264 1380 2389 1423 esse
2409 1365 2680 1429 essentize,
2710 1363 2870 1417 unius
2890 1360 3190 1430 maiestatis
3216 1367 3375 1426 atque
3404 1356 3657 1425 potentiue

2082 1457 2368 1514 credimus.
2390 1456 2549 1526 532
2571 1455 2639 1509 Et
2663 1454 2784 1508 ideo
2804 1466 2971 1507 unum
2994 1448 3508 1512 Demconﬁtcmur,
3531 1447 3655 1513 quia

2085 1550 2262 1603 unitas
2300 1547 2631 1616 maiestatis.
2674 1544 2905 1614 plurium
2937 1541 3200 1601 vocabulo
3237 1540 3370 1595 deos
3410 1538 3659 1609 prohibet

2086 1641 2362 1709 appellari.
2396 1639 2635 1708 Denique
2659 1637 2873 1693 Patrem
2894 1645 2951 1691 et
2978 1634 3169 1689 Filium
3191 1632 3450 1689 catholico
3478 1630 3655 1685 nomi-

2089 1748 2315 1789 namus:
2344 1733 2483 1787 duos
2503 1742 2686 1787 autem
2712 1730 2847 1785 deos
2870 1729 3053 1784 dicere
3090 1740 3189 1780 nec
3223 1738 3525 1795 possumus,
3558 1736 3663 1777 nec

2020 1809 2064 1871 Β
2090 1826 2349 1880 debemus
2390 1840 2408 1878 :
2448 1838 2557 1878 non
2602 1821 2745 1891 quod
2784 1820 2950 1875 Filius
2992 1818 3084 1871 Dei
3115 1816 3257 1872 Deus
3295 1829 3403 1867 non
3429 1814 3517 1877 sit,
3551 1813 3665 1866 imo

2090 1931 2249 1971 verus
2277 1917 2417 1970 Deus
2440 1914 2507 1968 de
2536 1914 2649 1968 Deo
2674 1927 2831 1977 vero;
2858 1911 2952 1967 sed
2976 1910 3100 1981 quia
3125 1924 3229 1965 non
3258 1906 3469 1962 aliunde
3502 1920 3661 1974 quam

2090 2010 2160 2065 de
2184 2009 2299 2079 ipso
2319 2021 2425 2062 uno
2444 2005 2624 2071 Patre,
2644 2004 2736 2059 Dei
2760 2003 2950 2058 Filium
2970 2001 3232 2063 novimus,
3256 1996 3476 2067 perinde
3496 2009 3663 2048 unum

2093 2107 2260 2161 Deum
2285 2102 2530 2157 dicimus.
2550 2100 2662 2154 l-loc
2683 2099 2826 2153 enim
2852 2097 3147 2166 prophetae,
3180 2094 3280 2146 hoc
3306 2086 3531 2159 apostoli
3555 2097 3666 2139 tra-

2092 2193 2375 2257 diderunt;
2406 2191 2508 2244 hoc
2536 2190 2651 2258 ipse
2684 2186 2941 2241 Dominus
2963 2182 3165 2247 docuit,
3199 2194 3320 2232 cum
3348 2177 3473 2230 dicit
3500 2191 3517 2230 :
3552 2175 3669 2241 Ego

2091 2294 2140 2340 et
2177 2283 2332 2338 Pater
2360 2296 2518 2335 unum
2544 2293 2729 2334 sumus
2754 2276 2930 2349 (Joan.
2957 2290 3013 2339 ιι,
3043 2270 3156 2341 30).
3188 2269 3358 2325 Unum
3387 2265 3452 2319 ad
3484 2264 3665 2318 imita-

2095 2384 2203 2431 tem
2222 2374 2515 2429 divinitatis
2532 2373 2612 2440 (ut
2632 2369 2767 2439 disi)
2788 2367 2954 2423 refert
2975 2383 2990 2420 :
3013 2378 3196 2418 sumus
3219 2370 3393 2414 autem
3422 2356 3671 2427 personis

2095 2465 2348 2535 assignat.
2368 2463 2473 2520 Sed
2493 2470 2549 2517 et
2568 2460 2857 2529 Apostolus
2882 2457 2958 2511 ait
2980 2472 2995 2510 ε
3026 2454 3171 2510 linus
3191 2460 3294 2514 est,
3318 2448 3506 2519 inquit.
3524 2447 3672 2501 Deus

2097 2557 2274 2619 Pater,
2301 2568 2367 2610 cx
2396 2566 2504 2623 quo
2522 2552 2702 2605 omnia
2732 2565 2748 2614 ;
2775 2556 2831 2604 et
2851 2561 2950 2601 nos
2978 2546 3032 2599 in
3061 2544 3208 2612 ipso;
3238 2551 3456 2602 etunus
3485 2538 3668 2591 Domi-

2096 2662 2196 2703 nus
2240 2646 2395 2701 .lcsus
2445 2643 2706 2703 Christus.
2757 2656 2850 2709 per
2888 2650 3046 2708 quem
3086 2635 3285 2697 omnia,
3329 2640 3385 2685 et
3429 2643 3528 2683 nos
3570 2642 3672 2697 per

2098 2745 2269 2812 ipsum
2298 2757 2311 2796 :
2344 2741 2438 2796 sed
2469 2754 2575 2795 non
2604 2739 2653 2792 in
2682 2735 2928 2790 omnibus
2953 2739 3034 2786 est
3061 2728 3280 2784 scicntia
3313 2723 3365 2795 (ι
3397 2724 3517 2778 Car.
3547 2736 3670 2787 vin,

2097 2835 2176 2905 6).
2205 2835 2319 2901 Qua
2347 2836 2412 2887 de
2440 2846 2499 2887 re
2527 2827 2820 2896 esplinatis
2858 2826 2938 2879 bis
2977 2822 3152 2876 verbis
3176 2833 3293 2889 quae
3329 2816 3663 2885 scrupulum,

2099 2941 2203 2979 non
2232 2923 2359 2978 milii
2384 2921 2471 2990 qui
2498 2920 2613 2974 scio
2642 2916 2784 2986 quod
2812 2913 3060 2979 dixerim,
3085 2909 3177 2964 sed
3200 2909 3315 2962 aliis
3344 2906 3670 2961 inferebant.

2098 3025 2225 3086 puto
2263 3012 2596 3068 occasionem
2628 3008 2783 3063 malm
2809 2997 3258 3073 interpretationis
3286 2997 3452 3052 fuisse
3486 2992 3673 3049 subia-

2101 3116 2229 3160 tam.
2261 3105 2390 3159 Nam
2416 3111 2470 3157 et
2500 3098 2763 3171 professio
2793 3096 2913 3151 fidei
2934 3093 3211 3149 manifesta
3243 3098 3342 3155 est,
3365 3097 3418 3143 ct
3441 3100 3673 3156 persona

2102 3212 2220 3253 cum
2251 3192 2522 3250 vocabulis
2549 3196 2778 3256 censtat,
2802 3195 2857 3244 et
2878 3199 2981 3242 una
3008 3184 3256 3239 divinitas
3276 3180 3537 3247 assignzita
3558 3183 3668 3230 est.

2104 3288 2197 3343 Vel
2237 3286 2282 3342 si
2325 3264 2724 3351 adliuc'aliquid
2754 3277 2895 3349 quod
2929 3275 3225 3345 legentibus
3258 3269 3560 3338 ambiguum
3590 3268 3671 3319 vi-

2101 3380 2291 3435 deatur
2318 3379 2369 3432 in
2411 3376 2610 3441 vcrb's,
2647 3373 2712 3427 ad
2754 3384 2943 3427 sensus
2976 3368 3173 3424 debent
3213 3364 3370 3418 verba
3398 3358 3670 3423 conferri;

2102 3471 2225 3539 quia
2254 3483 2361 3522 non
2391 3465 2705 3535 simplicitas
2743 3462 3051 3525 verborum,
3090 3455 3184 3511 sed
3216 3453 3339 3508 mali
3369 3452 3673 3505 intellectus

2104 3561 2392 3616 obstinatio
2430 3558 2636 3626 culpam
2680 3555 2810 3611 olet.
2854 3552 2923 3608 At
2961 3563 3081 3604 cum
3121 3561 3311 3601 sensus
3342 3552 3522 3597 noster
3547 3554 3674 3592 cum
3754 3602 3762 3608 π

2105 3651 2329 3706 veritate
2354 3648 2661 3713 concordet,
2694 3654 2749 3701 et
2774 3642 2939 3698 verba
2965 3640 3163 3695 debent
3190 3650 3310 3691 cum
3341 3633 3543 3686 ratione
3561 3630 3674 3681 sin-

2106 3741 2399 3797 cerissima.
2425 3739 2578 3795 Unde
2604 3751 2634 3790 a
2658 3733 2999 3803 simplicitate
3017 3726 3316 3784 Christiana
3337 3720 3675 3778 academicos

2105 3835 2405 3902 disputator
2432 3828 2702 3887 abscedat.

2177 3927 2366 3982 Multas
2389 3923 2599 3993 quidem
2630 3928 2686 3975 et
2711 3922 2897 3987 graves
2933 3916 3186 3975 limreses,
3233 3917 3335 3961 etc.
3365 3908 3499 3976 (qua:
3528 3903 3681 3955 habes

2107 4034 2285 4086 supra,
2316 4032 2377 4069 ea:
2407 4015 2594 4086 pagina
2620 4011 2769 4080 506).
2798 4007 2919 4061 Post
2942 4005 3034 4059 illa
3061 4003 3206 4057 verba
3230 4015 3247 4053 :
3267 3999 3427 4066 Cujus
3450 4010 3677 4062 regnum

2108 4122 2390 4173 aeternum,
2422 4104 2745 4168 immortale,
2776 4116 2875 4154 nec
2902 4098 3106 4152 initium
3136 4094 3323 4156 liabet,
3365 4103 3462 4143 nec
3492 4087 3681 4141 termi-

2110 4216 2235 4258 num
2272 4216 2286 4252 :
2332 4198 2418 4253 cui
2463 4185 2734 4250 honor’ct
2782 4178 3047 4259 gloria'in
3099 4183 3293 4237 smeula
3338 4179 3680 4233 smenlormn.

2110 4295 2277 4347 Amen
2312 4307 2326 4341 :
2363 4287 2488 4341 [hoc
2515 4283 2714 4337 addidit
2750 4279 2968 4350 Vigilius
3003 4277 3057 4331 in
3086 4275 3182 4329 hac
3207 4269 3424 4327 secunda
3448 4266 3684 4337 ejusdem

2112 4378 2339 4449 apusculi
2366 4375 2585 4429 editione
2611 4386 2630 4425 :

2185 4471 2306 4525 "33c
2334 4467 2422 4537 qui
2450 4465 2714 4533 legis,per
2744 4460 2911 4515 Deum
2940 4455 3265 4520 obsecro,ne
3288 4446 3689 4517 simplicitatem

433 4566 615 4613 natum
639 4558 877 4611 dixeram
896 4569 1051 4623 quam
1071 4552 1283 4621 proprie
1307 4552 1375 4606 de
1392 4551 1568 4617 Patre,
1592 4558 1759 4604 totum
1780 4548 1847 4603 de
1874 4557 1995 4614 toto,

2117 4575 2305 4615 sensus
2335 4559 2388 4611 in
2421 4555 2726 4622 ambiguum
2758 4559 3028 4618 torqueas,
3069 4552 3159 4598 aut
3196 4542 3325 4595 alias
3357 4552 3511 4607 quam
3545 4536 3691 4587 dicta

432 4652 696 4718 integrum
726 4648 790 4701 de
812 4646 1043 4715 integro,
1065 4643 1359 4713 perfectum
1387 4641 1452 4696 de
1482 4638 1736 4709 perfecto,
1760 4652 2005 4694 consum-

435 4750 741 4808 matamque
771 4741 1020 4791 virtutem
1042 4777 1057 4802 ,
1089 4736 1356 4806 quomodo
1382 4734 1524 4803 potui
1557 4734 1726 4800 ipsum
1769 4731 2001 4794 Patrem,

434 4832 607 4901 ipsum
638 4828 736 4884 sibi
764 4830 957 4884 Filium
988 4841 1208 4897 ponere,
1242 4835 1296 4881 et
1320 4826 1420 4879 lioc
1450 4824 1608 4878 modo
1637 4837 1793 4877 unam
1824 4836 2008 4892 perso-

436 4941 558 4980 nam
606 4922 813 4977 duobus
857 4920 1161 4975 nominibus
1187 4919 1499 4989 appellare?
1544 4918 1740 4986 quippe
1784 4929 1903 4968 cum
1955 4920 2009 4966 et

437 5018 574 5069 hanc
610 5023 830 5079 sectam,
872 5012 925 5066 id
968 5020 1052 5067 est
1091 5011 1472 5075 Sabellianam,
1519 5009 1571 5063 in
1612 5008 1799 5062 eodem
1828 5005 2007 5059 libello

436 5106 800 5161 damnaverim
832 5114 883 5159 et
913 5117 1259 5173 personarum
1290 5102 1683 5157 distinctionem
1717 5096 2006 5153 secundum

436 5196 753 5252 vocabulum
785 5196 1114 5265 scripserim.
1162 5193 1294 5247 Nam
1335 5202 1390 5249 et
1428 5207 1584 5247 nemo
1622 5204 1719 5258 pro
1759 5202 1861 5243 una
1890 5202 2010 5255 per-

436 5302 565 5343 sona
595 5296 791 5358 potest,
822 5301 988 5342 unum
1019 5294 1161 5349 sunt,
1190 5283 1388 5348 dicere,
1414 5284 1498 5337 vel
1525 5282 1777 5335 unitatem
1798 5280 2010 5349 generis

436 5382 537 5437 nisi
581 5380 824 5451 personis
873 5382 1165 5446 assignare.
1225 5374 1352 5441 Quis
1410 5381 1581 5426 autem
1630 5370 2008 5426 catholicorum

436 5474 645 5545 ignorat
665 5473 873 5527 Patrem
892 5483 1017 5523 vere
1043 5480 1163 5521 esse
1184 5465 1416 5528 Patrem,
1437 5462 1624 5518 Filium
1647 5477 1772 5517 vere
1796 5461 2007 5526 Filium,

434 5552 492 5632 hct
519 5575 771 5644 Spiritum
812 5578 1052 5626 sanctum
1100 5580 1229 5621 vere
1272 5578 1390 5619 esse
1436 5562 1687 5631 Spiritum
1730 5560 2009 5616 sanctum?

440 5679 578 5731 sicut
609 5677 721 5744 ipse
764 5673 1018 5727 Dominus
1053 5669 1119 5725 ad
1149 5666 1418 5737 apostolos
1447 5678 1569 5718 suos
1602 5662 1731 5716 dicit
1758 5680 1769 5712 :
1807 5662 2005 5717 Euntcs

440 5776 701 5847 ltaptizatc
729 5787 912 5829 omnes
942 5781 1128 5841 gentes
1154 5771 1205 5825 in
1238 5765 1452 5824 nomine
1482 5764 1673 5834 Patris,
1706 5770 1757 5819 ct
1785 5760 1925 5832 Filii,
1954 5771 2007 5818 et

2119 4660 2243 4706 sunt
2269 4649 2479 4709 trahas;
2509 4646 2629 4714 quia
2661 4657 2759 4697 nos
2785 4640 2990 4696 Patrem
3018 4649 3202 4692 verum
3235 4634 3441 4686 Patrem
3473 4630 3691 4682 conlitu-

2122 4757 2259 4806 mur,
2291 4748 2343 4794 et
2376 4736 2564 4791 Filium
2596 4733 2703 4787 Dci'
2733 4747 2916 4786 verum
2950 4727 3139 4781 Filium
3172 4723 3299 4787 Dei,
3330 4730 3384 4776 et
3424 4720 3686 4787 Spiritum

2119 4841 2362 4885 Sanctum
2392 4840 2516 4880 vere
2544 4823 2799 4891 Spiritum
2830 4827 3072 4873 sanctum
3103 4814 3390 4877 credimus,
3424 4819 3535 4864 tres
3568 4823 3689 4873 pcr-

2121 4937 2279 4977 sonas
2311 4919 2466 4971 unius
2496 4912 2823 4975 substantiae,
2852 4919 2906 4964 et
2936 4909 3090 4961 unius
3112 4902 3402 4960 divinitatis
3426 4902 3691 4956 contitcn-

2116 5023 2214 5067 tes.
2244 5008 2461 5066 Sabellii
2487 5014 2662 5059 autem
2692 5012 2743 5057 ct
2768 4998 2997 5064 Pliotini,
3021 5011 3225 5052 necnon
3250 4994 3361 5048 Arii
3391 5000 3616 5052 sectam,
3637 4999 3690 5043 et

2114 5105 2157 5158 si
2182 5117 2280 5171 qua
2308 5101 2406 5153 alia
2434 5107 2556 5151 sunt
2578 5110 2697 5165 quae
2717 5101 2899 5147 contra
2927 5089 3162 5159 regulam
3184 5085 3423 5140 veritatis
3442 5082 3692 5138 veniunt.

2116 5193 2554 5249 condemnamus.
2572 5187 2801 5241 Nicaeum
2831 5192 3005 5237 autem
3031 5178 3215 5249 synodi
3238 5184 3517 5229 tractatum
3544 5175 3689 5225 omni

2118 5285 2275 5357 533
2297 5280 2456 5335 animi
2480 5279 2599 5333 nisu
2622 5292 2689 5332 ex
2720 5286 2826 5329 tota
2849 5273 2950 5326 [ide
2974 5263 3686 5333 servantes,amplectimur:

2121 5354 2264 5431 hunc
2303 5373 2444 5429 enim
2475 5378 2755 5426 tractatum
2788 5366 2990 5422 scimus
3020 5369 3203 5416 contra
3235 5371 3421 5411 omnes
3452 5354 3694 5408 hmrcscs

2122 5469 2315 5524 invicta
2343 5466 2565 5520 veritate
2591 5460 2914 5531 oppositum.

2118 5580 2225 5633 Pro
2253 5579 2523 5633 corollario
2554 5590 2762 5645 operum
2803 5570 2971 5642 i’igilii
3000 5567 3293 5638 Tapsensis,
3327 5562 3453 5616 habe
3483 5560 3687 5613 tandem

2186 5672 2376 5740 aliquot
2416 5669 2714 5740 objections:
2746 5664 3073 5724 Arianorum,
3094 5669 3141 5713 et
3189 5670 3360 5711 eorum
3389 5652 3684 5713 solutiones,

2185 5778 2295 5831 qua:
2324 5763 2373 5815 in
2407 5777 2525 5816 mss.
2547 5759 2799 5814 codicibus
2830 5748 3501 5823 Cluniacensiﬂ’ariaiensi,
3535 5751 3712 5807 Pieta-
