3960 6176
311 222 408 279 460

1416 222 1499 277 DE
1545 221 1699 277 FIDE
1739 219 2009 276 ΝΙΟᾹΞΝΑ
2052 221 2480 282 TRACTATUS.

3458 234 3565 294 470

373 336 516 390 censi
542 344 590 390 et
626 334 1005 391 Pontiniacensi
1032 336 1429 409 subjiciebattlur
1460 336 1665 405 dialogo
1708 345 1886 388 eorum
1916 338 1960 392 Λ
1996 352 2056 392 ac
2078 339 2152 393 sic
2177 329 2444 406 perfectus
2473 345 2523 396 in
2549 342 2723 410 seipse
2753 358 2855 397 non
2889 344 3003 408 fuit,
3034 347 3122 417 qui
3150 358 3203 403 ut
3235 350 3562 416 perfectione

375 431 620 491 Arianos,
648 429 763 482 solis
785 428 1084 493 Athanasio,
1114 428 1257 493 Aria,
1276 436 1320 481 et
1353 428 1518 481 Probo
1531 430 1706 499 judice
1727 429 1880 479 inter-

374 522 691 573 locutoribus
723 537 740 573 :
768 537 892 590 quas
918 537 1133 590 pronum
1173 530 1245 574 est
1286 520 1591 585 existimare,
1623 538 1655 573 a
1691 520 1881 589 Vigilio

373 612 604 678 adjectus
655 612 718 664 ad
772 612 994 680 primum
1047 626 1196 665 suum
1244 612 1504 681 dialogum
1546 612 1639 665 sub
1680 613 1882 664 nomine

374 702 668 767 Athanasii,
696 713 871 757 contra
900 704 1138 769 Arianos,
1167 712 1437 771 antequam
1468 704 1740 756 secundam
1771 706 1884 773 ejus

372 796 645 847 tdi'ionem
672 793 953 860 moliretur,
980 796 1032 848 in
1060 810 1162 865 qua
1185 796 1336 849 etiam
1358 792 1688 848 Pltotinianos
1713 801 1760 847 et
1784 793 1879 848 Sa.

371 888 619 940 bellianos
647 905 760 940 cum
783 887 991 940 Arionis
1019 885 1318 956 confutavit.

405 996 668 1033 iNClPIUNT
707 990 1026 1033 SOLUTIONES
1062 989 1411 1032 ONECTIONUH
1449 986 1774 1029 ARIANORCI.

324 1070 327 1071 ⁷
374 1071 545 1124 Prima
577 1086 768 1125 eorum
798 1070 1030 1140 objectio
1060 1080 1179 1135 εει,
1209 1080 1312 1138 qua
1342 1068 1525 1122 dicunt
1552 1066 1885 1134 impossibile

308 1180 417 1218 esse
448 1163 620 1225 Deum
656 1162 891 1225 Patrem,
922 1170 978 1217 et.
1020 1161 1420 1229 incorporeum,
1443 1168 1498 1213 et
1536 1157 1880 1226 invisibilem,

308 1260 365 1313 de
384 1274 472 1312 sua
498 1257 802 1310 substantia
830 1268 1106 1325 generare.
1126 1258 1168 1308 Α
1190 1253 1380 1321 quibus
1406 1251 1532 1305 illud
1551 1252 1723 1320 primo
1744 1266 1882 1320 qua:-

308 1351 516 1406 reudutn
559 1358 647 1403 est
688 1359 866 1402 utrum
902 1345 1175 1400 voluntate
1216 1351 1497 1398 coercente
1537 1342 1693 1397 Pater
1718 1355 1879 1411 gene-

305 1456 413 1496 rare
454 1440 703 1509 nequivit
744 1447 843 1493 :et
885 1438 931 1493 si
958 1436 1171 1507 quidem
1212 1435 1484 1489 voluntate
1532 1444 1638 1488 non
1668 1434 1875 1503 genuit,

304 1550 421 1604 ergo
458 1532 649 1586 habuit
692 1532 747 1585 in
780 1539 965 1585 natura
1005 1538 1062 1583 ut
1099 1541 1359 1597 generare
1387 1524 1657 1594 potuerit;
1688 1525 1783 1580 sed
1808 1526 1875 1578 ad

1982 429 2269 497 frueretur,
2322 445 2502 501 postea
2549 435 2739 488 Filium
2778 439 3111 505 generando,
3150 451 3428 510 paternum
3458 445 3562 502 sibi

1982 535 2175 575 nomen
2204 523 2428 591 adjecit;
2455 536 2505 577 et
2537 539 2629 592 per
2661 527 2761 580 hoc
2793 528 2844 581 in
2872 542 2967 582 sua
2992 529 3289 585 substantia
3325 536 3558 591 mutabi-

1983 611 2049 664 lis
2077 628 2088 664 :
2125 612 2227 667 erit
2251 616 2339 681 qui
2365 614 2433 668 de
2463 615 2717 685 dignitate
2738 617 2954 673 deitatis
2983 620 3051 674 ad
3080 621 3324 677 ell‘ectum
3352 626 3562 692 paterni

1984 702 2205 757 honoris
2240 705 2470 761 transiit.
2516 707 2652 774 Quid
2692 722 2810 776 oro,
2838 719 2887 765 te
2922 711 3023 766 ista
3053 715 3410 782 quaestionum
3451 727 3559 772 tor-

1983 805 2159 850 menta
2189 797 2499 854 delectant?
2523 801 2649 870 quid
2674 804 3047 861 insolubilibus
3072 808 3432 878 objectionutn
3466 829 3559 868 no.-

1982 887 2067 942 dis
2092 888 2282 945 vinciri
2317 906 2423 945 non
2454 893 2648 961 pudet?
2689 895 2815 951 dum
2849 899 2962 967 ipse
2992 901 3235 970 laqueum
3279 906 3472 971 tendis,
3505 918 3557 962 et

1984 988 2037 1034 ιε
2056 979 2251 1035 irretiri
2281 998 2385 1038 non
2414 984 2603 1040 sentis.
2644 986 2783 1042 Dicis
2808 1002 2940 1059 ergo
2977 1009 2989 1043 :
3022 993 3155 1048 Cum
3195 1006 3360 1063 esset,
3402 1006 3556 1052 natus

1982 1079 2086 1125 est.
2116 1071 2184 1125 Et
2223 1072 2335 1137 ubi,
2370 1074 2600 1143 inquies,
2631 1078 2784 1132 erat?
2820 1079 2874 1133 In
2904 1080 3066 1136 corde
3096 1082 3285 1151 Patris,
3321 1088 3372 1141 in
3403 1098 3556 1143 utero

1983 1159 2178 1229 Patris,
2208 1162 2261 1216 in
2291 1161 2423 1218 sinu‘
2442 1164 2637 1233 Patris,
2662 1167 2717 1229 id
2742 1179 2824 1223 est
2848 1172 2898 1224 in
2922 1173 3146 1229 occultis
3172 1186 3373 1232 naturae
3402 1194 3557 1235 arca-

1983 1252 2091 1308 nis.
2120 1254 2246 1310 Inde
2272 1257 2541 1312 nascendo
2569 1262 2865 1331 processit,
2896 1274 3000 1318 non
3031 1269 3331 1324 recedendo
3371 1272 3554 1329 deces-

1980 1344 2068 1399 sit.
2102 1343 2236 1416 Ego,
2254 1346 2449 1417 inquit,
2466 1365 2530 1403 ea:
2557 1367 2645 1404 ore
2672 1351 2923 1408 Altissimi
2950 1359 3173 1421 inermi
3199 1359 3384 1431 (Eccli.
3404 1376 3553 1430 xstv,

1979 1433 2041 1504 5)
2064 1451 2079 1488 :
2110 1448 2230 1505 ego,
2256 1435 2451 1508 inquit,
2465 1440 2533 1495 de
2555 1441 2780 1497 Domino
2796 1441 2955 1500 Patre
2969 1448 3102 1501 exivi
3123 1449 3300 1520 (Joan.
3315 1467 3423 1517 XVI,
3436 1456 3551 1524 ξε).

1980 1526 2117 1582 Ecce
2143 1527 2307 1584 babes
2347 1531 2600 1588 nascendi
2629 1537 3050 1606 processlonem,
3093 1540 3218 1595 audi
3262 1556 3371 1598 non
3395 1544 3551 1601 dece-

302 1622 654 1693 generationis
669 1622 919 1677 ell‘ectum
938 1620 1182 1676 voluntas
1198 1618 1487 1683 continuit;
1511 1631 1574 1672 ac
1590 1616 1667 1671 sic
1687 1630 1872 1671 eorum
1901 1691 1945 1706 ἢ
1977 1617 2155 1674 dentis
2190 1620 2331 1677 unde
2360 1633 2700 1691 processerat
2726 1626 3082 1688 mansionem.
3109 1630 3245 1704 Ego,
3273 1634 3468 1706 inquit,
3498 1639 3549 1693 εκ

304 1691 556 1783 superﬂua
599 1713 837 1782 objeCtio
872 1713 1029 1776 victa,
1076 1712 1218 1766 cedit
1259 1711 1499 1780 explosa,
1539 1724 1642 1780 qua
1685 1708 1869 1763 dicunt
1901 1691 1950 1750 Β
1976 1709 2150 1774 Patre,
2181 1722 2229 1763 et
2255 1710 2413 1766 Pater
2440 1714 2493 1767 in
2522 1730 2604 1769 me
2634 1714 2812 1786 (Joan.
2842 1733 2953 1787 xw,
2988 1721 3097 1792 Η).

307 1803 516 1857 Domino
551 1802 726 1858 fuisse
765 1800 1093 1871 impossibile
1128 1810 1184 1855 ut
1220 1800 1289 1855 de
1317 1814 1411 1855 sua
1451 1799 1744 1855 substantia
1779 1814 1872 1870 ge-

306 1898 518 1963 nerarit;
550 1911 680 1950 eum
728 1893 1169 1964 impossibilitatis
1211 1892 1343 1947 vitio
1381 1892 1617 1946 divinam
1663 1900 1866 1946 certum

306 1988 366 2039 sit
391 2001 571 2040 carere
603 1993 878 2040 naturam.
907 1983 1000 2040 Sin
1032 1998 1160 2040 vero
1190 1984 1367 2038 dicant
1394 1993 1597 2037 naturae
1625 1984 1868 2052 impossi-

307 2075 490 2129 bilitate
532 2091 662 2130 eum
715 2089 972 2145 generare
1011 2089 1115 2129 non
1158 2088 1335 2143 posse,
1378 2075 1429 2129 in
1474 2084 1716 2143 apertum
1759 2075 1868 2129 bla-

304 2170 539 2238 sphemia:
580 2169 860 2224 baratrum
889 2169 1107 2235 cadunt,
1141 2181 1445 2225 asserentes
1481 2171 1864 2240 impossibilem

306 2278 410 2315 eum
453 2263 540 2332 qui
570 2262 650 2317 sit
694 2263 1051 2330 omnipotens.
1089 2261 1225 2316 Tum
1266 2261 1459 2318 deinde
1496 2262 1562 2318 de
1592 2262 1867 2316 mendacio

305 2365 503 2422 urguent
537 2355 735 2420 Deum,
769 2363 826 2409 ut
853 2353 1095 2408 homines
1124 2366 1217 2407 sua
1248 2353 1623 2422 przedicatione
1660 2353 1864 2408 fefelle-

306 2450 382 2515 rit,
411 2451 588 2504 dicens
615 2442 809 2514 Genui,
839 2466 957 2503 cum
988 2449 1278 2504 secundum
1309 2451 1439 2505 istos
1470 2451 1865 2520 impossibilita-

305 2554 395 2598 tem
432 2542 684 2598 habuerit
712 2542 1028 2611 generandi.
1066 2542 1305 2612 Namque
1336 2551 1393 2596 ut
1431 2541 1496 2596 de
1518 2556 1577 2597 se
1610 2542 1863 2598 inell'abill

307 2648 487 2690 natura:
536 2635 844 2689 substantia
897 2632 1170 2703 pr0prium
1217 2646 1275 2687 se
1333 2632 1524 2687 Filium
1577 2647 1863 2703 generasse

304 2726 526 2792 doceret,
560 2728 616 2779 in
650 2723 1049 2778 obtundendam
1081 2722 1480 2777 iucredulorum
1510 2721 1861 2787 dementiam,

304 2825 503 2870 terrerne
533 2814 841 2869 nativitatis
870 2814 1179 2868 vocabulum
1204 2813 1256 2867 in
1279 2813 1474 2867 divinat
1501 2808 1862 2882 generationis

305 2908 443 2960 traxit
476 2906 816 2975 exemplum,
862 2905 1087 2960 dicens:
1125 2904 1206 2958 Ea:
1246 2913 1391 2957 utero
1432 2913 1551 2956 ante
1590 2903 1867 2972 luciferam

304 2998 429 3065 actiui
454 3008 496 3052 te
522 2997 703 3068 (Psal.
733 3012 839 3061 etx,
869 2996 946 3066 5).
976 2993 1112 3062 Quid
1142 2994 1350 3058 clarius,
1383 2992 1505 3063 quid
1537 2991 1858 3046 luculentius

2045 1801 2174 1856 Item
2200 1802 2484 1872 ingenitus,
2514 1806 2777 1875 inquiunt,
2799 1807 2978 1874 Pater,
2996 1813 3209 1880 genitus
3230 1813 3413 1871 Filius.
3434 1816 3548 1873 Non

1972 1890 2085 1947 fieri
2117 1902 2314 1963 potest,
2356 1910 2517 1951 unam
2556 1897 2909 1954 substantiam
2934 1903 3098 1971 geniti
3123 1914 3281 1975 atque
3306 1907 3545 1976 ingeniti.

1972 1984 2027 2039 Si
2050 1986 2189 2040 sicut
2214 1987 2483 2057 ingenitus
2501 1997 2584 2045 est
2604 1990 2782 2059 Pater,
2807 1993 3084 2063 ingenitus
3109 2008 3254 2054 esset
3278 2010 3332 2055 et
3355 2001 3544 2067 Filius,

1972 2086 2098 2131 ttmc
2121 2078 2290 2148 magis
2317 2078 2529 2135 diversa
2558 2090 2740 2149 posset
2758 2084 2917 2155 535
2937 2098 3060 2142 esse
3080 2088 3403 2157 substantia;
3427 2094 3545 2162 quia

1969 2166 2335 2238 unusquisque
2365 2182 2395 2223 a
2423 2170 2602 2240 seipse
2630 2171 2930 2229 subsistens
2958 2176 3392 2233 communionem
3417 2182 3544 2235 sub-

1968 2257 2177 2312 stantias
2203 2272 2323 2313 eum
2352 2259 2522 2315 altero
2549 2275 2657 2316 non
2688 2262 2931 2318 haberet.
2953 2264 3089 2321 Cum
3118 2281 3248 2322 vero
3276 2267 3543 2339 ingenitus

1967 2350 2128 2406 Pater
2152 2350 2219 2406 de
2247 2366 2308 2407 se
2337 2353 2474 2422 ipso,
2504 2353 2555 2408 id
2582 2364 2689 2423 est,
2718 2354 2787 2412 de
2812 2371 2878 2412 eo
2898 2357 3040 2427 quod
3070 2358 3186 2428 ipse
3206 2369 3312 2425 est,
3338 2363 3382 2417 si
3414 2364 3541 2433 quid

1967 2440 2099 2495 illud
2119 2450 2219 2508 est,
2236 2442 2427 2499 Filium
2449 2446 2745 2514 generavit,
2762 2457 2983 2516 apparet
2998 2462 3156 2503 unam
3179 2465 3299 2506 esse
3320 2452 3542 2522 gignen-

1966 2532 2035 2589 tis
2058 2534 2330 2605 genitique
2350 2545 2615 2592 naturam.
2638 2537 2775 2593 Ecce
2800 2538 3037 2595 breviter
3055 2541 3189 2596 solvi
3210 2542 3351 2610 quod
3369 2544 3505 2597 dixit
3527 2563 3537 2595 :

1964 2625 2385 2694 propositionem
2410 2641 2607 2695 meam,
2636 2628 2682 2683 si
2709 2629 2871 2696 valet,
2898 2630 3012 2700 ipse
3039 2631 3277 2701 qualibet
3298 2640 3413 2688 arte
3431 2634 3546 2688 dis—

1962 2716 2153 2772 solvat.
2206 2717 2366 2784 Dicit,
2409 2719 2679 2789 Ingeuitus
2723 2721 2881 2777 Pater
2921 2730 3030 2787 est,
3079 2738 3181 2794 pro
3206 2724 3308 2779 hoc
3336 2725 3452 2794 ipso
3482 2738 3539 2781 ut

1963 2807 2175 2864 Patrem
2218 2808 2511 2880 ingenitum
2546 2821 2786 2878 asserat;
2841 2813 2980 2881 quod
3022 2814 3238 2885 quidem
3272 2830 3535 2885 nusquam

1962 2901 2217 2969 scriptum
2247 2901 2536 2961 ostendere
2564 2904 2795 2973 poterit;
2820 2919 2917 2976 ego
2945 2905 3157 2961 Patrem
3188 2906 3354 2962 Deum
3384 2910 3535 2977 geni-

1963 3000 2134 3045 torem
2161 2991 2434 3061 appellare
2461 2994 2618 3060 volo;
2658 2993 2801 3065 quod
2838 2996 3094 3065 scriptum
3135 3012 3255 3053 esse
3284 2998 3535 3055 facillime

304 3054 427 3142 ἱππί
466 3054 724 3143 divinitas
763 3054 1202 3157 potuiti'quibus
1230 3054 1467 3148 indiciis,
1509 3082 1706 3152 quibus
1735 3082 1853 3136 exi-
1884 3054 1929 3118 (ἶ
1958 3054 2357 3139 demonstrabo.
2388 3054 2728 3154 Respondeat
2752 3100 2879 3156 ergo
2906 3054 3035 3141 mihi
3058 3098 3236 3144 utrum
3265 3089 3531 3160 ingenitus

303 3184 527 3238 stentium
557 3198 745 3238 rerum
774 3180 1057 3249 exemplis,
1082 3178 1461 3248 proprietatem
1491 3175 1858 3246 generationis

302 3277 450 3342 potuit
473 3274 763 3330 intimare?
792 3288 951 3342 quam
982 3280 1037 3326 ut
1060 3284 1227 3339 usque
1249 3268 1316 3323 ab
1340 3266 1474 3322 uteri
1501 3266 1856 3335 appellatione

302 3367 619 3437 semetipsum
656 3364 1020 3433 compararit?
1047 3362 1163 3416 Non
1188 3361 1311 3431 quia
1342 3360 1613 3426 corporeis
1639 3373 1856 3426 compo-

303 3463 411 3515 situs
435 3472 513 3517 est
538 3460 822 3525 membris,
853 3470 943 3512 aut
970 3456 1234 3526 aliquibus
1266 3450 1425 3525 535
1448 3463 1658 3507 artuum
1688 3450 1855 3507 liuea-

302 3552 469 3604 mentis
509 3552 821 3615 distinctus,
865 3547 957 3602 sed
985 3548 1109 3617 quia
1141 3560 1240 3599 nos
1280 3544 1436 3597 aliter
1467 3543 1742 3597 veritatem
1772 3539 1854 3596 di-

301 3640 412 3695 vinm
431 3641 794 3711 generationis
815 3639 996 3695 auditu
1020 3638 1215 3693 mentis
1239 3637 1513 3707 percipere
1537 3648 1642 3688 non
1670 3647 1852 3701 possc-

301 3747 416 3796 mus,
455 3736 549 3789 nisi
594 3734 818 3788 humani
856 3733 990 3787 uteri
1021 3745 1435 3800 provocarentur
1474 3728 1757 3795 exemplo;
1795 3736 1851 3782 ut

301 3823 463 3893 ambigi
501 3826 646 3879 ultra
688 3840 792 3877 non
834 3832 1035 3892 posset,
1079 3823 1146 3876 de
1186 3819 1282 3875 Dei
1326 3820 1620 3873 substantia
1667 3828 1847 3872 natum

300 3929 414 3982 esse,
439 3934 591 3986 quem
626 3925 838 3973 constat
864 3916 927 3970 de
952 3915 1125 3969 Patris
1147 3923 1295 3967 utero
1318 3913 1664 3980 processisse.
1682 3909 1850 3966 Porro

299 4008 388 4072 isti,
424 4020 681 4079 quantum
724 4006 900 4072 video,
943 4020 1191 4075 magnum
1233 4004 1395 4058 rebus
1436 4002 1564 4056 dare
1594 4015 1850 4069 compen-

299 4097 419 4151 dium
459 4099 684 4153 volunt:
711 4098 757 4152 si
792 4098 937 4152 enim
973 4096 1203 4149 fatentur
1232 4094 1399 4148 Deum
1441 4107 1545 4145 non
1574 4092 1846 4160 genuisse,

299 4200 475 4243 nonest
496 4206 600 4259 qua
633 4204 737 4243 non
763 4188 1114 4244 conﬁteantur
1158 4185 1354 4241 Filium
1385 4194 1564 4239 natum
1592 4198 1711 4240 esse
1739 4199 1752 4236 :
1784 4197 1847 4240 ac

298 4278 361 4330 sic
385 4280 546 4334 ornuis
580 4280 740 4334 nobis
766 4279 868 4333 erit
897 4278 1172 4348 proﬂigata
1194 4277 1489 4331 contentio.

1958 3183 2014 3230 et
2053 3178 2262 3245 genitus
2301 3176 2566 3233 diversam
2594 3188 2822 3249 possunt
2848 3179 3044 3236 habere
3082 3194 3350 3250 naturam,
3388 3187 3533 3253 quod

1958 3280 2057 3322 nec
2086 3268 2141 3321 in
2165 3268 2459 3340 Adam,qui
2484 3269 2696 3339 genitus
2725 3285 2830 3326 non
2857 3275 3061 3343 est,qui
3087 3284 3153 3328 ex
3181 3289 3247 3330 eo
3273 3284 3428 3331 natus
3449 3286 3547 3331 est.

1957 3361 2153 3428 poterit
2173 3361 2561 3418 demonstrare.
2593 3362 2745 3431 Quod
2772 3365 2817 3420 si
2848 3366 2951 3420 hoc
2974 3367 3126 3422 fateri
3156 3368 3407 3432 voluerit,
3430 3370 3530 3423 mi~

1955 3464 2048 3507 ror
2072 3452 2115 3506 si
2144 3454 2303 3507 [Otius
2333 3463 2517 3509 contra
2548 3470 2607 3510 se
2628 3465 2831 3510 natura:
2859 3456 3202 3513 reclamantis
3225 3460 3532 3515 testimonio

1955 3558 2061 3599 non
2102 3545 2437 3611 succumbat,
2476 3558 2597 3615 qua:
2622 3547 2757 3602 nihil
2786 3547 2929 3603 aliud
2969 3563 3124 3619 quam
3156 3549 3207 3604 id
3234 3550 3377 3620 quod
3416 3551 3531 3621 ipsa

1953 3646 2034 3690 est
2064 3645 2301 3703 generat.
2346 3635 2452 3692 Sed
2482 3651 2582 3693 nec
2614 3638 3004 3694 calumnientur
3030 3655 3127 3694 nos
3155 3649 3383 3697 terrenae
3416 3644 3527 3698 ori-

1952 3726 2088 3795 ginis
2115 3727 2349 3781 voluisse
2371 3729 2442 3782 uti
2474 3730 2723 3799 exemplo
2747 3747 2761 3783 :
2788 3730 2865 3785 ad
2887 3731 3050 3798 ipsius
3080 3731 3273 3787 divina:
3300 3735 3530 3788 auctori-

1954 3816 2076 3870 tatis
2104 3818 2466 3887 magisterium
2498 3834 2836 3874 reeurramus
2863 3838 2874 3872 :
2908 3820 3033 3875 licet
3059 3822 3173 3888 iltsc
3202 3825 3368 3892 magis
3396 3825 3527 3880 inef~

1952 3904 2171 3963 fabilem
2213 3908 2597 3977 omnipOtentis
2638 3910 2731 3964 Dei
2774 3909 3136 3973 nativitatem,
3178 3928 3242 3966 ex
3284 3916 3529 3970 humana:

1950 3998 2308 4069 generationis
2349 4000 2737 4056 consuetudine
2768 4002 3050 4067 metiatur;
3082 4002 3340 4071 objiciens
3368 4005 3527 4071 Filio,

1950 4092 2072 4161 quia
2095 4090 2140 4145 si
2172 4099 2326 4147 natus
2355 4100 2459 4155 cst,
2484 4106 2591 4145 non
2619 4092 2717 4146 fuit
2754 4102 3039 4162 antequam
3068 4102 3395 4149 nasceretur.
3427 4097 3525 4165 lgi-

1951 4190 2066 4247 tur,
2100 4189 2156 4235 ut
2184 4177 2327 4251 dixi,
2374 4181 2573 4237 divinis
2615 4191 2699 4238 cst
2738 4184 3140 4253 approbantium
3181 4186 3521 4253 testimoniis,

1949 4272 2163 4329 Patrem
2202 4284 2257 4329 et
2298 4274 2490 4331 Filium
2531 4274 2691 4330 unius
2718 4290 2837 4332 esse
2866 4284 3090 4331 natura}.
3137 4277 3212 4332 De
3242 4276 3351 4333 Deo
3377 4289 3526 4335 certe

357 4368 471 4424 Dum
496 4378 685 4440 aperte
712 4379 930 4438 negant,
969 4369 1096 4421 dum
1141 4366 1294 4421 fateri
1342 4366 1613 4433 simulant,
1659 4380 1845 4420 rursus
1872 4393 1924 4455 η
1953 4365 2107 4420 Patre
2148 4366 2395 4436 legimus,
2437 4365 2643 4422 Joanne
2670 4369 2915 4437 apostolo
2957 4378 3290 4426 contestante
3319 4387 3333 4425 :
3364 4370 3523 4431 Deus.

302 4456 564 4523 objiciunt:
601 4459 738 4514 Cum
779 4465 942 4522 esset,
971 4468 1124 4512 natus
1155 4466 1258 4523 est,
1284 4472 1349 4511 an
1380 4472 1497 4511 cum
1530 4472 1637 4512 non
1666 4456 1847 4512 esset?

301 4546 437 4603 llecte
462 4552 783 4620 objicerent,
807 4550 850 4605 si
874 4549 1205 4603 nativitatem
1240 4549 1358 4603 Filii
1388 4550 1595 4617 penitus
1621 4564 1724 4604 non
1751 4564 1846 4605 ne-

297 4652 497 4706 garent:
553 4643 731 4697 solum
773 4642 840 4696 dc
883 4640 1211 4710 temporibus
1253 4641 1480 4708 qumsdo
1519 4650 1846 4709 remaneret,

297 4741 449 4785 atrum
473 4743 593 4788 ante
620 4742 852 4801 tempus,
867 4747 932 4786 an
957 4746 1024 4787 ex
1045 4740 1287 4799 tempore
1306 4731 1464 4785 fuerit
1487 4741 1665 4799 natus,
1685 4747 1843 4801 quem

300 4827 450 4875 tamen
476 4834 657 4877 natum
680 4838 800 4876 esse
822 4822 1118 4877 constabat.
1137 4821 1205 4876 At
1221 4836 1341 4876 cum
1364 4820 1581 4877 omnino
1607 4830 1844 4890 paterna:

299 4914 629 4975 generationis
658 4912 895 4967 adimant
927 4910 1232 4978 veritatem,
1260 4928 1356 4967 cur
1378 4911 1446 4968 de
1475 4926 1540 4967 eo
1566 4915 1845 4984 requirunt

292 5001 480 5063 quando
518 5001 809 5057 nativitatis
852 5001 1140 5073 sumpserit
1178 5010 1374 5069 ortum,
1420 5019 1577 5073 quem
1625 5006 1849 5061 omnino

297 5088 533 5161 denegant
553 5097 768 5150 natum?
788 5097 1167 5151 Verumtamen
1189 5111 1256 5151 ne
1280 5097 1643 5165 responsionis
1666 5098 1843 5167 inopia

298 5181 379 5236 ista
402 5186 685 5243 obtendere
714 5189 1015 5258 videamur,
1050 5188 1361 5259 qutestionis
1390 5189 1710 5245 solutionem
1740 5191 1844 5247 isto

298 5272 426 5329 initio
445 5278 663 5347 ordinis,
692 5279 771 5334 sic
813 5280 1037 5334 similem
1069 5286 1124 5333 et
1150 5294 1246 5334 nos
1272 5278 1569 5335 referentes
1597 5280 1844 5347 primitus

296 5369 643 5437 qumsuonem,
672 5383 845 5425 utrum
873 5385 995 5425 cum
1023 5370 1183 5426 Pater
1212 5380 1353 5426 esset
1376 5371 1514 5426 Deus
1536 5371 1724 5427 Filium
1754 5388 1845 5442 ge-

297 5463 500 5527 neravit,
530 5479 595 5516 an
620 5478 738 5518 cum
770 5464 927 5518 Pater
948 5478 1057 5517 non
1079 5472 1240 5517 esset.
1267 5463 1321 5518 Si
1344 5477 1462 5518 cum
1486 5462 1643 5519 Pater
1664 5472 1841 5530 esset;

298 5567 409 5621 ergo
436 5565 487 5609 et
516 5556 724 5624 Filium,
749 5570 869 5610 cum
899 5563 1042 5610 esset
1063 5548 1226 5610 Filius
1250 5554 1557 5624 generavit:
1577 5564 1631 5610 et
1652 5555 1695 5609 si
1719 5569 1841 5610 cum

298 5639 435 5706 Pater
477 5665 582 5707 non
620 5660 791 5727 esset,
840 5652 1137 5723 proiectum
1182 5664 1309 5718 ergo
1353 5650 1572 5707 honoris
1613 5648 1839 5720 accepit,

1953 4459 2147 4527 inquit,
2176 4460 2266 4513 lux
2295 4468 2389 4525 est,
2414 4468 2459 4513 et
2485 4460 2702 4514 tenebrw
2720 4460 2773 4514 in
2793 4477 2851 4515 eo
2878 4478 2979 4516 non
3004 4470 3119 4516 sunt
3140 4464 3263 4517 ulla!
3293 4462 3344 4535 (I
3369 4462 3525 4518 Joan.

1953 4559 1991 4608 ι,
2015 4545 2094 4610 5).
2125 4543 2289 4598 Filius
2319 4558 2448 4599 vero
2476 4544 2543 4600 de
2571 4558 2631 4601 se
2660 4546 2775 4615 ipso
2808 4548 2921 4601 ait:
2954 4545 3063 4618 Ego
3092 4562 3201 4600 sum
3231 4547 3321 4601 lux
3346 4546 3527 4618 (Joan.

1949 4651 2066 4701 vn,
2096 4637 2205 4706 12).
2236 4635 2291 4693 Si
2317 4636 2473 4705 igitur
2503 4637 2592 4692 lux
2623 4639 2801 4704 Pater,
2822 4640 2907 4694 lux
2933 4640 3353 4710 Filius,apparet
3375 4641 3529 4696 unius

1950 4740 2071 4781 esse
2103 4727 2435 4791 substantiae,
2451 4727 2574 4781 dum
2597 4728 2734 4783 lueis
2755 4740 2811 4784 et
2830 4728 2962 4784 lucis
2985 4730 3193 4784 diversa
3222 4746 3329 4785 non
3353 4740 3531 4799 potest

1950 4832 2071 4873 esse
2100 4827 2307 4883 natura,
2337 4818 2454 4887 ejus
2478 4817 2682 4872 scilicet
2704 4833 2821 4888 qua:
2844 4818 2912 4873 de
2942 4834 3000 4875 se
3022 4819 3209 4889 gignit,
3237 4830 3289 4875 et
3315 4835 3432 4890 quae
3461 4820 3535 4876 de

1952 4909 2203 4980 gignente
2229 4910 2431 4964 existit.
2464 4908 2700 4977 Denique
2726 4925 2795 4965 ne
2819 4910 3050 4981 aliquam
3082 4911 3366 4967 temeraria
3396 4927 3528 4981 pra:-

1951 5006 2254 5074 sumptione
2286 5006 2424 5060 inter
2447 5006 2669 5077 Patrem,
2687 5011 2741 5061 ct
2770 5006 2967 5061 Filium»
2990 5007 3351 5063 diversitatem
3376 5016 3530 5060 natu-

1952 5099 2079 5152 ralis
2117 5097 2334 5151 luminis
2378 5097 2701 5163 introducat,
2739 5108 2974 5167 paternae
3013 5100 3147 5153 lucis
3186 5099 3524 5168 Splendorcm

1952 5205 2071 5248 esse
2098 5189 2290 5245 Filium
2323 5188 2599 5257 Scriptura
2630 5190 2868 5257 tradidit,
2894 5191 3074 5246 dicens
3103 5209 3116 5243 :
3153 5189 3407 5257 Splendor
3435 5196 3529 5249 cst,

1951 5282 2147 5351 inquit,
2179 5280 2306 5334 lucis
2334 5291 2553 5346 ωιρνηω,
2582 5292 2630 5335 ει
2654 5284 2919 5348 speculum
2942 5283 3049 5336 sine
3071 5281 3265 5333 macula
3291 5263 3383 5332 Dei
3415 5294 3525 5329 nia.

1939 5373 2164 5443 jestatia,
2192 5382 2239 5426 et
2264 5373 2430 5443 imago
2458 5374 2694 5429 bonitatis
2723 5375 2866 5428 illius
2890 5372 3044 5443 (Sap.
3071 5384 3163 5434 vtt,
3183 5369 3274 5436 εδ)
3304 5386 3317 5420 :
3346 5369 3398 5422 in
3422 5383 3530 5435 quo

1950 5464 2248 5519 evidentius
2278 5472 2333 5518 et
2361 5473 2661 5519 constemus
2686 5462 2851 5529 Patri,
2885 5470 2938 5516 et
2968 5456 3337 5526 inseparabilis
3365 5473 3392 5510 a
3426 5458 3523 5511 Pa-

1948 5567 2051 5624 tre,
2104 5566 2157 5612 et
2196 5558 2350 5612 unius
2390 5572 2508 5611 cum
2540 5570 2606 5610 eo
2650 5568 2769 5610 esse
2812 5560 3012 5606 natura:
3053 5550 3290 5603 titht'llll‘.
3342 5550 3525 5605 Oniuis

1950 5648 2091 5707 enim
2145 5649 2197 5705 in
2246 5648 2347 5706 hoc
2400 5647 2547 5703 brevi
2591 5644 2854 5702 versiculo
2903 5640 3177 5698 catholicae
3228 5640 3354 5699 ιιιίεί
3406 5657 3526 5712 pra-
