  <div class='ocr_page' id='page_1' title='image "/cluster/home/n/w/nwhite01/storage/ocr_20150623/62/hvd.32044054758693/241.png"; bbox 0 0 3960 6176; ppageno 0'>
   <div class='ocr_carea' id='block_1_1' title="bbox 373 236 472 290">
    <p class='ocr_par' dir='ltr' id='par_1_1' title="bbox 373 236 472 290">
     <span class='ocr_line' id='line_1_1' title="bbox 373 236 472 290; baseline 0 0"><span class='ocrx_word' id='word_1_1' title='bbox 373 236 472 290; x_wconf 69' lang='grc'><strong>471</strong></span> 
     </span>
    </p>
   </div>
   <div class='ocr_carea' id='block_1_2' title="bbox 1321 227 2745 288">
    <p class='ocr_par' dir='ltr' id='par_1_2' title="bbox 1321 227 2745 288">
     <span class='ocr_line' id='line_1_2' title="bbox 1321 227 2745 288; baseline 0.001 -5"><span class='ocrx_word' id='word_1_2' title='bbox 1321 230 1408 284; x_wconf 89' lang='lat' dir='ltr'><strong>AD</strong></span> <span class='ocrx_word' id='word_1_3' title='bbox 1445 230 1672 285; x_wconf 66' lang='lat' dir='ltr'><strong>OPEliA</strong></span> <span class='ocrx_word' id='word_1_4' title='bbox 1713 229 1939 284; x_wconf 75' lang='lat' dir='ltr'><strong>VlGlLll</strong></span> <span class='ocrx_word' id='word_1_5' title='bbox 1980 229 2347 288; x_wconf 78' lang='lat' dir='ltr'><strong>TAPSENSIS</strong></span> <span class='ocrx_word' id='word_1_6' title='bbox 2387 227 2745 286; x_wconf 71' lang='lat' dir='ltr'><strong>AI‘PENDIX.</strong></span> 
     </span>
    </p>
   </div>
   <div class='ocr_carea' id='block_1_3' title="bbox 3530 234 3636 287">
    <p class='ocr_par' dir='ltr' id='par_1_3' title="bbox 3530 234 3636 287">
     <span class='ocr_line' id='line_1_3' title="bbox 3530 234 3636 287; baseline -0.009 0"><span class='ocrx_word' id='word_1_7' title='bbox 3530 234 3636 287; x_wconf 69' lang='grc'><strong>479.</strong></span> 
     </span>
    </p>
   </div>
   <div class='ocr_carea' id='block_1_4' title="bbox 375 341 3636 416">
    <p class='ocr_par' dir='ltr' id='par_1_4' title="bbox 375 341 3636 416">
     <span class='ocr_line' id='line_1_4' title="bbox 375 341 3636 416; baseline -0 -15"><span class='ocrx_word' id='word_1_8' title='bbox 375 346 538 401; x_wconf 84' lang='lat' dir='ltr'><strong>fessio</strong></span> <span class='ocrx_word' id='word_1_9' title='bbox 567 343 888 408; x_wconf 62' lang='lat' dir='ltr'><strong>continetur,</strong></span> <span class='ocrx_word' id='word_1_10' title='bbox 915 343 1037 397; x_wconf 91' lang='lat' dir='ltr'><strong>dum</strong></span> <span class='ocrx_word' id='word_1_11' title='bbox 1060 341 1162 397; x_wconf 84' lang='lat' dir='ltr'><strong>luci</strong></span> <span class='ocrx_word' id='word_1_12' title='bbox 1196 342 1444 410; x_wconf 74' lang='lat' dir='ltr'><strong>splendor</strong></span> <span class='ocrx_word' id='word_1_13' title='bbox 1472 357 1683 408; x_wconf 87' lang='lat' dir='ltr'><strong>semper</strong></span> <span class='ocrx_word' id='word_1_14' title='bbox 1703 353 1782 397; x_wconf 85' lang='lat' dir='ltr'><strong>est</strong></span> <span class='ocrx_word' id='word_1_15' title='bbox 1811 358 1950 397; x_wconf 71' lang='lat' dir='ltr'><strong>com—</strong></span> <span class='ocrx_word' id='word_1_16' title='bbox 1980 349 2024 406; x_wconf 83' lang='grc' dir='ltr'>Λ</span> <span class='ocrx_word' id='word_1_17' title='bbox 2056 344 2334 398; x_wconf 87' lang='lat' dir='ltr'><strong>rcmeanti.</strong></span> <span class='ocrx_word' id='word_1_18' title='bbox 2365 344 2475 410; x_wconf 63' lang='lat' dir='ltr'><strong>Qua</strong></span> <span class='ocrx_word' id='word_1_19' title='bbox 2502 345 2620 398; x_wconf 88' lang='lat' dir='ltr'><strong>hinc</strong></span> <span class='ocrx_word' id='word_1_20' title='bbox 2643 351 2837 398; x_wconf 75' lang='lat' dir='ltr'><strong>exeant</strong></span> <span class='ocrx_word' id='word_1_21' title='bbox 2864 359 2966 398; x_wconf 88' lang='lat' dir='ltr'><strong>non</strong></span> <span class='ocrx_word' id='word_1_22' title='bbox 3000 345 3294 399; x_wconf 85' lang='lat' dir='ltr'><strong>inveniunt.</strong></span> <span class='ocrx_word' id='word_1_23' title='bbox 3313 346 3437 416; x_wconf 92' lang='lat' dir='ltr'><strong>quia</strong></span> <span class='ocrx_word' id='word_1_24' title='bbox 3460 357 3636 404; x_wconf 78' lang='lat' dir='ltr'><strong>utros-</strong></span> 
     </span>
    </p>
   </div>
   <div class='ocr_carea' id='block_1_5' title="bbox 373 432 1944 502">
    <p class='ocr_par' dir='ltr' id='par_1_5' title="bbox 373 432 1944 502">
     <span class='ocr_line' id='line_1_5' title="bbox 373 432 1944 502; baseline -0.001 -12"><span class='ocrx_word' id='word_1_25' title='bbox 373 443 590 500; x_wconf 82' lang='lat' dir='ltr'><strong>ternus,</strong></span> <span class='ocrx_word' id='word_1_26' title='bbox 635 435 759 490; x_wconf 90' lang='lat' dir='ltr'><strong>dum</strong></span> <span class='ocrx_word' id='word_1_27' title='bbox 812 434 1065 502; x_wconf 85' lang='lat' dir='ltr'><strong>splendor</strong></span> <span class='ocrx_word' id='word_1_28' title='bbox 1109 448 1137 486; x_wconf 90' lang='lat' dir='ltr'><strong>a</strong></span> <span class='ocrx_word' id='word_1_29' title='bbox 1182 432 1380 486; x_wconf 89' lang='lat' dir='ltr'><strong>lumine</strong></span> <span class='ocrx_word' id='word_1_30' title='bbox 1422 447 1686 498; x_wconf 80' lang='lat' dir='ltr'><strong>nunquam</strong></span> <span class='ocrx_word' id='word_1_31' title='bbox 1729 440 1813 487; x_wconf 88' lang='lat' dir='ltr'><strong>est</strong></span> <span class='ocrx_word' id='word_1_32' title='bbox 1857 448 1944 488; x_wconf 85' lang='lat' dir='ltr'><strong>sc-</strong></span> 
     </span>
    </p>
   </div>
   <div class='ocr_carea' id='block_1_6' title="bbox 373 522 1942 594">
    <p class='ocr_par' dir='ltr' id='par_1_6' title="bbox 373 522 1942 594">
     <span class='ocr_line' id='line_1_6' title="bbox 373 522 1942 594; baseline 0 -17"><span class='ocrx_word' id='word_1_33' title='bbox 373 535 609 594; x_wconf 87' lang='lat' dir='ltr'><strong>paratus,</strong></span> <span class='ocrx_word' id='word_1_34' title='bbox 651 523 775 579; x_wconf 88' lang='lat' dir='ltr'><strong>dum</strong></span> <span class='ocrx_word' id='word_1_35' title='bbox 819 523 1070 592; x_wconf 63' lang='lat' dir='ltr'><strong>Spit-ndur</strong></span> <span class='ocrx_word' id='word_1_36' title='bbox 1100 539 1128 576; x_wconf 90' lang='lat' dir='ltr'><strong>a</strong></span> <span class='ocrx_word' id='word_1_37' title='bbox 1169 524 1286 578; x_wconf 90' lang='lat' dir='ltr'><strong>luce</strong></span> <span class='ocrx_word' id='word_1_38' title='bbox 1331 531 1516 576; x_wconf 89' lang='lat' dir='ltr'><strong>natura</strong></span> <span class='ocrx_word' id='word_1_39' title='bbox 1545 533 1600 576; x_wconf 89' lang='lat' dir='ltr'><strong>et</strong></span> <span class='ocrx_word' id='word_1_40' title='bbox 1644 522 1942 578; x_wconf 75' lang='lat' dir='ltr'><strong>substantia</strong></span> 
     </span>
    </p>
   </div>
   <div class='ocr_carea' id='block_1_7' title="bbox 372 616 1944 690">
    <p class='ocr_par' dir='ltr' id='par_1_7' title="bbox 372 616 1944 690">
     <span class='ocr_line' id='line_1_7' title="bbox 372 616 1944 690; baseline -0.001 -16"><span class='ocrx_word' id='word_1_41' title='bbox 372 634 642 690; x_wconf 90' lang='lat' dir='ltr'><strong>nunquam</strong></span> <span class='ocrx_word' id='word_1_42' title='bbox 693 628 866 686; x_wconf 85' lang='lat' dir='ltr'><strong>potest</strong></span> <span class='ocrx_word' id='word_1_43' title='bbox 911 631 1031 671; x_wconf 93' lang='lat' dir='ltr'><strong>esse</strong></span> <span class='ocrx_word' id='word_1_44' title='bbox 1071 616 1334 670; x_wconf 78' lang='lat' dir='ltr'><strong>diversus.</strong></span> <span class='ocrx_word' id='word_1_45' title='bbox 1377 617 1487 670; x_wconf 87' lang='lat' dir='ltr'><strong>Iloe</strong></span> <span class='ocrx_word' id='word_1_46' title='bbox 1533 625 1616 670; x_wconf 89' lang='lat' dir='ltr'><strong>est</strong></span> <span class='ocrx_word' id='word_1_47' title='bbox 1662 617 1803 686; x_wconf 91' lang='lat' dir='ltr'><strong>quod</strong></span> <span class='ocrx_word' id='word_1_48' title='bbox 1845 632 1944 673; x_wconf 87' lang='lat' dir='ltr'><strong>nos</strong></span> 
     </span>
    </p>
   </div>
   <div class='ocr_carea' id='block_1_8' title="bbox 371 707 1945 781">
    <p class='ocr_par' dir='ltr' id='par_1_8' title="bbox 371 707 1945 781">
     <span class='ocr_line' id='line_1_8' title="bbox 371 707 1945 781; baseline 0.001 -18"><span class='ocrx_word' id='word_1_49' title='bbox 371 720 521 764; x_wconf 77' lang='lat' dir='ltr'><strong>recto</strong></span> <span class='ocrx_word' id='word_1_50' title='bbox 563 709 683 762; x_wconf 80' lang='lat' dir='ltr'><strong>fidei</strong></span> <span class='ocrx_word' id='word_1_51' title='bbox 727 708 938 762; x_wconf 90' lang='lat' dir='ltr'><strong>tramite</strong></span> <span class='ocrx_word' id='word_1_52' title='bbox 976 707 1346 763; x_wconf 85' lang='lat' dir='ltr'><strong>indivisib&#39;lem</strong></span> <span class='ocrx_word' id='word_1_53' title='bbox 1385 720 1542 777; x_wconf 85' lang='lat' dir='ltr'><strong>atque</strong></span> <span class='ocrx_word' id='word_1_54' title='bbox 1581 710 1742 781; x_wconf 79' lang='lat'><strong>536</strong></span> <span class='ocrx_word' id='word_1_55' title='bbox 1787 710 1945 766; x_wconf 84' lang='lat' dir='ltr'><strong>unius</strong></span> 
     </span>
    </p>
   </div>
   <div class='ocr_carea' id='block_1_9' title="bbox 373 797 1586 863">
    <p class='ocr_par' dir='ltr' id='par_1_9' title="bbox 373 797 1586 863">
     <span class='ocr_line' id='line_1_9' title="bbox 373 797 1586 863; baseline -0.002 -9"><span class='ocrx_word' id='word_1_56' title='bbox 373 814 491 854; x_wconf 76' lang='lat' dir='ltr'><strong>cum</strong></span> <span class='ocrx_word' id='word_1_57' title='bbox 518 799 676 852; x_wconf 88' lang='lat' dir='ltr'><strong>Patre</strong></span> <span class='ocrx_word' id='word_1_58' title='bbox 696 798 1006 853; x_wconf 63' lang='lat' dir='ltr'><strong>substantia:</strong></span> <span class='ocrx_word' id='word_1_59' title='bbox 1032 797 1224 852; x_wconf 87' lang='lat' dir='ltr'><strong>Filium</strong></span> <span class='ocrx_word' id='word_1_60' title='bbox 1259 798 1586 863; x_wconf 79' lang='lat' dir='ltr'><strong>profitemur.</strong></span> 
     </span>
    </p>
   </div>
   <div class='ocr_carea' id='block_1_10' title="bbox 441 887 1945 962">
    <p class='ocr_par' dir='ltr' id='par_1_10' title="bbox 441 887 1945 962">
     <span class='ocr_line' id='line_1_10' title="bbox 441 887 1945 962; baseline 0.003 -19"><span class='ocrx_word' id='word_1_61' title='bbox 441 889 744 957; x_wconf 84' lang='lat' dir='ltr'><strong>Prophetis,</strong></span> <span class='ocrx_word' id='word_1_62' title='bbox 777 887 1040 959; x_wconf 81' lang='lat' dir='ltr'><strong>inquiunt,</strong></span> <span class='ocrx_word' id='word_1_63' title='bbox 1074 889 1220 943; x_wconf 89' lang='lat' dir='ltr'><strong>solus</strong></span> <span class='ocrx_word' id='word_1_64' title='bbox 1247 889 1410 944; x_wconf 85' lang='lat' dir='ltr'><strong>Filius</strong></span> <span class='ocrx_word' id='word_1_65' title='bbox 1439 892 1708 962; x_wconf 74' lang='lat' dir='ltr'><strong>apparuit,</strong></span> <span class='ocrx_word' id='word_1_66' title='bbox 1739 900 1795 948; x_wconf 88' lang='lat' dir='ltr'><strong>et</strong></span> <span class='ocrx_word' id='word_1_67' title='bbox 1820 893 1945 948; x_wconf 82' lang='lat' dir='ltr'><strong>huic</strong></span> 
     </span>
    </p>
   </div>
   <div class='ocr_carea' id='block_1_11' title="bbox 372 981 1945 1062">
    <p class='ocr_par' dir='ltr' id='par_1_11' title="bbox 372 981 1945 1062">
     <span class='ocr_line' id='line_1_11' title="bbox 372 981 1945 1062; baseline 0.003 -26"><span class='ocrx_word' id='word_1_68' title='bbox 372 981 551 1036; x_wconf 90' lang='lat' dir='ltr'><strong>minor</strong></span> <span class='ocrx_word' id='word_1_69' title='bbox 581 981 838 1036; x_wconf 85' lang='lat' dir='ltr'><strong>dicendus</strong></span> <span class='ocrx_word' id='word_1_70' title='bbox 874 988 957 1036; x_wconf 89' lang='lat' dir='ltr'><strong>est</strong></span> <span class='ocrx_word' id='word_1_71' title='bbox 979 981 1069 1050; x_wconf 88' lang='lat' dir='ltr'><strong>qui</strong></span> <span class='ocrx_word' id='word_1_72' title='bbox 1098 982 1227 1036; x_wconf 90' lang='lat' dir='ltr'><strong>nulli</strong></span> <span class='ocrx_word' id='word_1_73' title='bbox 1251 982 1513 1062; x_wconf 76' lang='lat' dir='ltr'><strong>apparuit.</strong></span> <span class='ocrx_word' id='word_1_74' title='bbox 1541 983 1646 1039; x_wconf 88' lang='lat' dir='ltr'><strong>Sed</strong></span> <span class='ocrx_word' id='word_1_75' title='bbox 1673 985 1717 1040; x_wconf 91' lang='lat' dir='ltr'><strong>si</strong></span> <span class='ocrx_word' id='word_1_76' title='bbox 1746 985 1945 1040; x_wconf 88' lang='lat' dir='ltr'><strong>docue-</strong></span> 
     </span>
    </p>
   </div>
   <div class='ocr_carea' id='block_1_12' title="bbox 368 1071 1944 1145">
    <p class='ocr_par' dir='ltr' id='par_1_12' title="bbox 368 1071 1944 1145">
     <span class='ocr_line' id='line_1_12' title="bbox 368 1071 1944 1145; baseline 0.001 -16"><span class='ocrx_word' id='word_1_77' title='bbox 368 1073 557 1135; x_wconf 84' lang='lat' dir='ltr'><strong>rimus,</strong></span> <span class='ocrx_word' id='word_1_78' title='bbox 596 1081 650 1126; x_wconf 90' lang='lat' dir='ltr'><strong>et</strong></span> <span class='ocrx_word' id='word_1_79' title='bbox 681 1073 892 1126; x_wconf 84' lang='lat' dir='ltr'><strong>Patrem</strong></span> <span class='ocrx_word' id='word_1_80' title='bbox 923 1071 1228 1127; x_wconf 88' lang='lat' dir='ltr'><strong>hominibus</strong></span> <span class='ocrx_word' id='word_1_81' title='bbox 1255 1074 1596 1142; x_wconf 85' lang='lat' dir='ltr'><strong>apparuisse;</strong></span> <span class='ocrx_word' id='word_1_82' title='bbox 1629 1086 1684 1130; x_wconf 92' lang='lat' dir='ltr'><strong>ut</strong></span> <span class='ocrx_word' id='word_1_83' title='bbox 1712 1077 1944 1145; x_wconf 69' lang='lat' dir='ltr'><strong>mquales</strong></span> 
     </span>
    </p>
   </div>
   <div class='ocr_carea' id='block_1_13' title="bbox 368 1164 1947 1238">
    <p class='ocr_par' dir='ltr' id='par_1_13' title="bbox 368 1164 1947 1238">
     <span class='ocr_line' id='line_1_13' title="bbox 368 1164 1947 1238; baseline 0.004 -20"><span class='ocrx_word' id='word_1_84' title='bbox 368 1166 725 1219; x_wconf 79' lang='lat' dir='ltr'><strong>conﬁteantur</strong></span> <span class='ocrx_word' id='word_1_85' title='bbox 746 1178 839 1218; x_wconf 89' lang='lat' dir='ltr'><strong>eos</strong></span> <span class='ocrx_word' id='word_1_86' title='bbox 858 1164 947 1232; x_wconf 85' lang='lat' dir='ltr'><strong>qui</strong></span> <span class='ocrx_word' id='word_1_87' title='bbox 971 1165 1216 1219; x_wconf 81' lang='lat' dir='ltr'><strong>similiter</strong></span> <span class='ocrx_word' id='word_1_88' title='bbox 1237 1165 1333 1220; x_wconf 88' lang='lat' dir='ltr'><strong>visi</strong></span> <span class='ocrx_word' id='word_1_89' title='bbox 1355 1177 1500 1232; x_wconf 88' lang='lat' dir='ltr'><strong>sunt,</strong></span> <span class='ocrx_word' id='word_1_90' title='bbox 1522 1179 1612 1222; x_wconf 89' lang='lat' dir='ltr'><strong>aut</strong></span> <span class='ocrx_word' id='word_1_91' title='bbox 1632 1179 1781 1224; x_wconf 83' lang='lat' dir='ltr'><strong>certe</strong></span> <span class='ocrx_word' id='word_1_92' title='bbox 1803 1184 1947 1238; x_wconf 70' lang='lat' dir='ltr'><strong>quae-</strong></span> 
     </span>
    </p>
   </div>
   <div class='ocr_carea' id='block_1_14' title="bbox 367 1250 1947 1328">
    <p class='ocr_par' dir='ltr' id='par_1_14' title="bbox 367 1250 1947 1328">
     <span class='ocr_line' id='line_1_14' title="bbox 367 1250 1947 1328; baseline 0.004 -20"><span class='ocrx_word' id='word_1_93' title='bbox 367 1262 486 1308; x_wconf 86' lang='lat' dir='ltr'><strong>rant</strong></span> <span class='ocrx_word' id='word_1_94' title='bbox 527 1250 630 1309; x_wconf 87' lang='lat' dir='ltr'><strong>sibi</strong></span> <span class='ocrx_word' id='word_1_95' title='bbox 667 1255 752 1308; x_wconf 92' lang='lat' dir='ltr'><strong>eui</strong></span> <span class='ocrx_word' id='word_1_96' title='bbox 797 1254 1008 1310; x_wconf 83' lang='lat' dir='ltr'><strong>Patrem</strong></span> <span class='ocrx_word' id='word_1_97' title='bbox 1045 1257 1304 1311; x_wconf 89' lang='lat' dir='ltr'><strong>minorem</strong></span> <span class='ocrx_word' id='word_1_98' title='bbox 1348 1257 1564 1324; x_wconf 63' lang='lat' dir='ltr'><strong>faciant,</strong></span> <span class='ocrx_word' id='word_1_99' title='bbox 1599 1259 1645 1314; x_wconf 90' lang='lat' dir='ltr'><strong>si</strong></span> <span class='ocrx_word' id='word_1_100' title='bbox 1684 1261 1947 1328; x_wconf 74' lang='lat' dir='ltr'><strong>apparitio</strong></span> 
     </span>
    </p>
   </div>
   <div class='ocr_carea' id='block_1_15' title="bbox 366 1343 1946 1416">
    <p class='ocr_par' dir='ltr' id='par_1_15' title="bbox 366 1343 1946 1416">
     <span class='ocr_line' id='line_1_15' title="bbox 366 1343 1946 1416; baseline 0.004 -17"><span class='ocrx_word' id='word_1_101' title='bbox 366 1343 630 1399; x_wconf 86' lang='lat' dir='ltr'><strong>minorem</strong></span> <span class='ocrx_word' id='word_1_102' title='bbox 667 1345 793 1400; x_wconf 89' lang='lat' dir='ltr'><strong>facit</strong></span> <span class='ocrx_word' id='word_1_103' title='bbox 816 1355 1181 1414; x_wconf 81' lang='lat' dir='ltr'><strong>apparentem.</strong></span> <span class='ocrx_word' id='word_1_104' title='bbox 1201 1346 1266 1400; x_wconf 87' lang='lat' dir='ltr'><strong>Et</strong></span> <span class='ocrx_word' id='word_1_105' title='bbox 1291 1363 1356 1401; x_wconf 91' lang='lat' dir='ltr'><strong>ne</strong></span> <span class='ocrx_word' id='word_1_106' title='bbox 1379 1349 1742 1416; x_wconf 82' lang='lat' dir='ltr'><strong>probationem</strong></span> <span class='ocrx_word' id='word_1_107' title='bbox 1773 1349 1946 1405; x_wconf 82' lang='lat' dir='ltr'><strong>Patris</strong></span> 
     </span>
    </p>
   </div>
   <div class='ocr_carea' id='block_1_16' title="bbox 369 1437 1949 1510">
    <p class='ocr_par' dir='ltr' id='par_1_16' title="bbox 369 1437 1949 1510">
     <span class='ocr_line' id='line_1_16' title="bbox 369 1437 1949 1510; baseline 0.004 -20"><span class='ocrx_word' id='word_1_108' title='bbox 369 1437 675 1492; x_wconf 85' lang='lat' dir='ltr'><strong>hominibus</strong></span> <span class='ocrx_word' id='word_1_109' title='bbox 705 1437 1017 1506; x_wconf 83' lang='lat' dir='ltr'><strong>apparentis</strong></span> <span class='ocrx_word' id='word_1_110' title='bbox 1044 1437 1310 1503; x_wconf 63' lang='lat' dir='ltr'><strong>diti‘eram,</strong></span> <span class='ocrx_word' id='word_1_111' title='bbox 1340 1439 1452 1504; x_wconf 89' lang='lat' dir='ltr'><strong>ipsa</strong></span> <span class='ocrx_word' id='word_1_112' title='bbox 1484 1441 1535 1493; x_wconf 91' lang='lat' dir='ltr'><strong>in</strong></span> <span class='ocrx_word' id='word_1_113' title='bbox 1566 1441 1740 1496; x_wconf 90' lang='lat' dir='ltr'><strong>medio</strong></span> <span class='ocrx_word' id='word_1_114' title='bbox 1770 1442 1949 1510; x_wconf 87' lang='lat' dir='ltr'><strong>profe-</strong></span> 
     </span>
    </p>
   </div>
   <div class='ocr_carea' id='block_1_17' title="bbox 365 1531 1945 1600">
    <p class='ocr_par' dir='ltr' id='par_1_17' title="bbox 365 1531 1945 1600">
     <span class='ocr_line' id='line_1_17' title="bbox 365 1531 1945 1600; baseline 0.002 -14"><span class='ocrx_word' id='word_1_115' title='bbox 365 1547 481 1586; x_wconf 86' lang='lat' dir='ltr'><strong>ram</strong></span> <span class='ocrx_word' id='word_1_116' title='bbox 513 1531 837 1590; x_wconf 78' lang='lat' dir='ltr'><strong>testimonia.</strong></span> <span class='ocrx_word' id='word_1_117' title='bbox 859 1533 915 1586; x_wconf 87' lang='lat' dir='ltr'><strong>In</strong></span> <span class='ocrx_word' id='word_1_118' title='bbox 940 1531 1133 1587; x_wconf 83' lang='lat' dir='ltr'><strong>Genesi</strong></span> <span class='ocrx_word' id='word_1_119' title='bbox 1161 1546 1291 1600; x_wconf 75' lang='lat' dir='ltr'><strong>ergo</strong></span> <span class='ocrx_word' id='word_1_120' title='bbox 1312 1531 1381 1587; x_wconf 91' lang='lat' dir='ltr'><strong>de</strong></span> <span class='ocrx_word' id='word_1_121' title='bbox 1405 1533 1572 1587; x_wconf 83' lang='lat' dir='ltr'><strong>Jacoh</strong></span> <span class='ocrx_word' id='word_1_122' title='bbox 1592 1533 1736 1588; x_wconf 89' lang='lat' dir='ltr'><strong>clare</strong></span> <span class='ocrx_word' id='word_1_123' title='bbox 1757 1534 1945 1600; x_wconf 82' lang='lat' dir='ltr'><strong>fertur,</strong></span> 
     </span>
    </p>
   </div>
   <div class='ocr_carea' id='block_1_18' title="bbox 365 1624 1946 1695">
    <p class='ocr_par' dir='ltr' id='par_1_18' title="bbox 365 1624 1946 1695">
     <span class='ocr_line' id='line_1_18' title="bbox 365 1624 1946 1695; baseline 0.002 -16"><span class='ocrx_word' id='word_1_124' title='bbox 365 1641 486 1680; x_wconf 88' lang='lat' dir='ltr'><strong>eum</strong></span> <span class='ocrx_word' id='word_1_125' title='bbox 535 1624 974 1694; x_wconf 75' lang='lat' dir='ltr'><strong>Mesopotamiam</strong></span> <span class='ocrx_word' id='word_1_126' title='bbox 1019 1624 1190 1694; x_wconf 69' lang='lat' dir='ltr'><strong>Syria:</strong></span> <span class='ocrx_word' id='word_1_127' title='bbox 1239 1633 1503 1694; x_wconf 74' lang='lat' dir='ltr'><strong>pergeret,</strong></span> <span class='ocrx_word' id='word_1_128' title='bbox 1553 1625 1756 1695; x_wconf 73' lang='lat' dir='ltr'><strong>fugiens</strong></span> <span class='ocrx_word' id='word_1_129' title='bbox 1805 1627 1946 1682; x_wconf 84' lang='lat' dir='ltr'><strong>Esau</strong></span> 
     </span>
    </p>
   </div>
   <div class='ocr_carea' id='block_1_19' title="bbox 2047 435 3633 505">
    <p class='ocr_par' dir='ltr' id='par_1_19' title="bbox 2047 435 3633 505">
     <span class='ocr_line' id='line_1_19' title="bbox 2047 435 3633 505; baseline 0.004 -16"><span class='ocrx_word' id='word_1_130' title='bbox 2047 451 2150 505; x_wconf 90' lang='lat' dir='ltr'><strong>que</strong></span> <span class='ocrx_word' id='word_1_131' title='bbox 2173 439 2481 504; x_wconf 84' lang='lat' dir='ltr'><strong>apparuisse</strong></span> <span class='ocrx_word' id='word_1_132' title='bbox 2504 437 2776 504; x_wconf 74' lang='lat' dir='ltr'><strong>Scriptura</strong></span> <span class='ocrx_word' id='word_1_133' title='bbox 2806 435 2984 490; x_wconf 83' lang='lat' dir='ltr'><strong>divina</strong></span> <span class='ocrx_word' id='word_1_134' title='bbox 3015 446 3261 492; x_wconf 84' lang='lat' dir='ltr'><strong>testatur.</strong></span> <span class='ocrx_word' id='word_1_135' title='bbox 3289 439 3419 493; x_wconf 89' lang='lat' dir='ltr'><strong>Item</strong></span> <span class='ocrx_word' id='word_1_136' title='bbox 3445 439 3633 498; x_wconf 83' lang='lat' dir='ltr'><strong>Daniel</strong></span> 
     </span>
    </p>
   </div>
   <div class='ocr_carea' id='block_1_20' title="bbox 2045 529 3627 598">
    <p class='ocr_par' dir='ltr' id='par_1_20' title="bbox 2045 529 3627 598">
     <span class='ocr_line' id='line_1_20' title="bbox 2045 529 3627 598; baseline 0.006 -18"><span class='ocrx_word' id='word_1_137' title='bbox 2045 530 2304 598; x_wconf 84' lang='lat' dir='ltr'><strong>propheta</strong></span> <span class='ocrx_word' id='word_1_138' title='bbox 2337 531 2502 584; x_wconf 87' lang='lat' dir='ltr'><strong>Deum</strong></span> <span class='ocrx_word' id='word_1_139' title='bbox 2536 530 2742 584; x_wconf 82' lang='lat' dir='ltr'><strong>Patrem</strong></span> <span class='ocrx_word' id='word_1_140' title='bbox 2778 546 2828 584; x_wconf 78' lang='lat' dir='ltr'><strong>in</strong></span> <span class='ocrx_word' id='word_1_141' title='bbox 2859 529 3074 584; x_wconf 85' lang='lat' dir='ltr'><strong>homine</strong></span> <span class='ocrx_word' id='word_1_142' title='bbox 3103 530 3299 585; x_wconf 82' lang='lat' dir='ltr'><strong>vidisse</strong></span> <span class='ocrx_word' id='word_1_143' title='bbox 3327 547 3387 587; x_wconf 91' lang='lat' dir='ltr'><strong>se</strong></span> <span class='ocrx_word' id='word_1_144' title='bbox 3410 533 3593 589; x_wconf 89' lang='lat' dir='ltr'><strong>deseri</strong></span> <span class='ocrx_word' id='word_1_145' title='bbox 3623 571 3627 575; x_wconf 88' lang='lat'><strong><em>-</em></strong></span> 
     </span>
    </p>
   </div>
   <div class='ocr_carea' id='block_1_21' title="bbox 2047 619 3635 691">
    <p class='ocr_par' dir='ltr' id='par_1_21' title="bbox 2047 619 3635 691">
     <span class='ocr_line' id='line_1_21' title="bbox 2047 619 3635 691; baseline 0.003 -17"><span class='ocrx_word' id='word_1_146' title='bbox 2047 619 2124 674; x_wconf 86' lang='lat' dir='ltr'><strong>bit</strong></span> <span class='ocrx_word' id='word_1_147' title='bbox 2154 635 2168 674; x_wconf 91' lang='lat'><strong>:</strong></span> <span class='ocrx_word' id='word_1_148' title='bbox 2202 621 2542 689; x_wconf 62' lang='lat' dir='ltr'><strong>Aspiciebam,</strong></span> <span class='ocrx_word' id='word_1_149' title='bbox 2583 620 2776 688; x_wconf 85' lang='lat' dir='ltr'><strong>inquit,</strong></span> <span class='ocrx_word' id='word_1_150' title='bbox 2804 619 2966 672; x_wconf 82' lang='lat' dir='ltr'><strong>donec</strong></span> <span class='ocrx_word' id='word_1_151' title='bbox 2994 621 3136 674; x_wconf 84' lang='lat' dir='ltr'><strong>sedes</strong></span> <span class='ocrx_word' id='word_1_152' title='bbox 3166 621 3346 688; x_wconf 81' lang='lat' dir='ltr'><strong>posita:</strong></span> <span class='ocrx_word' id='word_1_153' title='bbox 3371 623 3586 691; x_wconf 73' lang='lat' dir='ltr'><strong>fuissent</strong></span> <span class='ocrx_word' id='word_1_154' title='bbox 3610 639 3635 691; x_wconf 69' lang='grc' dir='ltr'><em>ς</em></span> 
     </span>
    </p>
   </div>
   <div class='ocr_carea' id='block_1_22' title="bbox 2048 709 3637 781">
    <p class='ocr_par' dir='ltr' id='par_1_22' title="bbox 2048 709 3637 781">
     <span class='ocr_line' id='line_1_22' title="bbox 2048 709 3637 781; baseline 0.003 -18"><span class='ocrx_word' id='word_1_155' title='bbox 2048 720 2099 764; x_wconf 82' lang='lat' dir='ltr'><strong>et</strong></span> <span class='ocrx_word' id='word_1_156' title='bbox 2127 718 2347 764; x_wconf 75' lang='lat' dir='ltr'><strong>vetustus</strong></span> <span class='ocrx_word' id='word_1_157' title='bbox 2373 709 2573 763; x_wconf 68' lang='lat' dir='ltr'><strong>dierum</strong></span> <span class='ocrx_word' id='word_1_158' title='bbox 2594 709 2796 764; x_wconf 78' lang='lat' dir='ltr'><strong>sedebat</strong></span> <span class='ocrx_word' id='word_1_159' title='bbox 2817 724 2834 763; x_wconf 90' lang='lat'><strong><em>:</em></strong></span> <span class='ocrx_word' id='word_1_160' title='bbox 2854 711 3199 764; x_wconf 81' lang='lat' dir='ltr'><strong>vestimentum</strong></span> <span class='ocrx_word' id='word_1_161' title='bbox 3220 715 3333 781; x_wconf 86' lang='lat' dir='ltr'><strong>ejus</strong></span> <span class='ocrx_word' id='word_1_162' title='bbox 3353 714 3637 768; x_wconf 78' lang='lat' dir='ltr'><strong>candidum</strong></span> 
     </span>
    </p>
   </div>
   <div class='ocr_carea' id='block_1_23' title="bbox 2046 799 3633 871">
    <p class='ocr_par' dir='ltr' id='par_1_23' title="bbox 2046 799 3633 871">
     <span class='ocr_line' id='line_1_23' title="bbox 2046 799 3633 871; baseline 0.001 -16"><span class='ocrx_word' id='word_1_163' title='bbox 2046 811 2101 854; x_wconf 90' lang='lat' dir='ltr'><strong>ut</strong></span> <span class='ocrx_word' id='word_1_164' title='bbox 2129 801 2219 855; x_wconf 77' lang='lat' dir='ltr'><strong>uia;</strong></span> <span class='ocrx_word' id='word_1_165' title='bbox 2242 816 2261 854; x_wconf 91' lang='lat'><em>:</em></span> <span class='ocrx_word' id='word_1_166' title='bbox 2291 800 2467 868; x_wconf 76' lang='lat' dir='ltr'><strong>capilli</strong></span> <span class='ocrx_word' id='word_1_167' title='bbox 2506 800 2685 867; x_wconf 78' lang='lat' dir='ltr'><strong>capitis</strong></span> <span class='ocrx_word' id='word_1_168' title='bbox 2726 802 2838 871; x_wconf 82' lang='lat' dir='ltr'><strong>ejus</strong></span> <span class='ocrx_word' id='word_1_169' title='bbox 2882 809 2937 853; x_wconf 89' lang='lat' dir='ltr'><strong>ut</strong></span> <span class='ocrx_word' id='word_1_170' title='bbox 2981 799 3103 853; x_wconf 87' lang='lat' dir='ltr'><strong>lana</strong></span> <span class='ocrx_word' id='word_1_171' title='bbox 3140 803 3331 854; x_wconf 78' lang='lat' dir='ltr'><strong>munda</strong></span> <span class='ocrx_word' id='word_1_172' title='bbox 3364 817 3381 853; x_wconf 90' lang='lat'><strong><em>:</em></strong></span> <span class='ocrx_word' id='word_1_173' title='bbox 3413 803 3633 856; x_wconf 80' lang='lat' dir='ltr'><strong>thronus</strong></span> 
     </span>
    </p>
   </div>
   <div class='ocr_carea' id='block_1_24' title="bbox 2047 890 3633 962">
    <p class='ocr_par' dir='ltr' id='par_1_24' title="bbox 2047 890 3633 962">
     <span class='ocr_line' id='line_1_24' title="bbox 2047 890 3633 962; baseline 0 -18"><span class='ocrx_word' id='word_1_174' title='bbox 2047 894 2155 962; x_wconf 87' lang='lat' dir='ltr'><strong>ejus</strong></span> <span class='ocrx_word' id='word_1_175' title='bbox 2190 893 2401 960; x_wconf 82' lang='lat' dir='ltr'><strong>ﬂamma</strong></span> <span class='ocrx_word' id='word_1_176' title='bbox 2440 891 2573 959; x_wconf 86' lang='lat' dir='ltr'><strong>ignis</strong></span> <span class='ocrx_word' id='word_1_177' title='bbox 2604 905 2624 942; x_wconf 91' lang='lat'><strong><em>:</em></strong></span> <span class='ocrx_word' id='word_1_178' title='bbox 2653 899 2774 944; x_wconf 74' lang='lat' dir='ltr'><strong>rotat</strong></span> <span class='ocrx_word' id='word_1_179' title='bbox 2805 892 2914 960; x_wconf 82' lang='lat' dir='ltr'><strong>ejus</strong></span> <span class='ocrx_word' id='word_1_180' title='bbox 2953 890 3086 958; x_wconf 83' lang='lat' dir='ltr'><strong>ignis</strong></span> <span class='ocrx_word' id='word_1_181' title='bbox 3125 906 3367 943; x_wconf 86' lang='lat' dir='ltr'><strong>accensus</strong></span> <span class='ocrx_word' id='word_1_182' title='bbox 3397 906 3417 944; x_wconf 89' lang='lat'><strong><em>:</em></strong></span> <span class='ocrx_word' id='word_1_183' title='bbox 3442 891 3633 961; x_wconf 80' lang='lat' dir='ltr'><strong>ﬂuvius</strong></span> 
     </span>
    </p>
   </div>
   <div class='ocr_carea' id='block_1_25' title="bbox 2046 979 3635 1052">
    <p class='ocr_par' dir='ltr' id='par_1_25' title="bbox 2046 979 3635 1052">
     <span class='ocr_line' id='line_1_25' title="bbox 2046 979 3635 1052; baseline 0.001 -18"><span class='ocrx_word' id='word_1_184' title='bbox 2046 983 2224 1052; x_wconf 73' lang='lat' dir='ltr'><strong>igneus</strong></span> <span class='ocrx_word' id='word_1_185' title='bbox 2246 979 2598 1052; x_wconf 79' lang='lat' dir='ltr'><strong>egrediebatur</strong></span> <span class='ocrx_word' id='word_1_186' title='bbox 2626 997 2659 1034; x_wconf 87' lang='lat' dir='ltr'><strong>a</strong></span> <span class='ocrx_word' id='word_1_187' title='bbox 2688 980 2820 1046; x_wconf 80' lang='lat' dir='ltr'><strong>[acte</strong></span> <span class='ocrx_word' id='word_1_188' title='bbox 2856 982 2966 1051; x_wconf 78' lang='lat' dir='ltr'><strong>ejus</strong></span> <span class='ocrx_word' id='word_1_189' title='bbox 2995 995 3013 1032; x_wconf 91' lang='lat'><strong><em>:</em></strong></span> <span class='ocrx_word' id='word_1_190' title='bbox 3041 979 3204 1032; x_wconf 86' lang='lat' dir='ltr'><strong>millia</strong></span> <span class='ocrx_word' id='word_1_191' title='bbox 3231 981 3444 1033; x_wconf 86' lang='lat' dir='ltr'><strong>millium</strong></span> <span class='ocrx_word' id='word_1_192' title='bbox 3478 983 3635 1035; x_wconf 79' lang='lat' dir='ltr'><strong>mini-</strong></span> 
     </span>
    </p>
   </div>
   <div class='ocr_carea' id='block_1_26' title="bbox 2045 1070 3634 1141">
    <p class='ocr_par' dir='ltr' id='par_1_26' title="bbox 2045 1070 3634 1141">
     <span class='ocr_line' id='line_1_26' title="bbox 2045 1070 3634 1141; baseline 0 -15"><span class='ocrx_word' id='word_1_193' title='bbox 2045 1073 2272 1127; x_wconf 81' lang='lat' dir='ltr'><strong>strabant</strong></span> <span class='ocrx_word' id='word_1_194' title='bbox 2291 1072 2363 1138; x_wconf 89' lang='lat' dir='ltr'><strong>ei,</strong></span> <span class='ocrx_word' id='word_1_195' title='bbox 2382 1081 2430 1126; x_wconf 89' lang='lat' dir='ltr'><strong>et</strong></span> <span class='ocrx_word' id='word_1_196' title='bbox 2458 1071 2620 1126; x_wconf 85' lang='lat' dir='ltr'><strong>decies</strong></span> <span class='ocrx_word' id='word_1_197' title='bbox 2651 1080 2862 1125; x_wconf 82' lang='lat' dir='ltr'><strong>centena</strong></span> <span class='ocrx_word' id='word_1_198' title='bbox 2891 1070 3057 1124; x_wconf 84' lang='lat' dir='ltr'><strong>millia</strong></span> <span class='ocrx_word' id='word_1_199' title='bbox 3079 1071 3380 1124; x_wconf 72' lang='lat' dir='ltr'><strong>assistebant</strong></span> <span class='ocrx_word' id='word_1_200' title='bbox 3401 1072 3447 1125; x_wconf 87' lang='lat' dir='ltr'><strong>ei</strong></span> <span class='ocrx_word' id='word_1_201' title='bbox 3467 1073 3634 1141; x_wconf 84' lang='lat' dir='ltr'><strong>(Dan.</strong></span> 
     </span>
    </p>
   </div>
   <div class='ocr_carea' id='block_1_27' title="bbox 2045 1161 3634 1231">
    <p class='ocr_par' dir='ltr' id='par_1_27' title="bbox 2045 1161 3634 1231">
     <span class='ocr_line' id='line_1_27' title="bbox 2045 1161 3634 1231; baseline 0.001 -14"><span class='ocrx_word' id='word_1_202' title='bbox 2045 1177 2139 1228; x_wconf 74' lang='lat' dir='ltr'><strong>tm,</strong></span> <span class='ocrx_word' id='word_1_203' title='bbox 2158 1163 2236 1231; x_wconf 88' lang='lat'><strong>9).</strong></span> <span class='ocrx_word' id='word_1_204' title='bbox 2261 1163 2385 1217; x_wconf 70' lang='lat' dir='ltr'><strong>Haec</strong></span> <span class='ocrx_word' id='word_1_205' title='bbox 2405 1171 2463 1216; x_wconf 92' lang='lat' dir='ltr'><strong>ut</strong></span> <span class='ocrx_word' id='word_1_206' title='bbox 2485 1161 2818 1216; x_wconf 74' lang='lat' dir='ltr'><strong>manifestius</strong></span> <span class='ocrx_word' id='word_1_207' title='bbox 2839 1162 3206 1229; x_wconf 85' lang='lat' dir='ltr'><strong>ostendamus,</strong></span> <span class='ocrx_word' id='word_1_208' title='bbox 3229 1163 3395 1218; x_wconf 89' lang='lat' dir='ltr'><strong>Deum</strong></span> <span class='ocrx_word' id='word_1_209' title='bbox 3419 1165 3634 1220; x_wconf 83' lang='lat' dir='ltr'><strong>Patrem</strong></span> 
     </span>
    </p>
   </div>
   <div class='ocr_carea' id='block_1_28' title="bbox 2049 1255 3634 1326">
    <p class='ocr_par' dir='ltr' id='par_1_28' title="bbox 2049 1255 3634 1326">
     <span class='ocr_line' id='line_1_28' title="bbox 2049 1255 3634 1326; baseline 0.003 -19"><span class='ocrx_word' id='word_1_210' title='bbox 2049 1257 2210 1311; x_wconf 89' lang='lat' dir='ltr'><strong>fuisse</strong></span> <span class='ocrx_word' id='word_1_211' title='bbox 2239 1257 2328 1325; x_wconf 88' lang='lat' dir='ltr'><strong>qui</strong></span> <span class='ocrx_word' id='word_1_212' title='bbox 2357 1256 2558 1310; x_wconf 83' lang='lat' dir='ltr'><strong>Danieli</strong></span> <span class='ocrx_word' id='word_1_213' title='bbox 2589 1255 2640 1309; x_wconf 91' lang='lat' dir='ltr'><strong>in</strong></span> <span class='ocrx_word' id='word_1_214' title='bbox 2668 1255 2872 1324; x_wconf 82' lang='lat' dir='ltr'><strong>antiqui</strong></span> <span class='ocrx_word' id='word_1_215' title='bbox 2897 1255 3128 1310; x_wconf 89' lang='lat' dir='ltr'><strong>hominis</strong></span> <span class='ocrx_word' id='word_1_216' title='bbox 3151 1256 3330 1323; x_wconf 76' lang='lat' dir='ltr'><strong>specie</strong></span> <span class='ocrx_word' id='word_1_217' title='bbox 3354 1258 3496 1311; x_wconf 88' lang='lat' dir='ltr'><strong>visus</strong></span> <span class='ocrx_word' id='word_1_218' title='bbox 3521 1269 3634 1326; x_wconf 83' lang='lat' dir='ltr'><strong>est,</strong></span> 
     </span>
    </p>
   </div>
   <div class='ocr_carea' id='block_1_29' title="bbox 2048 1345 3640 1416">
    <p class='ocr_par' dir='ltr' id='par_1_29' title="bbox 2048 1345 3640 1416">
     <span class='ocr_line' id='line_1_29' title="bbox 2048 1345 3640 1416; baseline -0.001 -16"><span class='ocrx_word' id='word_1_219' title='bbox 2048 1347 2104 1400; x_wconf 93' lang='lat' dir='ltr'><strong>in</strong></span> <span class='ocrx_word' id='word_1_220' title='bbox 2135 1346 2484 1414; x_wconf 82' lang='lat' dir='ltr'><strong>sequentibus</strong></span> <span class='ocrx_word' id='word_1_221' title='bbox 2515 1361 2728 1416; x_wconf 89' lang='lat' dir='ltr'><strong>quoque</strong></span> <span class='ocrx_word' id='word_1_222' title='bbox 2756 1345 2822 1401; x_wconf 90' lang='lat' dir='ltr'><strong>de</strong></span> <span class='ocrx_word' id='word_1_223' title='bbox 2847 1345 2982 1399; x_wconf 87' lang='lat' dir='ltr'><strong>Filio</strong></span> <span class='ocrx_word' id='word_1_224' title='bbox 3006 1347 3076 1399; x_wconf 89' lang='lat' dir='ltr'><strong>ita</strong></span> <span class='ocrx_word' id='word_1_225' title='bbox 3103 1345 3231 1399; x_wconf 85' lang='lat' dir='ltr'><strong>dicit</strong></span> <span class='ocrx_word' id='word_1_226' title='bbox 3257 1362 3270 1398; x_wconf 91' lang='lat'><strong>:</strong></span> <span class='ocrx_word' id='word_1_227' title='bbox 3298 1345 3430 1400; x_wconf 80' lang='lat' dir='ltr'><strong>Erce</strong></span> <span class='ocrx_word' id='word_1_228' title='bbox 3456 1348 3508 1400; x_wconf 88' lang='lat' dir='ltr'><strong>in</strong></span> <span class='ocrx_word' id='word_1_229' title='bbox 3533 1364 3640 1400; x_wconf 80' lang='lat' dir='ltr'><strong>nu-</strong></span> 
     </span>
    </p>
   </div>
   <div class='ocr_carea' id='block_1_30' title="bbox 2049 1437 3637 1510">
    <p class='ocr_par' dir='ltr' id='par_1_30' title="bbox 2049 1437 3637 1510">
     <span class='ocr_line' id='line_1_30' title="bbox 2049 1437 3637 1510; baseline 0.001 -17"><span class='ocrx_word' id='word_1_230' title='bbox 2049 1440 2192 1493; x_wconf 85' lang='lat' dir='ltr'><strong>bibus</strong></span> <span class='ocrx_word' id='word_1_231' title='bbox 2214 1439 2326 1493; x_wconf 76' lang='lat' dir='ltr'><strong>mli</strong></span> <span class='ocrx_word' id='word_1_232' title='bbox 2345 1437 2511 1492; x_wconf 85' lang='lat' dir='ltr'><strong>Filius</strong></span> <span class='ocrx_word' id='word_1_233' title='bbox 2539 1438 2759 1492; x_wconf 83' lang='lat' dir='ltr'><strong>hominis</strong></span> <span class='ocrx_word' id='word_1_234' title='bbox 2785 1440 3033 1504; x_wconf 82' lang='lat' dir='ltr'><strong>veniebat,</strong></span> <span class='ocrx_word' id='word_1_235' title='bbox 3049 1447 3098 1492; x_wconf 86' lang='lat' dir='ltr'><strong>et</strong></span> <span class='ocrx_word' id='word_1_236' title='bbox 3120 1455 3274 1510; x_wconf 83' lang='lat' dir='ltr'><strong>usque</strong></span> <span class='ocrx_word' id='word_1_237' title='bbox 3293 1439 3362 1491; x_wconf 88' lang='lat' dir='ltr'><strong>ad</strong></span> <span class='ocrx_word' id='word_1_238' title='bbox 3382 1450 3637 1494; x_wconf 79' lang='lat' dir='ltr'><strong>vetustum</strong></span> 
     </span>
    </p>
   </div>
   <div class='ocr_carea' id='block_1_31' title="bbox 2048 1528 3633 1602">
    <p class='ocr_par' dir='ltr' id='par_1_31' title="bbox 2048 1528 3633 1602">
     <span class='ocr_line' id='line_1_31' title="bbox 2048 1528 3633 1602; baseline 0.001 -18"><span class='ocrx_word' id='word_1_239' title='bbox 2048 1533 2250 1586; x_wconf 78' lang='lat' dir='ltr'><strong>dierum</strong></span> <span class='ocrx_word' id='word_1_240' title='bbox 2277 1532 2498 1600; x_wconf 74' lang='lat' dir='ltr'><strong>pervenit</strong></span> <span class='ocrx_word' id='word_1_241' title='bbox 2531 1528 2726 1602; x_wconf 89' lang='lat' dir='ltr'><strong>(Ibid.,</strong></span> <span class='ocrx_word' id='word_1_242' title='bbox 2761 1531 2874 1599; x_wconf 79' lang='grc'><strong>15).</strong></span> <span class='ocrx_word' id='word_1_243' title='bbox 2905 1530 3144 1600; x_wconf 89' lang='lat' dir='ltr'><strong>Apparet</strong></span> <span class='ocrx_word' id='word_1_244' title='bbox 3173 1546 3303 1600; x_wconf 80' lang='lat' dir='ltr'><strong>ergo</strong></span> <span class='ocrx_word' id='word_1_245' title='bbox 3333 1531 3633 1586; x_wconf 87' lang='lat' dir='ltr'><strong>secundum</strong></span> 
     </span>
    </p>
   </div>
   <div class='ocr_carea' id='block_1_32' title="bbox 2050 1621 3637 1692">
    <p class='ocr_par' dir='ltr' id='par_1_32' title="bbox 2050 1621 3637 1692">
     <span class='ocr_line' id='line_1_32' title="bbox 2050 1621 3637 1692; baseline 0 -14"><span class='ocrx_word' id='word_1_246' title='bbox 2050 1623 2332 1692; x_wconf 71' lang='lat' dir='ltr'><strong>prtesentis</strong></span> <span class='ocrx_word' id='word_1_247' title='bbox 2357 1622 2647 1679; x_wconf 85' lang='lat' dir='ltr'><strong>testimonii</strong></span> <span class='ocrx_word' id='word_1_248' title='bbox 2681 1622 2858 1686; x_wconf 80' lang='lat' dir='ltr'><strong>ﬁdem,</strong></span> <span class='ocrx_word' id='word_1_249' title='bbox 2892 1632 2946 1676; x_wconf 91' lang='lat' dir='ltr'><strong>et</strong></span> <span class='ocrx_word' id='word_1_250' title='bbox 2973 1621 3189 1678; x_wconf 84' lang='lat' dir='ltr'><strong>Patrem</strong></span> <span class='ocrx_word' id='word_1_251' title='bbox 3218 1633 3272 1678; x_wconf 88' lang='lat' dir='ltr'><strong>et</strong></span> <span class='ocrx_word' id='word_1_252' title='bbox 3305 1623 3497 1678; x_wconf 79' lang='lat' dir='ltr'><strong>Filium</strong></span> <span class='ocrx_word' id='word_1_253' title='bbox 3528 1624 3637 1678; x_wconf 83' lang='lat' dir='ltr'><strong>Da-</strong></span> 
     </span>
    </p>
   </div>
   <div class='ocr_carea' id='block_1_33' title="bbox 365 1714 3070 1784">
    <p class='ocr_par' dir='ltr' id='par_1_33' title="bbox 365 1714 3070 1784">
     <span class='ocr_line' id='line_1_33' title="bbox 365 1714 3070 1784; baseline -0.001 -16"><span class='ocrx_word' id='word_1_254' title='bbox 365 1719 584 1769; x_wconf 87' lang='lat' dir='ltr'><strong>fratrem</strong></span> <span class='ocrx_word' id='word_1_255' title='bbox 614 1729 794 1780; x_wconf 89' lang='lat' dir='ltr'><strong>suum,</strong></span> <span class='ocrx_word' id='word_1_256' title='bbox 841 1717 932 1783; x_wconf 85' lang='lat' dir='ltr'><strong>qui</strong></span> <span class='ocrx_word' id='word_1_257' title='bbox 979 1714 1172 1770; x_wconf 83' lang='lat' dir='ltr'><strong>viderit</strong></span> <span class='ocrx_word' id='word_1_258' title='bbox 1214 1715 1496 1769; x_wconf 89' lang='lat' dir='ltr'><strong>Dominum</strong></span> <span class='ocrx_word' id='word_1_259' title='bbox 1542 1716 1944 1772; x_wconf 87' lang='lat' dir='ltr'><strong>incumbentem</strong></span> <span class='ocrx_word' id='word_1_260' title='bbox 1978 1724 2024 1784; x_wconf 81' lang='grc' dir='ltr'><strong>Β</strong></span> <span class='ocrx_word' id='word_1_261' title='bbox 2051 1715 2177 1770; x_wconf 88' lang='lat' dir='ltr'><strong>nieli</strong></span> <span class='ocrx_word' id='word_1_262' title='bbox 2202 1729 2412 1784; x_wconf 90' lang='lat' dir='ltr'><strong>quoque</strong></span> <span class='ocrx_word' id='word_1_263' title='bbox 2438 1714 2749 1784; x_wconf 86' lang='lat' dir='ltr'><strong>apparuisse</strong></span> <span class='ocrx_word' id='word_1_264' title='bbox 2773 1715 3070 1782; x_wconf 64' lang='lat' dir='ltr'><strong>propltetzr.</strong></span> 
     </span>
    </p>
   </div>
   <div class='ocr_carea' id='block_1_34' title="bbox 364 1805 1940 1875">
    <p class='ocr_par' dir='ltr' id='par_1_34' title="bbox 364 1805 1940 1875">
     <span class='ocr_line' id='line_1_34' title="bbox 364 1805 1940 1875; baseline 0.002 -16"><span class='ocrx_word' id='word_1_265' title='bbox 364 1820 524 1875; x_wconf 84' lang='lat' dir='ltr'><strong>super</strong></span> <span class='ocrx_word' id='word_1_266' title='bbox 550 1807 769 1871; x_wconf 84' lang='lat' dir='ltr'><strong>scalam,</strong></span> <span class='ocrx_word' id='word_1_267' title='bbox 798 1805 1006 1875; x_wconf 86' lang='lat' dir='ltr'><strong>sibique</strong></span> <span class='ocrx_word' id='word_1_268' title='bbox 1025 1805 1290 1860; x_wconf 85' lang='lat' dir='ltr'><strong>dicentem</strong></span> <span class='ocrx_word' id='word_1_269' title='bbox 1315 1823 1328 1860; x_wconf 92' lang='lat'><strong>:</strong></span> <span class='ocrx_word' id='word_1_270' title='bbox 1357 1805 1465 1875; x_wconf 88' lang='lat' dir='ltr'><strong>Ego</strong></span> <span class='ocrx_word' id='word_1_271' title='bbox 1486 1821 1600 1859; x_wconf 85' lang='lat' dir='ltr'><strong>sum</strong></span> <span class='ocrx_word' id='word_1_272' title='bbox 1623 1806 1758 1862; x_wconf 74' lang='lat' dir='ltr'><strong>Deus</strong></span> <span class='ocrx_word' id='word_1_273' title='bbox 1779 1809 1940 1862; x_wconf 75' lang='lat' dir='ltr'><strong>Abra-</strong></span> 
     </span>
    </p>
   </div>
   <div class='ocr_carea' id='block_1_35' title="bbox 368 1893 1941 1967">
    <p class='ocr_par' dir='ltr' id='par_1_35' title="bbox 368 1893 1941 1967">
     <span class='ocr_line' id='line_1_35' title="bbox 368 1893 1941 1967; baseline 0.004 -22"><span class='ocrx_word' id='word_1_274' title='bbox 368 1897 485 1951; x_wconf 78' lang='lat' dir='ltr'><strong>ham</strong></span> <span class='ocrx_word' id='word_1_275' title='bbox 506 1898 664 1966; x_wconf 81' lang='lat' dir='ltr'><strong>patris</strong></span> <span class='ocrx_word' id='word_1_276' title='bbox 692 1897 790 1961; x_wconf 85' lang='lat' dir='ltr'><strong>tui,</strong></span> <span class='ocrx_word' id='word_1_277' title='bbox 817 1905 865 1950; x_wconf 88' lang='lat' dir='ltr'><strong>et</strong></span> <span class='ocrx_word' id='word_1_278' title='bbox 897 1895 1034 1950; x_wconf 85' lang='lat' dir='ltr'><strong>Deus</strong></span> <span class='ocrx_word' id='word_1_279' title='bbox 1063 1893 1254 1960; x_wconf 84' lang='lat' dir='ltr'><strong>Isaac;</strong></span> <span class='ocrx_word' id='word_1_280' title='bbox 1281 1913 1345 1950; x_wconf 85' lang='lat' dir='ltr'><strong>ue</strong></span> <span class='ocrx_word' id='word_1_281' title='bbox 1371 1897 1549 1951; x_wconf 79' lang='lat' dir='ltr'><strong>timeas</strong></span> <span class='ocrx_word' id='word_1_282' title='bbox 1572 1896 1726 1967; x_wconf 82' lang='lat' dir='ltr'><strong>(Gen.</strong></span> <span class='ocrx_word' id='word_1_283' title='bbox 1753 1913 1941 1963; x_wconf 76' lang='lat' dir='ltr'><strong>xxvm,</strong></span> 
     </span>
    </p>
   </div>
   <div class='ocr_carea' id='block_1_36' title="bbox 364 1984 1941 2056">
    <p class='ocr_par' dir='ltr' id='par_1_36' title="bbox 364 1984 1941 2056">
     <span class='ocr_line' id='line_1_36' title="bbox 364 1984 1941 2056; baseline 0.001 -15"><span class='ocrx_word' id='word_1_284' title='bbox 364 1987 478 2052; x_wconf 72' lang='grc'><strong>15).</strong></span> <span class='ocrx_word' id='word_1_285' title='bbox 512 1987 639 2040; x_wconf 87' lang='lat' dir='ltr'><strong>item</strong></span> <span class='ocrx_word' id='word_1_286' title='bbox 667 1993 788 2052; x_wconf 86' lang='lat' dir='ltr'><strong>post</strong></span> <span class='ocrx_word' id='word_1_287' title='bbox 815 1984 964 2041; x_wconf 88' lang='lat' dir='ltr'><strong>multi</strong></span> <span class='ocrx_word' id='word_1_288' title='bbox 998 1986 1254 2054; x_wconf 75' lang='lat' dir='ltr'><strong>temporis</strong></span> <span class='ocrx_word' id='word_1_289' title='bbox 1280 1986 1471 2040; x_wconf 87' lang='lat' dir='ltr'><strong>seriem</strong></span> <span class='ocrx_word' id='word_1_290' title='bbox 1495 2001 1615 2040; x_wconf 90' lang='lat' dir='ltr'><strong>cum</strong></span> <span class='ocrx_word' id='word_1_291' title='bbox 1638 1986 1702 2040; x_wconf 89' lang='lat' dir='ltr'><strong>ad</strong></span> <span class='ocrx_word' id='word_1_292' title='bbox 1735 1998 1941 2056; x_wconf 87' lang='lat' dir='ltr'><strong>patrem</strong></span> 
     </span>
    </p>
   </div>
   <div class='ocr_carea' id='block_1_37' title="bbox 345 2075 1942 2149">
    <p class='ocr_par' dir='ltr' id='par_1_37' title="bbox 345 2075 1942 2149">
     <span class='ocr_line' id='line_1_37' title="bbox 345 2075 1942 2149; baseline 0.002 -20"><span class='ocrx_word' id='word_1_293' title='bbox 345 2091 614 2146; x_wconf 74' lang='lat' dir='ltr'><strong>reversus</strong></span> <span class='ocrx_word' id='word_1_294' title='bbox 654 2077 860 2140; x_wconf 85' lang='lat' dir='ltr'><strong>fuisset,</strong></span> <span class='ocrx_word' id='word_1_295' title='bbox 893 2076 1138 2146; x_wconf 87' lang='lat' dir='ltr'><strong>apparuit</strong></span> <span class='ocrx_word' id='word_1_296' title='bbox 1159 2075 1206 2132; x_wconf 90' lang='lat' dir='ltr'><strong>ei</strong></span> <span class='ocrx_word' id='word_1_297' title='bbox 1239 2077 1400 2143; x_wconf 84' lang='lat' dir='ltr'><strong>Deus,</strong></span> <span class='ocrx_word' id='word_1_298' title='bbox 1426 2076 1650 2132; x_wconf 87' lang='lat' dir='ltr'><strong>dicens:</strong></span> <span class='ocrx_word' id='word_1_299' title='bbox 1679 2077 1866 2149; x_wconf 81' lang='lat' dir='ltr'><strong>Surge,</strong></span> <span class='ocrx_word' id='word_1_300' title='bbox 1895 2088 1942 2132; x_wconf 85' lang='lat' dir='ltr'><strong>et</strong></span> 
     </span>
    </p>
   </div>
   <div class='ocr_carea' id='block_1_38' title="bbox 361 2164 1941 2237">
    <p class='ocr_par' dir='ltr' id='par_1_38' title="bbox 361 2164 1941 2237">
     <span class='ocr_line' id='line_1_38' title="bbox 361 2164 1941 2237; baseline 0.002 -17"><span class='ocrx_word' id='word_1_301' title='bbox 361 2169 582 2221; x_wconf 80' lang='lat' dir='ltr'><strong>ascende</strong></span> <span class='ocrx_word' id='word_1_302' title='bbox 607 2167 661 2220; x_wconf 84' lang='lat' dir='ltr'><strong>iu</strong></span> <span class='ocrx_word' id='word_1_303' title='bbox 689 2164 898 2231; x_wconf 79' lang='lat' dir='ltr'><strong>Betltel,</strong></span> <span class='ocrx_word' id='word_1_304' title='bbox 943 2175 992 2221; x_wconf 88' lang='lat' dir='ltr'><strong>et</strong></span> <span class='ocrx_word' id='word_1_305' title='bbox 1021 2166 1195 2220; x_wconf 82' lang='lat' dir='ltr'><strong>habita</strong></span> <span class='ocrx_word' id='word_1_306' title='bbox 1219 2167 1310 2234; x_wconf 86' lang='lat' dir='ltr'><strong>ibi,</strong></span> <span class='ocrx_word' id='word_1_307' title='bbox 1339 2177 1387 2222; x_wconf 89' lang='lat' dir='ltr'><strong>et</strong></span> <span class='ocrx_word' id='word_1_308' title='bbox 1427 2168 1509 2237; x_wconf 75' lang='lat' dir='ltr'><strong>{ac</strong></span> <span class='ocrx_word' id='word_1_309' title='bbox 1543 2168 1612 2222; x_wconf 90' lang='lat' dir='ltr'><strong>ibi</strong></span> <span class='ocrx_word' id='word_1_310' title='bbox 1639 2169 1802 2222; x_wconf 86' lang='lat' dir='ltr'><strong>altare</strong></span> <span class='ocrx_word' id='word_1_311' title='bbox 1832 2167 1941 2223; x_wconf 86' lang='lat' dir='ltr'><strong>Deo</strong></span> 
     </span>
    </p>
   </div>
   <div class='ocr_carea' id='block_1_39' title="bbox 362 2256 1947 2329">
    <p class='ocr_par' dir='ltr' id='par_1_39' title="bbox 362 2256 1947 2329">
     <span class='ocr_line' id='line_1_39' title="bbox 362 2256 1947 2329; baseline 0.004 -22"><span class='ocrx_word' id='word_1_312' title='bbox 362 2257 450 2318; x_wconf 87' lang='lat' dir='ltr'><strong>qui</strong></span> <span class='ocrx_word' id='word_1_313' title='bbox 486 2256 724 2324; x_wconf 80' lang='lat' dir='ltr'><strong>apparuit</strong></span> <span class='ocrx_word' id='word_1_314' title='bbox 761 2257 850 2311; x_wconf 85' lang='lat' dir='ltr'><strong>tibi</strong></span> <span class='ocrx_word' id='word_1_315' title='bbox 883 2273 1000 2311; x_wconf 81' lang='lat' dir='ltr'><strong>cum</strong></span> <span class='ocrx_word' id='word_1_316' title='bbox 1027 2258 1222 2329; x_wconf 80' lang='lat' dir='ltr'><strong>fugeres</strong></span> <span class='ocrx_word' id='word_1_317' title='bbox 1252 2273 1284 2312; x_wconf 86' lang='lat' dir='ltr'><strong>a</strong></span> <span class='ocrx_word' id='word_1_318' title='bbox 1323 2259 1454 2328; x_wconf 76' lang='lat' dir='ltr'><strong>facie</strong></span> <span class='ocrx_word' id='word_1_319' title='bbox 1495 2257 1637 2311; x_wconf 79' lang='lat' dir='ltr'><strong>Esau</strong></span> <span class='ocrx_word' id='word_1_320' title='bbox 1666 2260 1843 2328; x_wconf 82' lang='lat' dir='ltr'><strong>fratris</strong></span> <span class='ocrx_word' id='word_1_321' title='bbox 1873 2261 1947 2314; x_wconf 88' lang='lat' dir='ltr'><strong>tui</strong></span> 
     </span>
    </p>
   </div>
   <div class='ocr_carea' id='block_1_40' title="bbox 363 2345 1944 2417">
    <p class='ocr_par' dir='ltr' id='par_1_40' title="bbox 363 2345 1944 2417">
     <span class='ocr_line' id='line_1_40' title="bbox 363 2345 1944 2417; baseline 0.003 -17"><span class='ocrx_word' id='word_1_322' title='bbox 363 2345 516 2416; x_wconf 84' lang='lat' dir='ltr'><strong>(Cen.</strong></span> <span class='ocrx_word' id='word_1_323' title='bbox 548 2361 707 2408; x_wconf 77' lang='lat' dir='ltr'><strong>xxxv.</strong></span> <span class='ocrx_word' id='word_1_324' title='bbox 740 2346 814 2417; x_wconf 86' lang='lat' dir='ltr'><strong>l).</strong></span> <span class='ocrx_word' id='word_1_325' title='bbox 848 2347 1060 2417; x_wconf 82' lang='lat' dir='ltr'><strong>Eligant</strong></span> <span class='ocrx_word' id='word_1_326' title='bbox 1100 2349 1255 2416; x_wconf 81' lang='lat' dir='ltr'><strong>igitur</strong></span> <span class='ocrx_word' id='word_1_327' title='bbox 1292 2348 1394 2403; x_wconf 87' lang='lat' dir='ltr'><strong>sibi</strong></span> <span class='ocrx_word' id='word_1_328' title='bbox 1424 2349 1508 2403; x_wconf 88' lang='lat' dir='ltr'><strong>isti</strong></span> <span class='ocrx_word' id='word_1_329' title='bbox 1554 2349 1696 2417; x_wconf 92' lang='lat' dir='ltr'><strong>quod</strong></span> <span class='ocrx_word' id='word_1_330' title='bbox 1737 2350 1944 2416; x_wconf 88' lang='lat' dir='ltr'><strong>volunt,</strong></span> 
     </span>
    </p>
   </div>
   <div class='ocr_carea' id='block_1_41' title="bbox 363 2436 1942 2507">
    <p class='ocr_par' dir='ltr' id='par_1_41' title="bbox 363 2436 1942 2507">
     <span class='ocr_line' id='line_1_41' title="bbox 363 2436 1942 2507; baseline 0.005 -19"><span class='ocrx_word' id='word_1_331' title='bbox 363 2447 453 2490; x_wconf 85' lang='lat' dir='ltr'><strong>aut</strong></span> <span class='ocrx_word' id='word_1_332' title='bbox 501 2436 709 2492; x_wconf 84' lang='lat' dir='ltr'><strong>Patrem</strong></span> <span class='ocrx_word' id='word_1_333' title='bbox 757 2437 1072 2505; x_wconf 84' lang='lat' dir='ltr'><strong>apparuisse</strong></span> <span class='ocrx_word' id='word_1_334' title='bbox 1117 2437 1378 2507; x_wconf 85' lang='lat' dir='ltr'><strong>fugienti,</strong></span> <span class='ocrx_word' id='word_1_335' title='bbox 1423 2448 1478 2494; x_wconf 89' lang='lat' dir='ltr'><strong>et</strong></span> <span class='ocrx_word' id='word_1_336' title='bbox 1518 2439 1707 2494; x_wconf 87' lang='lat' dir='ltr'><strong>Filium</strong></span> <span class='ocrx_word' id='word_1_337' title='bbox 1756 2455 1942 2496; x_wconf 87' lang='lat' dir='ltr'><strong>rever-</strong></span> 
     </span>
    </p>
   </div>
   <div class='ocr_carea' id='block_1_42' title="bbox 364 2525 1942 2596">
    <p class='ocr_par' dir='ltr' id='par_1_42' title="bbox 364 2525 1942 2596">
     <span class='ocr_line' id='line_1_42' title="bbox 364 2525 1942 2596; baseline 0.005 -19"><span class='ocrx_word' id='word_1_338' title='bbox 364 2525 532 2589; x_wconf 88' lang='lat' dir='ltr'><strong>tenti;</strong></span> <span class='ocrx_word' id='word_1_339' title='bbox 573 2536 665 2579; x_wconf 88' lang='lat' dir='ltr'><strong>aut</strong></span> <span class='ocrx_word' id='word_1_340' title='bbox 712 2526 906 2582; x_wconf 84' lang='lat' dir='ltr'><strong>Filium</strong></span> <span class='ocrx_word' id='word_1_341' title='bbox 952 2527 1195 2596; x_wconf 77' lang='lat' dir='ltr'><strong>fugienti.</strong></span> <span class='ocrx_word' id='word_1_342' title='bbox 1239 2537 1295 2583; x_wconf 89' lang='lat' dir='ltr'><strong>et</strong></span> <span class='ocrx_word' id='word_1_343' title='bbox 1335 2530 1548 2584; x_wconf 85' lang='lat' dir='ltr'><strong>Patrem</strong></span> <span class='ocrx_word' id='word_1_344' title='bbox 1594 2531 1726 2585; x_wconf 87' lang='lat' dir='ltr'><strong>nihil</strong></span> <span class='ocrx_word' id='word_1_345' title='bbox 1751 2533 1942 2585; x_wconf 73' lang='lat' dir='ltr'><strong>iminus</strong></span> 
     </span>
    </p>
   </div>
   <div class='ocr_carea' id='block_1_43' title="bbox 2121 1801 3635 1873">
    <p class='ocr_par' dir='ltr' id='par_1_43' title="bbox 2121 1801 3635 1873">
     <span class='ocr_line' id='line_1_43' title="bbox 2121 1801 3635 1873; baseline -0.001 -17"><span class='ocrx_word' id='word_1_346' title='bbox 2121 1803 2250 1857; x_wconf 91' lang='lat' dir='ltr'><strong>Item</strong></span> <span class='ocrx_word' id='word_1_347' title='bbox 2277 1803 2556 1872; x_wconf 83' lang='lat' dir='ltr'><strong>objiciunt,</strong></span> <span class='ocrx_word' id='word_1_348' title='bbox 2587 1801 2718 1872; x_wconf 87' lang='lat' dir='ltr'><strong>Ego,</strong></span> <span class='ocrx_word' id='word_1_349' title='bbox 2759 1803 2950 1872; x_wconf 90' lang='lat' dir='ltr'><strong>inquit,</strong></span> <span class='ocrx_word' id='word_1_350' title='bbox 2993 1803 3103 1856; x_wconf 85' lang='lat' dir='ltr'><strong>vivo</strong></span> <span class='ocrx_word' id='word_1_351' title='bbox 3141 1812 3353 1873; x_wconf 79' lang='lat' dir='ltr'><strong>propter</strong></span> <span class='ocrx_word' id='word_1_352' title='bbox 3384 1801 3583 1857; x_wconf 83' lang='lat' dir='ltr'><strong>Patrem</strong></span> <span class='ocrx_word' id='word_1_353' title='bbox 3611 1821 3635 1869; x_wconf 84' lang='lat'><strong><em>;</em></strong></span> 
     </span>
    </p>
   </div>
   <div class='ocr_carea' id='block_1_44' title="bbox 2051 1892 3635 1964">
    <p class='ocr_par' dir='ltr' id='par_1_44' title="bbox 2051 1892 3635 1964">
     <span class='ocr_line' id='line_1_44' title="bbox 2051 1892 3635 1964; baseline 0.001 -16"><span class='ocrx_word' id='word_1_354' title='bbox 2051 1900 2108 1948; x_wconf 90' lang='lat' dir='ltr'><strong>ut</strong></span> <span class='ocrx_word' id='word_1_355' title='bbox 2136 1893 2284 1964; x_wconf 84' lang='lat' dir='ltr'><strong>quasi</strong></span> <span class='ocrx_word' id='word_1_356' title='bbox 2312 1893 2436 1949; x_wconf 88' lang='lat' dir='ltr'><strong>hinc</strong></span> <span class='ocrx_word' id='word_1_357' title='bbox 2466 1893 2688 1949; x_wconf 82' lang='lat' dir='ltr'><strong>inferior</strong></span> <span class='ocrx_word' id='word_1_358' title='bbox 2707 1892 2972 1957; x_wconf 88' lang='lat' dir='ltr'><strong>videatur,</strong></span> <span class='ocrx_word' id='word_1_359' title='bbox 3002 1894 3142 1963; x_wconf 89' lang='lat' dir='ltr'><strong>quod</strong></span> <span class='ocrx_word' id='word_1_360' title='bbox 3173 1907 3278 1947; x_wconf 90' lang='lat' dir='ltr'><strong>non</strong></span> <span class='ocrx_word' id='word_1_361' title='bbox 3305 1905 3520 1964; x_wconf 88' lang='lat' dir='ltr'><strong>propter</strong></span> <span class='ocrx_word' id='word_1_362' title='bbox 3541 1911 3635 1950; x_wconf 89' lang='lat' dir='ltr'><strong>se-</strong></span> 
     </span>
    </p>
   </div>
   <div class='ocr_carea' id='block_1_45' title="bbox 2049 1983 3637 2056">
    <p class='ocr_par' dir='ltr' id='par_1_45' title="bbox 2049 1983 3637 2056">
     <span class='ocr_line' id='line_1_45' title="bbox 2049 1983 3637 2056; baseline 0 -16"><span class='ocrx_word' id='word_1_363' title='bbox 2049 1985 2244 2054; x_wconf 84' lang='lat' dir='ltr'><strong>ipsum,</strong></span> <span class='ocrx_word' id='word_1_364' title='bbox 2270 1985 2362 2042; x_wconf 88' lang='lat' dir='ltr'><strong>sed</strong></span> <span class='ocrx_word' id='word_1_365' title='bbox 2395 1995 2612 2056; x_wconf 82' lang='lat' dir='ltr'><strong>propter</strong></span> <span class='ocrx_word' id='word_1_366' title='bbox 2640 1985 2865 2040; x_wconf 91' lang='lat' dir='ltr'><strong>alterum</strong></span> <span class='ocrx_word' id='word_1_367' title='bbox 2896 1985 3056 2038; x_wconf 79' lang='lat' dir='ltr'><strong>\ivat.</strong></span> <span class='ocrx_word' id='word_1_368' title='bbox 3088 1983 3193 2039; x_wconf 90' lang='lat' dir='ltr'><strong>Sed</strong></span> <span class='ocrx_word' id='word_1_369' title='bbox 3217 1985 3462 2050; x_wconf 88' lang='lat' dir='ltr'><strong>superius</strong></span> <span class='ocrx_word' id='word_1_370' title='bbox 3482 1987 3637 2054; x_wconf 80' lang='lat' dir='ltr'><strong>capi-</strong></span> 
     </span>
    </p>
   </div>
   <div class='ocr_carea' id='block_1_46' title="bbox 2048 2075 3634 2150">
    <p class='ocr_par' dir='ltr' id='par_1_46' title="bbox 2048 2075 3634 2150">
     <span class='ocr_line' id='line_1_46' title="bbox 2048 2075 3634 2150; baseline 0.001 -20"><span class='ocrx_word' id='word_1_371' title='bbox 2048 2076 2217 2130; x_wconf 88' lang='lat' dir='ltr'><strong>tulum</strong></span> <span class='ocrx_word' id='word_1_372' title='bbox 2257 2078 2496 2145; x_wconf 77' lang='lat' dir='ltr'><strong>relegant</strong></span> <span class='ocrx_word' id='word_1_373' title='bbox 2526 2093 2540 2130; x_wconf 88' lang='lat'>:</span> <span class='ocrx_word' id='word_1_374' title='bbox 2574 2075 2719 2130; x_wconf 86' lang='lat' dir='ltr'><strong>Sicut</strong></span> <span class='ocrx_word' id='word_1_375' title='bbox 2751 2077 2883 2130; x_wconf 87' lang='lat' dir='ltr'><strong>misit</strong></span> <span class='ocrx_word' id='word_1_376' title='bbox 2917 2091 2996 2130; x_wconf 87' lang='lat' dir='ltr'><strong>me</strong></span> <span class='ocrx_word' id='word_1_377' title='bbox 3036 2075 3204 2129; x_wconf 78' lang='lat' dir='ltr'><strong>virens</strong></span> <span class='ocrx_word' id='word_1_378' title='bbox 3244 2075 3422 2141; x_wconf 66' lang='lat' dir='ltr'><strong>Pater,</strong></span> <span class='ocrx_word' id='word_1_379' title='bbox 3458 2087 3505 2130; x_wconf 85' lang='lat' dir='ltr'><strong>et</strong></span> <span class='ocrx_word' id='word_1_380' title='bbox 3535 2096 3634 2150; x_wconf 84' lang='lat' dir='ltr'><strong>ego</strong></span> 
     </span>
    </p>
   </div>
   <div class='ocr_carea' id='block_1_47' title="bbox 2047 2167 3634 2238">
    <p class='ocr_par' dir='ltr' id='par_1_47' title="bbox 2047 2167 3634 2238">
     <span class='ocr_line' id='line_1_47' title="bbox 2047 2167 3634 2238; baseline 0.004 -18"><span class='ocrx_word' id='word_1_381' title='bbox 2047 2168 2158 2220; x_wconf 77' lang='lat' dir='ltr'><strong>vivo</strong></span> <span class='ocrx_word' id='word_1_382' title='bbox 2185 2179 2392 2238; x_wconf 85' lang='lat' dir='ltr'><strong>propter</strong></span> <span class='ocrx_word' id='word_1_383' title='bbox 2427 2167 2629 2222; x_wconf 88' lang='lat' dir='ltr'><strong>Patrem</strong></span> <span class='ocrx_word' id='word_1_384' title='bbox 2663 2169 2856 2238; x_wconf 85' lang='lat' dir='ltr'><strong>(Joan.</strong></span> <span class='ocrx_word' id='word_1_385' title='bbox 2897 2184 2971 2234; x_wconf 81' lang='lat' dir='ltr'><strong>vr,</strong></span> <span class='ocrx_word' id='word_1_386' title='bbox 3016 2168 3141 2238; x_wconf 86' lang='lat'><strong>58).</strong></span> <span class='ocrx_word' id='word_1_387' title='bbox 3176 2169 3362 2224; x_wconf 89' lang='lat' dir='ltr'><strong>Simile</strong></span> <span class='ocrx_word' id='word_1_388' title='bbox 3390 2179 3470 2224; x_wconf 89' lang='lat' dir='ltr'><strong>est</strong></span> <span class='ocrx_word' id='word_1_389' title='bbox 3499 2171 3634 2227; x_wconf 87' lang='lat' dir='ltr'><strong>illud</strong></span> 
     </span>
    </p>
   </div>
   <div class='ocr_carea' id='block_1_48' title="bbox 2047 2257 3633 2327">
    <p class='ocr_par' dir='ltr' id='par_1_48' title="bbox 2047 2257 3633 2327">
     <span class='ocr_line' id='line_1_48' title="bbox 2047 2257 3633 2327; baseline 0.003 -14"><span class='ocrx_word' id='word_1_390' title='bbox 2047 2257 2169 2314; x_wconf 83' lang='lat' dir='ltr'><strong>huic</strong></span> <span class='ocrx_word' id='word_1_391' title='bbox 2193 2259 2333 2327; x_wconf 90' lang='lat' dir='ltr'><strong>quod</strong></span> <span class='ocrx_word' id='word_1_392' title='bbox 2356 2259 2480 2314; x_wconf 86' lang='lat' dir='ltr'><strong>alibi</strong></span> <span class='ocrx_word' id='word_1_393' title='bbox 2512 2259 2640 2314; x_wconf 86' lang='lat' dir='ltr'><strong>die&#39;t</strong></span> <span class='ocrx_word' id='word_1_394' title='bbox 2671 2279 2683 2314; x_wconf 92' lang='lat'><strong>:</strong></span> <span class='ocrx_word' id='word_1_395' title='bbox 2719 2259 2866 2316; x_wconf 86' lang='lat' dir='ltr'><strong>Sicut</strong></span> <span class='ocrx_word' id='word_1_396' title='bbox 2899 2259 3054 2314; x_wconf 81' lang='lat' dir='ltr'><strong>Pater</strong></span> <span class='ocrx_word' id='word_1_397' title='bbox 3081 2259 3231 2314; x_wconf 81' lang='lat' dir='ltr'><strong>habet</strong></span> <span class='ocrx_word' id='word_1_398' title='bbox 3258 2263 3410 2314; x_wconf 85' lang='lat' dir='ltr'><strong>vitam</strong></span> <span class='ocrx_word' id='word_1_399' title='bbox 3452 2263 3504 2315; x_wconf 84' lang='lat' dir='ltr'><strong>in</strong></span> <span class='ocrx_word' id='word_1_400' title='bbox 3545 2279 3633 2318; x_wconf 80' lang='lat' dir='ltr'><strong>se-</strong></span> 
     </span>
    </p>
   </div>
   <div class='ocr_carea' id='block_1_49' title="bbox 2044 2351 3634 2424">
    <p class='ocr_par' dir='ltr' id='par_1_49' title="bbox 2044 2351 3634 2424">
     <span class='ocr_line' id='line_1_49' title="bbox 2044 2351 3634 2424; baseline 0.004 -18"><span class='ocrx_word' id='word_1_401' title='bbox 2044 2353 2257 2420; x_wconf 82' lang='lat' dir='ltr'><strong>metipso</strong></span> <span class='ocrx_word' id='word_1_402' title='bbox 2299 2351 2477 2424; x_wconf 82' lang='lat' dir='ltr'><strong>(Joan.</strong></span> <span class='ocrx_word' id='word_1_403' title='bbox 2520 2369 2572 2421; x_wconf 89' lang='lat' dir='ltr'><strong>v,</strong></span> <span class='ocrx_word' id='word_1_404' title='bbox 2604 2352 2722 2422; x_wconf 65' lang='lat'><strong>26).</strong></span> <span class='ocrx_word' id='word_1_405' title='bbox 2754 2354 2884 2420; x_wconf 77' lang='lat' dir='ltr'><strong>Qua:</strong></span> <span class='ocrx_word' id='word_1_406' title='bbox 2923 2369 3010 2408; x_wconf 89' lang='lat' dir='ltr'><strong>res</strong></span> <span class='ocrx_word' id='word_1_407' title='bbox 3059 2369 3164 2407; x_wconf 89' lang='lat' dir='ltr'><strong>non</strong></span> <span class='ocrx_word' id='word_1_408' title='bbox 3215 2355 3634 2424; x_wconf 71' lang='lat' dir='ltr'><strong>inmqualitatem</strong></span> 
     </span>
    </p>
   </div>
   <div class='ocr_carea' id='block_1_50' title="bbox 2045 2442 3632 2518">
    <p class='ocr_par' dir='ltr' id='par_1_50' title="bbox 2045 2442 3632 2518">
     <span class='ocr_line' id='line_1_50' title="bbox 2045 2442 3632 2518; baseline 0.005 -21"><span class='ocrx_word' id='word_1_409' title='bbox 2045 2442 2264 2506; x_wconf 87' lang='lat' dir='ltr'><strong>iudicat,</strong></span> <span class='ocrx_word' id='word_1_410' title='bbox 2304 2443 2397 2498; x_wconf 90' lang='lat' dir='ltr'><strong>sed</strong></span> <span class='ocrx_word' id='word_1_411' title='bbox 2437 2448 2692 2499; x_wconf 90' lang='lat' dir='ltr'><strong>unitatem</strong></span> <span class='ocrx_word' id='word_1_412' title='bbox 2730 2445 3045 2498; x_wconf 71' lang='lat' dir='ltr'><strong>substantim</strong></span> <span class='ocrx_word' id='word_1_413' title='bbox 3089 2456 3370 2512; x_wconf 63' lang='lat' dir='ltr'><strong>monstrat,</strong></span> <span class='ocrx_word' id='word_1_414' title='bbox 3403 2457 3458 2502; x_wconf 86' lang='lat' dir='ltr'><strong>et</strong></span> <span class='ocrx_word' id='word_1_415' title='bbox 3484 2449 3632 2518; x_wconf 84' lang='lat' dir='ltr'><strong>quod</strong></span> 
     </span>
    </p>
   </div>
   <div class='ocr_carea' id='block_1_51' title="bbox 2047 2532 3290 2603">
    <p class='ocr_par' dir='ltr' id='par_1_51' title="bbox 2047 2532 3290 2603">
     <span class='ocr_line' id='line_1_51' title="bbox 2047 2532 3290 2603; baseline 0.002 -15"><span class='ocrx_word' id='word_1_416' title='bbox 2047 2532 2215 2588; x_wconf 86' lang='lat' dir='ltr'><strong>Filius</strong></span> <span class='ocrx_word' id='word_1_417' title='bbox 2247 2549 2353 2589; x_wconf 91' lang='lat' dir='ltr'><strong>non</strong></span> <span class='ocrx_word' id='word_1_418' title='bbox 2381 2549 2408 2587; x_wconf 89' lang='lat' dir='ltr'><strong>a</strong></span> <span class='ocrx_word' id='word_1_419' title='bbox 2439 2535 2636 2603; x_wconf 75' lang='lat' dir='ltr'><strong>seipse,</strong></span> <span class='ocrx_word' id='word_1_420' title='bbox 2672 2535 2764 2588; x_wconf 80' lang='lat' dir='ltr'><strong>sed</strong></span> <span class='ocrx_word' id='word_1_421' title='bbox 2787 2549 2818 2588; x_wconf 89' lang='lat' dir='ltr'><strong>a</strong></span> <span class='ocrx_word' id='word_1_422' title='bbox 2851 2535 3006 2591; x_wconf 88' lang='lat' dir='ltr'><strong>Patre</strong></span> <span class='ocrx_word' id='word_1_423' title='bbox 3025 2537 3290 2591; x_wconf 63' lang='lat' dir='ltr'><strong>subsistit.</strong></span> 
     </span>
    </p>
   </div>
   <div class='ocr_carea' id='block_1_52' title="bbox 3181 2682 3551 2692">
    <p class='ocr_par' dir='ltr' id='par_1_52' title="bbox 3181 2682 3551 2692">
     <span class='ocr_line' id='line_1_52' title="bbox 3181 2682 3551 2692; baseline 0.005 -2"><span class='ocrx_word' id='word_1_424' title='bbox 3181 2682 3551 2692; x_wconf 55' lang='grc'><strong>*-</strong></span> 
     </span>
    </p>
   </div>
   <div class='ocr_carea' id='block_1_53' title="bbox 1497 2755 2530 2872">
    <p class='ocr_par' dir='ltr' id='par_1_53' title="bbox 1497 2755 2530 2872">
     <span class='ocr_line' id='line_1_53' title="bbox 1497 2755 2530 2872; baseline 0.008 -8"><span class='ocrx_word' id='word_1_425' title='bbox 1497 2755 2470 2872; x_wconf 76' lang='lat' dir='ltr'><strong>APPENDIX</strong></span> <span class='ocrx_word' id='word_1_426' title='bbox 2505 2775 2530 2796; x_wconf 74' lang='lat'><strong>’</strong></span> 
     </span>
    </p>
   </div>
   <div class='ocr_carea' id='block_1_54' title="bbox 953 2947 3036 3065">
    <p class='ocr_par' dir='ltr' id='par_1_54' title="bbox 953 2947 3036 3065">
     <span class='ocr_line' id='line_1_54' title="bbox 953 2947 3036 3065; baseline 0.001 -5"><span class='ocrx_word' id='word_1_427' title='bbox 953 2947 1141 3060; x_wconf 91' lang='lat' dir='ltr'><strong>AD</strong></span> <span class='ocrx_word' id='word_1_428' title='bbox 1191 2947 1642 3062; x_wconf 83' lang='lat' dir='ltr'><strong>OPERA</strong></span> <span class='ocrx_word' id='word_1_429' title='bbox 1694 2947 2200 3065; x_wconf 87' lang='lat' dir='ltr'><strong>VlGlLIl</strong></span> <span class='ocrx_word' id='word_1_430' title='bbox 2279 2947 3036 3063; x_wconf 86' lang='lat' dir='ltr'><strong>TAPSENSIS</strong></span> 
     </span>
    </p>
   </div>
   <div class='ocr_carea' id='block_1_55' title="bbox 1521 3121 2476 3168">
    <p class='ocr_par' dir='ltr' id='par_1_55' title="bbox 1521 3121 2476 3168">
     <span class='ocr_line' id='line_1_55' title="bbox 1521 3121 2476 3168; baseline 0 -1"><span class='ocrx_word' id='word_1_431' title='bbox 1521 3121 1968 3167; x_wconf 72' lang='lat' dir='ltr'><strong>COMPLECTBNS</strong></span> <span class='ocrx_word' id='word_1_432' title='bbox 1999 3122 2132 3166; x_wconf 85' lang='lat' dir='ltr'><strong>DUO</strong></span> <span class='ocrx_word' id='word_1_433' title='bbox 2156 3122 2476 3168; x_wconf 72' lang='lat' dir='ltr'><strong>OPUSCULA</strong></span> 
     </span>
    </p>
   </div>
   <div class='ocr_carea' id='block_1_56' title="bbox 1109 3236 2850 3318">
    <p class='ocr_par' dir='ltr' id='par_1_56' title="bbox 1109 3236 2850 3318">
     <span class='ocr_line' id='line_1_56' title="bbox 1109 3236 2850 3318; baseline 0 -4"><span class='ocrx_word' id='word_1_434' title='bbox 1109 3239 1169 3314; x_wconf 85' lang='lat' dir='ltr'><strong>A</strong></span> <span class='ocrx_word' id='word_1_435' title='bbox 1224 3238 1550 3317; x_wconf 84' lang='lat' dir='ltr'><strong>PETRO</strong></span> <span class='ocrx_word' id='word_1_436' title='bbox 1613 3236 2223 3318; x_wconf 87' lang='lat' dir='ltr'><strong>CHIFFLETIO</strong></span> <span class='ocrx_word' id='word_1_437' title='bbox 2288 3237 2850 3317; x_wconf 79' lang='lat' dir='ltr'><strong>ADOBNATA.</strong></span> 
     </span>
    </p>
   </div>
   <div class='ocr_carea' id='block_1_57' title="bbox 1413 3455 2536 3534">
    <p class='ocr_par' dir='ltr' id='par_1_57' title="bbox 1413 3455 2536 3534">
     <span class='ocr_line' id='line_1_57' title="bbox 1413 3455 2536 3534; baseline 0.004 -8"><span class='ocrx_word' id='word_1_438' title='bbox 1413 3455 2044 3534; x_wconf 87' lang='lat' dir='ltr'><strong>OPUSCULUM</strong></span> <span class='ocrx_word' id='word_1_439' title='bbox 2095 3458 2536 3534; x_wconf 79' lang='lat' dir='ltr'><strong>PRIMUM</strong></span> 
     </span>
    </p>
   </div>
   <div class='ocr_carea' id='block_1_58' title="bbox 1939 3585 2046 3622">
    <p class='ocr_par' dir='ltr' id='par_1_58' title="bbox 1939 3585 2046 3622">
     <span class='ocr_line' id='line_1_58' title="bbox 1939 3585 2046 3622; baseline 0.009 -1"><span class='ocrx_word' id='word_1_440' title='bbox 1939 3585 2046 3622; x_wconf 68' lang='grc' dir='ltr'><strong>ειη</strong></span> 
     </span>
    </p>
   </div>
   <div class='ocr_carea' id='block_1_59' title="bbox 840 3616 3126 3750">
    <p class='ocr_par' dir='ltr' id='par_1_59' title="bbox 840 3616 3126 3750">
     <span class='ocr_line' id='line_1_59' title="bbox 840 3616 3126 3750; baseline 0.003 -16"><span class='ocrx_word' id='word_1_441' title='bbox 840 3653 1252 3740; x_wconf 83' lang='lat' dir='ltr'><strong>VIGILII</strong></span> <span class='ocrx_word' id='word_1_442' title='bbox 1306 3660 1914 3749; x_wconf 86' lang='lat' dir='ltr'><strong>TAPSENSIS</strong></span> <span class='ocrx_word' id='word_1_443' title='bbox 1940 3616 2476 3750; x_wconf 61' lang='lat' dir='ltr'><strong>BPERUM</strong></span> <span class='ocrx_word' id='word_1_444' title='bbox 2516 3616 3126 3750; x_wconf 67' lang='lat' dir='ltr'><strong>VINDICUE.</strong></span> 
     </span>
    </p>
   </div>
   <div class='ocr_carea' id='block_1_60' title="bbox 1519 3913 2464 4004">
    <p class='ocr_par' dir='ltr' id='par_1_60' title="bbox 1519 3913 2464 4004">
     <span class='ocr_line' id='line_1_60' title="bbox 1519 3913 2464 4004; baseline 0.003 -31"><span class='ocrx_word' id='word_1_445' title='bbox 1519 3913 1942 4004; x_wconf 68' lang='lat' dir='ltr'><strong>PBEFATIO</strong></span> <span class='ocrx_word' id='word_1_446' title='bbox 1984 3914 2464 3979; x_wconf 83' lang='lat' dir='ltr'><strong>CHIFFLETH.</strong></span> 
     </span>
    </p>
   </div>
   <div class='ocr_carea' id='block_1_61' title="bbox 422 4031 3626 4116">
    <p class='ocr_par' dir='ltr' id='par_1_61' title="bbox 422 4031 3626 4116">
     <span class='ocr_line' id='line_1_61' title="bbox 422 4031 3626 4116; baseline 0.007 -34"><span class='ocrx_word' id='word_1_447' title='bbox 422 4031 530 4102; x_wconf 69' lang='lat'><strong>2.5</strong></span> <span class='ocrx_word' id='word_1_448' title='bbox 569 4031 1230 4116; x_wconf 46' lang='lat' dir='ltr'><strong>{llos-&#39;rturisum._eornieula</strong></span> <span class='ocrx_word' id='word_1_449' title='bbox 1262 4033 1398 4099; x_wconf 87' lang='lat' dir='ltr'><strong>apud</strong></span> <span class='ocrx_word' id='word_1_450' title='bbox 1424 4045 1680 4116; x_wconf 40' lang='lat' dir='ltr'><strong>&#39;poetam&#39;.</strong></span> <span class='ocrx_word' id='word_1_451' title='bbox 1729 4035 1931 4102; x_wconf 77' lang='lat' dir='ltr'><strong>furtivis</strong></span> <span class='ocrx_word' id='word_1_452' title='bbox 1957 4039 2002 4098; x_wconf 65' lang='grc' dir='ltr'><strong>(ζ</strong></span> <span class='ocrx_word' id='word_1_453' title='bbox 2036 4051 2152 4116; x_wconf 80' lang='lat' dir='ltr'><strong>rum</strong></span> <span class='ocrx_word' id='word_1_454' title='bbox 2171 4040 2558 4116; x_wconf 73' lang='lat' dir='ltr'><strong>consuetudine</strong></span> <span class='ocrx_word' id='word_1_455' title='bbox 2575 4043 3015 4110; x_wconf 71' lang='lat' dir='ltr'><strong>coniunctissimo</strong></span> <span class='ocrx_word' id='word_1_456' title='bbox 3029 4049 3314 4102; x_wconf 65' lang='lat' dir='ltr'><strong>consiliim</strong></span> <span class='ocrx_word' id='word_1_457' title='bbox 3332 4066 3528 4116; x_wconf 88' lang='lat' dir='ltr'><strong>meum,</strong></span> <span class='ocrx_word' id='word_1_458' title='bbox 3553 4055 3626 4111; x_wconf 80' lang='lat' dir='ltr'><strong>de</strong></span> 
     </span>
    </p>
   </div>
   <div class='ocr_carea' id='block_1_62' title="bbox 350 4102 1926 4159">
    <p class='ocr_par' dir='ltr' id='par_1_62' title="bbox 350 4102 1926 4159">
     <span class='ocr_line' id='line_1_62' title="bbox 350 4102 1926 4159; baseline 0.004 -7"><span class='ocrx_word' id='word_1_459' title='bbox 350 4105 546 4154; x_wconf 79' lang='lat' dir='ltr'><strong>nudata</strong></span> <span class='ocrx_word' id='word_1_460' title='bbox 592 4102 864 4154; x_wconf 86' lang='lat' dir='ltr'><strong>coloribus.</strong></span> <span class='ocrx_word' id='word_1_461' title='bbox 923 4103 1090 4156; x_wconf 82' lang='lat' dir='ltr'><strong>liabet</strong></span> <span class='ocrx_word' id='word_1_462' title='bbox 1135 4120 1166 4157; x_wconf 88' lang='lat' dir='ltr'><strong>e</strong></span> <span class='ocrx_word' id='word_1_463' title='bbox 1203 4104 1474 4158; x_wconf 83' lang='lat' dir='ltr'><strong>contrario</strong></span> <span class='ocrx_word' id='word_1_464' title='bbox 1520 4104 1926 4159; x_wconf 79' lang='lat' dir='ltr'><strong>admirationem</strong></span> 
     </span>
    </p>
   </div>
   <div class='ocr_carea' id='block_1_63' title="bbox 349 4171 1927 4243">
    <p class='ocr_par' dir='ltr' id='par_1_63' title="bbox 349 4171 1927 4243">
     <span class='ocr_line' id='line_1_63' title="bbox 349 4171 1927 4243; baseline 0.003 -18"><span class='ocrx_word' id='word_1_465' title='bbox 349 4171 574 4243; x_wconf 70' lang='lat' dir='ltr'><strong>Vigilius</strong></span> <span class='ocrx_word' id='word_1_466' title='bbox 613 4172 895 4239; x_wconf 78' lang='lat' dir='ltr'><strong>epierpus</strong></span> <span class='ocrx_word' id='word_1_467' title='bbox 938 4173 1194 4228; x_wconf 88' lang='lat' dir='ltr'><strong>hactenus</strong></span> <span class='ocrx_word' id='word_1_468' title='bbox 1239 4175 1392 4242; x_wconf 76' lang='lat' dir='ltr'><strong>vulgo</strong></span> <span class='ocrx_word' id='word_1_469' title='bbox 1433 4175 1678 4243; x_wconf 79' lang='lat' dir='ltr'><strong>ignouts,</strong></span> <span class='ocrx_word' id='word_1_470' title='bbox 1710 4175 1927 4243; x_wconf 82' lang='lat' dir='ltr'><strong>suisque</strong></span> 
     </span>
    </p>
   </div>
   <div class='ocr_carea' id='block_1_64' title="bbox 350 4242 1924 4313">
    <p class='ocr_par' dir='ltr' id='par_1_64' title="bbox 350 4242 1924 4313">
     <span class='ocr_line' id='line_1_64' title="bbox 350 4242 1924 4313; baseline 0.004 -21"><span class='ocrx_word' id='word_1_471' title='bbox 350 4242 595 4313; x_wconf 75' lang='lat' dir='ltr'><strong>omnilius</strong></span> <span class='ocrx_word' id='word_1_472' title='bbox 637 4243 864 4296; x_wconf 86' lang='lat' dir='ltr'><strong>nudatus</strong></span> <span class='ocrx_word' id='word_1_473' title='bbox 911 4243 1065 4296; x_wconf 81' lang='lat' dir='ltr'><strong>bonis</strong></span> <span class='ocrx_word' id='word_1_474' title='bbox 1107 4253 1267 4313; x_wconf 90' lang='lat' dir='ltr'><strong>atque</strong></span> <span class='ocrx_word' id='word_1_475' title='bbox 1303 4242 1632 4298; x_wconf 85' lang='lat' dir='ltr'><strong>ornamentis</strong></span> <span class='ocrx_word' id='word_1_476' title='bbox 1657 4287 1672 4311; x_wconf 94' lang='lat'><strong>,</strong></span> <span class='ocrx_word' id='word_1_477' title='bbox 1701 4242 1924 4299; x_wconf 77' lang='lat' dir='ltr'><strong>nuncin</strong></span> 
     </span>
    </p>
   </div>
   <div class='ocr_carea' id='block_1_65' title="bbox 351 4311 1926 4382">
    <p class='ocr_par' dir='ltr' id='par_1_65' title="bbox 351 4311 1926 4382">
     <span class='ocr_line' id='line_1_65' title="bbox 351 4311 1926 4382; baseline 0.004 -20"><span class='ocrx_word' id='word_1_478' title='bbox 351 4311 529 4366; x_wconf 84' lang='lat' dir='ltr'><strong>sedem</strong></span> <span class='ocrx_word' id='word_1_479' title='bbox 559 4324 728 4382; x_wconf 83' lang='lat' dir='ltr'><strong>suam.</strong></span> <span class='ocrx_word' id='word_1_480' title='bbox 761 4322 812 4366; x_wconf 89' lang='lat' dir='ltr'><strong>et</strong></span> <span class='ocrx_word' id='word_1_481' title='bbox 845 4313 894 4365; x_wconf 92' lang='lat' dir='ltr'><strong>in</strong></span> <span class='ocrx_word' id='word_1_482' title='bbox 927 4311 1327 4382; x_wconf 57' lang='lat' dir='ltr'><strong>proprias&#39;opes</strong></span> <span class='ocrx_word' id='word_1_483' title='bbox 1357 4315 1681 4382; x_wconf 82' lang='lat' dir='ltr'><strong>postliminio</strong></span> <span class='ocrx_word' id='word_1_484' title='bbox 1709 4319 1926 4368; x_wconf 85' lang='lat' dir='ltr'><strong>restitu-</strong></span> 
     </span>
    </p>
   </div>
   <div class='ocr_carea' id='block_1_66' title="bbox 353 4381 1925 4450">
    <p class='ocr_par' dir='ltr' id='par_1_66' title="bbox 353 4381 1925 4450">
     <span class='ocr_line' id='line_1_66' title="bbox 353 4381 1925 4450; baseline 0.003 -18"><span class='ocrx_word' id='word_1_485' title='bbox 353 4393 456 4443; x_wconf 89' lang='lat' dir='ltr'><strong>tus,</strong></span> <span class='ocrx_word' id='word_1_486' title='bbox 483 4397 620 4450; x_wconf 85' lang='lat' dir='ltr'><strong>quas</strong></span> <span class='ocrx_word' id='word_1_487' title='bbox 651 4381 724 4434; x_wconf 91' lang='lat' dir='ltr'><strong>illi</strong></span> <span class='ocrx_word' id='word_1_488' title='bbox 751 4396 847 4435; x_wconf 90' lang='lat' dir='ltr'><strong>nos</strong></span> <span class='ocrx_word' id='word_1_489' title='bbox 871 4383 1008 4437; x_wconf 87' lang='lat' dir='ltr'><strong>haud</strong></span> <span class='ocrx_word' id='word_1_490' title='bbox 1029 4381 1270 4437; x_wconf 82' lang='lat' dir='ltr'><strong>inanibus</strong></span> <span class='ocrx_word' id='word_1_491' title='bbox 1298 4381 1622 4450; x_wconf 78' lang='lat' dir='ltr'><strong>argumentis</strong></span> <span class='ocrx_word' id='word_1_492' title='bbox 1652 4385 1925 4439; x_wconf 88' lang='lat' dir='ltr'><strong>evindica-</strong></span> 
     </span>
    </p>
   </div>
   <div class='ocr_carea' id='block_1_67' title="bbox 346 4451 1924 4522">
    <p class='ocr_par' dir='ltr' id='par_1_67' title="bbox 346 4451 1924 4522">
     <span class='ocr_line' id='line_1_67' title="bbox 346 4451 1924 4522; baseline 0.004 -20"><span class='ocrx_word' id='word_1_493' title='bbox 346 4453 540 4507; x_wconf 73' lang='lat' dir='ltr'><strong>viutus.</strong></span> <span class='ocrx_word' id='word_1_494' title='bbox 574 4451 811 4522; x_wconf 82' lang='lat' dir='ltr'><strong>Habebat</strong></span> <span class='ocrx_word' id='word_1_495' title='bbox 833 4453 933 4522; x_wconf 80' lang='lat' dir='ltr'><strong>sub</strong></span> <span class='ocrx_word' id='word_1_496' title='bbox 952 4456 1096 4517; x_wconf 87' lang='lat' dir='ltr'><strong>prelo</strong></span> <span class='ocrx_word' id='word_1_497' title='bbox 1126 4463 1247 4507; x_wconf 91' lang='lat' dir='ltr'><strong>ante</strong></span> <span class='ocrx_word' id='word_1_498' title='bbox 1271 4456 1470 4522; x_wconf 85' lang='lat' dir='ltr'><strong>aliquot</strong></span> <span class='ocrx_word' id='word_1_499' title='bbox 1490 4470 1658 4507; x_wconf 91' lang='lat' dir='ltr'><strong>annos</strong></span> <span class='ocrx_word' id='word_1_500' title='bbox 1685 4453 1924 4509; x_wconf 83' lang='lat' dir='ltr'><strong>Sirinon-</strong></span> 
     </span>
    </p>
   </div>
   <div class='ocr_carea' id='block_1_68' title="bbox 346 4521 1918 4592">
    <p class='ocr_par' dir='ltr' id='par_1_68' title="bbox 346 4521 1918 4592">
     <span class='ocr_line' id='line_1_68' title="bbox 346 4521 1918 4592; baseline 0.004 -21"><span class='ocrx_word' id='word_1_501' title='bbox 346 4523 445 4592; x_wconf 80' lang='lat' dir='ltr'><strong>dus</strong></span> <span class='ocrx_word' id='word_1_502' title='bbox 477 4532 661 4592; x_wconf 58' lang='lat' dir='ltr'><strong>noster</strong></span> <span class='ocrx_word' id='word_1_503' title='bbox 688 4521 1042 4576; x_wconf 81' lang='lat' dir='ltr'><strong>Tlieodulfum</strong></span> <span class='ocrx_word' id='word_1_504' title='bbox 1062 4521 1688 4592; x_wconf 80' lang='lat' dir='ltr'><strong>Aurelianeusem,cujus</strong></span> <span class='ocrx_word' id='word_1_505' title='bbox 1717 4526 1766 4578; x_wconf 90' lang='lat' dir='ltr'><strong>in</strong></span> <span class='ocrx_word' id='word_1_506' title='bbox 1792 4526 1918 4578; x_wconf 86' lang='lat' dir='ltr'><strong>Col-</strong></span> 
     </span>
    </p>
   </div>
   <div class='ocr_carea' id='block_1_69' title="bbox 346 4590 1922 4661">
    <p class='ocr_par' dir='ltr' id='par_1_69' title="bbox 346 4590 1922 4661">
     <span class='ocr_line' id='line_1_69' title="bbox 346 4590 1922 4661; baseline 0.003 -18"><span class='ocrx_word' id='word_1_507' title='bbox 346 4590 600 4643; x_wconf 87' lang='lat' dir='ltr'><strong>lectaneis</strong></span> <span class='ocrx_word' id='word_1_508' title='bbox 626 4591 868 4658; x_wconf 76' lang='lat' dir='ltr'><strong>Vigilium</strong></span> <span class='ocrx_word' id='word_1_509' title='bbox 895 4593 1206 4660; x_wconf 87' lang='lat' dir='ltr'><strong>inscriptum</strong></span> <span class='ocrx_word' id='word_1_510' title='bbox 1233 4594 1437 4647; x_wconf 79' lang='lat' dir='ltr'><strong>videbat</strong></span> <span class='ocrx_word' id='word_1_511' title='bbox 1459 4590 1753 4661; x_wconf 75' lang='lat' dir='ltr'><strong>episcopum</strong></span> <span class='ocrx_word' id='word_1_512' title='bbox 1782 4595 1922 4661; x_wconf 79' lang='lat' dir='ltr'><strong>Afri-</strong></span> 
     </span>
    </p>
   </div>
   <div class='ocr_carea' id='block_1_70' title="bbox 345 4661 1919 4730">
    <p class='ocr_par' dir='ltr' id='par_1_70' title="bbox 345 4661 1919 4730">
     <span class='ocr_line' id='line_1_70' title="bbox 345 4661 1919 4730; baseline 0.005 -19"><span class='ocrx_word' id='word_1_513' title='bbox 345 4676 527 4711; x_wconf 78' lang='lat' dir='ltr'><strong>canum</strong></span> <span class='ocrx_word' id='word_1_514' title='bbox 553 4673 572 4722; x_wconf 83' lang='lat'><strong>,°</strong></span> <span class='ocrx_word' id='word_1_515' title='bbox 601 4661 708 4730; x_wconf 85' lang='lat' dir='ltr'><strong>sed</strong></span> <span class='ocrx_word' id='word_1_516' title='bbox 740 4661 920 4715; x_wconf 89' lang='lat' dir='ltr'><strong>sedem</strong></span> <span class='ocrx_word' id='word_1_517' title='bbox 953 4678 1058 4716; x_wconf 88' lang='lat' dir='ltr'><strong>non</strong></span> <span class='ocrx_word' id='word_1_518' title='bbox 1090 4672 1328 4716; x_wconf 81' lang='lat' dir='ltr'><strong>noverat.</strong></span> <span class='ocrx_word' id='word_1_519' title='bbox 1380 4665 1487 4730; x_wconf 81' lang='lat' dir='ltr'><strong>Ego</strong></span> <span class='ocrx_word' id='word_1_520' title='bbox 1537 4663 1608 4717; x_wconf 86' lang='lat' dir='ltr'><strong>illi</strong></span> <span class='ocrx_word' id='word_1_521' title='bbox 1638 4664 1919 4720; x_wconf 84' lang='lat' dir='ltr'><strong>Jurensem</strong></span> 
     </span>
    </p>
   </div>
   <div class='ocr_carea' id='block_1_71' title="bbox 343 4729 1919 4801">
    <p class='ocr_par' dir='ltr' id='par_1_71' title="bbox 343 4729 1919 4801">
     <span class='ocr_line' id='line_1_71' title="bbox 343 4729 1919 4801; baseline 0.006 -20"><span class='ocrx_word' id='word_1_522' title='bbox 343 4729 844 4801; x_wconf 19' lang='lat' dir='ltr'><strong>emtieemhexhihui</strong></span> <span class='ocrx_word' id='word_1_523' title='bbox 871 4772 884 4794; x_wconf 92' lang='lat'><strong>,</strong></span> <span class='ocrx_word' id='word_1_524' title='bbox 927 4733 1140 4798; x_wconf 76' lang='lat' dir='ltr'><strong>optima:</strong></span> <span class='ocrx_word' id='word_1_525' title='bbox 1181 4742 1320 4786; x_wconf 70' lang='lat' dir='ltr'><strong>nota:</strong></span> <span class='ocrx_word' id='word_1_526' title='bbox 1360 4729 1836 4801; x_wconf 30' lang='lat' dir='ltr'><strong>ae’pcrvetustum,</strong></span> <span class='ocrx_word' id='word_1_527' title='bbox 1863 4737 1919 4790; x_wconf 86' lang='lat' dir='ltr'><strong>in</strong></span> 
     </span>
    </p>
   </div>
   <div class='ocr_carea' id='block_1_72' title="bbox 343 4798 1914 4871">
    <p class='ocr_par' dir='ltr' id='par_1_72' title="bbox 343 4798 1914 4871">
     <span class='ocr_line' id='line_1_72' title="bbox 343 4798 1914 4871; baseline 0.006 -22"><span class='ocrx_word' id='word_1_528' title='bbox 343 4814 448 4866; x_wconf 89' lang='lat' dir='ltr'><strong>quo</strong></span> <span class='ocrx_word' id='word_1_529' title='bbox 480 4798 652 4871; x_wconf 56' lang='grc' dir='ltr'>ἵξδὶΙῆ</span> <span class='ocrx_word' id='word_1_530' title='bbox 672 4800 929 4871; x_wconf 66' lang='lat' dir='ltr'><strong>adversus</strong></span> <span class='ocrx_word' id='word_1_531' title='bbox 954 4804 1244 4871; x_wconf 80' lang='lat' dir='ltr'><strong>Eutychem</strong></span> <span class='ocrx_word' id='word_1_532' title='bbox 1269 4819 1295 4854; x_wconf 84' lang='lat' dir='ltr'><strong>a</strong></span> <span class='ocrx_word' id='word_1_533' title='bbox 1320 4798 1617 4856; x_wconf 82' lang='lat' dir='ltr'><strong>Theodulfo</strong></span> <span class='ocrx_word' id='word_1_534' title='bbox 1646 4798 1914 4858; x_wconf 78' lang='lat' dir='ltr'><strong>laudattnu</strong></span> 
     </span>
    </p>
   </div>
   <div class='ocr_carea' id='block_1_73' title="bbox 341 4868 1919 4942">
    <p class='ocr_par' dir='ltr' id='par_1_73' title="bbox 341 4868 1919 4942">
     <span class='ocr_line' id='line_1_73' title="bbox 341 4868 1919 4942; baseline 0.004 -23"><span class='ocrx_word' id='word_1_535' title='bbox 341 4883 497 4942; x_wconf 80' lang='lat' dir='ltr'><strong>opus</strong></span> <span class='ocrx_word' id='word_1_536' title='bbox 520 4868 707 4938; x_wconf 79' lang='lat' dir='ltr'><strong>l’igi/io</strong></span> <span class='ocrx_word' id='word_1_537' title='bbox 749 4868 994 4942; x_wconf 70' lang='lat' dir='ltr'><strong>Tapsi‘nsi</strong></span> <span class='ocrx_word' id='word_1_538' title='bbox 1021 4868 1252 4942; x_wconf 61' lang='lat' dir='ltr'><strong>episcolio</strong></span> <span class='ocrx_word' id='word_1_539' title='bbox 1283 4873 1640 4928; x_wconf 78' lang='lat' dir='ltr'><strong>asserebatur.</strong></span> <span class='ocrx_word' id='word_1_540' title='bbox 1676 4874 1786 4927; x_wconf 81' lang='lat' dir='ltr'><strong>Non</strong></span> <span class='ocrx_word' id='word_1_541' title='bbox 1816 4874 1919 4927; x_wconf 89' lang='lat' dir='ltr'><strong>du-</strong></span> 
     </span>
    </p>
   </div>
   <div class='ocr_carea' id='block_1_74' title="bbox 342 4939 1921 5006">
    <p class='ocr_par' dir='ltr' id='par_1_74' title="bbox 342 4939 1921 5006">
     <span class='ocr_line' id='line_1_74' title="bbox 342 4939 1921 5006; baseline 0.007 -18"><span class='ocrx_word' id='word_1_542' title='bbox 342 4940 526 4990; x_wconf 84' lang='lat' dir='ltr'><strong>bitavit</strong></span> <span class='ocrx_word' id='word_1_543' title='bbox 556 4954 640 4990; x_wconf 78' lang='lat' dir='ltr'><strong>Vir</strong></span> <span class='ocrx_word' id='word_1_544' title='bbox 667 4939 1197 5006; x_wconf 70' lang='lat' dir='ltr'><strong>perspii-acissituus,</strong></span> <span class='ocrx_word' id='word_1_545' title='bbox 1221 4943 1320 4998; x_wconf 91' lang='lat' dir='ltr'><strong>hoc</strong></span> <span class='ocrx_word' id='word_1_546' title='bbox 1353 4953 1457 4996; x_wconf 87' lang='lat' dir='ltr'><strong>tam</strong></span> <span class='ocrx_word' id='word_1_547' title='bbox 1489 4943 1681 4996; x_wconf 76' lang='lat' dir='ltr'><strong>illtt~tri</strong></span> <span class='ocrx_word' id='word_1_548' title='bbox 1712 4947 1921 5000; x_wconf 89' lang='lat' dir='ltr'><strong>evictus</strong></span> 
     </span>
    </p>
   </div>
   <div class='ocr_carea' id='block_1_75' title="bbox 339 5009 1916 5084">
    <p class='ocr_par' dir='ltr' id='par_1_75' title="bbox 339 5009 1916 5084">
     <span class='ocr_line' id='line_1_75' title="bbox 339 5009 1916 5084; baseline 0.006 -24"><span class='ocrx_word' id='word_1_549' title='bbox 339 5009 671 5084; x_wconf 76' lang='lat' dir='ltr'><strong>antiquitatis</strong></span> <span class='ocrx_word' id='word_1_550' title='bbox 685 5022 1053 5084; x_wconf 78' lang='lat' dir='ltr'><strong>monumento,</strong></span> <span class='ocrx_word' id='word_1_551' title='bbox 1069 5013 1194 5080; x_wconf 91' lang='lat' dir='ltr'><strong>quin</strong></span> <span class='ocrx_word' id='word_1_552' title='bbox 1212 5013 1400 5067; x_wconf 89' lang='lat' dir='ltr'><strong>horum</strong></span> <span class='ocrx_word' id='word_1_553' title='bbox 1419 5027 1602 5068; x_wconf 88' lang='lat' dir='ltr'><strong>contra</strong></span> <span class='ocrx_word' id='word_1_554' title='bbox 1621 5015 1916 5084; x_wconf 81' lang='lat' dir='ltr'><strong>Eutycltem</strong></span> 
     </span>
    </p>
   </div>
   <div class='ocr_carea' id='block_1_76' title="bbox 339 5079 1916 5153">
    <p class='ocr_par' dir='ltr' id='par_1_76' title="bbox 339 5079 1916 5153">
     <span class='ocr_line' id='line_1_76' title="bbox 339 5079 1916 5153; baseline 0.006 -22"><span class='ocrx_word' id='word_1_555' title='bbox 339 5079 596 5153; x_wconf 75' lang='lat' dir='ltr'><strong>librorum</strong></span> <span class='ocrx_word' id='word_1_556' title='bbox 647 5079 856 5153; x_wconf 82' lang='lat' dir='ltr'><strong>auctori</strong></span> <span class='ocrx_word' id='word_1_557' title='bbox 895 5081 1051 5153; x_wconf 82' lang='lat' dir='ltr'><strong>sedes</strong></span> <span class='ocrx_word' id='word_1_558' title='bbox 1089 5079 1288 5136; x_wconf 72' lang='lat' dir='ltr'><strong>fuisset</strong></span> <span class='ocrx_word' id='word_1_559' title='bbox 1332 5084 1564 5151; x_wconf 87' lang='lat' dir='ltr'><strong>&#39;l&#39;apsus,</strong></span> <span class='ocrx_word' id='word_1_560' title='bbox 1610 5079 1916 5153; x_wconf 76' lang='lat' dir='ltr'><strong>episcopale</strong></span> 
     </span>
    </p>
   </div>
   <div class='ocr_carea' id='block_1_77' title="bbox 337 5149 1913 5224">
    <p class='ocr_par' dir='ltr' id='par_1_77' title="bbox 337 5149 1913 5224">
     <span class='ocr_line' id='line_1_77' title="bbox 337 5149 1913 5224; baseline 0.007 -25"><span class='ocrx_word' id='word_1_561' title='bbox 337 5149 908 5224; x_wconf 41' lang='lat' dir='ltr'><strong>ulpici-iturproviucite</strong></span> <span class='ocrx_word' id='word_1_562' title='bbox 943 5150 1261 5224; x_wconf 74' lang='lat' dir='ltr'><strong>Byzacetne;</strong></span> <span class='ocrx_word' id='word_1_563' title='bbox 1304 5149 1551 5223; x_wconf 77' lang='lat' dir='ltr'><strong>essetque</strong></span> <span class='ocrx_word' id='word_1_564' title='bbox 1580 5149 1668 5208; x_wconf 82' lang='lat' dir='ltr'><strong>ille</strong></span> <span class='ocrx_word' id='word_1_565' title='bbox 1693 5149 1913 5224; x_wconf 78' lang='lat' dir='ltr'><strong>ipsemet</strong></span> 
     </span>
    </p>
   </div>
   <div class='ocr_carea' id='block_1_78' title="bbox 2035 4107 3624 4190">
    <p class='ocr_par' dir='ltr' id='par_1_78' title="bbox 2035 4107 3624 4190">
     <span class='ocr_line' id='line_1_78' title="bbox 2035 4107 3624 4190; baseline 0.014 -33"><span class='ocrx_word' id='word_1_566' title='bbox 2035 4107 2314 4190; x_wconf 71' lang='lat' dir='ltr'><strong>scriptoris</strong></span> <span class='ocrx_word' id='word_1_567' title='bbox 2344 4107 2850 4190; x_wconf 73' lang='lat' dir='ltr'><strong>hujusdiseriissimi</strong></span> <span class='ocrx_word' id='word_1_568' title='bbox 2879 4119 3129 4190; x_wconf 84' lang='lat' dir='ltr'><strong>operibus</strong></span> <span class='ocrx_word' id='word_1_569' title='bbox 3156 4121 3488 4190; x_wconf 79' lang='lat' dir='ltr'><strong>colligendis,</strong></span> <span class='ocrx_word' id='word_1_570' title='bbox 3515 4107 3624 4179; x_wconf 59' lang='lat' dir='ltr'><strong>vin:</strong></span> 
     </span>
    </p>
   </div>
   <div class='ocr_carea' id='block_1_79' title="bbox 2030 4175 3620 4261">
    <p class='ocr_par' dir='ltr' id='par_1_79' title="bbox 2030 4175 3620 4261">
     <span class='ocr_line' id='line_1_79' title="bbox 2030 4175 3620 4261; baseline 0.013 -34"><span class='ocrx_word' id='word_1_571' title='bbox 2030 4175 2292 4256; x_wconf 64' lang='lat' dir='ltr'><strong>dicundis.</strong></span> <span class='ocrx_word' id='word_1_572' title='bbox 2327 4175 2692 4261; x_wconf 71' lang='lat' dir='ltr'><strong>recensendis,</strong></span> <span class='ocrx_word' id='word_1_573' title='bbox 2724 4175 3319 4261; x_wconf 61' lang='lat' dir='ltr'><strong>ae_publ_ietidoitanili§.</strong></span> <span class='ocrx_word' id='word_1_574' title='bbox 3349 4175 3497 4257; x_wconf 81' lang='lat' dir='ltr'><strong>Quod</strong></span> <span class='ocrx_word' id='word_1_575' title='bbox 3516 4175 3620 4261; x_wconf 74' lang='lat' dir='ltr'><strong>qua</strong></span> 
     </span>
    </p>
   </div>
   <div class='ocr_carea' id='block_1_80' title="bbox 2030 4248 3614 4329">
    <p class='ocr_par' dir='ltr' id='par_1_80' title="bbox 2030 4248 3614 4329">
     <span class='ocr_line' id='line_1_80' title="bbox 2030 4248 3614 4329; baseline 0.011 -31"><span class='ocrx_word' id='word_1_576' title='bbox 2030 4248 2236 4329; x_wconf 77' lang='lat' dir='ltr'><strong>ratione</strong></span> <span class='ocrx_word' id='word_1_577' title='bbox 2268 4251 2560 4314; x_wconf 56' lang='lat' dir='ltr'><strong>prostituta</strong></span> <span class='ocrx_word' id='word_1_578' title='bbox 2592 4267 2620 4304; x_wconf 88' lang='lat' dir='ltr'><strong>a</strong></span> <span class='ocrx_word' id='word_1_579' title='bbox 2644 4269 2730 4308; x_wconf 90' lang='lat' dir='ltr'><strong>me</strong></span> <span class='ocrx_word' id='word_1_580' title='bbox 2752 4248 2841 4321; x_wconf 79' lang='lat' dir='ltr'><strong>sii,</strong></span> <span class='ocrx_word' id='word_1_581' title='bbox 2873 4259 2942 4310; x_wconf 92' lang='lat' dir='ltr'><strong>mi</strong></span> <span class='ocrx_word' id='word_1_582' title='bbox 2976 4259 3161 4321; x_wconf 90' lang='lat' dir='ltr'><strong>lector,</strong></span> <span class='ocrx_word' id='word_1_583' title='bbox 3187 4248 3384 4326; x_wconf 64' lang='lat' dir='ltr'><strong>paucis~</strong></span> <span class='ocrx_word' id='word_1_584' title='bbox 3400 4248 3614 4329; x_wconf 72' lang='lat' dir='ltr'><strong>accipe:</strong></span> 
     </span>
    </p>
   </div>
   <div class='ocr_carea' id='block_1_81' title="bbox 2027 4317 3621 4398">
    <p class='ocr_par' dir='ltr' id='par_1_81' title="bbox 2027 4317 3621 4398">
     <span class='ocr_line' id='line_1_81' title="bbox 2027 4317 3621 4398; baseline 0.013 -30"><span class='ocrx_word' id='word_1_585' title='bbox 2027 4317 2295 4398; x_wconf 80' lang='lat' dir='ltr'><strong>simulque</strong></span> <span class='ocrx_word' id='word_1_586' title='bbox 2319 4333 2544 4398; x_wconf 71' lang='lat' dir='ltr'><strong>causam</strong></span> <span class='ocrx_word' id='word_1_587' title='bbox 2557 4337 2811 4398; x_wconf 80' lang='lat' dir='ltr'><strong>agnosce,</strong></span> <span class='ocrx_word' id='word_1_588' title='bbox 2829 4317 3058 4397; x_wconf 83' lang='lat' dir='ltr'><strong>propter</strong></span> <span class='ocrx_word' id='word_1_589' title='bbox 3077 4317 3232 4398; x_wconf 81' lang='lat' dir='ltr'><strong>quam</strong></span> <span class='ocrx_word' id='word_1_590' title='bbox 3261 4334 3391 4386; x_wconf 83' lang='lat' dir='ltr'><strong>tanti</strong></span> <span class='ocrx_word' id='word_1_591' title='bbox 3419 4317 3621 4388; x_wconf 61' lang='lat' dir='ltr'><strong>virilit-</strong></span> 
     </span>
    </p>
   </div>
   <div class='ocr_carea' id='block_1_82' title="bbox 2026 4388 3619 4473">
    <p class='ocr_par' dir='ltr' id='par_1_82' title="bbox 2026 4388 3619 4473">
     <span class='ocr_line' id='line_1_82' title="bbox 2026 4388 3619 4473; baseline 0.012 -35"><span class='ocrx_word' id='word_1_592' title='bbox 2026 4388 2371 4473; x_wconf 67' lang='lat' dir='ltr'><strong>eubratioues</strong></span> <span class='ocrx_word' id='word_1_593' title='bbox 2402 4388 2766 4473; x_wconf 34' lang='lat' dir='ltr'><strong>laudnt-vulgo</strong></span> <span class='ocrx_word' id='word_1_594' title='bbox 2789 4388 3154 4473; x_wconf 35' lang='lat' dir='ltr'><strong>iit-comperta;</strong></span> <span class='ocrx_word' id='word_1_595' title='bbox 3174 4416 3234 4454; x_wconf 89' lang='lat' dir='ltr'><strong>ac</strong></span> <span class='ocrx_word' id='word_1_596' title='bbox 3254 4417 3320 4455; x_wconf 91' lang='lat' dir='ltr'><strong>ne</strong></span> <span class='ocrx_word' id='word_1_597' title='bbox 3340 4403 3484 4473; x_wconf 87' lang='lat' dir='ltr'><strong>abiis</strong></span> <span class='ocrx_word' id='word_1_598' title='bbox 3499 4408 3619 4473; x_wconf 88' lang='lat' dir='ltr'><strong>qui-</strong></span> 
     </span>
    </p>
   </div>
   <div class='ocr_carea' id='block_1_83' title="bbox 2029 4456 3612 4539">
    <p class='ocr_par' dir='ltr' id='par_1_83' title="bbox 2029 4456 3612 4539">
     <span class='ocr_line' id='line_1_83' title="bbox 2029 4456 3612 4539; baseline 0.011 -29"><span class='ocrx_word' id='word_1_599' title='bbox 2029 4456 2669 4539; x_wconf 44' lang='lat' dir='ltr'><strong>dem&#39;quorummanibus</strong></span> <span class='ocrx_word' id='word_1_600' title='bbox 2687 4456 3013 4539; x_wconf 74' lang='lat' dir='ltr'><strong>terebautur,</strong></span> <span class='ocrx_word' id='word_1_601' title='bbox 3028 4456 3158 4523; x_wconf 81' lang='lat' dir='ltr'><strong>satis</strong></span> <span class='ocrx_word' id='word_1_602' title='bbox 3179 4475 3372 4539; x_wconf 69' lang='lat' dir='ltr'><strong>agnita:</strong></span> <span class='ocrx_word' id='word_1_603' title='bbox 3395 4456 3612 4529; x_wconf 71' lang='lat' dir='ltr'><strong>fuerint.</strong></span> 
     </span>
    </p>
   </div>
   <div class='ocr_carea' id='block_1_84' title="bbox 2063 4527 3618 4608">
    <p class='ocr_par' dir='ltr' id='par_1_84' title="bbox 2063 4527 3618 4608">
     <span class='ocr_line' id='line_1_84' title="bbox 2063 4527 3618 4608; baseline 0.013 -30"><span class='ocrx_word' id='word_1_604' title='bbox 2063 4598 2074 4608; x_wconf 27' lang='grc' dir='ltr'><em>υ</em></span> <span class='ocrx_word' id='word_1_605' title='bbox 2103 4527 2334 4608; x_wconf 85' lang='lat' dir='ltr'><strong>Africam</strong></span> <span class='ocrx_word' id='word_1_606' title='bbox 2367 4531 2731 4608; x_wconf 78' lang='lat' dir='ltr'><strong>obtinentibus</strong></span> <span class='ocrx_word' id='word_1_607' title='bbox 2773 4527 3045 4600; x_wconf 84' lang='lat' dir='ltr'><strong>Vandalis.</strong></span> <span class='ocrx_word' id='word_1_608' title='bbox 3076 4527 3404 4597; x_wconf 70' lang='lat' dir='ltr'><strong>immanitate</strong></span> <span class='ocrx_word' id='word_1_609' title='bbox 3427 4527 3618 4597; x_wconf 51' lang='lat' dir='ltr'><strong>barba;</strong></span> 
     </span>
    </p>
   </div>
   <div class='ocr_carea' id='block_1_85' title="bbox 2033 4601 3617 4681">
    <p class='ocr_par' dir='ltr' id='par_1_85' title="bbox 2033 4601 3617 4681">
     <span class='ocr_line' id='line_1_85' title="bbox 2033 4601 3617 4681; baseline 0.013 -33"><span class='ocrx_word' id='word_1_610' title='bbox 2033 4601 2127 4681; x_wconf 74' lang='lat' dir='ltr'><strong>ris,</strong></span> <span class='ocrx_word' id='word_1_611' title='bbox 2161 4607 2215 4679; x_wconf 76' lang='lat' dir='ltr'><strong>et</strong></span> <span class='ocrx_word' id='word_1_612' title='bbox 2237 4608 2380 4681; x_wconf 73' lang='lat' dir='ltr'><strong>secta</strong></span> <span class='ocrx_word' id='word_1_613' title='bbox 2416 4601 2626 4681; x_wconf 75' lang='lat' dir='ltr'><strong>Arionis</strong></span> <span class='ocrx_word' id='word_1_614' title='bbox 2661 4609 3025 4681; x_wconf 47' lang='lat' dir='ltr'><strong>:meunretiam</strong></span> <span class='ocrx_word' id='word_1_615' title='bbox 3057 4609 3223 4663; x_wconf 72' lang='lat' dir='ltr'><strong>lloma</strong></span> <span class='ocrx_word' id='word_1_616' title='bbox 3245 4623 3418 4680; x_wconf 83' lang='lat' dir='ltr'><strong>capta,</strong></span> <span class='ocrx_word' id='word_1_617' title='bbox 3455 4620 3617 4681; x_wconf 67' lang='lat' dir='ltr'><strong>atque</strong></span> 
     </span>
    </p>
   </div>
   <div class='ocr_carea' id='block_1_86' title="bbox 2030 4669 3614 4749">
    <p class='ocr_par' dir='ltr' id='par_1_86' title="bbox 2030 4669 3614 4749">
     <span class='ocr_line' id='line_1_86' title="bbox 2030 4669 3614 4749; baseline 0.013 -32"><span class='ocrx_word' id='word_1_618' title='bbox 2030 4669 2113 4736; x_wconf 91' lang='lat' dir='ltr'><strong>(ut</strong></span> <span class='ocrx_word' id='word_1_619' title='bbox 2159 4669 2232 4720; x_wconf 87' lang='lat' dir='ltr'><strong>ait</strong></span> <span class='ocrx_word' id='word_1_620' title='bbox 2282 4669 2510 4749; x_wconf 52' lang='lat' dir='ltr'><strong>Prosper</strong></span> <span class='ocrx_word' id='word_1_621' title='bbox 2553 4673 2606 4726; x_wconf 88' lang='lat' dir='ltr'><strong>itt</strong></span> <span class='ocrx_word' id='word_1_622' title='bbox 2654 4673 2945 4749; x_wconf 68' lang='lat' dir='ltr'><strong>(Ihmuieo)</strong></span> <span class='ocrx_word' id='word_1_623' title='bbox 2973 4695 3061 4744; x_wconf 87' lang='lat' dir='ltr'><strong>per</strong></span> <span class='ocrx_word' id='word_1_624' title='bbox 3088 4669 3473 4749; x_wconf 73' lang='lat' dir='ltr'><strong>quatuordt&#39;cim</strong></span> <span class='ocrx_word' id='word_1_625' title='bbox 3503 4669 3614 4738; x_wconf 70' lang='lat' dir='ltr'><strong>dies</strong></span> 
     </span>
    </p>
   </div>
   <div class='ocr_carea' id='block_1_87' title="bbox 2028 4740 3608 4819">
    <p class='ocr_par' dir='ltr' id='par_1_87' title="bbox 2028 4740 3608 4819">
     <span class='ocr_line' id='line_1_87' title="bbox 2028 4740 3608 4819; baseline 0.01 -30"><span class='ocrx_word' id='word_1_626' title='bbox 2028 4754 2207 4818; x_wconf 57' lang='grc' dir='ltr'><strong>εει-ητα</strong></span> <span class='ocrx_word' id='word_1_627' title='bbox 2222 4749 2272 4819; x_wconf 63' lang='lat' dir='ltr'><strong>et</strong></span> <span class='ocrx_word' id='word_1_628' title='bbox 2294 4740 2449 4819; x_wconf 69' lang='lat' dir='ltr'><strong>libera</strong></span> <span class='ocrx_word' id='word_1_629' title='bbox 2465 4745 2778 4819; x_wconf 71' lang='lat' dir='ltr'><strong>scrutatione</strong></span> <span class='ocrx_word' id='word_1_630' title='bbox 2800 4740 3032 4819; x_wconf 75' lang='lat' dir='ltr'><strong>omnibus</strong></span> <span class='ocrx_word' id='word_1_631' title='bbox 3055 4740 3232 4819; x_wconf 59' lang='lat' dir='ltr'><strong>ofxbus</strong></span> <span class='ocrx_word' id='word_1_632' title='bbox 3253 4753 3358 4804; x_wconf 85' lang='lat' dir='ltr'><strong>suis</strong></span> <span class='ocrx_word' id='word_1_633' title='bbox 3380 4767 3608 4818; x_wconf 77' lang='lat' dir='ltr'><strong>enatam,</strong></span> 
     </span>
    </p>
   </div>
   <div class='ocr_carea' id='block_1_88' title="bbox 2032 4809 3609 4887">
    <p class='ocr_par' dir='ltr' id='par_1_88' title="bbox 2032 4809 3609 4887">
     <span class='ocr_line' id='line_1_88' title="bbox 2032 4809 3609 4887; baseline 0.013 -29"><span class='ocrx_word' id='word_1_634' title='bbox 2032 4809 2197 4887; x_wconf 73' lang='lat' dir='ltr'><strong>maris</strong></span> <span class='ocrx_word' id='word_1_635' title='bbox 2221 4809 2587 4887; x_wconf 72' lang='lat' dir='ltr'><strong>Mediterranei</strong></span> <span class='ocrx_word' id='word_1_636' title='bbox 2620 4814 2839 4880; x_wconf 88' lang='lat' dir='ltr'><strong>insulas,</strong></span> <span class='ocrx_word' id='word_1_637' title='bbox 2867 4809 3150 4887; x_wconf 77' lang='lat' dir='ltr'><strong>litteraque</strong></span> <span class='ocrx_word' id='word_1_638' title='bbox 3172 4823 3349 4875; x_wconf 89' lang='lat' dir='ltr'><strong>omnia</strong></span> <span class='ocrx_word' id='word_1_639' title='bbox 3378 4809 3609 4878; x_wconf 74' lang='lat' dir='ltr'><strong>numinis</strong></span> 
     </span>
    </p>
   </div>
   <div class='ocr_carea' id='block_1_89' title="bbox 2028 4878 3608 4948">
    <p class='ocr_par' dir='ltr' id='par_1_89' title="bbox 2028 4878 3608 4948">
     <span class='ocr_line' id='line_1_89' title="bbox 2028 4878 3608 4948; baseline 0.012 -19"><span class='ocrx_word' id='word_1_640' title='bbox 2028 4878 2110 4931; x_wconf 90' lang='lat' dir='ltr'><strong>sui</strong></span> <span class='ocrx_word' id='word_1_641' title='bbox 2159 4889 2365 4934; x_wconf 90' lang='lat' dir='ltr'><strong>terrore</strong></span> <span class='ocrx_word' id='word_1_642' title='bbox 2404 4883 2737 4948; x_wconf 63' lang='lat' dir='ltr'><strong>compleri-ut</strong></span> <span class='ocrx_word' id='word_1_643' title='bbox 2769 4903 2782 4939; x_wconf 94' lang='lat'><strong>:</strong></span> <span class='ocrx_word' id='word_1_644' title='bbox 2817 4878 2914 4940; x_wconf 82' lang='lat' dir='ltr'><strong>nec</strong></span> <span class='ocrx_word' id='word_1_645' title='bbox 2961 4878 3136 4942; x_wconf 43' lang='lat' dir='ltr'><strong>min-us</strong></span> <span class='ocrx_word' id='word_1_646' title='bbox 3175 4906 3283 4944; x_wconf 72' lang='lat' dir='ltr'><strong>suze</strong></span> <span class='ocrx_word' id='word_1_647' title='bbox 3341 4892 3608 4948; x_wconf 79' lang='lat' dir='ltr'><strong>inereseos</strong></span> 
     </span>
    </p>
   </div>
   <div class='ocr_carea' id='block_1_90' title="bbox 2027 4949 3608 5026">
    <p class='ocr_par' dir='ltr' id='par_1_90' title="bbox 2027 4949 3608 5026">
     <span class='ocr_line' id='line_1_90' title="bbox 2027 4949 3608 5026; baseline 0.012 -28"><span class='ocrx_word' id='word_1_648' title='bbox 2027 4949 2132 5002; x_wconf 89' lang='lat' dir='ltr'><strong>late</strong></span> <span class='ocrx_word' id='word_1_649' title='bbox 2177 4950 2611 5026; x_wconf 71' lang='lat' dir='ltr'><strong>disseminaudar.</strong></span> <span class='ocrx_word' id='word_1_650' title='bbox 2647 4969 2805 5021; x_wconf 83' lang='lat' dir='ltr'><strong>quant</strong></span> <span class='ocrx_word' id='word_1_651' title='bbox 2863 4960 3186 5026; x_wconf 77' lang='lat' dir='ltr'><strong>propagandi</strong></span> <span class='ocrx_word' id='word_1_652' title='bbox 3234 4961 3442 5024; x_wconf 66' lang='lat' dir='ltr'><strong>imperii</strong></span> <span class='ocrx_word' id='word_1_653' title='bbox 3492 4965 3608 5017; x_wconf 85' lang='lat' dir='ltr'><strong>zelo</strong></span> 
     </span>
    </p>
   </div>
   <div class='ocr_carea' id='block_1_91' title="bbox 2024 5020 3605 5094">
    <p class='ocr_par' dir='ltr' id='par_1_91' title="bbox 2024 5020 3605 5094">
     <span class='ocr_line' id='line_1_91' title="bbox 2024 5020 3605 5094; baseline 0.011 -25"><span class='ocrx_word' id='word_1_654' title='bbox 2024 5029 2342 5094; x_wconf 75' lang='lat' dir='ltr'><strong>aestuantes.</strong></span> <span class='ocrx_word' id='word_1_655' title='bbox 2373 5020 2738 5094; x_wconf 78' lang='lat' dir='ltr'><strong>cujuscunque</strong></span> <span class='ocrx_word' id='word_1_656' title='bbox 2768 5020 3096 5082; x_wconf 40' lang='lat' dir='ltr'><strong>con-ditionis</strong></span> <span class='ocrx_word' id='word_1_657' title='bbox 3126 5020 3485 5094; x_wconf 80' lang='lat' dir='ltr'><strong>orthodoxos,</strong></span> <span class='ocrx_word' id='word_1_658' title='bbox 3512 5036 3605 5086; x_wconf 84' lang='lat' dir='ltr'><strong>sed</strong></span> 
     </span>
    </p>
   </div>
   <div class='ocr_carea' id='block_1_92' title="bbox 2020 5088 3606 5168">
    <p class='ocr_par' dir='ltr' id='par_1_92' title="bbox 2020 5088 3606 5168">
     <span class='ocr_line' id='line_1_92' title="bbox 2020 5088 3606 5168; baseline 0.009 -28"><span class='ocrx_word' id='word_1_659' title='bbox 2020 5088 2247 5168; x_wconf 71' lang='lat' dir='ltr'><strong>clericos</strong></span> <span class='ocrx_word' id='word_1_660' title='bbox 2276 5088 2595 5168; x_wconf 68' lang='lat' dir='ltr'><strong>prassertim,</strong></span> <span class='ocrx_word' id='word_1_661' title='bbox 2617 5088 2776 5168; x_wconf 78' lang='lat' dir='ltr'><strong>atque</strong></span> <span class='ocrx_word' id='word_1_662' title='bbox 2794 5097 3077 5167; x_wconf 58' lang='lat' dir='ltr'><strong>ellixCOPOS</strong></span> <span class='ocrx_word' id='word_1_663' title='bbox 3099 5099 3351 5154; x_wconf 86' lang='lat' dir='ltr'><strong>inauditis</strong></span> <span class='ocrx_word' id='word_1_664' title='bbox 3372 5088 3606 5157; x_wconf 66' lang='lat' dir='ltr'><strong>tormen-</strong></span> 
     </span>
    </p>
   </div>
   <div class='ocr_carea' id='block_1_93' title="bbox 2022 5161 3604 5239">
    <p class='ocr_par' dir='ltr' id='par_1_93' title="bbox 2022 5161 3604 5239">
     <span class='ocr_line' id='line_1_93' title="bbox 2022 5161 3604 5239; baseline 0.011 -29"><span class='ocrx_word' id='word_1_665' title='bbox 2022 5161 2088 5210; x_wconf 87' lang='lat' dir='ltr'><strong>tis</strong></span> <span class='ocrx_word' id='word_1_666' title='bbox 2112 5161 2516 5239; x_wconf 82' lang='lat' dir='ltr'><strong>excruciarent;</strong></span> <span class='ocrx_word' id='word_1_667' title='bbox 2565 5167 2638 5239; x_wconf 78' lang='lat' dir='ltr'><strong>rei</strong></span> <span class='ocrx_word' id='word_1_668' title='bbox 2686 5161 3007 5221; x_wconf 69' lang='lat' dir='ltr'><strong>Christiana:</strong></span> <span class='ocrx_word' id='word_1_669' title='bbox 3037 5172 3291 5224; x_wconf 87' lang='lat' dir='ltr'><strong>intererat</strong></span> <span class='ocrx_word' id='word_1_670' title='bbox 3319 5173 3604 5239; x_wconf 84' lang='lat' dir='ltr'><strong>plurimum</strong></span> 
     </span>
    </p>
   </div>
   <div class='ocr_carea' id='block_1_94' title="bbox 336 5217 3608 5306">
    <p class='ocr_par' dir='ltr' id='par_1_94' title="bbox 336 5217 3608 5306">
     <span class='ocr_line' id='line_1_94' title="bbox 336 5217 3608 5306; baseline 0.009 -38"><span class='ocrx_word' id='word_1_671' title='bbox 336 5220 440 5288; x_wconf 71' lang='grc'><strong>27</strong></span> <span class='ocrx_word' id='word_1_672' title='bbox 475 5217 689 5301; x_wconf 71' lang='lat' dir='ltr'><strong>l’igilius</strong></span> <span class='ocrx_word' id='word_1_673' title='bbox 715 5217 1044 5303; x_wconf 75' lang='lat' dir='ltr'><strong>Tapsitanus,</strong></span> <span class='ocrx_word' id='word_1_674' title='bbox 1069 5223 1158 5306; x_wconf 62' lang='lat' dir='ltr'><strong>qui</strong></span> <span class='ocrx_word' id='word_1_675' title='bbox 1191 5223 1344 5306; x_wconf 70' lang='lat' dir='ltr'><strong>hpjus</strong></span> <span class='ocrx_word' id='word_1_676' title='bbox 1379 5217 1666 5289; x_wconf 64' lang='lat' dir='ltr'><strong>provinciae</strong></span> <span class='ocrx_word' id='word_1_677' title='bbox 1698 5217 1913 5306; x_wconf 67' lang='lat' dir='ltr'><strong>ultimus</strong></span> <span class='ocrx_word' id='word_1_678' title='bbox 1943 5249 1993 5306; x_wconf 73' lang='grc' dir='ltr'><strong>ι)</strong></span> <span class='ocrx_word' id='word_1_679' title='bbox 2021 5238 2077 5280; x_wconf 91' lang='lat' dir='ltr'><strong>ut</strong></span> <span class='ocrx_word' id='word_1_680' title='bbox 2099 5245 2202 5282; x_wconf 86' lang='lat' dir='ltr'><strong>non</strong></span> <span class='ocrx_word' id='word_1_681' title='bbox 2232 5231 2484 5306; x_wconf 77' lang='lat' dir='ltr'><strong>deessent</strong></span> <span class='ocrx_word' id='word_1_682' title='bbox 2505 5217 2594 5306; x_wconf 73' lang='lat' dir='ltr'><strong>qui</strong></span> 
     </span>
    </p>
   </div>
   <div class='ocr_carea' id='block_1_95' title="bbox 335 5292 1912 5362">
    <p class='ocr_par' dir='ltr' id='par_1_95' title="bbox 335 5292 1912 5362">
     <span class='ocr_line' id='line_1_95' title="bbox 335 5292 1912 5362; baseline 0.006 -21"><span class='ocrx_word' id='word_1_683' title='bbox 335 5302 587 5362; x_wconf 82' lang='lat' dir='ltr'><strong>censetur</strong></span> <span class='ocrx_word' id='word_1_684' title='bbox 615 5293 753 5346; x_wconf 87' lang='lat' dir='ltr'><strong>inter</strong></span> <span class='ocrx_word' id='word_1_685' title='bbox 779 5295 1061 5360; x_wconf 82' lang='lat' dir='ltr'><strong>episcopos</strong></span> <span class='ocrx_word' id='word_1_686' title='bbox 1097 5292 1471 5360; x_wconf 77' lang='lat' dir='ltr'><strong>Carthaginem</strong></span> <span class='ocrx_word' id='word_1_687' title='bbox 1506 5312 1600 5362; x_wconf 88' lang='lat' dir='ltr'><strong>pro</strong></span> <span class='ocrx_word' id='word_1_688' title='bbox 1643 5297 1912 5350; x_wconf 81' lang='lat' dir='ltr'><strong>reddenda</strong></span> 
     </span>
    </p>
   </div>
   <div class='ocr_carea' id='block_1_96' title="bbox 336 5361 1912 5433">
    <p class='ocr_par' dir='ltr' id='par_1_96' title="bbox 336 5361 1912 5433">
     <span class='ocr_line' id='line_1_96' title="bbox 336 5361 1912 5433; baseline 0.005 -22"><span class='ocrx_word' id='word_1_689' title='bbox 336 5361 544 5433; x_wconf 77' lang='lat' dir='ltr'><strong>ratione</strong></span> <span class='ocrx_word' id='word_1_690' title='bbox 575 5364 692 5414; x_wconf 73' lang='lat' dir='ltr'><strong>fidei</strong></span> <span class='ocrx_word' id='word_1_691' title='bbox 711 5404 723 5424; x_wconf 93' lang='lat'><strong>,</strong></span> <span class='ocrx_word' id='word_1_692' title='bbox 753 5379 814 5416; x_wconf 77' lang='lat' dir='ltr'><strong>ex</strong></span> <span class='ocrx_word' id='word_1_693' title='bbox 848 5374 1114 5431; x_wconf 74' lang='lat' dir='ltr'><strong>prmeepto</strong></span> <span class='ocrx_word' id='word_1_694' title='bbox 1147 5367 1310 5431; x_wconf 79' lang='lat' dir='ltr'><strong>regali</strong></span> <span class='ocrx_word' id='word_1_695' title='bbox 1340 5367 1624 5417; x_wconf 78' lang='lat' dir='ltr'><strong>convenire</strong></span> <span class='ocrx_word' id='word_1_696' title='bbox 1644 5368 1824 5433; x_wconf 77' lang='lat' dir='ltr'><strong>jussos</strong></span> <span class='ocrx_word' id='word_1_697' title='bbox 1847 5370 1912 5419; x_wconf 85' lang='lat' dir='ltr'><strong>ad</strong></span> 
     </span>
    </p>
   </div>
   <div class='ocr_carea' id='block_1_97' title="bbox 333 5432 1917 5503">
    <p class='ocr_par' dir='ltr' id='par_1_97' title="bbox 333 5432 1917 5503">
     <span class='ocr_line' id='line_1_97' title="bbox 333 5432 1917 5503; baseline 0.005 -23"><span class='ocrx_word' id='word_1_698' title='bbox 333 5432 586 5486; x_wconf 70' lang='lat' dir='ltr'><strong>calendas</strong></span> <span class='ocrx_word' id='word_1_699' title='bbox 607 5433 938 5493; x_wconf 74' lang='lat' dir='ltr'><strong>Februarias,</strong></span> <span class='ocrx_word' id='word_1_700' title='bbox 963 5449 1102 5486; x_wconf 88' lang='lat' dir='ltr'><strong>anno</strong></span> <span class='ocrx_word' id='word_1_701' title='bbox 1129 5445 1317 5487; x_wconf 84' lang='lat' dir='ltr'><strong>octavo</strong></span> <span class='ocrx_word' id='word_1_702' title='bbox 1339 5435 1582 5488; x_wconf 83' lang='lat' dir='ltr'><strong>llunerici</strong></span> <span class='ocrx_word' id='word_1_703' title='bbox 1607 5432 1765 5503; x_wconf 75' lang='lat' dir='ltr'><strong>regis.</strong></span> <span class='ocrx_word' id='word_1_704' title='bbox 1784 5439 1917 5503; x_wconf 88' lang='lat' dir='ltr'><strong>Ape-</strong></span> 
     </span>
    </p>
   </div>
   <div class='ocr_carea' id='block_1_98' title="bbox 335 5503 1915 5574">
    <p class='ocr_par' dir='ltr' id='par_1_98' title="bbox 335 5503 1915 5574">
     <span class='ocr_line' id='line_1_98' title="bbox 335 5503 1915 5574; baseline 0.003 -20"><span class='ocrx_word' id='word_1_705' title='bbox 335 5503 416 5554; x_wconf 79' lang='lat' dir='ltr'><strong>rui</strong></span> <span class='ocrx_word' id='word_1_706' title='bbox 444 5514 552 5555; x_wconf 89' lang='lat' dir='ltr'><strong>tum</strong></span> <span class='ocrx_word' id='word_1_707' title='bbox 588 5506 700 5556; x_wconf 81' lang='lat' dir='ltr'><strong>viro</strong></span> <span class='ocrx_word' id='word_1_708' title='bbox 728 5504 1124 5568; x_wconf 79' lang='lat' dir='ltr'><strong>eruditissimo,</strong></span> <span class='ocrx_word' id='word_1_709' title='bbox 1158 5513 1209 5558; x_wconf 87' lang='lat' dir='ltr'><strong>et</strong></span> <span class='ocrx_word' id='word_1_710' title='bbox 1234 5505 1386 5574; x_wconf 73' lang='lat' dir='ltr'><strong>longa</strong></span> <span class='ocrx_word' id='word_1_711' title='bbox 1412 5507 1518 5572; x_wconf 78' lang='lat' dir='ltr'><strong>jam</strong></span> <span class='ocrx_word' id='word_1_712' title='bbox 1551 5508 1680 5558; x_wconf 86' lang='lat' dir='ltr'><strong>mihi</strong></span> <span class='ocrx_word' id='word_1_713' title='bbox 1713 5509 1915 5560; x_wconf 84' lang='lat' dir='ltr'><strong>littera-</strong></span> 
     </span>
    </p>
   </div>
   <div class='ocr_carea' id='block_1_99' title="bbox 408 5612 1914 5688">
    <p class='ocr_par' dir='ltr' id='par_1_99' title="bbox 408 5612 1914 5688">
     <span class='ocr_line' id='line_1_99' title="bbox 408 5612 1914 5688; baseline 0.009 -25"><span class='ocrx_word' id='word_1_714' title='bbox 408 5613 427 5688; x_wconf 82' lang='lat'><strong>‘_</strong></span> <span class='ocrx_word' id='word_1_715' title='bbox 469 5612 520 5664; x_wconf 87' lang='lat' dir='ltr'><strong>ltt</strong></span> <span class='ocrx_word' id='word_1_716' title='bbox 551 5612 782 5688; x_wconf 82' lang='lat' dir='ltr'><strong>editione</strong></span> <span class='ocrx_word' id='word_1_717' title='bbox 808 5616 1137 5669; x_wconf 57' lang='lat' dir='ltr'><strong>Chililetiana</strong></span> <span class='ocrx_word' id='word_1_718' title='bbox 1158 5618 1346 5688; x_wconf 15' lang='lat' dir='ltr'><strong>ivigiuti</strong></span> <span class='ocrx_word' id='word_1_719' title='bbox 1378 5628 1427 5670; x_wconf 72' lang='lat' dir='ltr'><strong>et</strong></span> <span class='ocrx_word' id='word_1_720' title='bbox 1457 5619 1686 5687; x_wconf 84' lang='lat' dir='ltr'><strong>quinque</strong></span> <span class='ocrx_word' id='word_1_721' title='bbox 1713 5621 1914 5688; x_wconf 57' lang='lat' dir='ltr'><strong>priores</strong></span> 
     </span>
    </p>
   </div>
   <div class='ocr_carea' id='block_1_100' title="bbox 340 5681 1915 5762">
    <p class='ocr_par' dir='ltr' id='par_1_100' title="bbox 340 5681 1915 5762">
     <span class='ocr_line' id='line_1_100' title="bbox 340 5681 1915 5762; baseline 0.011 -30"><span class='ocrx_word' id='word_1_722' title='bbox 340 5681 498 5746; x_wconf 67' lang='lat' dir='ltr'><strong>huius</strong></span> <span class='ocrx_word' id='word_1_723' title='bbox 534 5686 839 5751; x_wconf 64' lang='lat' dir='ltr'><strong>uppendiris</strong></span> <span class='ocrx_word' id='word_1_724' title='bbox 871 5690 1077 5757; x_wconf 63' lang='lat' dir='ltr'><strong>pagina:</strong></span> <span class='ocrx_word' id='word_1_725' title='bbox 1108 5687 1174 5743; x_wconf 82' lang='lat' dir='ltr'><strong>ad</strong></span> <span class='ocrx_word' id='word_1_726' title='bbox 1216 5681 1447 5747; x_wconf 74' lang='lat' dir='ltr'><strong>Victoris</strong></span> <span class='ocrx_word' id='word_1_727' title='bbox 1477 5681 1724 5751; x_wconf 54' lang='grc' dir='ltr'><strong>νὶιρὶιδιέ</strong></span> <span class='ocrx_word' id='word_1_728' title='bbox 1753 5706 1915 5762; x_wconf 82' lang='lat' dir='ltr'><strong>Opera</strong></span> 
     </span>
    </p>
   </div>
   <div class='ocr_carea' id='block_1_101' title="bbox 2021 5303 3608 5378">
    <p class='ocr_par' dir='ltr' id='par_1_101' title="bbox 2021 5303 3608 5378">
     <span class='ocr_line' id='line_1_101' title="bbox 2021 5303 3608 5378; baseline 0.008 -28"><span class='ocrx_word' id='word_1_729' title='bbox 2021 5309 2162 5378; x_wconf 73' lang='lat' dir='ltr'><strong>rent.</strong></span> <span class='ocrx_word' id='word_1_730' title='bbox 2195 5311 2302 5352; x_wconf 88' lang='lat' dir='ltr'><strong>lttlll</strong></span> <span class='ocrx_word' id='word_1_731' title='bbox 2331 5303 2449 5378; x_wconf 60' lang='lat' dir='ltr'><strong>aliis</strong></span> <span class='ocrx_word' id='word_1_732' title='bbox 2467 5305 2675 5367; x_wconf 77' lang='lat' dir='ltr'><strong>ol&#39;tieiis,</strong></span> <span class='ocrx_word' id='word_1_733' title='bbox 2707 5314 2815 5358; x_wconf 88' lang='lat' dir='ltr'><strong>tum</strong></span> <span class='ocrx_word' id='word_1_734' title='bbox 2846 5307 2938 5360; x_wconf 89' lang='lat' dir='ltr'><strong>illo</strong></span> <span class='ocrx_word' id='word_1_735' title='bbox 2966 5309 3228 5376; x_wconf 84' lang='lat' dir='ltr'><strong>imprimis</strong></span> <span class='ocrx_word' id='word_1_736' title='bbox 3259 5325 3456 5378; x_wconf 76' lang='lat' dir='ltr'><strong>genere</strong></span> <span class='ocrx_word' id='word_1_737' title='bbox 3485 5328 3608 5365; x_wconf 80' lang='lat' dir='ltr'><strong>ora—</strong></span> 
     </span>
    </p>
   </div>
   <div class='ocr_carea' id='block_1_102' title="bbox 2022 5371 3606 5441">
    <p class='ocr_par' dir='ltr' id='par_1_102' title="bbox 2022 5371 3606 5441">
     <span class='ocr_line' id='line_1_102' title="bbox 2022 5371 3606 5441; baseline 0.01 -21"><span class='ocrx_word' id='word_1_738' title='bbox 2022 5371 2180 5422; x_wconf 81' lang='lat' dir='ltr'><strong>tioiiis</strong></span> <span class='ocrx_word' id='word_1_739' title='bbox 2221 5373 2360 5438; x_wconf 89' lang='lat' dir='ltr'><strong>quod</strong></span> <span class='ocrx_word' id='word_1_740' title='bbox 2417 5389 2513 5427; x_wconf 89' lang='lat' dir='ltr'><strong>nee</strong></span> <span class='ocrx_word' id='word_1_741' title='bbox 2561 5384 2858 5441; x_wconf 87' lang='lat' dir='ltr'><strong>temporum</strong></span> <span class='ocrx_word' id='word_1_742' title='bbox 2907 5394 3003 5432; x_wconf 84' lang='lat' dir='ltr'><strong>nee</strong></span> <span class='ocrx_word' id='word_1_743' title='bbox 3045 5371 3295 5433; x_wconf 74' lang='lat' dir='ltr'><strong>locorum</strong></span> <span class='ocrx_word' id='word_1_744' title='bbox 3323 5394 3606 5436; x_wconf 65' lang='lat' dir='ltr'><strong>coercetur</strong></span> 
     </span>
    </p>
   </div>
   <div class='ocr_carea' id='block_1_103' title="bbox 2020 5441 3603 5519">
    <p class='ocr_par' dir='ltr' id='par_1_103' title="bbox 2020 5441 3603 5519">
     <span class='ocr_line' id='line_1_103' title="bbox 2020 5441 3603 5519; baseline 0.009 -29"><span class='ocrx_word' id='word_1_745' title='bbox 2020 5441 2304 5519; x_wconf 66' lang='lat' dir='ltr'><strong>angustiis;</strong></span> <span class='ocrx_word' id='word_1_746' title='bbox 2330 5445 2644 5519; x_wconf 75' lang='lat' dir='ltr'><strong>scriptores,</strong></span> <span class='ocrx_word' id='word_1_747' title='bbox 2675 5447 2909 5519; x_wconf 83' lang='lat' dir='ltr'><strong>inquam,</strong></span> <span class='ocrx_word' id='word_1_748' title='bbox 2940 5449 3026 5515; x_wconf 92' lang='lat' dir='ltr'><strong>qui</strong></span> <span class='ocrx_word' id='word_1_749' title='bbox 3049 5449 3207 5503; x_wconf 88' lang='lat' dir='ltr'><strong>editis</strong></span> <span class='ocrx_word' id='word_1_750' title='bbox 3227 5465 3254 5503; x_wconf 90' lang='lat' dir='ltr'><strong>a</strong></span> <span class='ocrx_word' id='word_1_751' title='bbox 3291 5465 3350 5505; x_wconf 88' lang='lat' dir='ltr'><strong>se</strong></span> <span class='ocrx_word' id='word_1_752' title='bbox 3375 5467 3469 5519; x_wconf 89' lang='lat' dir='ltr'><strong>pro</strong></span> <span class='ocrx_word' id='word_1_753' title='bbox 3497 5454 3603 5504; x_wconf 81' lang='lat' dir='ltr'><strong>ﬁde</strong></span> 
     </span>
    </p>
   </div>
   <div class='ocr_carea' id='block_1_104' title="bbox 2005 5512 3606 5609">
    <p class='ocr_par' dir='ltr' id='par_1_104' title="bbox 2005 5512 3606 5609">
     <span class='ocr_line' id='line_1_104' title="bbox 2005 5512 3606 5609; baseline 0.009 -47"><span class='ocrx_word' id='word_1_754' title='bbox 2005 5512 2286 5564; x_wconf 72' lang='lat' dir='ltr'><strong>‘cutitultt&#39;u</strong></span> <span class='ocrx_word' id='word_1_755' title='bbox 2319 5512 2580 5568; x_wconf 81' lang='lat' dir='ltr'><strong>adversus</strong></span> <span class='ocrx_word' id='word_1_756' title='bbox 2608 5517 2835 5569; x_wconf 81' lang='lat' dir='ltr'><strong>Arianos</strong></span> <span class='ocrx_word' id='word_1_757' title='bbox 2863 5512 3022 5572; x_wconf 75' lang='lat' dir='ltr'><strong>variis</strong></span> <span class='ocrx_word' id='word_1_758' title='bbox 3041 5520 3208 5583; x_wconf 80' lang='lat' dir='ltr'><strong>libris,</strong></span> <span class='ocrx_word' id='word_1_759' title='bbox 3242 5512 3402 5574; x_wconf 80' lang='lat' dir='ltr'><strong>etiam</strong></span> <span class='ocrx_word' id='word_1_760' title='bbox 3424 5521 3606 5609; x_wconf 59' lang='lat' dir='ltr'><strong>trium-</strong></span> 
     </span>
    </p>
   </div>
   <div class='ocr_carea' id='block_1_105' title="bbox 2021 5627 3604 5704">
    <p class='ocr_par' dir='ltr' id='par_1_105' title="bbox 2021 5627 3604 5704">
     <span class='ocr_line' id='line_1_105' title="bbox 2021 5627 3604 5704; baseline 0.013 -30"><span class='ocrx_word' id='word_1_761' title='bbox 2021 5634 2261 5704; x_wconf 66' lang='lat' dir='ltr'><strong>sperlant</strong></span> <span class='ocrx_word' id='word_1_762' title='bbox 2315 5642 2432 5704; x_wconf 64' lang='lat' dir='ltr'><strong>qua:</strong></span> <span class='ocrx_word' id='word_1_763' title='bbox 2482 5641 2595 5704; x_wconf 55' lang='lat' dir='ltr'><strong>una</strong></span> <span class='ocrx_word' id='word_1_764' title='bbox 2630 5627 2920 5704; x_wconf 68' lang='lat' dir='ltr'><strong>cadentque</strong></span> <span class='ocrx_word' id='word_1_765' title='bbox 2971 5647 3031 5687; x_wconf 84' lang='lat' dir='ltr'><strong>ac</strong></span> <span class='ocrx_word' id='word_1_766' title='bbox 3067 5632 3323 5704; x_wconf 74' lang='lat' dir='ltr'><strong>Vigiliana</strong></span> <span class='ocrx_word' id='word_1_767' title='bbox 3365 5634 3604 5695; x_wconf 80' lang='lat' dir='ltr'><strong>editione</strong></span> 
     </span>
    </p>
   </div>
   <div class='ocr_carea' id='block_1_106' title="bbox 2023 5695 2892 5756">
    <p class='ocr_par' dir='ltr' id='par_1_106' title="bbox 2023 5695 2892 5756">
     <span class='ocr_line' id='line_1_106' title="bbox 2023 5695 2892 5756; baseline 0.007 -6"><span class='ocrx_word' id='word_1_768' title='bbox 2023 5695 2314 5754; x_wconf 75' lang='lat' dir='ltr'><strong>donaverat</strong></span> <span class='ocrx_word' id='word_1_769' title='bbox 2345 5698 2421 5756; x_wconf 78' lang='lat' dir='ltr'><strong>vir</strong></span> <span class='ocrx_word' id='word_1_770' title='bbox 2449 5697 2706 5756; x_wconf 77' lang='lat' dir='ltr'><strong>eruditus.</strong></span> <span class='ocrx_word' id='word_1_771' title='bbox 2745 5695 2892 5756; x_wconf 69' lang='lat' dir='ltr'><strong>Eutr.</strong></span> 
     </span>
    </p>
   </div>
  </div>
