3960 6176
384 306 451 361 79
1263 302 1352 357 AD
1387 295 1613 355 OPERA
1654 298 1879 357 VIGILII
1918 297 2286 356 TAPSENSIS
2323 296 2680 365 APPENDIX.

3503 301 3611 355 ἀει)

349 416 553 487 Stylum
575 415 657 467 hic
682 416 905 482 stringo,
934 423 987 470 et
1007 429 1125 485 quze
1164 415 1344 470 multis
1372 416 1547 469 evolvi
1589 423 1824 483 possent,
1858 413 1911 466 in
1940 414 1988 472 Δ
2016 412 2346 487 Iustinianns
2386 414 2594 487 novella
2737 430 2881 487 omne
2902 413 3102 483 Illy'ici
3124 413 3405 485 fastigium,
3424 426 3529 467 tam
3554 420 3615 469 in.

350 501 513 553 pauca
534 487 810 538 comraho.
1095 551 1106 553 7
1148 552 1151 553 7
1298 552 1303 553 7
1438 552 1443 553 7
1850 551 1855 553 7
1894 528 1901 537 χ

419 553 633 608 Certum
673 564 753 607 est
780 553 1037 619 imprimis
1087 551 1250 607 fuisse
1289 552 1541 607 Sirmium
1582 551 1917 618 metropolim

350 624 596 677 secunda:
619 622 732 675 sive
776 623 1041 677 inferioris
1073 622 1403 676 Pannoniae:
1452 633 1505 677 et
1544 623 1680 676 hanc
1723 623 1924 676 idcirco

350 693 667 759 appellatam
707 693 1027 746 Pannoniam
1056 693 1422 756 Sirmieusem,
1470 692 1606 759 apud
1636 690 1920 745 Cassiodo-

353 777 468 814 rum
498 762 588 813 lib.
610 777 659 813 tv
696 761 840 825 Var.,
883 775 1000 827 cap.
1035 763 1121 815 I5.
1150 760 1299 825 Quod
1313 770 1367 815 et
1396 761 1583 828 probat
1610 760 1922 814 Ammianus

353 831 449 883 lib.
490 845 578 888 xv.
615 832 836 885 rectoris
866 830 1115 884 secundae
1143 832 1426 883 Pannonia:
1450 831 1631 883 sedem
1670 829 1921 883 Sirmium

354 898 438 951 his
460 899 634 951 verbis
660 898 972 965 designans:
1009 898 1075 952 In
1104 900 1329 953 convivio
1363 900 1592 969 Africani
1645 898 1927 953 Pannonia:

353 968 589 1021 secunda:
613 971 820 1022 rectoris
871 970 1009 1037 apud
1054 969 1322 1034 Sirmium,
1350 970 1543 1037 poculis
1592 970 1926 1036 amplioribus

353 1038 625 1103 madefacti
650 1038 877 1105 quidam,
909 1040 1155 1091 arbitrum
1195 1039 1369 1092 adesse
1397 1038 1593 1092 nullum
1633 1039 1931 1091 existiman-

354 1115 446 1169 tes,
476 1108 681 1159 licenter
709 1109 992 1177 imperium
1018 1123 1239 1176 prtesens
1263 1116 1315 1177 ut
1346 1108 1755 1177 molestissimum
1784 1110 1929 1159 incu-

353 1178 555 1229 sabant.
580 1177 703 1229 Item
740 1176 1123 1231 eXIIerodiauo
1156 1178 1206 1229 in
1233 1176 1534 1243 Maximino,
1563 1176 1926 1231 l‘uitSirmium

360 1247 520 1298 totius
544 1243 831 1300 Pannonize
858 1246 985 1301 urbs
1014 1248 1263 1307 maxima;
1295 1247 1534 1312 adeoque
1562 1260 1667 1298 non
1723 1256 1925 1300 tantum

356 1315 605 1385 secundae
629 1315 742 1368 sive
772 1315 1063 1381 interioris,
1087 1317 1180 1371 sed
1204 1314 1363 1370 etiam
1388 1316 1571 1385 prima:
1601 1324 1655 1368 et
1681 1317 1927 1383 superio-

357 1384 431 1436 ris
464 1383 747 1437 l’annonia:
787 1384 1053 1451 princeps.

432 1453 508 1504 Ad
535 1454 649 1504 haec
674 1467 735 1505 ex
770 1454 1051 1506 Ammiano
1082 1453 1219 1507 libro
1242 1468 1329 1507 ut
1355 1453 1621 1507 lulianum
1650 1463 1822 1507 adhuc
1849 1454 1935 1508 vi-

360 1531 519 1593 vente
538 1522 850 1593 Constantio
873 1536 909 1593 7e
931 1522 1127 1593 Galliis
1145 1525 1196 1576 in
1226 1524 1430 1593 Illyrios
1457 1523 1775 1592 proiectum,
1819 1523 1937 1579 Sir-

359 1590 578 1644 miensis
607 1592 827 1658 populus
847 1591 992 1645 duxit
1022 1594 1074 1645 in
1110 1590 1338 1660 Regiam.
1372 1590 1470 1646 Ubi
1494 1602 1671 1647 eventu
1697 1595 1840 1647 lwtus
1883 1602 1930 1647 et

360 1661 551 1732 omine,
581 1661 784 1732 ﬁrmata
810 1678 897 1727 spe
922 1666 1234 1731 futurorum,
1261 1662 1395 1729 quod
1422 1664 1490 1716 ad
1537 1663 1818 1732 exemplum
1843 1679 1937 1715 ur-

360 1728 495 1802 bium
526 1731 737 1802 matris,
757 1740 804 1783 et
831 1728 1108 1802 populosw,
1140 1744 1183 1785 et
1207 1728 1432 1795 celebris,
1465 1748 1558 1801 per
1580 1728 1711 1786 alias
1736 1747 1931 1802 quoque

360 1799 586 1871 civitates
611 1809 664 1852 ut
697 1801 839 1871 sidus
864 1801 1087 1854 salutare
1120 1799 1482 1869 susciperetur,
1510 1803 1646 1871 edito
1690 1799 1934 1871 postridie

360 1870 526 1940 curuli
553 1869 824 1940 certamine
850 1885 962 1940 cum
999 1872 1184 1940 gaudio
1224 1871 1408 1940 plebis,
1434 1881 1537 1926 etc.
1568 1869 1788 1925 Videtur
1835 1872 1937 1924 hoc

363 1938 480 1991 loco
498 1953 739 1992 asserere
782 1938 1093 1994 Ammianus
1133 1938 1382 1995 Sirmium
1416 1940 1699 1995 multarum
1730 1939 1937 1994 urbium

363 2015 607 2077 matrem;
626 2018 763 2077 puta
791 2008 1060 2075 utriusque
1098 2008 1388 2063 Pannonia:
1413 2009 1771 2074 melropolim,
1796 2010 1937 2077 quod

362 2090 432 2150 ex
466 2076 762 2150 IIerodiano
785 2077 894 2144 jam
928 2079 1231 2150 retulimus.
1263 2080 1331 2131 At
1358 2079 1501 2147 quod
1552 2080 1749 2150 Illyrici
1778 2076 1941 2135 tetius

364 2144 516 2215 fuerit
544 2155 722 2215 caput,
755 2160 912 2199 nemo
939 2161 1001 2201 es
1031 2147 1112 2200 his
1148 2148 1262 2215 eius
1283 2144 1457 2202 verbis
1486 2144 1752 2204 coaliciat.

434 2213 541 2286 40
564 2213 914 2286 Nihilominus
942 2217 1040 2271 sub
1055 2213 1363 2272 Constantio
1385 2218 1722 2286 imperatore,
1741 2218 1934 2284 opinor

364 2282 531 2357 fuisse
560 2283 811 2357 Sirmium
843 2286 1001 2357 totius
1022 2287 1211 2357 Illyrici
1233 2296 1393 2355 caput
1412 2282 1651 2342 et_‘civile
1683 2297 1737 2342 et
1760 2282 1939 2357 eccle-

366 2353 670 2417 siasticum;
695 2355 786 2408 sed
816 2370 879 2407 ex
906 2353 1182 2410 intervallo
1196 2353 1470 2421 duntaxat,
1487 2365 1541 2411 et
1565 2372 1632 2411 ex
1645 2356 1942 2422 accidente,

367 2433 587 2492 propter
613 2424 864 2492 principis
894 2425 944 2478 in
972 2439 1035 2480 ea
1083 2426 1214 2481 urbe
1257 2428 1754 2481 commorationem.
1785 2426 1944 2480 Clau-

367 2490 485 2564 dius
514 2490 809 2564 Chillletius
838 2503 1053 2558 patruus
1108 2511 1279 2559 meus,
1307 2496 1387 2549 vir
1412 2497 1652 2564 apprime
1681 2496 1940 2562 eruditus,

372 2560 425 2633 in
440 2563 693 2629 opusculo
706 2565 770 2617 de
797 2563 950 2618 Statu
968 2565 1268 2633 reipublica;
1282 2560 1537 2619 Romana:
1557 2567 1656 2620 sub
1678 2560 1943 2619 Constan-l

374 2630 505 2705 tino,
534 2632 899 2705 ex~prtelectis
931 2630 1198 2705 prwiprio,
1227 2635 1393 2705 inquit
1425 2651 1441 2691 :
1486 2633 1629 2705 Unus
1674 2651 1866 2705 semper
1892 2634 1945 2688 in

372 2701 615 2775 comitatu
660 2704 873 2775 Augusti
916 2701 1015 2775 aut
1046 2702 1260 2758 Ca'saris
1290 2701 1485 2757 uidetur
1512 2704 1689 2772 fuisse,
1720 2701 1814 2775 pro
1862 2720 1948 2757 ra-

369 2768 503 2823 tione
531 2770 629 2824 loci
658 2773 710 2825 in
725 2768 824 2841 quo
845 2774 1073 2843 princeps
1090 2774 1377 2843 versabatur
1394 2790 1409 2826 :
1424 2768 1575 2843 idque
1595 2791 1658 2828 ex
1676 2768 1946 2828 Kmmiano

370 2853 469 2891 non
495 2856 596 2913 uno
617 2843 727 2894 loco
752 2842 1078 2913 deprehendi.
1107 2842 1310 2913 Collige
1343 2858 1443 2912 ego
1489 2842 1714 2912 idipsum
1744 2859 1806 2898 ex
1852 2843 1948 2898 Se-

370 2922 497 2981 gero
523 2910 615 2965 lib.
668 2927 703 2965 ll
748 2910 1013 2975 Historiae,
1056 2913 1142 2965 ubi
1197 2910 1658 2981 Eiodiiprmlecti
1705 2913 1949 2968 meminit

372 2976 907 3052 :I'revlris_7degentis
963 2998 1084 3036 cum
1142 2982 1375 3037 Maximo
1422 2976 1665 3052 iyranno.
1700 2984 1763 3037 Et
1811 2985 1947 3036 ratio

372 3046 536 3121 luisse
566 3046 792 3116 videtur,
823 3051 947 3119 quia
994 3067 1115 3107 cum
1162 3052 1395 3119 pra-tecti
1424 3046 1693 3121 pratorio,
1718 3052 1824 3121 juri
1869 3053 1949 3107 di—

1963 1772 2011 1832 B

2027 482 2253 552 ciuilibus
2283 499 2432 550 quam
2482 485 2533 536 in
2584 485 2952 552 cpiscopulbus
2978 482 3150 537 causis
3180 501 3196 537 :
3231 482 3420 549 nempe
3450 502 3604 540 suum

2025 551 2097 605 ibi
2120 553 2346 605 tribunal
2381 552 2649 617 habuisse,
2683 551 2839 621 atque
2865 569 2929 607 ex
2968 569 3034 607 eo
3055 554 3143 620 jus
3183 553 3384 606 dixisse
3412 559 3605 619 pr:ele~

2026 631 2175 691 ctum
2198 623 2444 687 prmtorin
2470 623 2685 691 Illyrici,
2702 625 2790 688 qui
2817 623 2883 675 ab
2909 625 3228 689 imperatore
3248 622 3475 690 disjungi
3497 636 3617 677 non.

2028 690 2257 743 debebat
2285 693 2336 743 iu
2375 690 2557 744 ardere
2580 693 2671 744 illo
2699 692 2998 745 terribilium
3019 709 3210 755 rerum;
3238 707 3343 759 quo
3366 704 3609 758 tempore

2028 770 2081 813 et
2125 775 2152 810 a
2182 759 2391 813 Iuliano
2418 760 2629 813 Cmsare
2658 762 2711 815 in
2760 762 2944 816 Galliis
2991 772 3277 827 usurpante
3323 764 3599 825 imperium

2028 828 2395 899 sibitimebat,
2438 838 2490 881 et
2512 845 2545 899 a7
2568 830 2759 891 Persis,
2793 833 3011 896 Quadis,
3046 832 3323 891 Sarmatis,
3379 832 3603 899 aliisque

2030 897 2270 951 barbaris
2291 898 2429 951 bello
2446 898 2675 963 undique
2698 901 3073 954 lacessebatur.
3097 900 3401 955 Subumbra
3426 897 3601 955 autem

2029 966 2357 1034 prrel'ccturre
2386 967 2465 1033 (ut
2487 968 2662 1021 verbis
2684 978 2799 1023 utar
2817 968 3143 1033 Iustiniani),
3176 970 3239 1021 all
3289 985 3447 1035 quam
3477 985 3605 1023 eau-

2029 1050 2103 1088 sa:
2124 1036 2496 1090 ecclesiastica:
2515 1051 2615 1089 uoo
2640 1052 2821 1104 panem
2844 1038 3235 1103 delt-rebantur,
3260 1037 3465 1092 litt-ante
3492 1050 3603 1092 tum

2030 1105 2241 1159 Arianis
2269 1105 2600 1168 Constantio,
2648 1122 2807 1174 super
2857 1110 2922 1162 iis
2950 1109 3126 1163 causis
3152 1108 3450 1161 consultum
3496 1124 3599 1162 non

2034 1175 2339 1240 negaverim
2382 1175 2728 1230 Sirmiensem
2772 1179 3101 1244 episcOpum,
3145 1178 3257 1230 sive
3311 1178 3374 1230 ad
3417 1193 3606 1231 earum

2031 1245 2385 1314 cognitionem
2424 1245 2689 1299 assedisse
2728 1247 2994 1301 interdum
3027 1248 3277 1311 praelecto
3327 1250 3598 1314 praetorio;

2032 1312 2125 1368 sed
2158 1320 2214 1366 ut
2256 1313 2320 1367 ad
2353 1314 2545 1367 lectum
2586 1330 2689 1369 non
2722 1325 2778 1367 ut
2826 1316 3153 1369 ordinarium
3206 1312 3461 1383 judieem,
3513 1328 3599 1370 aut

2034 1396 2158 1436 vere
2204 1384 2365 1437 totius
2406 1384 2597 1451 Illyrici
2644 1385 2923 1451 primatem
2969 1386 3384 1441 ecclesiasticum
3437 1404 3451 1440 :
3502 1391 3605 1441 hoc

2034 1451 2176 1520 enim
2200 1454 2334 1520 juris
2365 1452 2520 1519 longe
2542 1462 2662 1506 ante
2690 1455 2865 1508 Attila:
2912 1456 3140 1510 cladem.
3188 1460 3372 1520 etiam
3421 1457 3542 1507 imle
3572 1474 3602 1509 a

2034 1519 2244 1594 DamaSi
2265 1537 2414 1590 papa:
2432 1522 2760 1594 temporibus
2785 1537 3052 1592 spectasse
3075 1519 3353 1594 episcopos
3381 1525 3605 1580 Thessa-

2035 1588 2337 1645 lonicenses
2362 1602 2511 1646 vetus
2531 1588 2720 1647 clamat
2751 1588 2989 1648 hiStoria.

2102 1660 2349 1715 Socrates
2373 1660 2466 1713 lib.
2495 1676 2529 1714 ιι
2555 1661 2709 1726 IIist.,
2740 1678 2857 1785 cap.
2892 1664 2976 1727 I2,
3027 1664 3453 1718 Thessalonicam
3503 1679 3599 1731 ap-

2108 1730 2195 1782 llat
2218 1730 2535 1785 Macedonia:
2563 1741 2802 1785 metrono
2828 1733 2931 1785 im:
2954 1733 3093 1785 anod
3120 1748 3185 1785 ne
3205 1734 3271 1785 de
3296 1734 3599 1785 Macedonia

2038 1730 2195 1803 pellat
2218 1730 2535 1785 Macedonize
2562 1730 2896 1803 metropolim
2918 1750 2931 1787 :
2954 1733 3093 1803 quod
3120 1748 3185 1786 ne
3205 1734 3271 1786 de
3296 1730 3600 1787 Macedonia

2040 1799 2223 1853 stricte
2249 1810 2458 1872 sumpta
2487 1801 2603 1868 quis
2619 1800 2906 1872 intelligat,
2926 1799 3016 1857 sed
3041 1803 3106 1855 de
3127 1817 3187 1856 ea
3211 1803 3365 1857 latius
3389 1814 3604 1867 accepta

2040 1882 2159 1935 qua:
2211 1868 2748 1939 ex77Ruli715r7eviario
2801 1868 3005 1939 septem
3057 1881 3263 1926 constat
3319 1874 3608 1937 provinciis

2042 1944 2257 2005 (nempe
2284 1937 2588 2008 Macedonia
2622 1937 3176 2008 pr0pria,'Tbessalia,
3202 1941 3415 2003 Achaia,
3442 1942 3604 2006 Epiro

2042 2006 2555 2079 utraque,77_[’r:nvali
2579 2006 2631 2061 et.
2649 2008 2835 2079 Creta)
2864 2011 3055 2063 evincit
3084 2011 3157 2063 ita
3183 2011 3403 2079 loquens
3431 2010 3608 2064 Theo-

2041 2075 2258 2129 doretus
2285 2076 2374 2129 lib.
2404 2092 2458 2141 v,
2490 2091 2607 2143 cap.
2639 2077 2701 2130 17
2725 2097 2738 2132 ;
2767 2078 3124 2133 Thessalonica
3154 2075 3271 2132 urbs
3297 2091 3367 2133 est
3395 2080 3607 2143 amplis-

2042 2144 2192 2209 sima,
2220 2155 2284 2218 _et_
2294 2145 2471 2218 incolis
2497 2147 2761 2218 frequens;
2794 2147 3151 2202 Macedonibus
3170 2150 3371 2218 quidem
3394 2149 3609 2201 attribu-

2043 2225 2116 2280 ta,
2139 2216 2227 2267 sed
2243 2213 2539 2299 Thessalia},
2559 2216 2765 2299 Ac'haite
2782 2227 2833 2270 et
2849 2213 3232 2299 quamplurim'is
3246 2218 3362 2299 aliis
3382 2219 3617 2299 papulis,

2081 2299 2170 2357 uo_s
2190 2285 2482 2357 moderatur
2504 2286 2775 2357 pra’fectus
2800 2285 3033 2356 prtem-io
3061 2286 3284 2357 Illyrici,
3310 2285 3603 2354 prirp'osita.

2081 2301 2170 2335 uos
2190 2301 2482 2338 maceratur
2508 2301 2775 2354 pra’tectus
2800 2301 3033 2356 prtem-to
3061 2301 3284 2357 tttyrtct,
3310 2301 3603 2354 prwpostta.

2043 2301 2105 2425 ἓ,
2137 2352 2426 2425 Leoepist.
2452 2353 2539 2418 8i,
2590 2370 2685 2425 seu
2711 2357 2799 2421 82,
2841 2358 2906 2411 ad
2936 2358 3270 2412 Anastasium
3300 2359 3612 2425 episcopum

2045 2421 2570 2495 Thessalonicensem
2597 2441 2608 2475 :
2636 2423 2801 2491 Sicut,
2844 2427 2939 2490 ait,
2978 2442 3303 2495 praecessores
3334 2421 3443 2478 ’τιιεὶ
3473 2421 3611 2492 pra:-

2046 2492 2323 2544 cessoribus
2352 2492 2469 2556 tuis,
2506 2495 2578 2545 ita
2615 2496 2766 2547 etiam
2806 2511 2896 2564 ego
2933 2492 3191 2550 dilectioni
3228 2506 3346 2556 tute,
3381 2497 3611 2562 priorum

2046 2569 2241 2614 secutus
2264 2564 2569 2628 exemplum,
2601 2564 2730 2616 vices
2757 2566 2854 2617 mei
2882 2566 3240 2618 moderaminis
3269 2566 3530 2633 delegavi;
3557 2576 3619 2618 ut

2047 2645 2222 2703 curam
2254 2648 2413 2703 quam
2452 2633 2703 2703 universis
2730 2633 2836 2703 42
2878 2633 3115 2687 Ecclesiis
3162 2635 3511 2702 principaliter
3549 2650 3612 2687 ca:

2048 2700 2220 2751 divina
2245 2700 2558 2754 institutione
2583 2700 2838 2766 debent—us,
2866 2705 3087 2756 imitator
3108 2700 3292 2757 uestra:
3315 2715 3608 2756 mansuetu-

2049 2770 2192 2842 diuis
2205 2770 2410 2842 effectus
2428 2771 2723 2842 adjuvares,
2745 2784 2790 2825 et
2815 2774 3097 2841 longinquis
3117 2773 3180 2826 ab
3203 2774 3480 2842 apostolica
3494 2777 3617 2825 sede

2051 2839 2343 2912 provinciis,
2368 2839 2683 2912 praesentiam
2703 2839 3073 2912 quodammodo
3096 2839 3281 2895 nostra:
3305 2842 3613 2895 uisitationis

2050 2908 2381 2977 impenderes.
2414 2908 2915 2965 Romanam'sedem
2943 2913 2999 2967 S.
3029 2912 3137 2966 Leo
3159 2912 3398 2966 obtinere
3428 2926 3611 2978 cmpe-

2050 2991 2132 3048 rat
2179 2992 2246 3031 ex
2292 2993 2434 3034 anno
2464 2977 2661 3034 Christi
2707 2981 2833 3041 MU.
2876 2981 3089 3036 biennio
3130 2992 3411 3048 antequam
3450 2977 3614 3035 Attlla

2053 3046 2303 3118 Sirmium
2327 3057 2486 3117 atque
2516 3048 2781 3118 Illyricum
2809 3050 3159 3106 devastasset.
3191 3046 3413 3118 Quinam
3432 3062 3614 3106 autem

372 3118 547 3195 eundo
582 3115 876 3195 prmesSeiit
907 3136 1001 3189 pro
1050 3115 1385 3195 imperatore,
1415 3115 1482 3175 ad
1528 3115 1688 3195 cujus
1711 3115 1943 3195 (ribunal
1972 3129 2019 3192 ρ
2052 3115 2167 3195 ejus
2193 3115 2505 3195 decessores
2532 3115 3613 3195 episcopoTtiessalonicen'si,_etquibns

373 3188 701 3252 gravissima:
734 3188 956 3258 quamne
985 3205 1155 3245 causa:
1192 3190 1555 3253 trahebantur,
1596 3188 1841 3251 decebat,
1890 3200 1949 3247 et

375 3269 502 3331 _v_e_ro
523 3268 638 3310 erat
662 3262 1041 3331 necessarium,
1075 3270 1133 3331 ut
1156 3260 1457 3331 ubicunque
1486 3260 1574 3314 ille
1600 3261 1942 3331 consisteret,

376 3324 447 3401 ibi
470 3340 533 3377 ex
563 3326 826 3401 praefectis
862 3328 1125 3401 praetorio
1150 3344 1247 3382 suo
1292 3324 1509 3384 haberet
1546 3330 1807 3401 aliquem,
1853 3324 1945 3399 qui

374 3393 491 3466 ejus
512 3396 725 3466 nomine
747 3396 1066 3463 jusdiceret.
1089 3399 1231 3465 Lego
1250 3410 1395 3453 certe
1423 3397 1559 3466 apud
1582 3393 1943 3466 Ammianuin,

376 3461 946 3539 lib._sx,_hau7tl'procul
968 3468 1045 3539 ab
1068 3461 1235 3539 initio,
1261 3468 1335 3521 Ab
1358 3461 1664 3539 imperatore
1691 3461 1941 3539 nusquam

379 3531 606 3602 disjungt'
634 3531 812 3586 debere
840 3538 1131 3605 prwfectum
1153 3538 1205 3590 in
1223 3531 1411 3592 ardore
1432 3531 1729 3592 terribilium
1756 3531 1948 3594 rerum:

381 3610 435 3675 et
481 3616 574 3669 per
597 3618 784 3661 omnes
811 3608 927 3673 ejus
946 3607 1193 3675 historia:
1233 3622 1403 3661 annos
1450 3608 1734 3664 observare
1781 3618 1882 3675 est,
1912 3624 1943 3665 a

380 3669 652 3746 Ciesarum
689 3684 779 3727 aut
824 3669 891 3746 ab
941 3674 1318 3744 imperatorum
1363 3677 1656 3746 laterevis
1715 3669 1947 3746 unquam

381 3739 615 3815 abfuisse
640 3757 703 3795 ex
728 3743 991 3815 prmfectis
1017 3739 1148 3800 'eum
1168 3747 1317 3815 cujus
1342 3747 1428 3801 ille
1451 3749 1501 3800 in
1524 3745 1738 3802 dioecesi
1769 3739 1951 3803 versa-

380 3807 555 3883 batur.
578 3810 693 3865 iam
715 3807 1023 3868 Constantio
1057 3807 1248 3869 sedem'
1272 3817 1476 3883 imperii
1510 3818 1671 3872 fuisse
1697 3817 1949 3873 Sirmium

380 3878 539 3954 docet
567 3896 663 3935 nos
707 3885 1018 3938 Ammianus
1054 3886 1292 3954 pluribus
1322 3878 1472 3943 locis.
1506 3885 1622 3940 Lib.
1654 3903 1740 3949 xvi
1766 3905 1778 3940 :
1808 3888 1951 3942 Cou-

379 3950 608 4004 stantius
638 3966 778 4007 nono
806 3968 925 4018 suo,
952 3962 1006 4007 et
1031 3950 1223 4011 Iuliani
1272 3955 1507 4009 secundo
1522 3959 1815 4022 consulatu,
1850 3957 1951 4013 hoc

379 4026 482 4079 est,
510 4034 648 4074 anno
673 4036 792 4075 arra:
818 4024 1133 4078 Christianae
1162 4025 1286 4088 557,
1320 4035 1441 4096 acto
1469 4025 1653 4079 Romae
1682 4027 1951 4096 triumpho

382 4102 569 4155 magna
593 4105 803 4163 pompa,
827 4096 1055 4161 acceptis
1079 4095 1276 4148 nuntiis
1303 4094 1369 4149 de
1398 4094 1715 4160 Suevorum,
1740 4094 1952 4163 Quado-

383 4171 501 4209 rum
530 4170 582 4235 e_t
610 4160 965 4235 Sarmatarum
998 4164 1050 4217 in
1081 4164 1346 4218 Romanas
1368 4165 1665 4235 provincias
1704 4160 1952 4235 irruptio-

384 4240 471 4302 pe,
494 4229 773 4302 tricesimo
809 4241 1084 4301 postquam
1114 4229 1384 4302 ingressus
1411 4234 1577 4288 luerat
1606 4236 1712 4299 die,
1745 4229 1828 4288 tv'
1862 4251 1953 4290 ca-

385 4294 569 4371 lendas
593 4298 775 4371 .lunias
791 4294 858 4353 ab
888 4294 1017 4356 urbe
1046 4294 1335 4369 prolEctus,
1365 4318 1460 4371 per
1488 4294 1800 4358 Tridentum
1853 4305 1953 4360 iter

384 4366 437 4418 in
464 4366 730 4434 Illyricqu
756 4366 1059 4435 festinavit,
1094 4386 1157 4425 ac
1195 4366 1440 4425 Sirmium
1471 4376 1623 4435 venit,
1649 4374 1734 4428 ubi
1771 4376 1854 4429 vel
1885 4376 1953 4430 de

385 4450 515 4511 pace
542 4452 661 4491 cum
688 4439 885 4511 Persis,
934 4440 1018 4511 vel
1063 4441 1129 4493 de
1175 4441 1316 4511 bello
1345 4442 1597 4496 adversus
1628 4444 1842 4511 Quados
1901 4454 1953 4500 et

387 4506 657 4561 Saunatas
697 4508 917 4561 consilia
958 4508 1197 4562 libraret.
1248 4510 1364 4565 Lib.
1416 4527 1560 4565 XVII:
1622 4506 1855 4568 [iaciano
1902 4524 1954 4570 et

388 4576 621 4628 Ca-reale
651 4578 976 4642 consulibus,
1010 4578 1093 4631 hic
1116 4589 1231 4633 erat
1259 4595 1430 4633 annus
1471 4581 1664 4637 Christi
1693 4585 1818 4639 358.
1852 4584 1957 4636 Au-

386 4655 531 4713 gusto
562 4645 768 4723 (inquit
788 4646 1119 4723 Ammianus)
1151 4649 1278 4723 inter
1302 4649 1410 4703 lucc
1436 4652 1705 4718 quiescenti
1730 4671 1820 4723 per
1848 4655 1957 4707 hie-

388 4729 515 4789 ptem
542 4715 679 4778 apud
710 4714 975 4789 Sirmium,
1009 4717 1310 4771 indicabant
1335 4714 1505 4774 nuntii
1542 4714 1804 4789 graves'ct
1844 4738 1960 4778 cre-

385 4781 489 4856 bri,
504 4793 812 4856 permixtos
828 4784 1097 4840 Sarmatas
1110 4796 1163 4841 et
1180 4790 1411 4856 Quados,
1439 4781 1709 4844 vicinitate
1731 4802 1783 4846 et
1808 4793 1960 4846 simi-

388 4850 607 4929 litudine
635 4850 1260 4929 morum7armaturieque
1287 4850 1597 4914 concordes.
1634 4862 1957 4929 Pannonias,

388 4920 795 4990 Mmsiarumque
821 4923 1038 4979 alteram
1066 4920 1252 4989 cuneis
1274 4929 1543 4982 incursare
1569 4931 1814 4984 diversis.
1840 4920 1956 4987 Lib:

388 5004 512 5066 sum
545 5000 705 5066 etsunt
738 4992 1015 5066 {Eusebio
1042 5007 1099 5049 et
1128 4997 1351 5066 Hypatio
1382 5000 1627 5053 lralribus
1653 5001 1959 5058 consulibus

387 5064 554 5139 (almo
583 5061 777 5139 Christi
798 5063 1079 5139 5S9).7h1
1107 5061 1243 5120 Inter
1273 5069 1386 5139 hare
1421 5070 1491 5122 ita
1520 5072 1785 5139 ambigua,
1815 5070 1957 5125 Con-

387 5132 658 5208 stantium_
696 5131 872 5185 Sirmii
910 5131 1197 5208 etiam—tum
1236 5138 1457 5208 hiberna
1484 5143 1647 5205 quiete
1665 5131 1956 5208 curantem,

387 5199 771 5274 permovebant
801 5204 968 5274 nuntii
1000 5206 1266 5259 metuendi
1290 5216 1342 5259 et
1373 5199 1560 5274 graves
1589 5210 1655 5263 (le
1684 5199 1957 5263 Sarmata;

387 5284 505 5321 rmn
550 5272 786 5343 repetilis
826 5272 1206 5327 invasionibus.
1260 5275 1336 5327 Ex
1378 5272 1521 5331 libro
1574 5295 1660 5339 xx,
1712 5280 1955 5343 sequenti

386 5353 528 5390 anno
549 5341 669 5401 fuit),
702 5339 1012 5396 Constantio
1040 5359 1070 5395 x
1103 5356 1150 5395 et
1180 5344 1387 5396 Juliano
1416 5354 1472 5398 tu
1498 5362 1659 5406 coss..
1692 5339 1957 5401 Constan-

390 5407 1243 5485 tius7apud_Constantinopolim
1298 5413 1527 5485 hiemem
1583 5418 1716 5485 egit:
1770 5432 1957 5485 quare,

387 5478 526 5542 apud
550 5479 800 5533 Sirmium
835 5495 926 5547 per
952 5496 1118 5535 annos
1140 5482 1266 5545 557,
1309 5480 1410 5535 558
1454 5494 1506 5538 et
1532 5478 1642 5539 55g
1687 5478 1962 5540 triennalia

386 5547 503 5624 ejus
523 5550 868 5624 commoratio
890 5551 1013 5610 fuit;
1044 5550 1292 5624 praefecto
1322 5556 1569 5624 prdatorio
1593 5554 1960 5624 perlllyricum

390 5617 658 5679 Anatolio,
714 5618 863 5684 cujus
913 5620 1153 5674 meminit
1183 5622 1489 5675 Ammianus
1539 5617 1675 5677 libro
1717 5617 1827 5677 xix.
1862 5623 1962 5676 I‘er

389 5684 493 5737 huc
524 5687 806 5740 triennium
837 5692 1026 5759 opinor
1074 5691 1238 5746 fuisse
1288 5694 1425 5761 apud
1474 5695 1724 5751 Sirmium
1760 5694 1778 5753 l
1807 5704 1859 5749 ut
1890 5696 1964 5750 ait

1984 4480 2031 4539 Ι)

2050 3186 2103 3239 in
2142 3186 2428 3259 provinciis
2459 3188 2600 3259 vices
2621 3186 2744 3259 suas
2765 3189 3155 3253 demandarint,
3178 3191 3351 3259 aperit
3369 3186 3619 3259 Nicotaus

2047 3268 2180 3323 papa
2202 3256 2217 3308 l
2242 3256 2297 3327 i7n7
2313 3256 2534 3327 epistola
2550 3256 2586 3309 2
2607 3258 2669 3309 ad
2687 3258 2730 3311 Μ
2738 3259 2991 3314 ichaelem
3019 3256 3388 3327 impera—torem
3402 3257 3617 3313 ϐιωσο-

2047 3338 2192 3390 rum;
2212 3326 2302 3397 ubi
2325 3326 2481 3383 docet
2495 3329 2798 3397 episcopum
2818 3328 3340 3383 Thessalonicensem
3389 3328 3616 3397 [inmani

2050 3396 2313 3461 pontilicis
2350 3396 2709 3466 vices_cgisse
2750 3414 2839 3466 per
2865 3397 3078 3466 Epirum
3117 3408 3351 3462 veterem,
3396 3396 3620 3465 Epirum

2047 3478 2254 3535 novam,
2299 3474 2449 3535 atque
2492 3464 2795 3535 Illyricum,
2842 3464 3226 3531 Macedoniam,
3275 3467 3619 3529 Thessaliam,

2049 3532 2301 3605 Achaiam
2314 3576 2328 3599 ,
2365 3532 2588 3605 Daciam
2612 3532 2908 3605 Ripensem,
2965 3536 3271 3604 Deciumque
3308 3537 3615 3589 Mediterra-

2050 3619 2216 3672 neum,
2245 3600 2488 3672 Mysiam,
2513 3600 2849 3672 Dardaniam,
2879 3600 2924 3660 et
2953 3600 3220 3660 amatam
3243 3622 3263 3658 :
3284 3606 3439 3672 idque
3470 3614 3613 3659 tem-

2052 3670 2268 3744 poribus
2294 3670 2900 3744 gecessoruursuorum,
2935 3674 3163 3744 Damasi,
3211 3670 3406 3741 Siricii,
3432 3674 3619 3744 inno-

2050 3741 2232 3811 c_entii,
2281 3738 2567 3811 Bonifacii,
2617 3738 2896 3805 Caelestini,
2942 3744 3106 3811 Sixti,
3150 3738 3365 3810 Leonis,
3394 3738 3617 3809 ’Hilari,

2052 3809 2331 3883 Simplicii,
2363 3808 2561 3883 Felicis
2582 3822 2627 3865 et
2659 3812 2948 3868 Hormisdte
2972 3829 2991 3867 .'
3030 3808 3313 3883 exquibus
3351 3808 3622 3883 septimus

2050 3879 2157 3934 Leo
2187 3881 2472 3952 Attilanam
2499 3881 2690 3952 Illyrici
2716 3894 2770 3937 et
2797 3883 2977 3939 Sirmii
3006 3879 3302 3937 vastitatem
3326 3879 3613 3952 spectavit,

2053 3964 2145 4002 se!
2174 3949 2378 4017 priores
2402 3949 2641 4006 eamdem
2672 3967 3009 4019 praecessere.
3035 3954 3207 4018 Quare
3228 3949 3488 4006 ante'eam
3508 3951 3619 4004 cla.

2050 4018 2192 4084 dem,
2240 4019 2475 4089 episcopi
2532 4018 3038 4077 Thessalonicenses
3083 4022 3295 4075 luerunt
3341 4023 3618 4087 primates,

2052 4104 2156 4160 non
2198 4098 2400 4160 tantum
2450 4091 2501 4144 in
2549 4092 2758 4160 Illyrico
2797 4091 2935 4159 quod
2980 4102 3097 4159 post
3129 4090 3346 4143 llonorii
3392 4089 3617 4160 exordia

2051 4158 2321 4228 Orientale
2358 4160 2556 4214 dictum
2589 4158 2697 4225 est;
2749 4158 2843 4214 sed
2882 4158 3041 4214 etiam
3091 4160 3142 4214 in
3186 4161 3302 4215 aliis
3328 4159 3621 4228 provinciis

2051 4227 2247 4295 Illyrici
2300 4229 2635 4298 postmodum
2700 4230 2825 4284 dicti
2875 4229 3262 4293 Occidentalis;
3326 4227 3516 4295 nempe
3563 4229 3621 4282 in

2053 4299 2239 4367 Mysia,
2270 4300 2321 4351 in
2342 4298 2501 4352 Dacia
2520 4308 2762 4367 utraque,
2790 4311 2845 4353 et
2872 4302 2923 4353 in
2946 4299 3153 4366 Illyrico
3182 4299 3363 4352 stricte
3385 4308 3622 4364 sitmpto,

2053 4369 2193 4435 quod
2227 4378 2333 4421 tum
2365 4368 2684 4438 Pannonias,
2711 4370 2949 4438 adeoque
2973 4370 3221 4423 Sirmium
3247 4369 3453 4422 videtur
3471 4382 3620 4420 com-

2058 4438 2422 4503 preIn-ndisse.
2451 4437 2582 4491 Cum
2615 4454 2743 4506 ergo
2775 4437 3029 4491 Damasus
3052 4439 3357 4506 episcopum
3388 4440 3622 4489 'l‘bcssa-

2056 4508 2379 4561 Ionicensem
2410 4508 2684 4575 primatem
2716 4509 3055 4561 constituerit
3105 4509 3262 4560 etiam
3306 4509 3357 4560 in
3384 4508 3622 4575 Illyrici»,

2060 4576 2113 4629 in
2142 4577 2357 4641 Mmsia,
2400 4586 2455 4632 et
2482 4580 2534 4629 in
2568 4578 2723 4630 Dacia
2761 4588 3002 4645 utraque,
3055 4585 3112 4630 ut
3154 4579 3344 4630 asserit
3378 4575 3627 4629 NiCUlalIS

2060 4661 2226 4715 papa;
2249 4656 2385 4700 etes
2408 4658 2622 4701 auctore
2644 4646 2827 4702 Grmco
2857 4647 3119 4716 synodici,
3154 4656 3391 4714 tempore
3413 4645 3626 4716 Damasi

2059 4714 2313 4770 Acbolius
2358 4718 2635 4785 episcopus
2683 4714 3117 4779 Thessalonicae,
3167 4732 3285 4769 cum
3338 4714 3627 4769 Ambrosio

2058 4786 2437 4839 Mediolanensi
2492 4786 2766 4853 praefuerit
2822 4788 3049 4839 concilio
3100 4785 3424 4854 Aquileiensi
3482 4798 3627 4835 anno

2061 4856 2255 4909 Christi
2281 4855 2375 4910 '58I
2392 4896 2405 4916 ,
2430 4855 2538 4922 jam
2575 4864 2680 4907 tum
2704 4867 2921 4923 apparet
2946 4856 3225 4924 primatem
3250 4860 3409 4909 luisse
3430 4856 3480 4907 in
3503 4854 3631 4922 Illy-

2065 4940 2176 4980 nco
2204 4925 2511 4992 episcopum
2544 4924 3093 4979 Thessalonicensem.

2142 4996 2332 5049 Verum
2358 4996 2456 5047 iste
2476 5009 2568 5048 seu
2592 4996 2869 5061 primatus,
2887 5010 2979 5048 seu
3003 4994 3286 5049 sicariz-tus
3302 4992 3629 5061 apostolicus

2065 5064 2300 5133 CpisCOpi
2324 5064 2813 5117 Thessalonicensis
2844 5065 2994 5133 longe
3016 5076 3097 5117 est
3120 5066 3416 5117 evidentior
3444 5079 3505 5117 ex
3529 5064 3627 5115 ali-

2064 5143 2190 5202 quot
2218 5136 2572 5186 llomanormn
2606 5134 2908 5199 pontiﬁcum
2957 5134 3216 5199 epis-olis,
3267 5149 3436 5201 nuper
3485 5147 3627 5186 anno

2066 5204 2204 5257 1662
2253 5202 2436 5255 Roma:
2483 5203 2640 5257 editis
2686 5204 2736 5254 in
2790 5204 2947 5258 Luem
2992 5202 3247 5256 Ilolstcnii
3293 5203 3627 5256 Collectiono

2065 5278 2365 5342 postliuma.
2400 5272 2493 5335 Ibi,
2529 5288 2646 5341 pag.
2673 5273 2764 5334 45,
2793 5272 3013 5327 Acholio
3042 5273 3299 5325 D.-masus
3330 5289 3472 5325 vnces
3501 5287 3627 5342 suas

2062 5341 2365 5404 committit,
2400 5351 2455 5394 ut
2481 5342 2534 5411 in
2564 5342 2766 5411 synodo
2795 5356 3036 5397 (acumen
3061 5358 3119 5394 ca
3140 5341 3627 5407 Constantinopoli~

2063 5421 2184 5465 taua
2215 5412 2503 5465 Maximum
2531 5411 2785 5481 Cynicum
2814 5427 2843 5462 a
2874 5411 3142 5465 nonnullis
3167 5413 3432 5478 episcOpis
3464 5412 3628 5479 Egy-

2066 5483 2186 5550 ptiis
2210 5482 2510 5534 ordinatum
2533 5480 2862 5535 eyiauetorari
2888 5492 3041 5534 curet
3085 5481 3234 5546 Quod
3256 5492 3308 5534 et
3336 5482 3405 5534 ibi
3431 5481 3627 5534 factum

2065 5563 2146 5606 est
2169 5566 2375 5605 canone
2395 5550 2500 5619 43
2522 5552 2634 5618 ejus
2662 5552 2845 5620 synodi
2877 5558 3085 5617 quarto.
3114 5551 3305 5617 Pagina
3330 5550 3515 5605 eadem
3536 5552 3623 5614 45,

2067 5623 2267 5691 Anysio
2283 5620 2489 5691 Acholii
2514 5622 2806 5691 successori
2826 5621 3044 5673 Siricins
3069 5636 3198 5688 papa
3228 5621 3431 5674 litteras
3457 5620 3624 5685 dedit,

2068 5702 2121 5746 ut
2144 5688 2305 5757 nulla,
2324 5689 2510 5758 inquit,
2531 5688 2731 5744 licentia
2760 5699 2905 5754 esset,
2924 5692 3023 5744 sive
3050 5706 3293 5745 consensu
3315 5702 3400 5745 tuo
3426 5692 3477 5745 in
3499 5691 3632 5758 Illy~
