1978 3090
165 175 211 202 Mil

677 172 708 199 IN
728 171 842 201 Oi’ERA
865 170 975 199 VlGlLll
995 169 1180 199 TAPSENSIS
1200 170 1313 199 ΝυΤᾹῦ.

1740 169 1792 195 50.’

165 233 207 266 qui
223 235 300 258 extra
315 230 411 257 solnnt.
429 229 475 257 llic
490 221 603 266 estorris
618 228 722 266 Vigilio.
739 236 786 266 pro
797 229 895 260 alieno,
907 235 949 256 se—
964 229 989 259 Α
1004 230 1083 266 huius
1095 227 1214 266 epistol:_c
1230 232 1338 266 auctore
1348 226 1704 266 contentioLolijicicntiunt
1718 226 1788 266 tiar-

165 264 268 301 jnncto,
289 271 428 301 extr-anno.
454 265 627 301 Antiquorum
651 264 949 301 ChristiJIIOI'UIIl_ll§ll,

165 298 290 329 extorres
315 300 412 326 diversi
428 304 503 326 erant
524 307 537 324 ιι
559 299 752 333 professoribus
771 304 797 325 et
816 298 952 333 confesso-

166 337 253 368 ribtts;
268 335 322 362 itno
336 340 363 361 ct
379 335 413 361 ab
428 332 567 361 exsulibus
584 339 611 361 et
628 341 641 360 a
658 333 792 366 relegatis.
810 332 951 360 Professor

165 375 222 398 erat
233 371 278 404 qui
295 371 364 396 ultro
374 374 401 396 et
417 377 469 395 non
488 369 672 402 interpellatus
686 368 764 395 ﬁdem
779 368 877 395 Christi
891 375 952 404 pro-

167 403 300 432 ﬁtebatur.
317 404 470 435 Confessor,
486 404 530 438 qtti
547 408 647 430 tantum
665 403 861 436 interpellatus;
876 403 918 430 cui
929 404 950 430 si

167 448 214 474 pro
234 440 287 466 title
309 439 362 473 pati
378 439 476 472 aliquid
490 439 667 472 contingeret,
679 439 784 468 etiamsi
805 446 856 466 neu
869 446 952 474 usque

165 473 197 501 ad
212 479 340 505 ntortem,
353 478 453 509 martyr
465 474 617 500 dicebatur:
632 481 710 509 quam
732 478 819 500 tamen
834 473 953 509 appella-

167 511 267 536 tionem
283 509 348 536 solis
359 509 391 535 ad
406 512 517 535 mortem
530 515 612 542 usque
624 508 724 535 vexatis
731 508 852 535 attribuit
863 511 952 543 poste-

166 546 220 571 rior
234 549 311 571 actas.
332 544 462 576 Estorris,
477 543 522 576 qui
537 549 632 577 sponte
651 543 735 577 patrio
758 543 814 570 solo
830 549 953 570 excesse-

167 586 217 612 rat,
225 580 283 606 sive
294 582 485 605 tormentorum
497 584 579 609 metu,
590 578 646 605 sive
656 579 706 604 alia
714 584 747 605 ex
760 585 848 605 causa.
860 577 951 609 Exsul,

166 615 209 648 qui
236 614 322 649 patria
337 613 439 649 ejectus
457 613 552 649 fuerat.
577 613 730 649 Belegatus,
745 612 910 649 quiicerturn
927 612 953 649 in

167 646 255 676 locum
281 646 447 675 amandatus.
473 648 550 674 Plura
577 648 602 674 in
628 655 683 674 rem
705 647 771 673 banc
797 646 954 675 Baroniusﬁ

168 684 296 717 Januarii,
313 684 401 710 littera
416 683 448 714 H;
463 682 612 709 Ludovicus
625 681 659 709 de
671 682 695 709 la
710 681 792 709 Cerda
810 683 834 709 in
852 683 954 710 Adver-

167 720 244 745 sarits
259 719 352 750 sacris,
367 725 426 752 cap.
439 718 483 749 72,
500 726 573 744 num.
587 717 614 744 6.

169 766 229 799 Pag.
243 765 289 793 ‘25.
306 765 451 800 Secundum
466 773 542 799 quam
554 785 562 796 ,
578 770 679 800 propter
692 765 809 800 unionem
823 771 937 798 personc
946 783 953 795 ,

287 808 344 826 cum
355 801 387 826 sit
404 798 481 830 Deus,
492 798 582 826 servus
591 800 672 834 factus
682 803 717 826 est
733 798 829 825 Patris.

203 846 239 873 Ita
255 853 349 873 omnes
361 852 428 875 altos
442 845 556 872 vidimus
570 844 675 872 codices
688 851 753 871 mss.
767 844 908 875 Corrupte,
926 847 956 870 ut

203 854 239 873 tta
255 854 349 873 omnes
381 854 428 872 uos
442 854 556 872 vtutmus
570 854 675 872 contces
688 854 753 871 mss.
767 854 908 875 horrupte,
926 854 952 870 ut

168 882 281 912 videtur,
298 882 323 907 in
335 854 447 915 vu‘igatis
459 889 465 906 :
480 888 558 911 eaque
567 880 705 906 secundant
716 884 814 905 natura
824 886 876 905 sua:
887 879 952 904 veri-

169 917 388 949 tatem,divinitati
399 917 424 942 in
438 916 551 942 eamdem
563 923 695 950 personant
705 915 776 940 unita
787 919 838 940 cst:
851 917 953 947 propter

169 959 243 983 quam
266 952 384 978 unioncm
405 958 530 984 personae,
545 948 602 976 cum
618 950 650 976 sit
670 948 747 982 Deus,
763 957 848 975 servus
870 950 952 982 factus

169 992 204 1012 est
219 985 318 1013 Putris.

235 1031 293 1060 Lib.
309 1039 344 1063 tv,
356 1039 416 1066 pag.
427 1031 471 1058 δι.
488 1030 606 1064 Defensio
616 1030 730 1066 epistola:
741 1029 771 1057 S.
781 1029 886 1066 Leonis.

205 1066 268 1093 Περ
279 1071 320 1093 est
329 1064 401 1094 beati
412 1066 508 1093 Leonis
520 1073 593 1100 papae
605 1066 613 1092 l
627 1065 743 1099 Epistula
754 1065 786 1091 ad
800 1064 954 1100 Flavianum

170 1102 324 1135 episcopum
350 1099 689 1135 Coustantinopolitanum,
710 1107 769 1134 qttte
797 1099 953 1129 duodecima

170 1140 296 1163 censetur
305 1138 371 1163 inter
379 1136 591 1168 ejttsderretales
602 1135 693 1162 Romae
701 1136 784 1162 editas
792 1142 862 1161 anno
875 1136 952 1167 1591,

171 1171 197 1198 in
208 1171 268 1198 aliis
284 1170 339 1198 fere
354 1170 516 1198 editionihns
526 1170 628 1197 decima
641 1178 647 1196 z
664 1177 712 1204 pro
722 1178 771 1203 qua
785 1171 834 1197 hoc
849 1169 917 1197 libro
929 1178 955 1197 tv

171 1211 267 1240 pugnat
278 1213 310 1233 ex
324 1206 444 1239 professo
453 1205 563 1240 Vigilius
577 1209 666 1232 noster
673 1204 801 1232 adversus
812 1204 954 1240 Eutyctiia-

171 1249 233 1268 num
250 1241 342 1268 incerti
366 1239 493 1271 nominis,
513 1248 527 1266 a
545 1248 597 1275 quo
621 1240 687 1267 liber
706 1240 807 1275 exierat
827 1239 955 1274 adversus

171 1276 311 1310 epistolam
328 1277 394 1302 hanc
408 1275 436 1303 S.
453 1275 557 1306 Leonis,
574 1279 601 1302 et
618 1274 712 1309 synodi
725 1274 953 1309 Chalcedonensis

171 1311 297 1338 decreta:
312 1318 390 1344 quem
406 1315 433 1338 et
452 1318 511 1344 cap.
535 1311 566 1337 15
585 1310 762 1342 impiissimum
783 1310 907 1344 appellat,
927 1315 955 1338 et

172 1345 340 1380 Eutyrhiante
359 1346 480 1372 haereseos
501 1353 594 1372 veneno
617 1345 749 1377 infectum.
767 1345 850 1380 Quam
876 1344 953 1374 bonas

170 1379 324 1414 83'autem
337 1387 425 1407 causa:
440 1380 620 1414 patrocinetur
637 1379 755 1413 Vigilius,
768 1379 897 1414 intelliget
909 1381 953 1413 qui

172 1413 323 1442 meminerit
338 1416 433 1448 quibus
442 1413 532 1442 verbis
548 1422 579 1442 ea
594 1414 704 1447 epiSIOIa
724 1422 738 1441 a
752 1413 864 1441 concilii
873 1414 954 1442 Chal-

170 1449 328 1477 eedonensis
343 1450 463 1477 Patrbus
473 1449 657 1477 commendata
671 1450 716 1482 sit,
731 1454 882 1483 quantoque
896 1458 954 1477 om-

148 1498 154 1503 -
170 1485 243 1511 nium
259 1485 432 1512 Ecclesiarum
442 1492 458 1512 e
468 1492 572 1512 insensu
585 1489 612 1512 et
622 1484 749 1518 applausu
758 1484 791 1511 ab
799 1484 953 1513 ortbodoxis

169 1525 277 1554 accepta
288 1529 294 1545 ι
307 1520 338 1546 de
348 1520 422 1554 cujus
432 1525 500 1546 textu
512 1520 637 1555 quispiam
649 1519 743 1554 (inquit
753 1519 884 1551 Gclasins,
896 1520 952 1548 sive

170 1554 324 1582 llormisdas
340 1555 365 1581 in
380 1555 491 1582 Decreto
500 1554 534 1582 de
540 1554 695 1588 Scripturis)
708 1555 728 1581 si
738 1562 816 1589 usque
827 1554 861 1581 ad
873 1563 950 1582 unum

1002 261 1126 290 cellinntn
1138 264 1273 294 comitem,
1289 264 1331 294 qui
1348 262 1456 288 Viviano
1471 267 1497 289 et
1506 261 1670 289 Fclieetoss.
1680 261 1712 287 de
1724 261 1788 287 Pro-

1002 271 1126 290 cemnntn
1138 271 1273 294 comttem,
1308 271 1331 289 ιιι
1349 271 1456 288 vtvtano
1471 271 1497 289 et
1506 271 1593 289 rcnce
1600 271 1670 288 coss.
1680 271 1712 287 ut:
1724 271 1788 287 rru-

1002 304 1082 332 spero
1096 305 1193 337 agens-2
1207 271 1550 337 Episttiiwﬂuoquelninquit,
1560 304 1634 331 papa:
1642 296 1733 337 Leonis
1743 297 1790 322 ad-

1002 330 1087 359 versus
1101 330 1240 367 Eutychen:
1252 333 1284 358 de
1290 332 1345 367 84
1358 340 1414 358 vera
1425 330 1518 358 Christi
1529 331 1702 358 incarnatione
1711 330 1787 367 datre,

1002 368 1034 393 ab
1047 367 1095 393 isto
1110 365 1213 394 dictatrc
1225 365 1364 393 ri-edu'tttitr
1375 374 1385 393 :
1398 367 1467 401 quod
1484 367 1578 393 iisdem
1597 367 1687 393 verbis
1708 365 1790 393 refert

1003 401 1028 428 in
1053 401 1187 436 Prospero
1211 402 1377 431 Gennadius:
1397 402 1501 428 tametsi
1522 402 1548 428 in
1574 401 1663 428 Leone
1682 402 1788 427 easdem

1003 437 1074 471 ipsas
1094 437 1221 471 epistolas
1237 437 1317 464 Leoni
1340 437 1438 464 diserte
1461 436 1585 463 ascribat.
1604 436 1674 463 Sane
1697 437 1785 463 scriba

1003 472 1048 505 qui
1062 472 1173 506 principi
1189 477 1234 498 aut
1250 472 1365 505 pontiﬁci
1377 476 1417 498 est
1428 471 1461 498 ab
1475 471 1605 505 epistolis,
1619 471 1675 498 sive
1688 479 1703 497 a
1714 479 1788 498 com.

1004 507 1150 542 memoriis,
1173 515 1267 542 manus
1282 506 1477 542 quodammodo
1496 506 1629 542 ejusrest:
1649 511 1788 542 perspecta

1003 542 1073 568 enim
1088 541 1189 568 domini
1212 548 1300 568 mente
1314 541 1399 575 quoad
1419 541 1566 575 argumenti
1586 547 1726 572 summam,
1743 549 1788 568 ro-

1003 576 1103 610 scripto
1128 576 1238 603 formam
1256 576 1365 606 addere,
1379 583 1481 609 suoque
1495 575 1558 602 illud
1578 576 1647 610 ston
1669 583 1782 603 exarare

1004 611 1080 637 solet.
1097 611 1132 638 Ita
1148 612 1274 646 scriptum
1291 612 1360 638 idem
1377 615 1404 637 et
1426 611 1537 646 principi
1550 614 1582 646 et
1591 610 1687 646 scriba:
1700 611 1786 644 impu-

1005 646 1055 674 tari
1070 650 1170 680 potest;
1184 646 1247 672 utin
1261 646 1418 672 Theoderici
1430 645 1688 680 Wisigottbiedictis
1699 646 1789 673 videre

1004 685 1054 712 est,
1068 688 1127 714 qua:
1138 688 1163 708 et
1177 682 1334 707 (Iassiodoro
1345 682 1507 710 tribuuntur.
1519 680 1665 715 Singularis
1676 681 1789 713 qttteslio

1004 715 1091 743 estde
1107 715 1156 742 hac
1170 716 1280 749 epistola
1297 717 1327 741 ad
1344 716 1496 742 Flavianum
1506 715 1634 742 adversus
1647 716 1789 749 Entychis-

1005 758 1065 778 nam
1093 750 1215 777 Ιιίυιρεὶιιι
1242 752 1401 784 conscripta,
1429 758 1461 776 an
1488 750 1522 777 de
1548 750 1684 784 Prosperi,
1703 758 1736 777 an
1755 751 1789 778 de

1004 784 1101 813 Leonis
1122 792 1195 818 papa:
1220 786 1325 819 ingenio
1349 791 1440 811 t'xltlSﬂ
1456 786 1505 817 sit;
1520 792 1580 811 cutn
1602 790 1743 819 utrumque
1761 792 1789 813 et

1005 819 1222 855 disertissimum,
1234 825 1261 848 et
1273 821 1332 847 tidei
1347 820 1499 854 dogmatum
1515 821 1634 855 apprime
1647 821 1788 848 callentem

1004 853 1085 883 fuisse
1095 859 1209 890 constet.
1224 856 1250 885 ιιι
1263 863 1316 890 quo
1329 853 1436 882 difﬁcile
1446 860 1487 882 est
1500 853 1643 889 quidquam
1655 857 1720 882 certi
1735 860 1789 882 sta-

1007 893 1092 917 tuere.
1116 889 1143 917 Si
1169 889 1321 921 confectura
1349 891 1479 924 agendum
1505 895 1554 920 est.
1579 891 1787 917 existimaverim

1006 925 1076 951 illam
1097 929 1123 952 et
1147 925 1242 952 Leonis
1265 930 1291 952 et
1311 926 1430 959 l‘rosperi
1448 932 1515 959 opus
1536 925 1627 956 fuisse,
1643 926 1687 958 qui
1710 927 1789 952 ambo

1005 960 1207 987 communicatis
1229 961 1298 987 inter
1313 968 1373 988 sese
1391 965 1417 986 et
1436 967 1496 987 cutn
1517 960 1570 987 Deo
1584 960 1713 991 consiliis,
1729 968 1788 988 eam

1005 995 1077 1021 omni
1092 1002 1123 1021 es
1137 1000 1210 1028 parte
1232 995 1401 1029 perfecerint.
1418 995 1490 1021 Haud
1506 1001 1581 1021 certe
1601 996 1686 1021 aliena
1702 1000 1743 1022 est
1757 996 1789 1023 ab

1009 1029 1163 1060 indubitalis
1179 1030 1238 1057 aliis
1253 1029 1377 1063 operibus
1398 1030 1484 1064 magni
1500 1029 1615 1056 Leonis:
1629 1034 1656 1056 et
1668 1031 1789 1063 titiamvis

1006 1064 1103 1098 aliquid
1122 1065 1146 1091 in
1162 1072 1220 1091 eam
1237 1065 1391 1093 centulissct
1408 1064 1531 1099 Prosper,
1555 1064 1634 1091 Leoni
1658 1069 1746 1092 tamen
1763 1066 1789 1092 in

1007 1099 1098 1132 primis
1111 1100 1250 1127 tribuenda
1266 1104 1315 1130 est,
1330 1104 1356 1126 ut
1369 1100 1413 1133 qui
1432 1106 1490 1126 eam
1506 1100 1680 1132 recensoeril,
1698 1107 1788 1126 etttcn-

1005 1134 1119 1161 dandam
1137 1135 1214 1161 Petro
1225 1142 1265 1168 apt
1276 1135 1345 1162 stolo
1360 1134 1493 1164 detulcrlt,
1510 1136 1668 1161 auctoritate
1683 1142 1730 1160 sui
1747 1137 1788 1161 tir-

1005 1170 1093 1201 marit,
1107 1177 1138 1196 ac
1151 1177 1197 1203 per
1207 1177 1300 1196 omnes
1314 1170 1429 1196 Urieziiis
1441 1170 1643 1203 Occidentisqu
1659 1170 1789 1197 iLcclesias

1004 1204 1146 1238 sparserit;
1171 1207 1238 1232 adeo
1262 1210 1289 1232 ut
1308 1205 1341 1231 ab
1359 1212 1390 1232 eo
1411 1206 1482 1231 velut
1504 1204 1640 1230 catltolit-a:
1662 1204 1789 1232 Ecclesia:

1004 1246 1109 1266 summo
1120 1241 1207 1273 capite
1220 1241 1272 1266 vim
1289 1240 1400 1269 traxerit
1414 1240 1446 1266 ad
1460 1239 1538 1266 [idem
1555 1240 1752 1266 stabi'iendam.

1040 1274 1171 1302 thtermu
1183 1280 1282 1309 quanto
1297 1275 1386 1302 studio
1404 1275 1580 1302 allaboratum
1594 1275 1629 1300 sit
1643 1274 1685 1301 vel
1701 1275 1761 1302 inde
1773 1283 1786 1301 a

1005 1310 1088 1343 prima
1104 1310 1171 1336 sacri
1189 1310 1266 1345 hujus
1280 1310 1400 1344 opusculi
1418 1309 1544 1340 editione,
1562 1314 1588 1335 ut
1601 1310 1678 1342 quale
1693 1309 1726 1336 ab
1739 1317 1787 1336 an-

1004 1348 1078 1371 ctore
1090 1352 1138 1371 suo
1153 1344 1296 1379 prodierat,
1313 1352 1346 1372 ne
1358 1352 1432 1379 apice
1442 1345 1549 1379 quidem
1566 1345 1704 1371 immutato
1718 1344 1786 1370 inta-

1005 1384 1077 1406 ctum
1089 1379 1270 1415 illibatumque
1283 1384 1448 1412 servaretur;
1469 1384 1565 1415 praeter
1577 1379 1674 1406 Gelasii
1695 1379 1786 1407 decre-

1005 1418 1059 1450 tum
1072 1415 1116 1449 (de
1131 1422 1182 1450 quo
1197 1415 1288 1449 supra)
1304 1415 1416 1450 probant
1434 1414 1577 1450 Galliarum
1591 1415 1720 1448 episcopi,
1736 1415 1786 1442 Ce-

1005 1423 1059 1454 tum
1072 1423 1116 1449 tae
1131 1423 1182 1450 quo
1197 1423 1288 1449 supra)
1293 1423 1416 1476 ‘pronant
1434 1423 1577 1442 ωιιιιιιι-ιιιιι
1591 1423 1720 1448 episcopi,
1736 1423 1786 1442 he-

1004 1454 1097 1481 rettus,
1113 1450 1236 1476 Salonius
1250 1454 1276 1477 et
1315 1457 1421 1481 eranus,
1438 1450 1500 1476 dum
1517 1449 1548 1476 ad
1563 1449 1678 1476 Leonem
1689 1449 1722 1476 de
1738 1449 1786 1476 hac

1004 1483 1181 1520 ipsa‘epistola
1195 1484 1233 1512 sic
1246 1484 1365 1512 scribunt
1378 1493 1383 1510 :
1399 1484 1494 1520 Magna
1504 1490 1625 1519 praeterea
1632 1489 1655 1510 et
1663 1484 1786 1517 ineffabili

1003 1518 1112 1552 quadam
1132 1527 1177 1546 nos
1192 1520 1333 1555 peculiares
1354 1520 1391 1547 tui
1410 1518 1578 1555 gratulatione
1595 1521 1784 1549 succrescnntts.

1003 1554 1071 1591 quod
1088 1555 1133 1591 illa
1144 1554 1270 1591 specialis
1284 1554 1610 1591 doctrinw’t'estrterpagina
1622 1555 1659 1589 ita
1671 1562 1716 1588 per
1731 1562 1784 1581 out-

168 1590 218 1615 iota
233 1589 406 1624 disputauerit,
426 1595 449 1616 et
467 1598 517 1616 non
535 1598 590 1617 eain
601 1584 634 1617 'in
650 1584 764 1616 omnibus
774 1584 950 1618 'venerabiliter
962 1584 986 1616 C
1002 1584 1072 1615 nium
1087 1584 1261 1618 Eccleiiarum
1272 1590 1443 1617 conventiruta
1454 1584 1602 1622 celebratum
1616 1586 1644 1615 u't
1656 1584 1712 1616 v'erc
1721 1597 1783 1616 con-

168 1627 301 1658 receperit,
328 1625 462 1651 anathema
487 1625 529 1652 sit.
558 1625 688 1659 Antiquus
715 1630 806 1651 auctor
830 1624 895 1652 Vita:
918 1625 947 1653 S.

167 1660 266 1691 Amoti,
276 1668 308 1686 δι
323 1660 453 1686 monacho
462 1662 574 1694 primum
584 1658 744 1692 Agautiensi,
754 1658 851 1687 deinde
862 1660 949 1687 Luxo-

166 1694 262 1726 viensi,
273 1694 455 1722 Habendensis
466 1695 567 1722 .ilibal‘s
580 1703 587 1721 :
600 1694 662 1722 llos
672 1695 766 1727 itaque,
781 1694 828 1727 ait,
842 1702 899 1721 cum
913 1696 948 1722 ad

165 1729 242 1761 ﬁnem
256 1730 370 1762 venisset,
391 1730 492 1756 cuidam
517 1731 592 1764 fratri
610 1729 747 1764 prwcepit:
760 1729 839 1763 Alfer,
855 1730 946 1764 inquit,

165 1765 299 1797 epistolam
312 1772 385 1799 papae
395 1764 483 1791 Leonis
498 1765 531 1791 ad
545 1770 659 1791 sanctum
677 1764 828 1792 Flavianum
842 1765 947 1797 datam;

164 1807 220 1832 quit
233 1807 319 1825 coram
331 1807 371 1825 me
383 1798 490 1832 legatur,
505 1800 622 1832 quoniam
637 1800 662 1825 in
677 1807 707 1826 ea
723 1799 868 1831 plenissima
882 1801 947 1826 ratio

165 1834 225 1874 fidei
240 1835 373 1874 catholici!
385 1835 535 1860 contine'ur.
553 1834 732 1874 Altatlyitaque
741 1834 948 1874 epistulare-ram

164 1876 193 1894 eo
200 1869 341 1904 legebatur.
354 1868 464 1904 (jamque
477 1873 657 1901 recenseretur,
670 1868 707 1896 vir
715 1874 817 1896 sanctus
828 1869 946 1904 dicebat:

164 1904 209 1929 Sic
238 1904 315 1930 credo
340 1903 463 1937 (Trinitas
481 1904 629 1937 ine/futtilis)
642 1912 651 1930 :
666 1904 702 1930 ita
722 1904 855 1938 conﬁteor,
878 1903 948 1931 Deus

163 1939 319 1972 onutipotens
328 1948 337 1965 .'
351 1939 386 1965 ita
398 1939 429 1965 de
442 1942 465 1965 te
475 1940 566 1971 sentio,
580 1938 699 1975 Fili‘Dei,
714 1938 775 1966 Jesu
785 1938 894 1975 Christe,
905 1941 949 1975 qui

163 1980 209 2006 pro
224 1978 314 2000 nostra
326 1974 407 2000 salute
422 1974 541 2008 dignatus
553 1982 580 2000 es
594 1974 620 2000 in
631 1973 698 2000 hunc
710 1974 834 2000 mundum
848 1973 948 2002 uenire:

162 2009 197 2033 sic
208 2008 281 2043 defle
296 2008 420 2043 intelligo,
437 2009 551 2043 Spiritus
565 2014 662 2040 sancte,
677 2009 813 2043 procedens
830 2009 861 2036 ab
879 2014 948 2043 utro-

162 2017 197 2033 uc
208 2017 243 2034 ae
257 2017 281 2033 te
296 2017 420 2068 mtettftpo,
437 2017 455 2035 ο
477 2017 551 2035 tritus
565 2017 662 2040 sancte,
677 2017 813 2043 proceaens
830 2017 861 2036 an
879 2017 948 2040 utro-

162 2050 218 2076 que,
235 2042 314 2070 Patre
326 2048 348 2069 et
385 2043 440 2070 ilio.
454 2018 540 2070 guunt
550 2043 632 2070 Deum
644 2044 668 2070 in
679 2043 814 2076 Trinitate,
824 2043 851 2070 'et
865 2042 949 2071 Trini-

162 2082 238 2103 tatem
259 2078 286 2104 in
306 2078 402 2104 unitate
420 2080 551 2110 confiteor.
572 2077 614 2105 Ita
634 2079 736 2105 edoctus
758 2079 789 2106 de
810 2083 853 2105 tua
869 2080 948 2106 sentio

162 2111 356 2143 Intarnationr,
377 2114 487 2147 piissime
503 2112 611 2141 Christe.
635 2114 703 2146 Quid
724 2113 816 2146 plura?
829 2122 872 2148 per
890 2115 948 2140 uni-

161 2154 244 2184 uersas
267 2148 403 2184 sententias
420 2156 493 2175 suam
512 2156 609 2182 semper
625 2148 727 2182 aptabat
747 2149 948 2184 confessionem;

162 2187 188 2207 tu
201 2183 299 2208 scilicet
319 2183 355 2208 cir
367 2187 469 2210 sanctus
484 2192 509 2209 se
524 2184 549 2209 in
561 2184 675 2210 omnibus
694 2183 864 2210 orthodoxam
880 2192 947 2210 com-

191 2217 289 2243 obaret.
301 2217 344 2244 Sic
359 2217 456 2244 habent
468 2225 531 2244 mss.
542 2219 657 2250 codices,
669 2218 945 2251 liomaricensis,et$.

188 2251 301 2278 ssimini
322 2251 503 2284 Trevirensis,
528 2260 560 2280 ac
588 2253 644 2280 l't-re
667 2254 760 2281 eadem
788 2253 882 2281 Surius
914 2254 946 2281 13

162 2286 336 2320 Septembris.
351 2287 403 2313 Sed
418 2292 445 2314 et
460 2288 526 2314 hanc
540 2288 680 2322 epistolam
693 2297 717 2315 in
732 2288 946 2316 Occidentalibus

161 2321 291 2357 Ecclaﬁiis
306 2329 353 2354 per
367 2322 515 2349 Adventu.“
529 2321 592 2349 olim
608 2323 659 2357 lt-gi
681 2323 785 2351 solitam
801 2323 881 2350 refert
897 2324 944 2352 Ba-

162 2356 252 2383 ronius
263 2363 333 2383 anno
344 2356 441 2384 Christi
454 2356 515 2388 449,
532 2365 605 2385 num.
621 2358 666 2389 Η,
682 2366 714 2385 ex
732 2359 825 2385 codice
840 2359 946 2385 Sancta:

158 2391 250 2419 Maria:
263 2390 297 2417 ad
311 2390 454 2427 Martyres:
471 2399 571 2426 nosque
586 2401 644 2420 eattt
657 2392 817 2427 descriptam
833 2393 947 2421 vidimus

159 2428 186 2454 in
204 2430 356 2460 pervetusto
374 2426 468 2453 codice
492 2426 521 2454 S.
545 2428 654 2460 Benigni
678 2426 854 2459 Divionensis,
878 2429 947 2455 inter

158 2463 291 2490 lectiones
305 2460 424 2494 proxima
442 2461 607 2489 licbdomada
627 2468 688 2490 ante
707 2463 826 2490 Natalem
842 2463 947 2490 Domini

161 2496 269 2532 necitari
279 2502 429 2522 con~uet:is.
440 2497 496 2522 Non
505 2505 686 2524 commemoro
699 2498 768 2532 quod
782 2506 815 2525 ex
827 2506 873 2525 ore
883 2498 949 2526 Gre-

159 2531 226 2563 gorii
246 2531 333 2564 Magni
348 2536 485 2564 acceptum
507 2538 598 2558 narrat
611 2531 729 2560 Joannes
750 2533 884 2565 Moschus,
902 2542 949 2561 seu

160 2565 327 2603 Sophronias
340 2565 367 2592 iti
382 2566 472 2599 l’ratu,
485 2573 543 2599 cap.
563 2568 623 2597 147,
633 2567 702 2594 lianc
714 2567 796 2602 ipsam
809 2568 948 2603 epistolam

161 2607 176 2626 a
192 2600 221 2626 S.
238 2600 339 2638 Leone,
354 2608 410 2638 cum
426 2609 482 2638 eam
496 2603 647 2638 scripsisset,
669 2600 794 2637 principis
815 2600 951 2638 apostolo-

161 2642 217 2661 ιιιιη
238 2635 309 2662 Petri
331 2635 430 2672 tumulo
451 2635 612 2672 impositam,
634 2635 854 2672 et'bcati'ipsius
877 2638 947 2666 Petri

160 2677 239 2697 manu
257 2671 438 2698 emendatam.
459 2671 518 2704 Quo
539 2673 603 2700 mihi
625 2672 759 2706 superflua
781 2671 889 2701 videtur
915 2674 949 2701 de

1001 1632 1063 1651 sona
1078 1626 1189 1652 omnium
1203 1625 1325 1651 sententia
1342 1624 1494 1657 declaretur,
1505 1627 1594 1651 merito
1613 1625 1666 1651 illic
1685 1625 1783 1657 princi—

999 1665 1086 1693 patum
1096 1659 1163 1687 sedis
1174 1660 1321 1694 apostolica
1330 1661 1502 1691 constitutum,
1514 1660 1582 1686 unde
1591 1660 1676 1685 adhuc
1683 1664 1783 1692 aposto-

999 1694 1042 1721 lici
1066 1695 1169 1730 spiritus
1182 1695 1285 1722 oracula
1305 1700 1454 1722 reserentur.
1474 1694 1588 1729 Idcirco,
1607 1695 1628 1721 si
1649 1694 1783 1729 dignantu-

999 1730 1145 1762 admittitis,
1159 1731 1323 1764 drprecamur
1336 1736 1364 1757 ut
1379 1738 1442 1765 opus
1453 1735 1475 1756 et
1487 1730 1650 1764 pratentibus
1660 1736 1683 1755 et
1691 1731 1783 1763 futuris

999 1765 1151 1801 temporibus
1175 1765 1229 1801 85
1243 1766 1412 1801 profuturum,
1429 1765 1496 1800 quod
1508 1765 1713 1791 nosasscrvandi
1727 1769 1782 1791 stu-

999 1799 1042 1826 dio
1056 1799 1124 1834 foliis
1135 1799 1257 1827 mandare
1269 1799 1421 1831 curauimus,
1435 1801 1556 1827 sanctitas
1579 1804 1661 1826 ucstra
1677 1808 1781 1834 percur-

999 1842 1065 1867 rere,
1080 1835 1133 1862 etsi
1143 1836 1204 1868 quid
1214 1835 1313 1862 librarii
1325 1844 1410 1862 errore
1422 1836 1539 1869 defuerit,
1552 1836 1683 1861 ememlnre
1693 1835 1782 1869 digne-

999 1874 1049 1895 tur.
1072 1870 1117 1897 Vel
1129 1871 1151 1896 si
1163 1871 1300 1897 salutarem
1312 1870 1413 1897 lecturis
1427 1870 1541 1897 omnibus
1561 1871 1680 1904 paginam
1696 1869 1782 1903 aliqua

999 1904 1077 1931 studii
1091 1906 1167 1932 vestri
1182 1905 1348 1932 Iit-cumulatis
1363 1909 1507 1939 augmento,
1523 1905 1551 1930 id
1571 1905 1655 1938 ipsum
1669 1905 1730 1930 addi
1751 1904 1782 1930 li-

1000 1939 1064 1966 bt'llo
1076 1939 1135 1966 huic
1149 1941 1257 1967 sollicita
1272 1940 1363 1973 pietate
1376 1941 1483 1974 iubentis
1495 1948 1505 1966 :
1519 1943 1546 1966 ut
1560 1947 1611 1965 non
1626 1939 1709 1965 solum
1720 1940 1779 1973 pla-

999 1982 1037 2000 res
1060 1976 1141 2001 sancti
1157 1975 1265 2009 episwpi
1290 1975 1382 2009 fratres
1408 1974 1487 2001 nostri
1506 1982 1549 2008 per
1568 1973 1675 2009 Gallias,
1696 1982 1781 2000 verum

998 2009 1074 2036 etiam
1090 2010 1164 2036 multi
1182 2017 1212 2036 ex
1231 2008 1302 2035 {uicis
1321 2009 1369 2042 ﬁlii
1390 2010 1474 2039 veitri.
1488 2009 1531 2044 qui
1553 2008 1685 2044 epistolam
1707 2009 1781 2035 istaut

999 2052 1149 2079 magnopere
1161 2052 1206 2079 pro
1227 2044 1336 2071 veritatis
1353 2044 1556 2078 munifestatione
1570 2043 1724 2074 desiderant,
1740 2051 1781 2070 re-

999 2079 1100 2105 missam
1113 2079 1146 2105 ad
1159 2087 1214 2110 nos,
1226 2084 1248 2106 et
1256 2084 1343 2105 sancta
1350 2087 1425 2105 manu
1435 2084 1516 2105 vestra
1528 2079 1685 2105 emendatam
1695 2083 1781 2104 trans-

998 2113 1102 2151 cribere,
1119 2114 1210 2151 legere,
1224 2119 1248 2141 et
1262 2119 1344 2151 tenere
1358 2119 1516 2151 ntereantur._
1528 2114 1652 2151 Dolemus
1679 2118 1780 2151 tamen,

1000 2149 1064 2176 tanti
1082 2148 1208 2176 momenti
1224 2149 1344 2183 paginam
1359 2156 1412 2176 non
1428 2149 1497 2183 typis
1509 2149 1617 2179 Italicis,
1634 2156 1686 2174 non
1702 2148 1781 2174 Galli-

998 2184 1047 2216 cis,
1063 2191 1115 2210 non
1127 2184 1291 2211 Germanicis
1307 2184 1438 2218 prodiisse
1460 2184 1528 2211 adeo
1542 2183 1650 2210 illimem
1665 2188 1693 2210 ut
1705 2184 1778 2209 omni

1000 2226 1108 2251 prorsus
1123 2219 1219 2246 mendo
1233 2223 1331 2247 careat.
1353 2220 1411 2252 Quo
1432 2219 1508 2246 nobis
1527 2218 1621 2253 injecta
1641 2225 1716 2245 meus
1730 2223 1781 2249 est,

1000 2257 1029 2280 ut
1041 2253 1252 2296 ei_expurgandm
1262 2254 1446 2296 _adnite_remur
1456 2261 1530 2296 :___ope
1545 2254 1668 2296 nituit-itm
1677 2253 1782 2296 _Gra‘cat

1001 2289 1141 2322 versionis,
1155 2289 1377 2316 Chalcedonensis
1389 2289 1494 2317 concilii
1522 2290 1589 2316 actis
1603 2289 1720 2323 illigatas.
1735 2295 1783 2315 nec

999 2330 1050 2350 non
1063 2324 1140 2351 nium
1159 2325 1279 2351 codicum
1299 2332 1362 2351 mss.
1382 2327 1474 2359 probae
1493 2328 1563 2352 nota:
1590 2329 1617 2350 et
1642 2323 1784 2359 adoranda:

999 2359 1147 2386 vetustatis.
1170 2359 1273 2387 Primus
1292 2365 1342 2391 est,
1364 2358 1482 2386 actorum
1506 2359 1614 2386 concili
1636 2358 1784 2386 Chalcedo-

1000 2393 1256 2425 nensis,collectore
1284 2395 1392 2421 ltustico
1419 2394 1542 2426 diacono.
1569 2402 1602 2422 ex
1624 2394 1783 2422 bibliotheca

1000 2429 1111 2456 Joannis
1127 2429 1260 2456 Bouliierii
1286 2430 1462 2462 ltiwoneusis,
1484 2430 1530 2456 viri
1548 2430 1684 2457 senatorii.
1709 2429 1784 2456 Alter

1000 2472 1032 2491 ex
1060 2464 1126 2491 libro
1141 2472 1275 2492 sacrartttn
1299 2465 1454 2492 Lectionum
1476 2465 1505 2492 S.
1531 2465 1652 2499 Benigni.
1679 2464 1785 2491 Tertius

1001 2504 1105 2535 noster.
1119 2502 1162 2534 qui
1185 2499 1244 2526 lidci
1261 2500 1383 2535 dogmata
1400 2507 1434 2527 ex
1454 2500 1603 2532 Ambrosio,
1628 2500 1785 2535 Augustino,

1001 2533 1152 2568 Fulgentio,
1172 2533 1309 2569 variisque
1327 2535 1480 2569 pontilicum
1503 2540 1529 2563 et
1551 2533 1722 2563 conciliorum
1742 2533 1785 2560 dc~

1000 2570 1082 2596 cretis
1095 2574 1218 2604 excerpta
1236 2570 1364 2597 continet.
1382 2570 1460 2604 Igitur
1479 2578 1510 2597 ex
1527 2571 1568 2597 bis
1588 2570 1755 2604 recensitatu
1771 2577 1785 2594 a

1001 2604 1078 2630 nobis
1092 2603 1160 2631 ltanc
1174 2603 1312 2637 epistolam
1324 2603 1419 2632 damus
1433 2614 1439 2631 :
1458 2606 1499 2632 cui
1513 2610 1539 2632 et
1550 2606 1650 2632 scholia
1663 2603 1786 2635 subiicie-

1001 2647 1072 2678 ntus,
1098 2639 1123 2678 in
1144 2639 1239 2678 quibus
1258 2641 1472 2678 _primns_codes
1494 2639 1579 2678 littora
1602 2641 1633 2672 Α,
1654 2637 1785 2665 secundus
1815 2669 1822 2678 l

1001 2674 1088 2703 littera
1104 2674 1133 2707 Β,
1149 2676 1242 2702 tertius
1258 2675 1346 2703 littera
1362 2675 1381 2702 C
1398 2675 1587 2710 designabitur.
