3956 6180
448 325 546 379 505

1390 320 1478 375 AD
1516 319 1743 375 OPERA
1777 318 2000 373 VlGll.“
2041 317 2413 375 TAPSENSIS
2452 318 2823 374 APPENDIX.

1393 489 1472 564 S.
1551 491 1911 567 LEONIS
1961 492 2231 567 PAP/E
2282 492 2313 566 Ι
2374 489 2859 565 EPISTOLA

1209 620 1295 669 AD
1328 620 1696 670 FLAVIANUM
1732 620 2083 672 EPISCOPUM
2119 619 2941 681 CONSTANTINOPOLITANL'M,

1464 727 1786 789 Adversus
1831 727 2120 789 haaresim
2169 728 2657 807 Eutychianam,

1045 884 1175 922 NUNC
1200 884 1263 922 EX
1300 882 1541 929 ANTIQUIS
1569 881 1835 923 CODICIBUS
1867 880 2204 921 BMENPATIOR
2232 881 2371 928 QUAI
2402 880 2675 921 HACTENUS
2707 878 3007 919 PRODIBRIT.

505 1002 617 1073 86
641 1001 992 1057 Dilectissimo
1023 1003 1170 1055 iratri
1197 1001 1446 1055 Flaviano
1465 1001 1716 1071 episcopo
1743 999 2001 1055 Constan-
2030 1007 2080 1063 Α
2108 1002 2395 1073 missiones,
2427 1000 2691 1073 et‘semini
2731 1001 2875 1073 ejus._
2916 998 3033 1052 Non
3072 1000 3193 1073 dicit
3226 1016 3245 1053 :
3279 999 3345 1073 Et
3370 1002 3679 1073 seminibus.

440 1073 788 1140 tinopolitano
803 1074 928 1128 'Lso
954 1074 1252 1139 episeopus.

507 1138 682 1197 Lectis
703 1138 1001 1199 dilectionis
1028 1152 1128 1195 tua!
1159 1141 1367 1207 litteris,
1396 1154 1529 1207 quas
1556 1140 1811 1193 miramur
1841 1138 2003 1194 fuisse

439 1222 544 1265 tam
576 1226 748 1275 seras,
779 1222 833 1266 et
860 1222 1127 1280 gestorum
1159 1210 1535 1277 episcopalium
1562 1210 1747 1280 ordine
1773 1213 2003 1263 recensi-

439 1290 511 1342 to,
545 1283 754 1335 tandem
786 1282 804 1313 ¹
828 1278 951 1351 quid
977 1282 1113 1347 apud
1136 1296 1229 1333 vos
1259 1280 1493 1351 scandali
1522 1289 1705 1333 contra
1728 1278 2001 1351 integrita-

438 1363 543 1405 tem
569 1350 690 1405 fidei
720 1348 961 1405 exortum
992 1351 1181 1405 fuisset
1225 1349 1536 1418 agnovimus
1570 1364 1583 1399 :
1619 1358 1672 1402 et
1704 1362 1822 1417 quae
1856 1348 1999 1416 prius

436 1422 746 1475 videbantur
772 1422 998 1485 occulta,
1041 1434 1179 1473 nunc
1226 1419 1377 1472 nobis
1423 1426 1657 1472 reserata
1687 1427 1992 1485 patuerunt.

433 1491 634 1562 Quibus
658 1490 947 1562 Eutyches,
971 1489 1410 1562 qui‘presbyterii
1427 1489 1644 1562 nomine
1669 1487 1997 1562 honorabilis

431 1560 727 1625 videbatur,
764 1556 1001 1614 multum
1025 1560 1047 1591 ⁸
1076 1556 1383 1627 imprudens
1420 1567 1473 1610 et
1520 1556 1676 1611 nimis
1722 1557 1997 1624 imperitus

429 1629 727 1685 ostenditur
750 1646 765 1685 :
797 1631 1031 1684 utetiam
1052 1629 1119 1683 de
1144 1625 1257 1694 ipso
1280 1625 1301 1659 ’
1323 1627 1519 1681 dictum
1548 1630 1617 1680 sit
1644 1641 1672 1680 a
1706 1626 1957 1694 propheta
1980 1645 1992 1680 :

435 1700 612 1753 Noluit
639 1699 919 1769 intelligere
933 1709 986 1769 ut
1007 1698 1127 1752 bene
1153 1706 1362 1769 ageret:
1383 1697 1697 1769 iniquitatem
1724 1699 1995 1769 meditatus

426 1780 499 1822 est
526 1770 579 1823 in
606 1771 754 1823 cubili
782 1765 875 1824 suo
903 1768 1075 1836 (Psal.
1096 1783 1257 1827 xxxv,
1293 1767 1369 1835 4).
1400 1765 1534 1832 Quid
1559 1776 1733 1836 autem
1762 1766 1993 1836 iniquius

425 1854 581 1904 quam
614 1839 775 1906 impia
805 1835 1017 1908 sapere,
1044 1846 1099 1893 et
1118 1837 1531 1908 sapientioribus
1561 1835 1994 1908 doctioribusque

428 1923 532 1961 non
555 1908 579 1940 ⁸
608 1904 835 1963 cedere?
860 1904 966 1963 Sed
995 1910 1047 1961 in
1093 1909 1229 1961 hanc
1258 1906 1613 1975 insipientiam
1639 1904 1842 1975 eadunt
1869 1906 1989 1972 qui,

427 1993 550 2047 cum
566 1978 635 2031 ad
651 1978 1075 2047 cognoscendam
1100 1974 1375 2031 veritatem
1419 1975 1596 2043 aliquo
1636 1974 1993 2047 impediantur

426 2045 704 2111 'obscuro,
723 2044 828 2101 non
849 2048 913 2101 ad
940 2047 1275 2115 protilieticas
1300 2060 1475 2107 voces,
1508 2060 1612 2097 non
1642 2044 1707 2097 ad
1737 2046 1991 2115 apostoli-

425 2131 516 2171 cas
546 2118 770 2181 litteras,
811 2132 909 2172 nec
936 2113 1001 2170 ad
1036 2116 1365 2184 evangelicas
1408 2115 1768 2177 auctoritates,
1799 2113 1892 2167 scd
1924 2116 1987 2167 ad

427 2186 745 2255 semetipsos
784 2195 1066 2244 recurrunt
1092 2203 1104 2239 :
1132 2196 1187 2240 et
1211 2185 1331 2241 ideo
1369 2184 1604 2255 magistri
1647 2185 1847 2255 erroris
1878 2186 1988 2238 exi-

420 2266 589 2320 stunt,
626 2253 751 2326 quia
798 2258 1039 2312 veritatis
1088 2255 1336 2326 discipuli
1379 2270 1483 2326 non
1532 2253 1763 2326 fuerunt.
1802 2254 1984 2326 _Quam

421 2323 955 2409 enimeruditionem
980 2324 1427 2416 dammis-Novi
1458 2332 1512 2406 et
1564 2324 1772 2416 Veteris
1800 2323 1983 2376 Testa-
2016 2357 2059 2416 Β

422 2396 586 2451 πιθηιί
618 2398 823 2466 paginis
843 2396 1139 2466 acquisivit,
1162 2397 1250 2466 qui
1273 2396 1293 2427 '
1317 2404 1382 2449 u‘e
1411 2394 1576 2466 ipsius
1600 2395 1811 2463 quidem
1842 2408 1981 2463 sym-

419 2466 525 2520 boli
561 2464 707 2520 initia
751 2464 1197 2525 comprehendit?
1246 2466 1308 2519 Et
1337 2464 1477 2533 quod
1507 2479 1603 2533 per
1634 2472 1797 2516 totum
1832 2480 1985 2516 mun-

418 2538 564 2601 dum,
610 2538 847 2591 omnium
879 2538 899 2568 ⁷
929 2537 1408 2606 regenerandornm
1441 2549 1589 2606 voce
1609 2533 1946 2606 depromitur
1967 2576 1982 2600 ,

420 2606 573 2686 istius
614 2606 787 2686 adhuc
814 2612 973 2686 _senis
993 2603 1161 2686 corde
1186 2620 1307 2686 bona
1335 2604 1561 2686 capitur.
1592 2605 1697 2686 87
1732 2603 1988 2686 Nesciens

418 2676 576 2744 igitur
594 2679 717 2746 quid
742 2676 962 2731 deberet
988 2678 1055 2731 de
1077 2676 1234 2731 Verbi
1262 2676 1350 2729 Dei
1379 2675 1741 2746 incarnatione
1760 2675 1984 2746 sentire,

417 2743 513 2801 nec
540 2743 724 2802 volens
744 2749 808 2801 ad
844 2750 1251 2815 promerendum
1280 2746 1458 2815 lumen
1500 2743 1892 2815 intelligentiae,
1933 2744 1983 2797 in

417 2827 718 2872 sanctarum
766 2813 1160 2885 Scripturarum
1202 2814 1477 2869 latitudine
1521 2814 1792 2885 laborare,
1841 2813 1984 2867 illam

416 2887 602 2942 saltem
632 2884 969 2943 communem
999 2898 1050 2941 et
1075 2887 1415 2941 indiscretam
1446 2884 1835 2938 confessionem
1877 2884 1985 2937 sol-

418 2957 565 3010 licito
597 2960 620 2990 '
652 2959 944 3026 recepisset
980 2958 1162 3012 auditu
1185 2996 1201 3018 ,
1237 2971 1339 3025 qua
1382 2955 1627 3026 fidelium
1668 2954 1984 3026 universitas

418 3029 699 3094 proﬁtetur
742 3024 961 3083 credere
988 3042 1046 3082 se
1092 3024 1340 3080 inDeitm
1381 3024 1592 3078 Patrem
1637 3025 1980 3091 omnipoten-

416 3106 542 3164 tem,
566 3108 624 3152 et
648 3101 697 3151 in
725 3098 908 3152 Jesum
938 3097 1205 3151 Christum
1237 3095 1424 3149 Filium
1465 3094 1581 3164 ejus
1610 3097 1843 3157 unicum,
1881 3094 1983 3147 Do-

416 3163 619 3221 minum
649 3181 909 3230 nostrum,
942 3167 1031 3234 qui
1057 3181 1211 3220 natus
1232 3175 1314 3218 est
1340 3166 1361 3197 '
1389 3166 1455 3217 de
1478 3163 1677 3234 Spiritu
1715 3173 1900 3234 sancto
1930 3173 1984 3217 et

416 3237 576 3290 Maria
605 3237 839 3305 Virgine.
862 3232 1064 3303 Quibus
1093 3237 1261 3288 trihus
1282 3233 1578 3305 sententiis,
1612 3232 1982 3305 omniumAlere

416 3301 785 3361 litereticorum
819 3301 1077 3360 machina:
1107 3307 1471 3359 destruttutur.
1503 3301 1634 3356 Cum
1665 3308 1805 3357 enim
1841 3302 1980 3356 Deus

418 3375 459 3407 ⁸⁸
487 3383 543 3430 et
567 3376 903 3443 omnipotens
941 3383 995 3429 et
1024 3376 1177 3429 Pater
1204 3374 1431 3428 creditur
1455 3415 1469 3437 ,
1519 3374 1981 3443 consempiternus

414 3445 586 3500 cidem
628 3442 793 3499 Filius
833 3446 1270 3500 demonstratur:
1305 3444 1354 3496 in
1399 3443 1545 3496 nullo
1581 3458 1609 3496 a
1649 3442 1803 3497 Patre
1829 3442 1983 3497 διετε-

413 3529 559 3576 rens,
589 3516 708 3580 quia
726 3515 792 3570 de
815 3515 920 3570 Deo
950 3515 1108 3581 Deus,
1137 3515 1204 3568 de
1225 3516 1591 3580 omnipotente
1616 3512 1980 3579 omnipotens,

412 3587 481 3639 de
509 3594 712 3639 aeterno
742 3595 895 3639 natus
923 3597 1005 3639 est
1045 3594 1343 3639 coaeternus
1367 3599 1382 3636 :
1409 3598 1513 3636 non
1552 3583 1812 3650 posterior
1841 3590 1979 3636 tem-

412 3669 562 3722 pore,
609 3671 712 3707 non
756 3656 973 3709 inferior
1002 3662 1283 3724 potestate,
1317 3668 1418 3706 non
1446 3652 1722 3724 dissimilis
1767 3652 1974 3724 gloria,

2104 1072 2252 1140 quasi
2274 1072 2324 1122 in
2355 1070 2657 1140 multis,rsed
2685 1068 2830 1140 quasi
2857 1070 2911 1140 in
2945 1085 3045 1121 uno
3068 1084 3086 1122 :
3112 1068 3175 1121 Et
3197 1072 3377 1123 semini
3411 1087 3515 1133 tuo,
3547 1074 3681 1136 quod

2103 1138 2174 1192 est
2199 1138 2584 1205 Christus(Gal.
2611 1153 2686 1199 Ill,
2719 1138 2828 1207 16).
2852 1139 2998 1191 Isaiae
3018 1154 3227 1207 quoque
3249 1140 3682 1207 pitedieatitmem‘

2102 1208 2355 1282 interiore
2383 1207 3051 1282 apprehendissetaudjtu.
3085 1211 3308 1282 dicentis
3336 1229 3347 1260 :
3383 1210 3514 1282 Ecce
3541 1213 3676 1282 rit-go

2100 1278 2153 1331 in
2178 1290 2319 1332 utero
2354 1275 2619 1344 concipiet,
2647 1286 2694 1329 et
2725 1277 2882 1344 pariet
2915 1275 3131 1343 Filium,
3165 1278 3208 1309 "
3239 1290 3285 1331 et
3314 1280 3557 1333 vocabunt
3586 1275 3675 1335 ub-

2098 1364 2215 1419 rnen
2238 1350 2345 1419 ejus
2364 1346 2667 1419 Emmanuel
2688 1348 2872 1419 ;_guod
2890 1357 2962 1401 est
2988 1350 3373 1419 interpretatum
3398 1349 3673 1403 Nobiscum

2098 1415 2235 1470 Deus
2257 1415 2416 1485 '(lsai.
2448 1432 2541 1480 vtt,
2578 1418 2668 1479 li;
2700 1415 2889 1487 Matth.
2921 1433 2967 1479 ι,
2998 1418 3091 1487 9.15)
3126 1434 3140 1470 :
3172 1419 3521 1485 ejusdemque
3552 1435 3671 1487 pro-

2100 1489 2271 1554 pheta:
2295 1487 2518 1540 ﬁdeliter
2548 1487 2704 1539 verba
2740 1486 2954 1552 legissiit
2981 1505 2992 1539 :
3029 1485 3167 1540 Puer
3206 1500 3353 1541 natus
3381 1499 3453 1542 est
3485 1485 3629 1544 nobis
3654 1532 3667 1553 ,

2095 1565 2143 1609 et
2176 1556 2223 1609 F
2226 1558 2343 1610 ilius
2365 1559 2511 1609 datus
2538 1566 2608 1609 est
2636 1554 2797 1617 nobis,
2828 1559 2975 1627 cujus
2992 1565 3213 1626 potestas
3235 1575 3387 1627 super
3407 1559 3667 1612 humerum

2095 1630 2204 1698 ejus
2228 1643 2247 1681 :
2270 1636 2315 1679 et
2354 1627 2824 1698 uocabuntuuomen
2850 1632 2959 1698 ejus
2988 1628 3157 1698 magni
3186 1629 3383 1698 consilii
3410 1630 3631 1697 Angelus
3652 1672 3666 1691 ,

2096 1648 2122 1680 ε
2148 1648 2204 1680 US
2228 1648 2247 1681 ἔ
2270 1648 2315 1679 ει
2354 1648 2599 1680 υουαυιιηι
2645 1648 2824 1677 nomen
2850 1648 2959 1691 (τμη
2988 1648 3156 1698 magn:
3186 1648 3381 1679 εοηδιιη
3410 1648 3631 1697 angelus
3652 1672 3665 1691 ο

2096 1648 2445 1767 ⁴ιίάηιὶναὺίιῑε,
2472 1695 2822 1767 Consiliarius,
2844 1696 3005 1767 Deus,
3024 1695 3218 1760 Fortis,
3246 1696 3489 1767 Princeps
3507 1702 3665 1763 pacis,

2096 1764 2256 1819 Pater
2292 1767 2449 1837 futuri
2478 1767 2648 1819 sirculi
2683 1763 2835 1837 (luti.
2869 1782 2949 1830 Ix,
2982 1766 3057 1834 6).
3090 1766 3197 1837 Nec
3227 1769 3263 1817 fi
3278 1763 3499 1821 ustraioi
3516 1769 3563 1822 ie
3592 1770 3664 1822 lo-

2093 1834 2385 1902 quensjita
2416 1837 2639 1890 Verbum
2671 1834 2871 1890 diceret
2901 1850 3114 1889 carnem
3151 1836 3367 1898 factum,
3412 1848 3465 1891 ut
3491 1840 3665 1893 editus

2094 1916 2244 1961 utero
2275 1906 2506 1976 Virginis
2541 1903 2785 1976 Christus
2814 1906 3032 1958 haberet
3062 1907 3284 1960 formam
3330 1906 3581 1973 hominis,
3614 1920 3662 1962 et

2092 1991 2196 2028 non
2247 1974 2465 2031 haberet
2505 1974 2728 2028 materni
2769 1975 3007 2043 corporis
3056 1976 3355 2029 veritatem.
3404 1979 3481 2031 An
3528 1979 3662 2032 forte

2092 2044 2216 2099 ideo
2242 2046 2444 2113 putavit
2475 2046 2752 2099 Dominum
2778 2057 3021 2099 nostrum
3048 2045 3230 2099 Jesum
3260 2045 3529 2100 Christum
3554 2064 3657 2102 non

2093 2125 2289 2169 nostra
2316 2132 2436 2171 esse
2472 2125 2699 2178 naturae,
2744 2117 2866 2184 quia
2899 2116 3090 2169 missus
3115 2114 3179 2169 ad
3210 2118 3415 2169 beatam
3445 2117 3657 2173 Mariam

2089 2185 2307 2253 angelus
2329 2186 2399 2239 ait
2431 2204 2445 2241 ι
2480 2185 2702 2254 Spiritus
2730 2195 2931 2239 sanctus
2961 2189 3270 2252 superveniet
3301 2188 3351 2238 in
3380 2195 3447 2248 te,
3480 2195 3525 2239 et
3559 2190 3657 2240 vir-

2090 2264 2170 2307 tus
2191 2254 2435 2309 Altissimi
2463 2256 2774 2311 obumbrabit
2808 2255 2894 2307 tibi
2917 2270 2935 2308 :
2956 2257 3162 2314 ideoque
3190 2256 3324 2324 quod
3352 2269 3581 2311 nascetur
3600 2274 3658 2312 ex

2093 2333 2139 2377 te
2165 2334 2417 2386 sanctum,
2446 2327 2703 2379 vocabitur
2736 2325 2899 2379 Filius
2924 2325 3017 2379 Dei
3041 2324 3188 2394 (an.
3225 2342 3260 2391 ι,
3293 2326 3422 2395 55);
3453 2338 3505 2379 ut
3536 2328 3655 2395 quia

2091 2404 2379 2463 conceptus
2406 2395 2636 2462 Virginis
2672 2397 2835 2451 divini
2868 2395 2963 2450 iuit
2990 2409 3168 2464 operis
3189 2437 3202 2453 ,
3238 2412 3340 2448 non
3366 2396 3434 2450 de
3472 2406 3654 2450 natura

2089 2464 2440 2533 concipientis
2480 2464 2640 2519 fuerit
2663 2482 2789 2521 caro
2829 2466 3109 2533 concepti?
3137 2466 3239 2519 S-d
3272 2464 3317 2497 ιδ
3339 2482 3441 2519 non
3473 2469 3541 2519 ita
3572 2467 3651 2521 in-

2089 2535 2371 2601 telligenda
2399 2543 2483 2589 est
2511 2537 2596 2588 illa
2624 2534 2900 2603 generatio
2928 2535 3267 2604 singulariter
3297 2536 3582 2598 mirabilis,
3604 2549 3655 2592 et

2089 2604 2402 2659 mirabiliter
2439 2606 2744 2673 singularis,
2786 2614 2845 2660 ut
2886 2619 2980 2671 per
3020 2606 3308 2658 novitatem
3346 2608 3652 2667 creatioois,

2089 2675 2386 2739 proiirietas
2427 2687 2628 2729 remota
2677 2678 2746 2730 sit
2792 2674 3023 2743 generis.
3070 2675 3467 2730 Fecunditatem
3512 2680 3651 2730 enim

2091 2743 2293 2813 Virgini
2334 2744 2567 2810 Spiritus
2597 2757 2811 2799 sanctus
2841 2745 3008 2809 dedit,
3038 2746 3235 2798 veritas
3263 2754 3436 2799 autem
3464 2762 3651 2813 Corpo-

2086 2815 2159 2868 ris
2181 2827 2388 2882 sumpta
2414 2817 2487 2868 de
2507 2831 2730 2882 corpore
2756 2824 2839 2870 est
2862 2832 2874 2866 :
2907 2823 2961 2868 et
2980 2814 3275 2869 :edilicaute
3304 2815 3403 2869 sibi
3432 2815 3650 2883 Sapien-

2088 2886 2157 2938 tia
2190 2885 2435 2954 domum,
2477 2885 2698 2939 Verbum
2727 2901 2843 2939 caro
2873 2889 3062 2954 factum
3089 2894 3196 2949 est,
3230 2894 3277 2939 et
3317 2885 3556 2939 habitavit
3602 2890 3651 2940 in

2087 2955 2230 3008 nobis
2258 2953 2444 3037 (genu:
2471 2971 2508 3017 ι,
2545 2956 2663 3037 4);
2705 2957 2806 3037 hoc
2843 2953 2944 3020 est,
2993 2955 3137 3037 inea
3162 2969 3323 3037 carne
3366 2971 3524 3037 quam
3568 2971 3669 3037 as-~

2084 3024 2310 3094 sumpsit
2338 3040 2401 3079 ex
2433 3024 2668 3089 homine,
2697 3035 2751 3079 et
2779 3039 2935 3093 quam
2984 3024 3203 3092 spiritus
3226 3026 3348 3078 vitae
3378 3027 3650 3081 rationalis

2086 3096 2359 3148 animavit.
2387 3094 2540 3149 Salva
2586 3097 2743 3163 igitur
2769 3095 3096 3164 proprietate
3122 3095 3393 3164 utriusque
3424 3106 3645 3160 naturai,

2084 3175 2136 3217 et
2168 3165 2218 3217 in
2248 3180 2405 3217 unam
2432 3176 2657 3220 coeunte
2703 3178 3004 3229 persiinam,
3037 3174 3279 3233 suscepta
3313 3174 3394 3218 est
3420 3181 3450 3219 a
3487 3168 3648 3231 maje-

2083 3243 2221 3288 state
2260 3234 2551 3295 humilitas,
2594 3250 2621 3287 a
2664 3236 2855 3289 virtute
2899 3234 3202 3295 infirmitas,
3244 3234 3310 3287 ab
3352 3234 3648 3289 :eternitate

2085 3305 2378 3359 mortalitas
2412 3320 2426 3357 :
2462 3316 2515 3357 et
2560 3305 2624 3358 ad
2671 3304 3045 3361 resolvendum
3086 3304 3409 3357 conditionis
3452 3316 3647 3359 nostra:

2083 3373 2343 3437 debitum,
2375 3384 2555 3427 natura
2590 3374 2912 3429 inviolabilis
2952 3385 3151 3427 naturae
3173 3383 3257 3428 est
3295 3375 3438 3429 unita
3479 3379 3649 3443 passi-

2083 3443 2177 3497 bili
2204 3460 2216 3496 :
2246 3453 2304 3497 ut
2332 3443 2491 3514 (quod
2520 3448 2714 3499 nostris
2746 3443 2994 3498 remediis
3022 3444 3372 3514 congruebat)
3396 3461 3532 3499 unus
3570 3456 3649 3499 at-

2082 3527 2187 3581 que
2217 3512 2355 3567 idem
2376 3512 2644 3575 mediator
2672 3514 2762 3568 Dei
2803 3522 2857 3568 et
2882 3514 3173 3573 hominum,
3208 3512 3365 3569 homo
3404 3516 3649 3570 Christus

2083 3581 2260 3650 Jesus,
2293 3592 2345 3637 et
2374 3587 2505 3636 mori
2536 3594 2714 3650 posset
2744 3599 2813 3638 ex
2843 3598 2967 3646 uno,
2996 3592 3049 3635 et
3087 3582 3221 3636 mori
3247 3600 3352 3637 non
3382 3594 3561 3651 posset
3583 3602 3645 3639 ex

2083 3654 2269 3707 altero.
2303 3654 2354 3705 In
2387 3656 2585 3722 integra
2610 3668 2737 3724 ergo
2766 3654 2875 3707 veri
2910 3652 3144 3724 hominis
3182 3655 3518 3724 perfectaque
3557 3672 3646 3708 na-

340 3758 349 3762 -
412 3742 516 3778 non
544 3726 744 3779 divisus
766 3722 1019 3781 essential
1050 3724 1191 3779 Idem
1221 3739 1347 3777 vero
1385 3722 1692 3790 sempiterni
1723 3722 1977 3789 genitoris
2008 3723 2052 3786 C
2085 3731 2198 3775 tura
2231 3737 2387 3778 verus
2419 3734 2569 3775 natus
2598 3732 2682 3777 est
2704 3722 2860 3787 Deus,
2893 3732 3035 3776 tetus
3058 3723 3114 3775 in
3144 3724 3276 3787 suis,
3301 3722 3449 3778 totus
3475 3727 3525 3778 in
3551 3740 3648 3778 no-

411 3796 712 3859 unigenitns
736 3799 1115 3865 sempiternus,
1158 3802 1313 3865 natus
1344 3803 1425 3848 est
1453 3792 1520 3846 de
1556 3792 1766 3865 Spiritu,
1792 3800 1977 3846 sancto

410 3874 465 3920 ct
498 3866 660 3919 Maria
695 3862 929 3935 Virgine.
962 3866 1090 3933 Qua:
1128 3864 1375 3935 nativitas
1406 3862 1713 3935 temporalis
1737 3862 1809 3935 illi
1844 3866 1979 3917 nati-

411 3937 555 3991 vitati
584 3933 855 3990 diviumet
882 3937 1223 4004 sempiterna:
1254 3934 1380 3988 nihil
1406 3934 1615 3995 minuit,
1641 3933 1768 4004 nihil
1793 3943 1978 3987 contu-

411 4006 493 4069 lit,
520 4007 615 4062 sed
636 4016 799 4061 totam
830 4021 887 4061 se
913 4006 1209 4073 reparando
1238 4004 1437 4057 homini
1466 4004 1552 4071 qui
1582 4012 1697 4058 erat
1726 4003 1979 4072 deceptus

412 4078 703 4146 impendit;
748 4086 806 4130 ιιι
832 4086 887 4130 et
918 4085 1143 4130 mortem
1188 4078 1463 4146 vinceret,
1497 4086 1550 4126 et
1576 4074 1979 4143 diabolum,qui

412 4144 599 4201 mortis
643 4148 869 4201 habebat
914 4147 1227 4215 imperium,
1275 4159 1369 4198 sua
1416 4144 1611 4199 virtute
1653 4145 1975 4198 destrueret.

411 4216 525 4270 Non
556 4219 697 4271 enim
730 4234 982 4285 superare
1020 4232 1117 4270 nos
1150 4215 1655 4285 possemuspeccati
1698 4222 1754 4267 et
1792 4215 1978 4269 mortis

410 4295 704 4350 auctorem,
737 4283 835 4342 nisi
877 4302 1118 4341 natumut
1151 4283 1394 4340 nostram
1438 4283 1525 4337 ille
1562 4285 1890 4350 susciperet,
1924 4292 1979 4336 et

411 4370 561 4410 suam
585 4356 802 4422 laceret,
832 4372 990 4422 quem
1022 4370 1120 4410 nec
1149 4364 1420 4425 peccatum
1452 4354 1977 4425 contaminare,nec

412 4440 556 4479 mors
583 4428 750 4492 potuit
771 4428 1031 4481 detinere.
1049 4422 1349 4493 Conceptus
1369 4426 1565 4494 quippe
1587 4434 1667 4479 est
1687 4422 1754 4478 de
1774 4423 1974 4494 Spiritu

409 4505 594 4547 saneto
635 4499 770 4548 intra
804 4508 1010 4550 uterum
1048 4496 1275 4563 Virginis
1314 4493 1536 4558 matris;
1585 4510 1699 4563 qum
1728 4495 1872 4548 illum
1906 4493 1973 4546 ita

410 4566 554 4616 salva
587 4566 888 4633 virginitate
915 4567 1100 4629 edidit,
1121 4566 1568 4634 quemadmodum
1592 4566 1736 4634 salva
1761 4564 1976 4634 virgini-

408 4640 517 4685 tatc
562 4632 824 4701 concepit.
861 4639 963 4692 Sed
1006 4638 1050 4689 si
1081 4632 1150 4688 de
1181 4636 1281 4688 hoc
1324 4633 1640 4689 Christiana:
1671 4632 1793 4688 ﬁdei
1830 4634 1976 4687 fonte

409 4705 695 4773 purissimo
722 4705 986 4773 sipcerum
1010 4705 1334 4760 intellectum
1365 4704 1576 4773 haurire
1598 4719 1702 4759 non
1728 4711 1972 4771 poterat,

406 4772 527 4845 quia
577 4772 917 4845 SpletldOI'em
962 4776 1259 4845 perspicuae
1300 4772 1566 4835 veritatis,
1610 4774 1975 4845 obcmcatione

407 4842 509 4892 sibi
543 4842 751 4909 propria
785 4842 1108 4905 tenebrarat,
1139 4846 1393 4899 doctrinm
1423 4860 1481 4898 se
1507 4844 1825 4911 evangelicae
1848 4844 1974 4911 sub-

404 4911 661 4973 didisset,
703 4911 914 4966 dicente
958 4916 1204 4970 Matthzeo
1242 4934 1254 4968 :
1290 4915 1436 4969 Liber
1478 4910 1815 4979 generationis
1850 4910 1971 4964 Jesu

404 4978 613 5045 Christi,
638 4971 733 5049 ﬁlii
768 4981 953 5047 David,
985 4985 1079 5050 ﬁlii
1116 4986 1372 5037 Abraham
1403 4971 1617 5050 (Μὲιηιι.
1651 4982 1788 5051 1,1).
1833 4985 1973 5051 Apr)-

406 5052 609 5106 stolica:
623 5066 830 5119 quoque
859 5052 1246 5118 praedicationis
1262 5058 1552 5121 expetisset
1570 5054 1609 5085 ιι
1632 5056 1966 5112 instructum,

404 5131 457 5175 et
478 5122 658 5190 legens
689 5121 739 5173 in
776 5122 1006 5188 Epistula
1039 5123 1103 5176 ad
1130 5124 1397 5178 [tertianos
1424 5141 1441 5178 :
1471 5124 1667 5177 Paulus
1694 5140 1863 5176 servus
1886 5124 1977 5175 Je-

404 5208 465 5263 su
486 5192 694 5255 Christi,
713 5202 917 5245 vocams
944 5192 1224 5263 apostolus,
1254 5205 1544 5263 segregatus
1568 5196 1620 5246 in
1643 5192 1977 5261 Evangelium

404 5262 519 5324 Dei,
564 5265 699 5332 quod
729 5273 845 5315 ante
872 5261 1168 5333 pro_miserat
1197 5278 1285 5332 per
1313 5261 1581 5333 prophetas
1611 5281 1729 5317 suos
1760 5264 1812 5315 in
1835 5262 1979 5317 Scri-

401 5329 770 5387 nturis’sanctis
800 5349 816 5385 :
845 5335 908 5386 de
938 5329 1073 5383 Filio
1095 5329 1209 5393 suo,
1239 5329 1324 5398 qui
1352 5329 1518 5400 factus
1539 5343 1611 5386 est
1635 5334 1681 5385 ei
1701 5348 1761 5386 ex
1789 5334 1978 5386 semine

400 5402 569 5456 David
607 5406 880 5457 secundum
909 5417 1109 5456 carnem
1143 5402 1319 5468 (Rom.
1349 5417 1395 5464 t,
1424 5403 1499 5470 1).
1544 5404 1607 5455 ad
1639 5401 1975 5471 prOphetieas

399 5488 609 5542 quoque
632 5477 847 5542 paginas
878 5477 1013 5543 piam
1041 5471 1789 5543 sollicitudinemcontulisset
1816 5513 1831 5535 ,
1860 5474 1902 5504 ¹²
1925 5483 1977 5526 et

399 5541 674 5613 inveniens
700 5541 1103 5613 promisisionem
1121 5542 1212 5598 Dei
1227 5544 1291 5597 ad
1308 5541 1579 5613 Abraham
1591 5544 1703 5613 88
1716 5544 1969 5595 dicentis:

2008 5089 2057 5149 D

2082 3792 2225 3846 stris.
2272 3793 2463 3863 Nostra
2503 3794 2615 3863 s9
2647 3803 2820 3847 autem
2868 3792 3095 3846 dicimus
3134 3808 3252 3860 qua:
3294 3797 3347 3848 in
3390 3795 3546 3848 nobis
3582 3798 3649 3847 ah

2081 3863 2231 3917 initio
2258 3861 2769 3934 Creatot-eiindidit,
2816 3871 2870 3917 et
2897 3878 3016 3934 quae
3047 3864 3341 3934 reparanda
3372 3866 3645 3934 suscepit:

2082 3948 2201 3987 nam
2226 3934 2310 3987 illa
2339 3948 2455 4000 quae
2478 3932 2727 3999 deceptor
2754 3933 2953 3992 intulit,
2983 3941 3038 3986 et
3068 3933 3224 3987 homo
3260 3932 3645 4002 deceptus'ad-

2080 4005 2244 4070 misit,
2276 4005 2476 4057 nullum
2509 4004 2804 4057 habuerunt
2829 4003 2880 4054 in
2911 4002 3187 4073 Salvatore
3208 4006 3488 4073 vestigium
3515 4022 3527 4055 :
3554 4021 3650 4060 nec

2079 4075 2201 4142 quia
2231 4074 2657 4127 communionem
2689 4074 3035 4126 humanarum
3066 4072 3228 4127 subiit
3254 4072 3644 4137 inlirtnitatum,

2079 4144 2202 4215 ideo
2231 4158 2533 4197 nosuorum
2563 4144 2664 4196 fuit
2693 4143 2956 4211 particeps
2978 4142 3311 4215 delictorum.
3343 4147 3647 4215 Assumpsit

2079 4213 2303 4285 formam
2335 4218 2485 4285 servi
2531 4216 2643 4268 sine
2672 4215 2829 4267 sorde
2860 4215 3062 4281 peccati
3081 4230 3099 4285 Δ;
3124 4214 3359 4285 humana
3406 4213 3607 4285 augens
3634 4257 3648 4275 .

2079 4284 2253 4337 divina
2288 4302 2390 4338 non
2422 4284 2703 4339 minuens:
2733 4285 2852 4350 quia
2880 4283 3173 4338 exinanitio
3204 4286 3311 4351 illa,
3344 4301 3449 4352 qua
3483 4283 3548 4339 se
3571 4287 3644 4339 in-

2080 4354 2303 4409 visibilis
2354 4355 2615 4408 visihilem
2664 4355 2909 4421 przebuit,
2958 4365 3011 4407 et
3034 4365 3243 4409 creator
3283 4370 3348 4410 ac
3396 4357 3652 4410 Dominus

2078 4425 2311 4477 omnium
2339 4441 2538 4485 rerum,
2567 4441 2706 4478 unus
2730 4425 2900 4476 voluit
2927 4437 3049 4477 esse
3068 4425 3399 4487 mortalium,
3429 4426 3650 4479 inclina-

2078 4497 2153 4545 tio
2190 4496 2285 4547 luit
2309 4496 2689 4559 miserationis,
2710 4510 2814 4548 non
2844 4492 3074 4547 defectio
3093 4498 3391 4561 petestatis.
3422 4496 3583 4549 Proin
3607 4508 3657 4549 te.

2076 4568 2164 4632 qui
2217 4580 2437 4619 manens
2484 4566 2534 4617 in
2586 4568 2749 4619 lorma
2788 4564 2878 4617 Dei
2921 4564 3044 4617 fecit
3092 4567 3393 4629 hominem,
3428 4565 3569 4619 idem
3600 4570 3656 4617 in

2080 4635 2247 4686 forma
2277 4637 2416 4688 servi
2452 4636 2619 4687 laetus
2640 4646 2715 4687 est
2748 4636 2928 4689 homo.
2947 4634 3115 4687 Tenet
3140 4636 3282 4689 enim
3306 4638 3422 4689 sine
3444 4639 3657 4689 deiectu

2076 4704 2455 4771 proprietatem
2488 4719 2636 4757 suam
2670 4715 2892 4772 utraque
2920 4712 3106 4756 natura
3133 4723 3145 4758 :
3181 4716 3235 4760 et
3266 4706 3401 4759 sicut
3426 4704 3659 4761 formant

2076 4774 2235 4836 serti,
2289 4775 2380 4828 Dei
2425 4773 2595 4828 forma
2631 4791 2732 4827 non
2763 4776 2971 4837 amisit;
3007 4780 3073 4825 ita
3108 4773 3332 4829 formam
3364 4777 3477 4842 Dei,
3512 4778 3659 4829 serti

2077 4842 2241 4895 forma
2294 4860 2397 4897 non
2445 4844 2649 4897 minuit.
2705 4845 2834 4897 Nam
2869 4846 2989 4905 quia
3029 4845 3355 4912 gloriabatur
3383 4846 3660 4905 diabolus,

2078 4914 2342 4965 hominem
2372 4930 2463 4966 sua
2499 4916 2680 4969 fraude
2710 4916 2987 4982 detepmm
3030 4917 3223 4969 divinis
3252 4916 3494 4970 carui-se
3534 4932 3661 4969 mu-

2077 4984 2312 5041 neribus,
2338 4994 2392 5037 et
2422 4985 2831 5037 immortalitatis
2861 4986 2987 5038 dote
3016 4986 3269 5039 nudatum
3299 4986 3487 5039 duram
3511 5001 3664 5039 mor-

2082 5056 2147 5104 tis
2175 5053 2404 5124 subiisse
2446 5058 2761 5108 sententiam
2796 5070 2810 5117 ;
2845 5070 3008 5122 seque
3051 5057 3103 5108 iu
3146 5058 3303 5110 malis
3340 5058 3452 5109 suis
3484 5060 3665 5124 quod-

2082 5124 2203 5174 dam
2234 5122 2279 5157 ¹⁵
2306 5123 2372 5175 de
2422 5126 2843 5190 przevaricatoris
2886 5126 3160 5180 consortio
3202 5128 3468 5180 invenisse
3506 5122 3665 5179 sola-

2084 5194 2249 5265 tium;
2282 5194 2445 5248 Deum
2476 5209 2705 5265 quoque,
2738 5195 2946 5259 iustitia:
2977 5196 3224 5265 exigente
3265 5198 3497 5261 ratione,
3527 5212 3664 5263 erga

2082 5262 2519 5330 hominemqnem
2553 5262 2992 5319 iu‘tamohonore
3014 5262 3343 5332 condiderat,
3381 5262 3665 5335 propriam

2082 5342 2315 5387 mutasse
2343 5336 2659 5387 sententiam
2693 5352 2705 5385 :
2739 5349 2875 5395 opus
2908 5336 3003 5388 luit
3031 5339 3225 5390 secreti
3256 5336 3671 5402 disiiensatioue

2079 5403 2310 5466 consilii,
2338 5405 2863 5475 utincommutzibilis
2893 5406 3051 5470 Deus,
3082 5410 3237 5475 cuius
3274 5410 3522 5459 voluntas
3550 5422 3671 5461 nou

2084 5482 2256 5541 potest
2279 5488 2371 5526 sua
2402 5474 2725 5542 benignitate
2751 5476 2968 5542 privari,
3002 5478 3223 5544 primam
3256 5492 3379 5544 erga
3414 5490 3511 5528 nos
3548 5479 3675 5543 pie-

2083 5545 2207 5596 tatis
2237 5560 2345 5597 sum
2375 5544 2825 5612 dispensationem
2845 5556 3179 5599 sacramento
3201 5548 3493 5600 occultiore
3520 5563 3680 5599 com-

2081 5616 2253 5681 pleret
2283 5631 2298 5668 :
2328 5625 2380 5668 et
2410 5616 2589 5679 homo,
2619 5616 2894 5669 diabolica!
2924 5618 3216 5684 iniquitatis
3242 5618 3475 5671 versutia
3509 5630 3681 5672 actus

2080 5685 2131 5736 iu
2159 5690 2389 5753 culpam,
2421 5694 2604 5756 contra
2632 5685 2721 5737 Dei
2747 5688 3073 5753 propositum
3101 5702 3202 5741 non
3232 5690 3449 5754 periret.
3484 5688 3683 5756 Ingre-

2079 5756 2220 5808 ditur
2247 5770 2373 5824 ergo
2400 5754 2443 5786 ¹⁶
2474 5757 2585 5809 haec
2609 5756 2789 5809 mundi
2812 5758 2990 5810 intima
3016 5757 3183 5812 Filius
3217 5758 3329 5823 Dei,
3359 5758 3427 5813 de
3454 5754 3681 5815 (σεῖε-κη

398 5609 460 5665 In
476 5614 663 5665 semine
679 5609 763 5667 tuo
776 5616 1127 5667 benedicentur
1148 5629 1323 5666 omnes
1334 5623 1503 5683 gentes
1518 5609 1688 5679 (Ge'nf
1689 5627 1756 5665 xx
1770 5627 1827 5675 ll,
1844 5612 1936 5681 18)
1956 5630 1968 5664 :

397 5692 447 5731 ιιι
477 5696 542 5734 ne
558 5683 635 5753 de
659 5683 814 5750 hujus
835 5686 1057 5738 seminis
1085 5685 1410 5753 proprietate
1437 5683 1726 5745 dubitaret,
1757 5694 1972 5737 secutus

391 5753 580 5808 fuisse:
614 5752 923 5821 Apostolutl‘.
956 5752 1222 5812 dtccutem
1252 5775 1261 5807 :
1292 5754 1513 5809 Abrahae
1534 5754 1680 5808 dicta:
1702 5763 1817 5806 sunt
1848 5769 1969 5825 pro-
