3956 6180
402 299 500 355 505

1409 301 1467 355 IN
1506 301 1730 357 OPEBA
1775 301 1997 357 \‘lGlLll
2034 303 2397 363 TAPSENSIS
2433 306 2656 364 NOTAE.
2718 372 2729 383 ο

3530 310 3633 367 5οη

396 414 523 467 ιιι-(ιε
552 412 905 488 descendens,
938 422 992 467 et
1020 430 1047 465 a
1082 424 1294 488 paterna
1334 416 1500 485 gloria
1529 432 1631 488 non
1662 416 1912 469 recedens
1946 436 1956 469 :
1992 422 2035 477 Α
2068 421 2513 487 terrogationihus
2552 423 2827 479 erudiret:
2868 422 3029 488 Quem
3071 436 3170 483 me,
3225 420 3421 486 inquit,
3455 424 3632 476 dicunt

396 499 534 538 novo
560 484 768 544 ordine,
792 499 927 535 nova
951 486 1218 537 nativiiate
1244 484 1545 549 generatus.
1577 486 1722 540 Novo
1747 488 1958 549 ordine,

392 553 514 620 quia
544 553 828 606 invisibilis
858 556 910 604 in
937 555 1069 609 suis.
1097 554 1317 608 visibilis
1342 566 1424 608 est
1446 556 1614 609 factus
1644 557 1693 608 in
1726 558 1955 611 nostris:

394 623 951 690 incomprehensibilis
995 624 1162 677 voluit
1205 625 1627 689 comprehendi:
1660 634 1785 678 ante
1826 637 1959 679 tem-

391 706 521 754 pora
565 707 805 753 manens,
836 697 1145 762 essecoepit
1188 711 1250 746 ex
1293 705 1566 762 tempore:
1599 696 1956 748 universitatis

390 762 650 814 Dominus
669 762 915 815 servilem
947 760 1170 815 formam
1198 760 1507 817 obumbrata
1533 765 1821 830 maiestatis
1846 780 1955 817 suae

387 832 747 897 immensitate
792 832 1026 900 suscepit
1059 850 1071 883 :
1109 833 1449 898 impassihilis
1484 833 1617 887 Deus
1640 872 1655 893 .
1706 850 1809 886 non
1861 835 1954 888 de-

383 900 637 966 dignatus
663 909 746 953 est
775 900 932 954 hmno
952 916 1071 955 esse
1097 902 1380 969 passiliitis.
1404 912 1457 955 et
1478 904 1788 956 immortalis
1812 918 1951 957 rnor-

383 969 675 1039 tislegibus
690 970 984 1036 subiacere.
1007 972 1147 1023 Nova
1167 982 1341 1025 autem
1361 973 1629 1025 nativitate
1648 983 1946 1039 generatus,

378 1038 505 1105 quia
558 1038 806 1092 inviolata
853 1042 1128 1107 virginitas
1170 1041 1653 1108 concupiscentiam
1705 1038 1944 1106 nescivit,

378 1108 560 1161 carnis
590 1108 863 1162 materiam
896 1111 1207 1163 mini~travit
1235 1127 1246 1162 :
1270 1110 1314 1141 ¹⁷
1342 1118 1612 1178 assumpta
1643 1119 1723 1163 est
1751 1110 1816 1164 de
1841 1127 1949 1158 ma-

380 1186 464 1249 tre
513 1178 719 1249 Domini
760 1188 966 1237 natura,
1000 1195 1102 1233 non
1122 1179 1286 1249 culpa
1323 1196 1336 1231 :
1372 1194 1467 1233 nec
1495 1180 1544 1232 iu
1580 1180 1801 1233 Domino
1838 1181 1948 1249 9o

376 1246 504 1299 .Iesu
536 1245 770 1310 Christo,
812 1264 877 1318 ex
913 1260 1062 1318 utero
1096 1248 1321 1318 Virginis
1347 1250 1524 1317 genito
1549 1251 1665 1318 quia
1698 1245 1945 1301 tiativﬁas

375 1326 461 1369 est
488 1317 769 1378 mirabi'is,
800 1317 845 1348 “'
875 1317 994 1371 ideo
1021 1322 1188 1372 no~tri
1211 1328 1292 1373 est
1314 1328 1495 1370 natura
1529 1317 1821 1372 dissimilis.
1843 1318 1943 1383 Qui

373 1388 523 1439 enim
550 1402 708 1440 veros
738 1398 819 1441 est
844 1387 1005 1445 Deus.
1034 1389 1170 1441 idem
1204 1404 1361 1442 verus
1388 1397 1469 1441 est
1510 1388 1667 1440 horno
1701 1404 1714 1438 :
1740 1398 1789 1440 ει
1821 1391 1943 1442 nul-

372 1455 485 1509 lum
514 1468 597 1509 est
618 1456 669 1509 in
694 1457 789 1509 hac
812 1457 1008 1510 unitate
1024 1458 1380 1521 mendacium,
1405 1458 1529 1509 dum
1555 1458 1775 1509 invicem
1798 1468 1938 1523 sunt,

366 1535 423 1578 et
459 1526 728 1579 humilitas
758 1526 1006 1591 hominis,
1041 1538 1095 1581 el
1118 1527 1339 1581 altitudo
1361 1526 1596 1581 deitatis.
1623 1526 1771 1581 Sicut
1795 1529 1936 1581 enim

368 1595 517 1649 Deus
545 1611 646 1648 non
679 1607 913 1649 mutatur
943 1598 1301 1658 ttrisuraliulte,
1334 1598 1404 1650 ita
1432 1600 1590 1650 homo
1612 1611 1714 1650 non
1745 1612 1939 1650 consu-

368 1667 535 1719 mitur
563 1667 836 1735 dignitate.
867 1666 989 1734 Agit
1018 1668 1157 1721 enim
1198 1676 1419 1735 utraque
1447 1668 1609 1721 forma
1642 1679 1761 1719 cum
1798 1665 1934 1721 alte-

365 1736 486 1789 rius
514 1737 887 1789 communione
914 1737 1051 1801 quod
1084 1738 1348 1804 proprium
1378 1746 1460 1791 est
1489 1754 1501 1789 :
1534 1735 1707 1790 Verbo
1728 1737 1932 1790 scilicet

361 1817 627 1871 operante
655 1806 792 1875 quod
829 1804 978 1859 Verbi
1007 1817 1107 1868 est,
1155 1815 1210 1860 et
1251 1821 1410 1861 carne
1438 1816 1761 1874 exsequente
1789 1807 1928 1875 quod

361 1875 548 1928 carnis
586 1886 686 1929 est.
737 1874 907 1929 Unum
942 1876 1129 1928 horqu
1179 1886 1422 1929 (‘OI'IISCal
1451 1877 1738 1940 miraculis,
1785 1874 1927 1931 aliud

358 1948 663 1998 succumbit
715 1946 956 2009 injuriis:
990 1954 1044 1998 et
1086 1949 1223 1998 sicut
1272 1946 1501 1999 Verbum
1536 1949 1602 1997 ah
1630 1945 1930 2013 aequalitate

361 2027 602 2079 paterna:
630 2015 813 2079 gloria:
845 2015 884 2047 ι’
916 2030 1017 2067 non
1049 2016 1268 2079 recedit,
1312 2016 1381 2069 ita
1410 2031 1535 2068 caro
1566 2027 1801 2068 naturam
1835 2032 1929 2067 no-

356 2089 457 2137 stri
495 2086 708 2153 generis
745 2100 848 2137 non
888 2084 1117 2153 reliquit.
1142 2085 1188 2115 ¹⁰
1216 2084 1361 2140 Unus
1390 2086 1533 2138 enim
1566 2086 1808 2151 idemque
1845 2095 1929 2140 est

358 2170 490 2208 vere
522 2156 611 2209 Dei
639 2154 818 2215 Filius,
853 2164 904 2207 et
931 2170 1056 2208 vere
1094 2155 1320 2208 hominis
1351 2154 1513 2208 Filius
1542 2172 1555 2206 :
1592 2155 1728 2208 Deus
1760 2168 1853 2222 per
1874 2156 1923 2207 id

354 2225 501 2291 quod
525 2225 575 2277 in
602 2224 858 2291 principio
880 2232 995 2276 erat
1025 2224 1273 2287 Verbum,
1307 2234 1359 2278 et
1389 2223 1620 2278 Verbum
1648 2233 1762 2278 erat
1785 2226 1921 2285 apud

355 2293 550 2359 Deum,
577 2304 631 2347 et
659 2293 795 2348 Deus
817 2302 934 2347 erat
962 2293 1221 2355 Verbum;
1246 2294 1405 2347 homo
1433 2309 1523 2361 per
1553 2294 1602 2346 id
1632 2295 1770 2360 quod
1798 2293 1924 2346 Ver-

352 2364 481 2417 bum
508 2378 633 2417 caro
659 2364 849 2416 factum
874 2373 973 2425 est,
1005 2373 1058 2416 et
1090 2365 1343 2416 habitavit
1372 2364 1423 2416 in
1451 2365 1601 2416 nobis
1625 2383 1637 2417 :
1668 2363 1807 2416 Deus
1830 2378 1923 2430 per

350 2433 408 2486 id
437 2433 578 2501 quod
605 2435 781 2485 omnia
815 2447 906 2502 per
947 2435 1111 2500 ipsum
1138 2434 1272 2487 facta
1301 2444 1443 2498 sunt,
1468 2445 1521 2487 et
1545 2434 1663 2487 sine
1691 2435 1805 2502 ipso
1842 2434 1919 2484 ta-

347 2513 498 2556 ctum
548 2512 631 2556 est
663 2503 790 2556 nihil
833 2501 1011 2573 (Joan.
1045 2505 1117 2573 t);
1160 2504 1453 2573 hornoper
1484 2503 1532 2556 id
1574 2501 1724 2573 quod
1756 2502 1921 2556 faelns

346 2581 434 2627 est
461 2588 528 2627 ex
551 2574 792 2636 muliere,
826 2571 993 2626 factus
1021 2571 1120 2627 sub
1149 2574 1260 2641 lege
1283 2572 1423 2641 (Gal.
1452 2589 1525 2634 iv,
1550 2573 1627 2641 4).
1664 2572 1919 2628 Nativitas

346 2643 552 2707 carnis,
578 2642 933 2697 manifestatio
952 2651 1034 2697 est
1065 2644 1307 2696 humanm
1336 2653 1536 2696 natura:
1560 2660 1572 2693 :
1601 2651 1778 2708 partus
1805 2643 1920 2693 Vir-

343 2713 513 2780 ginis,
554 2714 746 2766 divinae
781 2722 863 2766 est
898 2714 1103 2766 virtutis
1141 2713 1391 2767 indicium
1421 2731 1434 2765 :
1463 2711 1679 2765 infantia
1712 2712 1915 2780 parvuli

342 2783 651 2837 ostenditur
678 2783 971 2838 humilitate
1007 2797 1285 2845 cunarum,
1326 2782 1631 2843 magnitudo
1661 2782 1915 2835 Altissiuri

344 2854 652 2906 declaratur
677 2853 893 2907 vocibus
912 2853 1244 2916 angelorum.
1272 2850 1474 2907 Similis
1490 2861 1572 2906 est
1600 2852 1915 2905 rudimentis

346 2924 633 2976 hominum
662 2938 817 2991 quem
853 2922 1087 2976 Herodes
1110 2923 1269 2991 impie
1295 2923 1509 2976 molitur
1536 2923 1801 2983 occidere,
1819 2923 1911 2976 sed

345 2994 609 3045 Dominus
630 3003 711 3045 est
735 2991 968 3045 omnium
992 3007 1146 3061 quem
1177 2994 1311 3061 magi
1342 2993 1570 3061 gaudent
1602 2991 1913 3059 suppliciter

341 3062 594 3116 adorare.
626 3061 740 3115 Jam
768 3076 885 3114 cum
916 3064 981 3115 ad
1011 3063 1352 3131 praecursoria
1377 3063 1458 3116 sui
1496 3062 1714 3115 Joannis
1736 3062 1911 3131 bapti-

2065 493 2290 545 homines
2312 507 2416 544 esse
2432 490 2626 563 ilium
2648 492 2861 545 hominis
2886 493 3103 563 (Matth.
3124 506 3228 563 va,
3255 491 3632 563 15)?Cutnque

2065 563 2136 616 illi
2165 564 2400 614 diversas
2422 562 2648 616 aliorum
2679 559 2960 631 opiniones
2977 561 3372 631 retexuissent:
3416 559 3514 611 Vos
3540 577 3629 612 au-

2062 642 2181 692 tem,
2213 634 2303 693 ait,
2330 646 2493 701 quem
2532 648 2609 684 me
2640 630 2741 686 esse
2770 633 2932 685 dicitis
2963 632 3148 701 (Ibid.,
3170 630 3307 701 715)?
3333 645 3418 684 me
3449 631 3629 701 utique

2058 702 2145 770 qui
2176 715 2293 754 sum
2329 699 2493 753 Filius
2534 703 2783 764 hominis,
2809 712 2862 755 et
2891 699 3045 769 quem
3076 702 3126 754 in
3157 700 3325 754 forma
3378 699 3518 770 servi
3550 710 3627 770 at-

2057 768 2160 835 que
2178 771 2228 821 in
2254 770 2475 839 veritate
2497 771 2674 824 carnis
2699 768 2954 838 aspicitis,
2985 784 3143 839 quem
3168 783 3253 822 me
3272 768 3623 839 cssedicitis?

2060 840 2157 895 Ubi
2187 840 2370 891 beatus
2400 838 2583 891 Petrus
2605 837 2851 893 divinitus
2872 837 3175 907 inspiratus,
3208 848 3264 891 et
3287 837 3623 891 confessione

2055 924 2151 976 sua
2207 907 2452 976 omnibus
2510 909 2755 975 gentibus
2809 910 3163 976 profuturus:
3198 907 3370 967 Tues,
3418 907 3617 970 inquit,

2052 975 2289 1029 Christus
2330 974 2497 1028 Filius
2524 974 2634 1030 iliei
2679 980 2777 1030 vivi
2814 974 3000 1046 (Ibid,
3033 979 3143 1044 16).
3202 976 3309 1030 Nec
3351 976 3619 1046 immerito

2052 1047 2237 1099 beatus
2269 1053 2352 1098 est
2381 1046 2748 1111 pronuntiatus
2771 1062 2798 1098 a
2823 1043 3077 1109 Domino,
3101 1043 3152 1099 et
3172 1060 3200 1098 a
3223 1043 3497 1112 principali
3524 1058 3615 1110 pe-

2052 1125 2127 1167 tra
2158 1115 2478 1167 soliditatem
2521 1126 2573 1169 et
2604 1117 2810 1169 virtutis
2839 1116 2996 1169 traxit
3023 1126 3076 1170 et
3112 1116 3362 1174 nominis,
3403 1115 3489 1178 qui
3521 1128 3615 1179 per

2048 1182 2423 1238 revelationem
2459 1183 2631 1239 Patris
2667 1186 2911 1239 eumdem
2943 1192 2996 1238 et
3022 1186 3112 1238 Dei
3148 1184 3335 1236 Filium
3358 1192 3441 1235 est
3477 1197 3612 1235 con-

2048 1252 2219 1306 fessus
2242 1261 2296 1306 et
2330 1253 2594 1307 Christum
2632 1272 2643 1305 :
2676 1256 2795 1323 quia
2836 1270 2995 1307 unum
3035 1255 3221 1307 horum
3250 1254 3366 1304 sine
3392 1252 3498 1323 alio
3528 1266 3612 1304 re-

2044 1336 2277 1390 ceptum,
2318 1337 2422 1376 non
2468 1322 2716 1385 proderat
2756 1324 2820 1376 ad
2859 1324 3080 1377 salutem
3110 1339 3122 1375 :
3153 1332 3205 1375 et
3241 1322 3459 1389 aequalis
3494 1330 3611 1373 erat

2045 1392 2284 1459 periculi,
2306 1390 2582 1445 Dominum
2600 1392 2777 1447 Jesum
2795 1393 3064 1446 Christum
3082 1401 3171 1445 aut
3191 1390 3355 1444 Deum
3379 1399 3609 1442 tantum-

2043 1462 2202 1515 modo
2224 1462 2339 1515 sine
2365 1462 2600 1526 homine,
2627 1464 2853 1516 autsine
2877 1464 2982 1517 Deo
3005 1464 3174 1515 solum
3200 1462 3468 1513 hominem
3489 1473 3607 1512 cre-

2042 1532 2255 1584 didisse.
2310 1530 2434 1585 Post
2475 1535 2919 1586 resurrectionem
2964 1547 3093 1585 vero
3144 1530 3347 1584 Domini
3380 1528 3429 1560 "
3464 1528 3604 1595 (qua

2041 1601 2219 1664 utique
2236 1600 2346 1654 veri
2372 1601 2609 1670 corporis
2629 1601 2743 1665 fuit,
2762 1604 2883 1671 quia
2908 1604 2952 1633 "
2982 1617 3084 1655 non
3115 1600 3250 1653 alter
3270 1607 3352 1651 est
3374 1599 3597 1671 resuscif

2040 1677 2178 1723 tatus
2223 1684 2379 1736 quam
2422 1667 2511 1737 qui
2556 1670 2726 1725 fuerat
2762 1667 3046 1725 cruciﬁxus
3080 1679 3134 1724 et
3179 1667 3441 1736 mortuus)
3474 1668 3598 1733 quid

2040 1740 2179 1793 aliud
2196 1739 2537 1807 quadraginta
2562 1742 2670 1810 92
2691 1742 2896 1794 dierum
2917 1757 3061 1794 mora
3078 1750 3283 1809 gestum
3305 1747 3407 1798 est,
3437 1751 3595 1810 quam

2038 1819 2091 1860 ut
2118 1810 2232 1862 lidei
2267 1806 2462 1862 nostrae
2488 1806 2762 1877 intégﬁtas
2791 1811 2856 1863 ab
2886 1812 3029 1864 omni
3055 1806 3280 1877 caligine
3306 1806 3592 1860 mundare-

2035 1880 2157 1931 tur?
2198 1878 2519 1945 Colloquens
2550 1879 2689 1932 enim
2719 1895 2838 1932 cum
2868 1880 3143 1946 discipulis
3172 1881 3304 1943 suis,
3341 1886 3396 1946 et
3419 1879 3592 1946 cuba-7

2032 1948 2206 2001 bitans
2245 1958 2403 2017 atque
2452 1962 2808 2012 convescens;
2845 1959 2898 2002 et
2930 1945 3240 2017 pertractari
3272 1963 3330 2000 se
3357 1945 3593 2017 diligenti

2028 2014 2344 2090 curiosoque
2371 2027 2618 2090 contactu
2647 2020 2712 2072 ab
2735 2019 2813 2090 eis
2839 2014 2972 2084 quos
3001 2019 3249 2090 dubietas
3272 2014 3594 2090 perstringe-

2028 2086 2116 2141 bat
2145 2084 2462 2151 admittens;
2494 2089 2610 2140 ide’o
2630 2100 2679 2141 et
2703 2088 2896 2143 clausis
2920 2090 2983 2142 ad
3011 2088 3298 2156 discipulos
3318 2084 3491 2150 ianuis
3511 2084 3592 2156 in-

2028 2157 2245 2221 troibat,
2277 2166 2330 2211 et
2355 2157 2477 2209 ﬂatu
2505 2172 2601 2209 suo
2630 2158 2790 2211 dabat
2834 2159 3087 2225 Spiritum
3118 2153 3384 2216 sanctum,
3410 2165 3461 2205 et
3490 2153 3587 2204 do.

2027 2239 2151 2280 nato
2198 2226 2560 2296 intelligentiae
2600 2228 2799 2280 lumine
2842 2237 3144 2282 sanctarum
3196 2226 3586 2294 Scripturarum

2024 2297 2231 2351 occulta
2266 2298 2528 2365 pandebat
2558 2314 2570 2350 :
2603 2305 2657 2351 et
2686 2313 2896 2351 rursum
2928 2301 3119 2351 vulnus
3154 2297 3354 2359 lateris,
3394 2295 3587 2347 lixuras

2024 2368 2317 2429 clavorum,
2336 2377 2389 2420 et
2403 2368 2579 2420 omnia
2597 2367 2978 2421 recentissima:
2996 2367 3256 2435 passionis
3272 2367 3580 2435 signatuou-

2024 2438 2245 2506 Straba_t,
2266 2436 2447 2506 dicens
2473 2455 2484 2489 :
2520 2436 2698 2490 Videte
2714 2454 2895 2491 manus
2915 2453 3070 2501 meas,
3102 2448 3147 2490 et
3162 2437 3336 2506 pedes,
3354 2435 3471 2501 quia
3492 2449 3584 2502 ego

2022 2522 2156 2558 sum.
2185 2503 2404 2572 Palpate
2424 2515 2469 2558 et
2495 2506 2675 2568 videte,
2703 2508 3042 2575 quiaspiritus
3060 2503 3260 2560 carnem
3289 2514 3334 2557 et
3351 2520 3465 2557 ossa
3482 2519 3583 2555 non

2020 2576 2301 2629 babetsieut
2329 2576 2596 2629 mevidetis
2609 2577 2790 2629 habere
2812 2576 2963 2643 (Luc.
2986 2592 3131 2635 xxiv,
3158 2575 3280 2641 59);
3313 2584 3368 2627 ut
3393 2588 3582 2641 cogno~

2018 2654 2257 2698 sceretur
2271 2646 2320 2697 in
2334 2658 2400 2697 eo
2412 2646 2704 2712 proprietas
2716 2646 2905 2699 divina:
2936 2647 3283 2709 humanaeque
3298 2654 3499 2698 natura:
3513 2644 3579 2695 in-

2016 2714 2225 2767 dividua
2250 2730 2594 2781 permanere:
2628 2726 2680 2769 et
2701 2714 2770 2768 ita
2794 2717 2868 2771 sci
2899 2731 3050 2770 emus
3096 2716 3321 2770 Verbum
3352 2727 3455 2765 non
3481 2714 3580 2765 hoc

2016 2785 2283 2852 essequod
2314 2785 2361 2815 ³³
2389 2796 2868 2849 carnem,utunum
2907 2785 2999 2839 Dei
3025 2785 3247 2849 Filium,
3274 2794 3328 2839 et
3350 2783 3578 2835 Verbum

2014 2853 2407 2913 conﬁteremur.
2440 2862 2495 2908 et
2522 2870 2757 2908 carnem.
2800 2856 2916 2919 Quo
2946 2854 3065 2908 ﬁdei
3097 2863 3431 2907 sacramento
3473 2852 3577 2905 Eu-

2016 2926 2200 2991 tyches
2229 2926 2328 2977 iste
2368 2924 2586 2977 nimium
2624 2924 2965 2976 a-stimandns
2995 2935 3077 2977 est
3114 2937 3330 2983 vacuus,
3363 2922 3450 2987 qui
3487 2937 3577 2974 na-

2015 3000 2184 3046 turam
2210 3003 2440 3047 nostram
2472 2996 2521 3046 in
2552 2992 2821 3061 unigenito
2843 2993 2958 3055 Dei,
2982 3007 3081 3047 nec
3110 3007 3202 3059 per
3225 2991 3573 3045 humilitatem

2014 3064 2370 3127 mortalitatis,
2406 3078 2505 3116 nec
2529 3077 2620 3131 per
2647 3063 2868 3131 gloriam
2898 3062 3305 3116 resurrectionis
3329 3061 3573 3131 agnovit:

342 3146 521 3185 smum
552 3131 716 3198 venit,
742 3147 808 3185 ne
839 3128 1025 3186 lateret
1053 3133 1189 3196 quod
1219 3131 1396 3185 carnis
1422 3132 1684 3185 velamine
1715 3130 1909 3201 divini-
1937 3136 1982 3199 (ζ
2015 3146 2111 3185 nec
2136 3134 2449 3186 sententiam
2476 3128 2611 3186 beati
2644 3128 2867 3199 apostoli
2906 3142 2960 3186 et
2993 3132 3334 3201 evangelista:
3355 3128 3574 3201 Joannis

339 3212 426 3254 tas
459 3212 749 3265 tegeretur,
772 3216 873 3255 vox
898 3202 1068 3255 Patris
1088 3203 1156 3257 de
1182 3202 1322 3256 ccelo
1352 3202 1597 3255 intonans
1619 3201 1747 3254 dixit
1771 3217 1783 3252 :
1810 3199 1912 3253 Hic

341 3280 421 3341 est
447 3270 619 3323 Filius
657 3288 794 3325 meus
834 3273 1044 3325 dilectus
1094 3273 1145 3324 in
1194 3287 1293 3341 qua
1322 3272 1446 3341 mihi
1478 3270 1599 3323 bene
1626 3270 1913 3341 complorati

336 3340 558 3408 (Martii.
592 3356 721 3403 xvn,
750 3341 828 3404 5).
854 3344 1020 3406 Quem
1053 3340 1228 3409 itaque
1259 3342 1395 3395 sicut
1429 3340 1697 3394 hominem
1726 3341 1767 3409 ’ξ
1792 3340 1911 3393 dia-

340 3412 515 3466 bolica
550 3419 720 3463 tentat
746 3412 961 3471 astutia.
994 3408 1163 3465 eidem
1187 3412 1323 3464 sicut
1346 3411 1453 3463 Deo
1481 3410 1717 3479 angelica
1747 3408 1913 3463 famu-

337 3482 525 3535 lantur
550 3480 749 3534 ol’ticia.
786 3481 1014 3539 Esurire.
1048 3481 1218 3542 sitire.
1245 3480 1563 3543 lassescere,
1591 3490 1749 3546 atque
1788 3479 1911 3531 dur-

336 3551 474 3604 mire
529 3551 711 3618 procul
762 3549 925 3603 dubio
974 3551 1256 3602 humanum
1323 3558 1443 3612 est;
1476 3549 1634 3601 "sed
1680 3550 1910 3617 quinque

337 3620 568 3677 mnibus
608 3634 840 3689 qumque
867 3620 1027 3672 millia
1058 3619 1330 3672 hominum
1374 3629 1588 3678 satiare,
1636 3626 1689 3669 ct
1731 3618 1906 3689 largiri

336 3689 386 3721 ”
413 3687 764 3745 Samaritana:
803 3704 991 3756 aquam
1031 3691 1224 3747 vivam,
1269 3690 1420 3755 ctijus
1458 3690 1675 3740 haustus
1705 3687 1904 3740 bibenti

335 3760 384 3791 “
414 3769 635 3827 praestet
674 3775 741 3813 ne
776 3758 911 3811 ultra
945 3760 1055 3825 jam
1085 3759 1231 3812 sitiat
1262 3776 1274 3810 :
1311 3773 1467 3826 supra
1500 3759 1712 3809 dorsum
1750 3758 1910 3827 maris

336 3826 533 3896 plantis
565 3845 668 3882 non
698 3829 1059 3882 desidentibus
1095 3828 1385 3891 ambulare,
1420 3838 1475 3881 et
1495 3827 1753 3881 elationes
1798 3826 1902 3879 llu-

335 3913 517 3952 cruum
565 3899 831 3965 increpata
860 3908 1174 3965 tempestate
1206 3908 1567 3959 consternere,
1599 3898 1715 3949 sine
1743 3898 1910 3948 ambi-

334 3971 541 4037 guitate
571 3971 809 4021 divinum
833 3977 933 4021 est.
965 3968 1111 4023 Sietrt
1138 3983 1265 4035 ergo
1283 3968 1363 4037 (ut
1384 3968 1547 4020 multa
1574 3968 1906 4037 praue-ream)

336 4034 445 4091 non
489 4039 730 4107 ejusdem
780 4048 982 4093 naturae
1026 4048 1109 4092 est
1151 4034 1671 4091 ﬂere'miserationis
1702 4034 1905 4107 affectu

335 4105 572 4163 amicoin
605 4118 896 4172 mortuum,
936 4119 990 4163 et
1011 4111 1255 4161 eumdem
1304 4117 1507 4160 remoto
1541 4105 1906 4173 quatriduan:e

333 4180 439 4250 οι
489 4193 683 4247 aggere
722 4178 1040 4245 sepultum,
1070 4179 1135 4231 ad
1172 4178 1317 4250 vocis
1354 4176 1628 4250 imperium
1665 4175 1907 4250 excitare

340 4244 677 4312 Fet—tivivnm;
709 4257 799 4299 aut
829 4252 877 4299 in
911 4250 1055 4315 ligno
1101 4248 1351 4316 pendere,
1380 4256 1433 4299 et
1461 4247 1514 4299 in
1549 4253 1755 4297 nocti-ru
1786 4244 1902 4316 luce

337 4332 623 4380 cuuversa,
676 4321 853 4371 omnia
906 4315 1167 4372 elementa
1201 4317 1578 4377 trcrnefacere;
1606 4323 1696 4367 aut
1739 4315 1905 4368 clavis

336 4389 654 4443 transfixum
677 4402 816 4445 e-se.
848 4396 901 4439 et
927 4389 1152 4455 paradisi
1181 4398 1359 4455 portas
1390 4384 1508 4438 ﬁdei
1532 4382 1752 4455 latronis
1779 4398 1904 4455 ape-

338 4462 445 4513 rire
470 4474 486 4514 :
510 4459 582 4511 ita
608 4469 713 4511 n'on
743 4452 978 4524 ejusdem
1010 4452 1208 4509 naturae
1237 4466 1318 4510 est
1337 4455 1514 4509 dicere
1544 4453 1703 4524 :AEgo
1728 4462 1775 4504 et
1799 4452 1903 4505 Pa-

337 4502 598 4581 tervu'num
622 4502 795 4579 sumne
818 4525 995 4596 (Joan.
1021 4543 1070 4586 κ,
1101 4528 1209 4593 50).
1234 4540 1286 4579 ει
1315 4526 1493 4596 dicere
1516 4538 1529 4578 :
1564 4502 1716 4577 Ραῗεν
1735 4525 1903 4596 major
1931 4502 1979 4561 Ῐ)

338 4614 417 4651 me
446 4607 519 4650 eu
542 4596 719 4663 (Joan.
740 4594 846 4659 xlv,
867 4597 984 4664 ‘28).
1012 4596 1264 4661 Quamvis
1283 4597 1423 4648 enini
1447 4594 1498 4648 in
1526 4595 1752 4664 Domino
1774 4594 1899 4647 Jesu

336 4668 553 4720 Christo
577 4668 665 4719 Dei
696 4676 751 4719 et
782 4663 1014 4718 hominis
1046 4682 1145 4718 una
1177 4680 1402 4733 persona
1433 4667 1532 4725 sit;
1559 4663 1698 4716 aliud
1723 4674 1897 4719 tamen

335 4746 421 4790 est
443 4736 585 4789 unde
605 4739 921 4789 contumelia
942 4737 992 4788 in
1020 4746 1241 4803 utroque
1259 4735 1575 4798 communis,
1600 4733 1739 4785 aliud
1759 4735 1899 4787 unde

334 4806 638 4858 communis
678 4816 757 4859 est
782 4806 947 4874 gloria
974 4822 988 4859 :
1020 4807 1088 4859 de
1127 4817 1309 4859 nostro
1334 4807 1474 4859 enim
1506 4804 1578 4857 illi
1608 4813 1689 4857 est
1727 4804 1902 4874 minor

335 4876 496 4929 Patre
529 4872 848 4940 humanitas,
881 4876 948 4929 de
978 4876 1131 4929 Patre
1153 4876 1227 4928 illi
1249 4883 1334 4929 Cal
1361 4875 1578 4943 aequalis
1600 4887 1719 4926 cum
1746 4872 1900 4926 Patre

333 4946 610 4998 divinitas.
653 4947 877 5012 Propter
930 4948 1066 5000 hanc
1112 4960 1239 5013 ergo
1281 4946 1535 4998 unitatem
1577 4957 1816 5009 persona:
1847 4944 1897 4997 in

334 5026 561 5082 utraque
603 5023 785 5067 natura
815 5014 1236 5081 intelligendam,
1266 5026 1319 5068 et
1352 5016 1515 5068 Filius
1560 5014 1791 5067 hominis
1821 5014 1897 5065 le-

332 5088 479 5153 gitur
505 5085 844 5138 descendi~se
870 5085 937 5137 de
977 5086 1135 5150 caelo,
1165 5100 1283 5138 cum
1317 5085 1477 5139 Filius
1520 5085 1641 5145 Dei,
1685 5099 1897 5137 carne-ni

332 5156 400 5208 de
427 5169 492 5209 ea
521 5154 737 5221 Virgine
773 5154 839 5207 de
865 5171 965 5221 qua
996 5165 1076 5210 est
1104 5165 1257 5209 natus
1287 5156 1649 5220 assurnpserit.
1690 5154 1753 5207 Et
1781 5170 1898 5206 rur-

332 5241 452 5278 sum
487 5225 655 5277 Filius
688 5224 780 5277 Dei
825 5227 1108 5279 cruciﬁxus
1150 5226 1342 5279 dicitur
1368 5239 1431 5276 ac
1467 5225 1723 5291 sepultos,
1777 5238 1897 5276 cum

332 5294 450 5348 haec
482 5310 587 5346 non
629 5294 681 5347 in
716 5295 990 5349 divinitate
1031 5296 1165 5362 ipsa,
1196 5310 1296 5363 qua
1324 5295 1628 5360 unigenrtus
1658 5308 1900 5347 conseru-

337 5366 579 5433 piternus
605 5374 660 5418 et
684 5366 1151 5419 consulistantialis
1178 5377 1259 5419 est
1304 5364 1463 5425 Patri,
1492 5365 1585 5417 sed
1616 5365 1666 5417 in
1695 5374 1897 5416 natura:

338 5435 587 5487 humanm
631 5435 700 5487 sit
728 5434 1031 5488 inﬁrmitate
1064 5450 1361 5503 perpessus.
1397 5434 1543 5487 Unde
1575 5433 1897 5503 unigenitum

336 5505 529 5557 Filium
564 5503 654 5557 Dei
684 5504 997 5558 cruciﬁxum
1052 5514 1104 5558 et
1143 5506 1402 5572 sepultum
1431 5518 1619 5557 omnes
1654 5505 1812 5557 etiam
1847 5504 1897 5555 in

336 5572 582 5645 symbqu
633 5577 971 5639 conﬁtemur,
1025 5576 1312 5645 secutulqu
1354 5574 1478 5627 illud
1511 5573 1791 5641 Apostoli:
1838 5572 1900 5626 Si

336 5643 467 5695 eum
493 5645 860 5714 cognovissent,
886 5660 1135 5711 nunquam
1166 5643 1440 5696 Dominum
1471 5645 1749 5714 majestatis
1769 5659 1898 5693 cru-

338 5714 616 5775 ci/isissmt
644 5712 695 5781 (1
738 5713 855 5766 Car.
890 5730 947 5779 rt,
973 5715 1050 5769 8t.
1089 5718 1219 5766 Cum
1265 5726 1440 5766 autern
1487 5712 1600 5779 ipse
1646 5714 1898 5766 Dominus

343 5795 522 5838 noster
547 5794 704 5854 atque
732 5784 977 5840 Salvator
1007 5784 1051 5814 "
1084 5785 1233 5838 [idem
1256 5784 1631 5853 discipulorum
1669 5783 1778 5838 suis
1817 5783 1897 5837 iu-

2013 3204 2245 3269 expavit,
2269 3202 2523 3256 dicentis:
2549 3197 2727 3254 Omnis
2756 3202 2965 3267 spiritus
2991 3203 3079 3264 qui
3106 3197 3373 3268 conﬁtetur
3396 3197 3574 3269 Iesum

2013 3267 2268 3325 Christum
2295 3273 2529 3323 in'carne
2560 3273 2771 3333 venisse,
2801 3286 2864 3325 ex
2894 3271 2999 3323 Deo
3017 3281 3094 3323 est
3117 3287 3132 3325 :
3160 3267 3208 3323 et
3235 3270 3396 3323 omnis
3421 3267 3573 3332 spiri-

2012 3350 2090 3393 tus
2116 3343 2202 3410 qui
2230 3341 2375 3410 soluit
2412 3339 2613 3404 Iesum,
2653 3356 2717 3410 ex
2745 3341 2849 3393 Deo
2886 3356 2987 3394 non
3012 3350 3101 3403 est,
3132 3350 3176 3393 et
3203 3340 3285 3392 hic
3314 3348 3385 3392 est
3423 3338 3572 3410 Arth-

2012 3406 2232 3465 cliristus
2261 3409 2314 3479 (I
2337 3409 2494 3463 Joan.
2538 3425 2610 3471 rv,
2641 3409 2722 3477 2).
2751 3411 2884 3475 Quid
2913 3421 3088 3464 autem
3117 3419 3201 3463 est
3242 3406 3572 3479 solvereJe-

2010 3494 2148 3546 sum,
2183 3477 2283 3534 nisi
2327 3483 2607 3533 humanam
2638 3481 2705 3533 ab
2751 3495 2816 3534 eo
2846 3494 3095 3548 separare
3143 3488 3415 3536 naturam.
3447 3477 3491 3509 ”
3518 3486 3570 3531 et

2009 3560 2397 3619 sacramentum
2428 3564 2521 3619 per
2547 3551 2685 3618 quod
2719 3565 2880 3603 unum
2930 3550 3113 3619 salvati
3159 3562 3365 3610 sumus,
3394 3548 3569 3619 impu-

2010 3618 2334 3673 dentissimis
2362 3616 2622 3674 evacuare
2657 3619 2957 3688 ﬁgmentis?
2992 3618 3238 3687 Caligans
3267 3632 3392 3671 vero
3427 3616 3567 3670 circa

2012 3701 2249 3741 naturain
2272 3689 2510 3757 corporis
2531 3688 2750 3752 Christi,
2776 3702 2993 3743 necesse
3018 3698 3175 3742 estut
3200 3689 3358 3741 etiam
3375 3688 3425 3740 in
3452 3700 3569 3753 pas-

2009 3759 2159 3812 sione
2184 3759 2297 3825 n-jus
2324 3760 2510 3813 eadem
2538 3760 2895 3812 obc:ecatione
2932 3758 3177 3824 desipiat.
3218 3757 3349 3810 Nam
3374 3757 3419 3811 si
3449 3769 3567 3808 cru-

2009 3842 2123 3881 cem
2167 3828 2372 3880 Domini
2422 3844 2526 3881 non
2574 3837 2721 3892 putat
2767 3829 2985 3890 falsam,
3026 3836 3081 3882 et
3121 3837 3422 3894 susceptum
3471 3838 3567 3889 pro

2011 3895 2189 3949 mundi
2234 3896 2404 3950 salute
2430 3898 2744 3962 supplicium
2779 3910 2959 3951 verum
2998 3897 3158 3950 fuisse
3193 3911 3295 3950 non
3324 3894 3565 3956 dubitat,

2006 3967 2157 4033 cujus
2184 3966 2354 4018 credit
2378 3975 2621 4024 mortem,
2653 3977 2904 4032 agnoscat
2933 3975 2986 4021 et
3012 3981 3226 4020 carnem
3250 3982 3266 4027 ;
3300 3978 3400 4017 nec
3424 3963 3562 4033 ditii-

2008 4031 2181 4088 teatur
2199 4036 2358 4088 nostri
2375 4037 2614 4101 corporis
2638 4035 2927 4097 hominem,
2945 4050 3097 4101 quem
3112 4034 3382 4103 cognoscit
3404 4031 3565 4103 fuisse

2009 4104 2312 4172 passibilem
2352 4121 2363 4155 :
2405 4100 2651 4171 quoniam
2693 4106 2902 4172 negatio
2938 4100 3077 4156 verae
3116 4100 3326 4172 carnis,
3355 4100 3564 4167 negatio

2006 4171 2083 4227 est
2120 4175 2276 4227 etiam
2324 4188 2595 4242 corporea:
2636 4171 2913 4243 passionis.
2950 4175 3004 4227 Si
3044 4188 3171 4237 ergo
3208 4171 3561 4226 Christianam

2008 4244 2227 4311 suscipit
2254 4245 2432 4304 fidem,
2463 4253 2518 4297 et
2545 4259 2573 4295 a
2606 4242 2975 4311 praedicatione
2998 4242 3439 4311 Evangeltisuum
3458 4256 3562 4292 non

2005 4318 2196 4368 avertit
2235 4314 2495 4378 auditum,
2544 4310 2720 4367 videat
2748 4330 2864 4381 qua:
2894 4324 3080 4366 natura
3117 4310 3562 4381 translixagclavis

2005 4383 2317 4452 pependerit
2346 4385 2397 4437 in
2432 4384 2607 4438 crucis
2639 4378 2809 4451 ligno;
2835 4394 2889 4436 et
2913 4393 3098 4447 aperto
3123 4398 3211 4449 per
3243 4379 3422 4435 militis
3450 4378 3562 4433 lan-

2005 4468 2151 4505 ceam
2194 4455 2360 4507 latere
2399 4454 2669 4517 crucitixi,
2712 4454 2967 4523 intelligat
3004 4452 3047 4483 ³⁸
3082 4452 3224 4507 unde
3260 4454 3470 4518 sanguis
3511 4461 3563 4502 et

2005 4540 2136 4593 aqua
2167 4524 2413 4587 ﬂuxerit;
2445 4534 2499 4577 ut
2531 4524 2768 4579 Ecclesia
2795 4524 2908 4586 Dei,
2942 4535 2994 4576 et
3021 4523 3231 4575 lavacro
3263 4523 3521 4593 rigaretur
3548 4560 3561 4578 ,

2007 4591 2063 4645 ct
2083 4597 2291 4657 poculo.
2323 4594 2515 4649 Audiat
2542 4604 2595 4647 et
2616 4595 2826 4648 beatum
2856 4593 3065 4647 Petrum
3100 4591 3395 4658 apostolum
3423 4603 3561 4656 prm-

2005 4664 2293 4729 dieantern,
2323 4664 2459 4733 quod
2488 4665 2595 4734 93
2625 4663 2967 4734 sanctiﬁcatio
2995 4662 3220 4729 Spiritus
3258 4676 3350 4734 per
3378 4674 3560 4734 asper-

2005 4734 2210 4787 sionem
2249 4729 2646 4803 tiat'sangiriiiis
2683 4732 2877 4803 Christi
2906 4732 3383 4803 :Anecgtransitorie
3427 4729 3561 4803 legat

2005 4805 2242 4871 ejusdem
2274 4800 2496 4871 apostoli
2533 4804 2714 4863 verba.
2754 4801 2975 4856 dicentis
3001 4820 3014 4855 :
3048 4801 3275 4855 Scientes
3302 4800 3437 4867 quod
3463 4816 3560 4851 non

2005 4876 2411 4943 corruptibilibus
2439 4884 2649 4944 argento
2686 4882 2731 4924 et
2763 4887 2889 4924 auro
2918 4872 3159 4944 redempti
3186 4872 3304 4944 estis
3339 4871 3401 4922 de
3433 4886 3561 4944 vana

2005 4939 2168 4995 vestra
2207 4939 2574 4996 conuersatione
2607 4953 2830 5012 paterna:
2863 4943 3175 5002 traditionis,
3215 4939 3303 4994 sed
3331 4942 3560 5012 pretioso

2002 5014 2417 5082 sanguineqnasi
2446 5014 2565 5082 agni
2603 5008 2987 5065 incontaminati
3024 5022 3068 5064 el
3095 5008 3409 5082 immaculati
3437 5008 3558 5082 Jesn

2004 5079 2194 5135 Christi
2215 5080 2265 5142 (Ι
2286 5079 2439 5135 Ῥειν.
2473 5079 2509 5146 IV,
2544 5081 2651 5150 l8).
2682 5082 2822 5135 lleati
2847 5098 3056 5149 quoque
3084 5080 3301 5134 Joannis
3333 5079 3555 5150 apostoli

2004 5153 2306 5204 testimonio
2351 5168 2451 5205 non
2495 5145 2735 5213 resistat,
2785 5145 3048 5205 dicentis:
3082 5151 3147 5204 Et
3191 5149 3394 5218 sanguis
3411 5145 3555 5218 _Jesu

2003 5222 2190 5274 Christi
2221 5220 2339 5273 Filii
2368 5221 2460 5274 Dei
2485 5225 2725 5275 emundat
2747 5239 2838 5275 nos
2859 5222 2920 5274 ab
2944 5223 3075 5274 omni
3106 5214 3304 5289 peccato
3325 5214 3374 5285 (1
3395 5214 3553 5289 Joan.

2001 5308 2039 5350 ι.
2068 5292 2143 5355 7).
2173 5292 2445 5345 Etiterum
2473 5308 2486 5351 ;
2516 5291 2639 5345 Hac
2664 5302 2737 5345 est
2756 5294 2961 5345 victoria
2982 5286 3271 5357 quw'rincir
3289 5286 3551 5357 mundum,

2002 5354 2128 5430 ﬁdes
2150 5372 2341 5414 nostra.
2368 5362 2492 5424 Qui:
2507 5372 2578 5415 est
2609 5363 2699 5430 qui
2718 5365 2868 5416 vincit
2896 5354 3155 5421 mundum,
3179 5356 3274 5430 n'si
3293 5355 3375 5420 qui
3395 5354 3552 5430 credit

2002 5378 2128 5430 (rae:
2150 5378 2341 5414 nostra.
2368 5378 2492 5424 υιιιε
2507 5378 2699 5481 εειβιιι
2718 5378 2868 5416 vmcu
2896 5378 3155 5421 munaum,
3179 5378 3211 5408 η
3232 5378 3272 5406 ει
3293 5378 3374 5420 qur
3395 5378 3544 5433 .cruru

1999 5431 2238 5501 quoniam
2273 5430 2426 5485 Jesus
2453 5442 2542 5505 est
2616 5432 2750 5505 ﬂius
2780 5430 2912 5505 Dei?
2947 5430 3043 5481 Hic
3069 5436 3138 5479 est
3168 5426 3251 5505 qui
3296 5433 3426 5475 venit
3466 5440 3544 5492 per

1999 5500 2184 5567 aquam
2207 5510 2255 5554 et
2281 5502 2577 5570 sanguinem
2602 5500 2751 5555 Iesus
2786 5500 3014 5570 Christus
3039 5513 3062 5570 _:
3085 5512 3185 5570 non
3224 5500 3274 5544 in
3300 5509 3432 5570 aqua
3472 5510 3554 5570 so-

2000 5566 2123 5633 lum,
2156 5572 2246 5625 sed
2276 5574 2327 5623 in
2352 5566 2484 5640 aqua
2504 5582 2551 5624 et
2572 5573 2835 5637 sanguine.
2866 5568 2931 5620 Et
2953 5566 3189 5640 Spiritus
3211 5572 3280 5640 est
3305 5566 3385 5631 qui
3416 5566 3554 5615 τεειὶ-

1999 5643 2205 5707 ﬁcatur,
2231 5641 2274 5673 “
2303 5634 2542 5709 quoniam
2569 5634 2795 5706 Spiritus
2821 5648 2889 5691 est
2909 5635 3109 5689 veritus.
3151 5634 3281 5699 Quia
3308 5644 3405 5709 tres
3438 5643 3553 5709 sunt

1997 5704 2082 5777 qui
2108 5704 2441 5763 testimonium
2469 5704 2878 5777 dant,‘Spiritus,
2906 5715 2951 5777 et
2972 5720 3123 5772 aqua,
3150 5715 3195 5758 ct
3219 5706 3420 5772 sanguis
3443 5704 3488 5735 "
3507 5714 3551 5756 rt

1999 5775 2097 5835 tres
2128 5797 2280 5835 unum
2308 5790 2425 5834 sunt
2459 5779 2507 5849 (I
2536 5777 2687 5835 loan.
2720 5795 2771 5845 v,
2803 5776 2879 5847 4).
2901 5775 3125 5848 Spiritus
3156 5776 3334 5845 utique
3355 5787 3547 5829 saucu-
