3956 6180
239 311 345 367 515

308 648 599 703 Sulliceret
660 650 876 716 quidem
930 654 994 707 ad

233 719 452 789 plenam
490 720 845 785 cognitionem
880 726 994 789 pie.

233 788 383 848 tatis,
418 795 473 839 ct
512 788 994 855 continuationem,

232 858 453 924 sapiens
476 857 629 926 105
647 858 745 911 boc
777 870 829 912 et
852 864 996 913 salu-

235 937 352 979 tare
382 926 575 997 divinae
606 929 791 993 gratia
843 944 989 997 sym-

235 996 436 1047 bolum.
475 996 547 1048 De
580 997 733 1051 Patre
760 996 922 1060 enim,
943 1009 995 1052 et

235 1065 398 1121 Filio.
442 1075 499 1117 et
554 1064 753 1129 Spiritu
810 1081 994 1121 sancto

236 1135 625 1200 perfectionvm
690 1135 887 1191 docet:
940 1148 994 1193 et

237 1203 449 1255 Domini
508 1204 993 1262 inhumanalionetn

234 1273 469 1326 ﬁdeliter
498 1275 881 1339 accipientibus
913 1294 996 1331 re-

235 1351 549 1409 praesentat.
584 1342 688 1397 Sed
742 1348 991 1412 quoniam

233 1414 267 1465 ii
299 1414 393 1480 qui
421 1412 664 1465 veritatis
703 1416 989 1480 reprobate

233 1482 676 1549 praedicationem
703 1495 983 1550 conantur,

234 1568 333 1617 per
361 1551 609 1618 proprias
624 1553 875 1619 Inereses,
900 1570 991 1607 no-

232 1636 326 1675 vas
359 1633 524 1673 voces
579 1633 903 1688 genuerunt:
938 1634 991 1678 et

233 1693 282 1743 bi
301 1690 533 1760 quidem
549 1693 859 1760 mysterium
878 1694 989 1748 dis-

233 1759 572 1827 pensttionis
602 1759 826 1832 :Dotnini
870 1777 989 1832 quze

232 1838 460 1898 propter
473 1843 574 1881 nos
595 1829 727 1884 facta
747 1843 844 1894 est,
869 1829 988 1886 cor-

232 1913 491 1965 rumpere
517 1912 915 1965 praesumentes,
937 1913 989 1956 et

234 1985 424 2040 vocem
438 1971 668 2030 θεοτόκος
693 1972 759 2023 de
782 1973 989 2040 Virgine

229 2039 565 2104 denegantes
580 2056 594 2090 :
609 2041 695 2093 alii
724 2055 847 2093 vero
860 2039 986 2095 cun-

230 2110 499 2163 lusionem
557 2110 989 2175 permixtionem—

230 2194 336 2245 qtte
404 2179 807 2234 introducentes
838 2219 855 2243 ,
934 2195 986 2235 et

233 2262 393 2299 unam
445 2262 689 2303 naturam
720 2263 838 2302 esse
864 2265 983 2303 car-

233 2320 315 2369 nis
380 2328 436 2370 et
483 2319 778 2373 divinitatis
826 2324 987 2374 stulte

231 2386 602 2456 contingentes
624 2404 639 2440 :
671 2399 725 2440 et
761 2389 985 2456 passibi-

233 2456 335 2509 lem
368 2457 876 2526 unigenitidivinam
904 2476 988 2512 na-

233 2536 406 2596 turam
469 2543 568 2596 per
622 2527 987 2583 confusionem

234 2594 540 2665 prodigiose
569 2597 825 2651 dicentes.
869 2599 989 2652 Pro-

236 2676 351 2726 pter
380 2669 485 2721 hoc
506 2668 610 2721 illis
638 2682 848 2721 omnem
875 2684 988 2721 ma-

234 2735 600 2791 chinationem
628 2747 811 2791 contra
849 2739 985 2791 veri-

235 2814 395 2856 tatem
480 2808 665 2859 volens
736 2806 983 2861 claudere

235 2887 471 2939 presens
503 2890 642 2929 nunc
688 2885 891 2940 sancta,
928 2886 983 2931 et

235 2957 444 3015 magna,
468 2954 524 3000 et
551 2946 865 2999 universalis
893 2961 983 3015 sy-

236 3012 404 3083 nodus
434 3058 450 3078 ,
554 3014 797 3083 pnedicat
809 3012 979 3069 ionein

237 3082 368 3135 banc
389 3084 459 3137 ab
477 3082 625 3137 initio
654 3083 980 3138 immobilem

238 3153 454 3227 dot-£95,
468 3154 705 3227 decrevit
729 3162 852 3227 ante
869 3170 981 3227 om-

238 3221 527 3283 niajftdem
555 3224 607 3275 in
633 3223 979 3277 recusabiletn

238 3305 548 3357 permanere
568 3307 683 3345 ccc.
721 3308 775 3344 ι.
808 3303 861 3348 et
893 3309 979 3346 VIII

235 3369 537 3415 salictornm
608 3361 843 3414 Patrum.
919 3365 981 3417 Et

235 3429 528 3483 doctrinam
546 3433 844 3495 continuat,
866 3449 982 3499 qua:

231 3499 295 3549 de
313 3501 611 3569 substantia
623 3501 853 3569 Spiritus
865 3517 985 3556 san-

232 3571 295 3618 cli
315 3584 381 3622 CL
399 3568 652 3623 Patribus
670 3568 850 3637 postea
863 3586 983 3624 con-

229 3641 464 3704 gregatis
490 3640 545 3691 in
591 3639 734 3707 regia
772 3642 983 3694 civitate

231 3710 422 3780 tradita
444 3718 549 3780 est,
583 3720 796 3777 propter
831 3711 983 3780 106

232 3776 347 3829 illos
376 3779 469 3845 qui
523 3776 741 3845 Spiritui
793 3776 975 3832 Ita—rictu

230 3848 597 3914 repugnabant
640 3865 652 3898 :
711 3862 867 3914 quam
901 3850 973 3901 illi

229 3917 479 3969 oumibus
509 3926 687 3969 notam
715 3917 974 3980 fecerunt,

230 3998 330 4035 non
360 3987 514 4053 quasi
541 3985 737 4053 aliquid
765 3985 979 4040 deesset

229 4054 668 4108 antecedentibus
742 4055 943 4110 inferen
959 4087 976 4099 ο

229 4132 339 4186 tes;
367 4126 465 4175 sed
487 4124 554 4176 de
570 4122 767 4189 Spiritu
795 4136 979 4180 sancto

227 4194 558 4245 intellectum
584 4207 767 4246 eorum
793 4202 975 4245 contra

227 4260 343 4313 illos
410 4262 502 4327 qui
560 4262 976 4317 dominationem

224 4328 336 4395 ejus
349 4344 607 4398 respuere
621 4340 762 4383 tenta
770 4343 974 4393 verunt,

222 4397 621 4463 Scripturarum
661 4400 978 4455 testimoniis

223 4468 585 4521 declarantes.
613 4468 833 4535 Propter
860 4471 977 4525 illos

224 4546 400 4589 autent
427 4537 517 4606 qui
534 4543 841 4607 mysterium
869 4540 979 4593 dis-

226 4609 561 4677 pensationis
635 4623 980 4677 corrumpere

222 4675 540 4741 moliuntur,
575 4686 627 4731 et
652 4675 975 4745 purumbo-

222 4745 422 4797 minem
454 4759 575 4814 esse
605 4747 751 4799 illum
792 4750 880 4814 qui
911 4764 974 4802 ex

221 4825 407 4866 sancta
441 4813 652 4882 Virgine
702 4813 857 4871 Maria
886 4833 978 4870 na-

224 4891 306 4935 tus
323 4893 430 4947 est,
478 4884 817 4951 impudenter
845 4887 977 4941 deli-

226 4962 364 5026 rant,
397 4955 652 5026 epistolas
692 4957 976 5026 synoilicas

224 5020 360 5072 beati
437 5023 625 5091 Cyrilli
706 5020 973 5091 quondam

225 5091 603 5145 Alenndrinze
720 5091 973 5149 Ecclesia:

227 5161 498 5224 praesulis,
549 5162 614 5215 ad
669 5162 969 5216 Nestorium

224 5237 273 5280 et
296 5230 360 5281 ad
389 5230 524 5285 alios
568 5246 662 5298 per
702 5234 972 5286 Orientem

225 5311 481 5366 congruas
493 5302 788 5355 existentes
800 5318 976 5356 stisce-

228 5368 325 5433 pit,
352 5368 419 5420 ad
441 5371 839 5425 convincendas
868 5371 973 5426 Ne-

226 5439 367 5490 storii
385 5445 647 5503 vesanias;
662 5441 974 5507 interpreta-

227 5506 417 5578 tionem
471 5524 599 5562 vero
647 5506 831 5563 eorum
884 5510 973 5578 qui

226 5575 465 5631 salutaris
484 5579 713 5645 symboli
737 5575 970 5635 mentem

228 5645 305 5699 liio
334 5646 448 5698 zelo
465 5663 625 5701 nosse
643 5650 967 5703 desiderant.

225 5712 420 5780 Quibus
464 5718 627 5772 etiam
690 5720 970 5790 epistolam

1238 310 1297 363 ΙΝ
1340 311 1565 367 UPERA
1607 314 1831 369 VlGlLll
1875 317 2240 375 TAPSE‘NSIS
2275 322 2499 377 N011}.

236 423 599 496 apostolicam
648 421 964 496 Eeclesiam.
1030 424 1366 479 Confitemur
1425 443 1586 480 unum
1640 430 1812 496 bapti-

232 507 352 545 sma
384 495 435 543 in
469 492 1215 555 remissionempeccatorum:
1248 492 1815 561 exspectatnusresiir-

233 562 535 615 rectionem
566 571 915 626 mortuorum,
944 573 997 616 et
1017 564 1173 615 vitam
1200 566 1358 617 futuri
1389 568 1591 618 saeculi.
1626 571 1815 621 Amen.

1139 651 1422 706 Sufficeret
1483 655 1692 721 quidem
1750 657 1815 712 ad

1070 722 1277 794 plenam
1320 722 1675 794 cognitionem
1710 728 1817 794 pie-

1072 791 1195 843 tatis
1233 800 1287 845 ct
1333 791 1812 861 confirmationem,

1069 861 1283 925 sapiens
1326 860 1424 913 boc
1479 872 1533 915 et
1585 866 1815 920 salutare

1069 942 1160 1002 per
1193 930 1281 1002 Dei
1327 931 1548 1002 gratiam
1602 935 1815 1002 symbo-

1068 998 1197 1075 lum.
1231 1000 1301 1050 De
1341 999 1495 1052 Patre
1540 998 1817 1075 eniLmLet

1070 1066 1229 1131 Filio,
1272 1078 1325 1120 et
1369 1080 1553 1123 sancto
1614 1068 1812 1135 Spiritu

1066 1138 1443 1203 plenitudinem
1508 1141 1698 1204 docet,
1760 1153 1812 1198 et

1070 1205 1273 1259 Domini
1325 1207 1810 1267 inhumanatiouem

1067 1273 1299 1329 fideliter
1323 1277 1704 1345 accipientibus
1726 1298 1809 1336 re-

1067 1356 1369 1417 praesentat.
1412 1348 1513 1400 Sed
1561 1352 1807 1417 quoniam

1061 1414 1254 1468 tradere
1269 1414 1695 1483 prmdicationem
1717 1436 1810 1476 ve-

1063 1484 1537 1558 ritatis‘eonantes,
1581 1492 1810 1558 prapriis

1062 1551 1357 1608 bzeresibus
1422 1551 1596 1608 novas'
1653 1551 1809 1615 voces

1062 1623 1356 1698 proferunt;
1389 1624 1441 1678 bi
1459 1626 1671 1698 quidem
1694 1645 1808 1698 my-

1059 1697 1283 1765 steriuin
1323 1695 1534 1765 Domini
1594 1695 1808 1765 propter

1061 1775 1159 1845 nos
1182 1762 1375 1845 divina:
1394 1762 1805 1832 dispenSaIionis
1837 1784 1883 1845 Β

1060 1831 1316 1902 auanst
1353 1831 1716 1902 corrumpere,
1751 1849 1807 1892 et

1061 1900 1239 1974 Matris
1266 1902 1354 1956 Dei
1374 1902 1598 1968 Virginis
1619 1900 1800 1974 appel-

1063 1972 1311 2025 lationem
1376 1972 1664 2026 recusant.‘
1704 1978 1805 2032 Alii

1060 2055 1203 2114 vero
1231 2040 1628 2114 confusionem,
1686 2062 1809 2114 per-

1059 2111 1477 2176 mixtionemque
1568 2110 1809 2170 introdu-

1057 2189 1213 2243 cunt,
1245 2190 1299 2234 et
1344 2195 1501 2233 ultam
1564 2194 1804 2240 naturam

1057 2251 1232 2301 carnis
1276 2258 1331 2303 et
1380 2251 1593 2306 deitalis
1648 2259 1807 2313 stulte

1057 2320 1411 2387 contingunt;
1500 2324 1802 2387 passibilem

1059 2387 1314 2454 unigenili
1375 2390 1610 2445 divinam
1686 2411 1807 2451 esse

1060 2466 1335 2531 naturam,
1349 2460 1662 2515 confusione
1686 2480 1806 2531 por-

1061 2536 1283 2591 tentosa,
1308 2530 1567 2583 dicentes.
1600 2530 1805 2589 Ob'boc

1061 2595 1165 2650 illis
1196 2613 1407 2652 omnem
1458 2600 1806 2658 machinatio-

1058 2680 1177 2719 nem
1208 2679 1390 2721 contra
1434 2668 1591 2723 fidem
1621 2673 1805 2728 volens

1054 2736 1303 2790 claudere
1362 2752 1599 2804 praesens
1665 2755 1806 2798 nunc

1053 2812 1257 2879 sancta,
1284 2815 1338 2879 et
1380 2821 1598 2879 magna,
1646 2821 1805 2879 atque

1056 2873 1367 2946 universalis
1398 2873 1656 2946 synodus,
1677 2873 1800 2946 prac-

1052 2942 1367 2997 dicatinnem
1400 2942 1534 2999 lianc
1562 2947 1630 3000 ab
1652 2942 1803 3006 initio

1054 3014 1419 3068 inconcussam
1436 3014 1652 3079 docens,
1677 3033 1802 3073 con-

1052 3083 1221 3136 stituit
1269 3099 1375 3151 prae
1422 3087 1661 3150 caeteris,
1697 3099 1802 3143 Ire-

1052 3161 1325 3206 centorum
1368 3152 1553 3207 decem
1583 3165 1634 3208 et
1680 3168 1800 3213 octo

1052 3232 1353 3275 sanctorum
1397 3222 1608 3275 Patrum
1642 3226 1797 3281 fidem

1054 3306 1267 3344 manere
1295 3292 1550 3344 inlmsam.
1580 3293 1645 3347 Et
1683 3312 1803 3361 pro-

1055 3368 1172 3427 pter
1198 3361 1318 3413 illos
1366 3362 1453 3427 qui
1516 3363 1797 3420 adversum

1054 3441 1296 3482 sanctum
1370 3428 1627 3498 Spiritum
1703 3452 1801 3501 pu-

1052 3511 1216 3570 gnant
1238 3501 1611 3570 (μαχομένους)
1628 3515 1804 3569 postc-

1056 3568 1283 3622 rioribus
1298 3568 1668 3635 teinporibusa
1697 3573 1799 3626 Pa-

1059 3637 1227 3691 tribus
1247 3638 1385 3704 apud
1431 3638 1804 3698 Constantino-

1056 3707 1213 3780 polim
1272 3720 1485 3761 centum
1519 3711 1803 3780 Aquiuqua-

1051 3778 1195 3841 ginta
1224 3778 1582 3844 congregatis,
1613 3778 1804 3836 de'es-

1049 3848 1217 3898 sentia
1269 3846 1497 3915 Spiritus
1530 3854 1799 3905 conrobo-

1050 3924 1135 3968 rat
1160 3916 1406 3987 traditam
1436 3916 1799 3987 disciplinam,

1087 3999 1207 4037 uam
1237 3985 1310 4039 illi
1332 3985 1588 4040 omnibus
1621 3985 1799 4044 notam

1074 4057 1293 4124 'ecerunt
1310 4071 1325 4109 :
1350 4070 1456 4108 non
1470 4057 1618 4124 quasi
1641 4058 1801 4113 dees-

1050 4130 1134 4193 set
1162 4122 1358 4187 aliquid
1377 4122 1803 4193 praecedentibus

1052 4190 1484 4256 inferentesfsed
1513 4195 1580 4249 de
1615 4208 1802 4253 sancto

1049 4259 1249 4327 Spiritu
1276 4278 1427 4315 suam
1478 4268 1797 4321 sententiam

1052 4332 1447 4399 promulgantes
1471 4348 1484 4393 ;
1518 4335 1799 4391 adversum

1049 4413 1144 4471 eos
1173 4403 1259 4469 qui
1310 4404 1584 4458 veritatem
1628 4405 1800 4471 ipsius

1050 4468 1244 4523 lzedere
1276 4481 1629 4533 tentaverunt.
1648 4468 1794 4528 Scri-

1053 4546 1324 4602 pturarum
1367 4543 1685 4596 testimoniis
1715 4559 1800 4597 ro-

1050 4606 1319 4681 borantes.
1345 4612 1406 4661 At
1426 4624 1552 4681 vero
1584 4624 1803 4681 propter

1050 4674 1171 4729 illos
1208 4677 1296 4743 qui
1336 4674 1645 4746 mysterium
1680 4674 1792 4734 dis-

1051 4746 1377 4808 pensationis
1459 4749 1656 4802 violare
1712 4764 1803 4803 co-

1050 4825 1259 4877 nantur,
1299 4830 1486 4882 purum
1531 4818 1800 4873 hominem

1049 4897 1167 4936 esse
1181 4901 1267 4949 qui
1297 4900 1361 4938 ex
1378 4897 1558 4940 sancta
1588 4886 1804 4951 Virgine

1047 4952 1208 5023 Maria
1224 4965 1378 5007 natus
1404 4967 1506 5021 est,
1524 4956 1802 5023 impuden-

1049 5022 1150 5098 tius
1178 5023 1491 5098 delirantes,
1537 5022 1675 5080 beati
1698 5025 1804 5098 Cy-

1047 5091 1148 5144 rilli
1198 5094 1573 5149 Alexnndriuze
1631 5091 1803 5150 eccle-

1046 5161 1138 5233 sia:
1194 5163 1436 5228 pratsulis
1513 5166 1803 5233 synodicas

1047 5232 1250 5285 litteras
1275 5233 1339 5284 ad
1383 5232 1713 5297 Nestorium,
1747 5242 1803 5289 et

1044 5300 1109 5351 ad
1167 5302 1301 5354 alios
1349 5316 1441 5368 per
1489 5302 1800 5365 Orientem.

1045 5371 1445 5438 acceptissimas
1496 5370 1679 5436 habet,
1734 5373 1801 5427 ad

1045 5441 1439 5494 convmcendas
1566 5441 1800 5496 Nestorii

1044 5508 1426 5577 blasphemias,
1456 5520 1509 5565 et
1535 5512 1601 5564 ad
1632 5512 1801 5565 inter-

1046 5578 1395 5647 pretationem
1549 5582 1803 5634 salutaris

1043 5648 1269 5718 symboli
1297 5649 1378 5702 bis
1398 5649 1490 5717 qui
1524 5664 1685 5705 nosse
1711 5652 1800 5703 de-

1042 5719 1294 5775 siderant.
1357 5719 1563 5785 Quibus
1642 5719 1801 5775 etiam

1922 501 2104 556 ltomzn
2136 509 2392 571 priesulis,
2421 508 2668 561 beatissi-

3395 341 3496 395 5H

1844 435 1887 492 Α
1920 434 2160 516 maxime
2194 445 2245 489 et
2278 438 2505 516 senioris
2528 440 2672 516 urbis
2744 442 3021 516 e._-istol_am
3072 464 3274 516 rnigum
3320 464 3374 507 et
3412 472 3496 510 se-

2745 512 2907 583 nioris
2924 513 3079 583 Urbis
3108 512 3351 583 priesulis
3371 524 3493 578 bea-

1920 571 1989 650 Ini
2022 584 2073 625 et
2101 575 2421 662 sapctissimi
2465 578 2673 658 arcbie-
2748 582 2933 662 tissimi
2960 594 3012 635 et
3039 571 3207 662 sane"
3239 571 3496 662 arcitievpi-

1920 640 2125 708 piscopi
2158 642 2371 713 Leonis,
2389 662 2508 713 quae
2537 648 2670 700 scri-

1919 720 2007 775 pta
2050 721 2133 764 est
2160 712 2225 763 ad
2254 712 2665 768 sanctiememo-

1917 778 2010 831 ri;e
2040 780 2498 849 archiepiscopum
2548 787 2665 839 Fla-

1918 849 2128 901 vianum
2156 893 2170 915 ,
2204 851 2266 902 ad
2300 854 2661 914 perimendam

1920 916 2171 987 Eutycius
2224 925 2413 974 malam
2454 925 2664 979 intelle-

1916 990 2144 1053 gentiam
2210 997 2663 1060 COﬂSCQUCIltiSsi-

1914 1072 2001 1109 me
2028 1062 2330 1130 coaptavit:
2367 1071 2423 1113 ιιι
2464 1074 2587 1130 pote
2609 1076 2662 1118 et

1914 1126 2089 1193 magni
2122 1129 2262 1181 illius
2286 1129 2425 1184 Petri
2453 1126 2663 1188 confes-

1912 1194 2046 1247 sioni
2060 1208 2438 1265 congruentem
2452 1216 2500 1254 et
2516 1218 2662 1256 com-

1913 1278 2125 1337 munem
2185 1269 2335 1336 107
2375 1273 2658 1337 quamdam

1910 1334 2224 1389 columnari?
2252 1334 2407 1391 nobis
2465 1343 2661 1395 advero

1909 1415 2025 1455 sum
2059 1420 2214 1470 prava
2254 1408 2499 1476 dogmata
2542 1415 2658 1463 exi-

1910 1482 2159 1539 Stentem,
2184 1476 2250 1528 ad
2295 1480 2656 1533 ronlirmatio-

1911 1555 2031 1616 Item
2051 1557 2314 1598 remorum
2331 1549 2655 1616 (iugulatum.

1912 1612 2004 1684 l_lis
2036 1628 2263 1682 namque
2308 1612 2480 1684 qui'in
2524 1622 2659 1672 duos

1911 1680 2073 1734 Filios
2098 1680 2508 1750 dispensationis
2524 1691 2607 1741 div
2619 1693 2630 1742 i
2642 1717 2661 1730 -

1912 1765 1994 1826 nae
2025 1756 2330 1819 mysterium
2351 1758 2660 1826 discerpere

1912 1820 2151 1874 nituntur
2179 1825 2417 1877 obsistit:
2460 1838 2513 1878 et
2534 1820 2660 1883 illos

1910 1891 2001 1956 qui
2053 1893 2355 1958 passibilem
2408 1897 2659 1950 deitatem

1912 1962 2162 2027 unigeniti
2177 1972 2301 2016 sunt
2321 1970 2432 2017 ausi
2456 1967 2655 2029 dicere.

1911 2043 2069 2101 sacro
2116 2040 2255 2086 ctetu
2314 2036 2563 2101 expellit:
2606 2050 2659 2090 et

1910 2098 1993 2150 bis
2021 2101 2111 2165 qui
2139 2118 2189 2153 ιιι
2218 2098 2424 2156 duabus
2456 2108 2657 2160 naturis

1908 2168 2106 2222 Cltristi
2137 2212 2152 2235 ,
2181 2181 2655 2237 temperamentum

1908 2248 1999 2290 aut
2051 2242 2417 2315 confusionem
2473 2248 2658 2315 exqui-

1910 2318 2031 2381 runt
2070 2312 2306 2369 resistit:
2345 2322 2399 2365 et
2427 2328 2521 2367 eos
2560 2312 2654 2381 qui

1906 2379 2202 2445 etelustetn,
2220 2396 2303 2435 aut
2326 2385 2547 2438 alterius
2559 2379 2658 2438 alli-

1907 2450 2059 2514 cujtts
2086 2462 2206 2504 esse
2237 2455 2546 2507 substantia:
2574 2457 2653 2508 di-

1906 2529 2032 2569 cunt
2083 2533 2241 2586 quam
2276 2537 2339 2575 ex
2372 2525 2525 2576 nobis
2554 2526 2650 2577 ad-

1906 2590 2131 2653 sampsit
2158 2592 2295 2643 servi
2318 2591 2563 2654 formam,
2598 2610 2652 2645 ιιι

1905 2655 2183 2730 dementes
2211 2661 2373 2727 abigit
2405 2680 2416 2713 :
2474 2673 2527 2716 et
2559 2665 2647 2730 qtti

1904 2727 2038 2778 duas
2066 2729 2277 2795 quidam
2312 2743 2431 2784 ante
2462 2727 2655 2785 unitiu-

1906 2808 2027 2846 nem
2060 2807 2276 2851 naturas
2325 2800 2530 2852 Doinini
2579 2803 2653 2853 l'a-

1906 2863 2177 2936 bulantur,
2204 2883 2359 2920 unam
2388 2884 2514 2922 vero
2540 2881 2656 2936 post

1905 2934 2194 2987 uIIitioItem
2296 2934 2652 3004 contingunt,

1905 3005 2331 3073 anatbetnatizat.
2362 3007 2609 3073 Sequenti
2630 3024 2657 3061 s

1905 3072 2062 3138 igitur
2089 3089 2301 3128 sanctos
2352 3076 2562 3141 Patres,
2592 3095 2654 3129 u-

1829 3139 1875 3201 C
1906 3156 2031 3213 num
2059 3147 2412 3213 eamdemque
2433 3139 2655 3202 confite-

1906 3212 1950 3263 ri
1975 3211 2162 3265 Filium
2182 3254 2195 3276 ,
2228 3211 2508 3268 Dominum
2554 3233 2651 3269 no-

1904 3289 2076 3333 strum
2134 3283 2313 3337 Jcsutn
2366 3285 2655 3351 Christum,

1904 3364 2259 3406 consonanter
2285 3368 2468 3408 Dlllllt's
2498 3359 2657 3410 doce—

1905 3433 2060 3493 mus:
2092 3425 2336 3476 eumdem
2368 3424 2657 3493 perfectum

1904 3489 1955 3541 in
2000 3492 2220 3553 deitate.
2290 3489 2381 3546 et'
2410 3498 2655 3549 eumdem

1907 3561 2200 3625 perfectum
2218 3565 2268 3613 in
2298 3564 2653 3618 humanitate:

1904 3629 2071 3682 Deum
2118 3647 2264 3693 vere,
2298 3642 2351 3686 et
2390 3634 2657 3687 hominem

1904 3713 2030 3754 vere
2071 3703 2318 3755 eumdem
2370 3717 2432 3755 ex
2480 3705 2659 3757 anima

1904 3770 2148 3823 rationali
2188 3780 2243 3823 et
2282 3785 2508 3839 corpore
2545 3791 2557 3824 :
2603 3786 2658 3827 et

1903 3840 2412 3893 consubstantialem
2509 3842 2653 3897 Patri

1901 3910 2193 3961 secundum
2256 3911 2542 3976 deitatem,
2597 3922 2652 3964 et

1902 3979 2408 4031 consubstantialem
2498 3982 2650 4033 nubis

1902 4048 2145 4101 eumdem
2198 4048 2489 4102 secundum
2548 4050 2649 4101 btt-

1903 4118 2232 4187 Inanitatent,
2255 4118 2408 4187 108
2425 4132 2518 4185 per
2538 4133 2652 4171 om-

1902 4185 1990 4238 nia
2020 4189 2173 4241 nobis
2201 4185 2428 4240 similem
2451 4190 2651 4256 absque

1902 4266 2123 4323 peccato
2143 4272 2158 4311 :
2183 4269 2309 4310 ante
2324 4257 2520 4311 saecula
2537 4260 2653 4326 qui-

1901 4326 2022 4379 dem
2053 4329 2117 4380 de
2148 4326 2304 4380 Patre
2324 4329 2557 4395 genitum
2571 4343 2654 4381 se-

1901 4395 2132 4450 cundum
2171 4396 2442 4460 deitatem;
2479 4398 2530 4448 in
2559 4412 2652 4450 no-

1909 4464 2145 4519 vissimis
2216 4474 2396 4519 autem
2471 4467 2655 4520 diebus

1904 4535 2149 4587 eumdem
2181 4546 2399 4603 propter
2450 4550 2567 4599 nos,
2601 4546 2655 4590 et

1904 4614 2120 4674 propter
2136 4616 2372 4674 nostram
2397 4606 2645 4674 salutem,

1903 4688 1969 4743 ett
1999 4672 2163 4726 Maria
2192 4672 2401 4741 Virgine
2435 4674 2527 4727 Dei
2556 4672 2651 4743 ge-

1905 4742 2116 4805 nitrice,
2145 4744 2433 4796 secundum
2463 4742 2651 4798 buma-

1905 4812 2146 4865 nitatem.
2168 4812 2362 4877 Unum,
2380 4813 2649 4867 eumdem-

1943 4896 2007 4935 ue
2057 4882 2363 4945 Christum,
2426 4882 2653 4947 Filium,

1957 4952 2191 5003 omilmm
2218 4993 2231 5015 ,
2290 4954 2650 5016 unigenitum,

1904 5019 1957 5072 in
1988 5022 2191 5073 duabus
2234 5023 2436 5074 naturis
2476 5024 2655 5075 incon-

1905 5089 2041 5151 fuse,
2076 5090 2495 5154 immutabiliter,
2522 5094 2658 5143 indi-

1906 5161 2055 5219 vise.
2106 5169 2158 5212 et
2226 5161 2650 5227 inseparabiliter

1906 5229 2298 5297 agnosci-udum
2334 5248 2345 5280 :
2392 5246 2649 5297 nusquam

1908 5299 2115 5354 sublata
2166 5299 2461 5353 dill'erentia
2502 5309 2652 5353 natu-

1906 5385 1977 5421 ra:
1996 5384 2081 5421 um
2100 5368 2650 5437 prepterunitionem;

1906 5439 2177 5507 utagiSque
2227 5440 2369 5491 salva
2409 5454 2649 5507 proprie-

1906 5517 2012 5561 tate
2040 5510 2314 5576 utriusqne
2356 5522 2577 5570 naturae,
2601 5520 2654 5560 et

1908 5580 1958 5630 in
1989 5593 2143 5629 unam
2180 5593 2458 5646 personam
2497 5590 2652 5644 atque

1906 5648 2306 5701 subsistentiatn
2334 5662 2655 5701 concurren-

1909 5727 1983 5771 te.
2009 5719 2123 5773 Non
2149 5719 2201 5772 in
2226 5720 2355 5772 duas
2402 5730 2654 5786 personas

2742 663 2783 700 si
2802 652 2887 731 opi
2910 652 3129 731 .Leonis,
3148 672 3264 724 qum
3295 652 3494 731 scripta

2739 728 2821 769 est
2858 720 2923 772 ad
2970 720 3177 778 sancire
3220 720 3493 785 memoria:

2737 788 3191 859 archiepiscopum
3280 798 3489 856 Flavia-

2737 872 2860 934 num
2878 901 2891 922 ,
2912 860 2981 934 ad
3010 874 3198 934 sensus
3226 870 3485 934 pessimos

2739 926 2990 1001 Eutycius
3006 926 3345 1001 auferendus,
3360 954 3485 994 eon-

2735 999 3139 1059 sequentissime
3159 999 3361 1069 aptavit
3386 1025 3400 1061 :
3431 1023 3485 1065 ut

2736 1077 2857 1128 pote
2914 1071 3085 1130 magni
3148 1074 3284 1127 illius
3340 1077 3483 1133 Petri

2734 1136 3055 1189 confessioni
3079 1154 3455 1208 ciingrttentent
3470 1190 3483 1208 .

2736 1214 2787 1254 et
2837 1208 3119 1270 quamdam
3185 1213 3483 1270 columnam

2737 1274 2890 1350 nobis
2962 1280 3245 1350 adversum
3321 1300 3479 1350 prava

2732 1340 2977 1418 dogmita
3019 1340 3371 1418 existentein,
3420 1358 3487 1411 ad

2734 1414 3192 1470 cculirmationem
3228 1414 3366 1474 recti
3391 1428 3487 1476 du.

2733 1484 2957 1559 gmatis:
2984 1484 3253 1559 llis_euim
3291 1493 3380 1559 qui
3436 1497 3487 1549 in

2733 1550 2866 1621 duos
2885 1552 3042 1616 lilios,
3069 1550 3485 1621 dispensationis

2732 1617 2925 1672 divina:
2946 1617 3253 1690 mysterium
3276 1628 3484 1684 discer-

2736 1702 2861 1753 pere
2946 1692 3184 1746 IIiIuIttur
3234 1698 3477 1754 obsisut:

2735 1766 2788 1808 et
2816 1759 2932 1811 illos
2949 1763 3036 1826 qui
3056 1764 3355 1828 passibiletn
3369 1769 3485 1822 dei-

2737 1836 2896 1880 tatem
2932 1832 3184 1895 unigeuiti
3217 1837 3328 1889 ausi
3357 1852 3483 1893 sunt

2733 1896 2942 1961 dicere,
2963 1915 2989 1950 a
3036 1915 3189 1955 sarro
3215 1916 3355 1960 etetu
3384 1925 3484 1962 ex-

2738 1967 2926 2041 pellit:
2960 1978 3014 2022 et
3043 1971 3127 2041 bis
3153 1976 3239 2041 qui
3274 1977 3324 2028 iIt
3352 1976 3483 2030 dna-

2733 2034 2829 2113 bus
2866 2040 3072 2113 naturis
3103 2034 3323 2110 Cliristi,
3358 2060 3480 2113 per-

2730 2108 3036 2161 mixtionem
3076 2122 3163 2177 aut
3214 2108 3483 2168 confusio-

2731 2189 2849 2227 nem
2902 2181 3187 2246 exquirunt
3240 2186 3474 2239 resistit:

2730 2255 2783 2296 et
2811 2260 2904 2297 eos
2922 2250 3008 2314 qui
3055 2252 3355 2314 cmleSIem,
3385 2266 3477 2309 aut

2728 2316 2948 2367 alterius
2968 2319 3191 2386 alicujus
3212 2336 3332 2376 esse
3349 2326 3477 2376 sub-

2728 2388 2938 2458 stantia:
2981 2388 3163 2442 dicunt
3210 2407 3364 2458 quain
3406 2410 3470 2448 el

2733 2455 2885 2507 nobis
2906 2462 3191 2525 assumpsit
3211 2455 3349 2514 servi
3374 2467 3477 2515 lor-

2726 2538 2889 2599 rnatn,
2903 2538 2957 2599 ut
2976 2526 3247 2581 dementes
3270 2532 3466 2599 abigit:

2726 2601 2781 2645 et
2806 2595 2892 2659 qui
2921 2595 3051 2649 duas
3083 2601 3294 2664 quidem
3347 2595 3471 2653 ante

2730 2665 3019 2716 unitiunetn
3037 2680 3247 2720 naturas
3267 2668 3470 2724 Domini

2730 2731 3055 2794 fabulantur,
3114 2751 3269 2789 unam
3347 2755 3473 2792 vvro

2729 2811 2847 2866 post
2920 2805 3205 2857 unitionem
3278 2812 3472 2862 cunlitt-

2728 2880 2876 2934 gttnl,
2908 2874 3339 2930 anatltematizat.
3377 2880 3473 2931 Se-

2728 2950 2948 3003 quentes
2968 2940 3124 3006 igitur
3138 2956 3350 2999 sanctus
3374 2948 3472 3000 Pa-

2730 3016 2866 3084 tres,
2909 3024 3068 3084 unu_m
3124 3015 3471 3084 eamdemque

2726 3077 2966 3131 conﬁteri
2994 3079 3205 3145 Filium,
3221 3096 3273 3136 et
3292 3077 3469 3139 Domi-

2726 3160 2851 3198 num
2867 3161 3103 3202 nosuum
3116 3152 3293 3205 Jesum
3314 3158 3465 3208 tjliri-

2728 3223 2889 3281 stum,
2906 3232 3133 3272 consona
3150 3236 3276 3276 voce
3286 3241 3472 3278 omnes

2729 3284 3023 3361 docemus:
3071 3292 3317 3361 eumdem
3350 3310 3393 3361 p-
3419 3312 3469 3348 r-

2730 3354 2920 3425 fectum
2958 3357 3008 3410 in
3050 3360 3274 3425 deitate,
3318 3354 3470 3416 enm-'-

2728 3423 2955 3493 demque
2983 3423 3270 3494 prrl't‘ctuni
3296 3432 3345 3484 in
3378 3433 3473 3485 bu-

2728 3499 2981 3567 manitate
3010 3515 3019 3547 :
3058 3498 3217 3551 Deum
3250 3516 3391 3567 vt-re,
3422 3515 3475 3556 et

2732 3564 2995 3619 hominem
3012 3582 3134 3621 vere
3149 3564 3392 3625 enlndt-ni
3408 3590 3438 3625 e
3450 3590 3471 3625 ς

2730 3634 2902 3686 anima
2929 3638 3166 3690 rationali
3193 3648 3246 3692 it
3287 3654 3475 3709 corp.-

2738 3719 2831 3755 re:
2888 3709 3290 3761 coessentialem
3323 3716 3475 3763 nobis

2727 3774 2971 3826 eumdem
2988 3778 3274 3829 seetindum
3293 3779 3474 3832 buma-

2728 3843 2968 3906 nitatem,
3002 3858 3094 3909 per
3123 3848 3295 3899 omnia
3320 3851 3474 3901 nobis

2725 3910 2952 3964 similem
2986 3915 3185 3981 absque
3218 3931 3469 3981 peccato:

2722 3990 2844 4053 ante
2890 3982 3083 4034 saecula
3139 3985 3347 4053 quidem
3405 3987 3471 4039 de

2723 4047 2878 4117 Patre
2907 4052 3139 4117 genitum
3155 4047 3468 4108 'secundum

2722 4116 3004 4181 deitatem,
3061 4120 3111 4172 in
3168 4124 3473 4177 novissimis

2722 4196 2896 4239 autem
2968 4190 3153 4243 diebus
3224 4194 3470 4247 eumdem

2724 4266 2940 4329 propter
2990 4274 3104 4323 no~,
3152 4270 3205 4312 ct
3258 4274 3473 4329 pr0pter

2725 4326 2948 4379 salutem
2984 4336 3216 4379 nostram
3237 4326 3337 4393 [ex
3360 4326 3473 4384 ’Μει-

2726 4394 2801 4447 ria
2835 4396 3043 4464 Virgine
3071 4397 3339 4452 Tbemoco
3384 4416 3469 4454 se-

2725 4467 2953 4518 Cunduin
3068 4467 3468 4523 humanitatem.

2729 4532 2897 4587 Unum
2939 4536 3289 4605 eamdemque
3317 4540 3469 4592 Chri-

2724 4612 2879 4674 stum,
2917 4606 3132 4671 Filium,
3166 4607 3464 4674 Dominum,

2725 4673 3085 4742 unigenitum,
3155 4677 3206 4729 in
3268 4673 3472 4734 duabus

2724 4746 2926 4797 naturis
2956 4743 3255 4811 i:.conl‘use,
3284 4746 3473 4802 immu-

2729 4813 2988 4877 labiliter,
3032 4815 3285 4882 indivise,
3325 4817 3470 4871 inse-

2761 4884 3034 4937 aiabiliter
3056 4889 3472 4952 agnoscendum.

2762 4953 2995 5020 iusqnam
3015 4954 3219 5007 sublata
3244 4959 3474 5012 essentia

2731 5031 3042 5075 naturarum
3080 5037 3295 5091 pl'OlilL‘l‘
3327 5044 3475 5079 uiuo-

2728 5108 2866 5163 Item,
2902 5095 3171 5162 magisque
3190 5096 3331 5148 salva
3349 5112 3470 5163 pru-

2726 5161 2946 5229 prii-tate
2962 5161 3231 5231 utriusque
3248 5161 3467 5228 naturae,

2723 5240 2779 5284 et
2803 5235 2853 5283 in
2882 5248 3036 5284 unam
3082 5248 3357 5300 personam
3387 5243 3470 5284 at-

2722 5302 3236 5367 quesubsjstentiam
3249 5317 3471 5355 concur-

2722 5362 2889 5417 rente.
2932 5362 3049 5415 Non
3084 5366 3134 5415 in
3174 5366 3308 5413 ulnas
3342 5378 3475 5485 ger-

2723 5433 3327 5485 sonasnartitumatnue
3384 5433 3475 5485 ivi-

2723 5448 2878 5486 sonas
2892 5433 3150 5501 partitum
3166 5441 3327 5497 atque
3342 5433 3476 5485 divi-

2718 5518 2857 5561 sum.
2897 5517 3073 5570 neque
3106 5501 3471 5568 disiunctum;

2719 5572 2811 5623 scd
2845 5586 3011 5623 unum
3036 5580 3090 5623 et
3111 5574 3363 5626 eumdem
3386 5573 3476 5627 Fi-

2720 5642 2850 5691 litttn
2906 5639 3267 5705 unigenitum.
3306 5642 3475 5696 Deum

2722 5709 3271 5774 Vcrbum,liotninunt
3289 5710 3477 5767 Jcsutn
