3962 6178
415 331 522 386 515

1195 323 1285 376 AD
1322 322 1548 376 OPERA
1589 321 1822 375 VlGlLll
1862 317 2238 375 TAPSENSIS
2279 315 2646 372 APPENDIX.

3565 309 3660 366 5l€

414 437 663 508 partitum
719 447 832 485 sive
890 431 1159 508 divisum,
1235 434 1530 508 Cittistﬂttt;
1551 431 1690 483 sicut
1717 443 1838 508 ante
1870 445 1989 496 pro-
2017 435 2067 492 Α
2088 445 2218 484 esse
2245 430 2530 508 episcopos
2559 428 2842 508 abepiseo-
2915 427 3153 508 autlaici
3187 427 3402 492 iuerint,
3441 429 3656 482 anathe-

417 501 510 564 sed
542 520 704 560 unum
731 515 779 556 et
806 503 1051 554 eumdem
1081 501 1165 552 ιη.

1240 505 1411 568 plicia:
1444 502 1511 552 de
1539 515 1625 562 eo,
1659 510 1711 552 et
1751 501 1864 566 ipse
1893 514 1990 551 uos

420 581 546 633 lium
599 574 950 640 unigenitum,
1005 570 1168 624 Deum
1240 572 1392 625 Jesus
1444 570 1691 623 Christus
1725 569 1990 640 erudivit,

417 648 675 701 Verbum,
730 643 1014 695 Dominum

1071 641 1163 692 Je-
1239 651 1293 693 rt
1323 641 1535 693 Patrum
1573 640 1728 693 nobis
1770 639 1992 694 svmbo-

419 731 536 771 sum
557 715 855 768 Christum:
889 711 1022 762 sicut
1045 718 1169 761 ante
1243 712 1352 764 lum
1379 709 1617 763 tradidit.

421 786 696 856 proiihetai
734 780 814 856 “de
840 795 925 856 eo.
956 787 1007 830 et
1059 779 1172 856 ipse

422 846 701 907 iuns'Jesus
728 849 973 901 Christus
995 846 1174 899 erudi-

420 929 518 984 vit,
541 933 595 974 et
624 923 834 973 Patrum
861 917 1013 970 nobis
1033 933 1173 987 sym-

424 995 602 1046 liolum
635 988 870 1043 tradidit.
905 987 997 1039 llis
1018 988 1176 1049 igitur

425 1079 546 1117 cum
577 1060 721 1112 muni
745 1058 977 1126 undique
1021 1071 1174 1110 scru-

427 1133 712 1201 pulositate
755 1138 810 1201 et
843 1127 1118 1201 diligentia
1145 1140 1178 1201 _a

429 1195 582 1255 nobis
611 1197 912 1264 dispositis,
943 1195 1182 1248 deﬁnivit

429 1281 606 1324 Sancta
621 1279 668 1322 el
691 1266 1007 1319 universalis
1024 1279 1183 1334 syno-

429 1341 549 1407 dus,
577 1339 797 1392 alteram
845 1336 1002 1388 tidem
1047 1335 1177 1387 nulli

429 1413 590 1465 licere
629 1407 870 1474 proferre
895 1445 909 1466 ,
937 1408 1019 1456 vel
1049 1421 1178 1457 con-

428 1481 684 1537 scribere,
715 1487 807 1528 aut
831 1488 1177 1541 componere;

429 1560 518 1603 aut
555 1548 791 1607 sentire,
841 1551 933 1597 aut
985 1543 1183 1596 docere

428 1623 601 1671 aliter.
637 1619 742 1668 Eos
757 1623 935 1668 autem
962 1612 1180 1680 quiausi

428 1697 550 1742 sunt
567 1699 888 1753 componere
921 1683 1076 1736 tidem
1105 1685 1183 1734 al-

431 1769 622 1818 teram,
661 1765 754 1808 aut
778 1764 925 1806 certe
970 1753 1180 1821 profer-

432 1844 509 1890 re;
541 1838 628 1880 aut
651 1826 844 1878 docere
864 1832 956 1876 aut
973 1826 1182 1875 tradere

432 1900 660 1952 alterum
699 1893 944 1964 syinb-ilu
970 1912 998 1942 ιι
1019 1931 1068 1964 _,__
1089 1908 1183 1942 vo-

435 1966 664 2020 lentibus
693 1961 774 2015 vel
794 1978 858 2014 ex
887 1961 1184 2029 gentilitate

435 2035 502 2089 ad
532 2034 852 2103 agnitionem
911 2032 1180 2103 veritatis,

438 2107 520 2157 vel
563 2101 625 2156 ex
649 2102 877 2162 Judeis,
912 2101 992 2154 vel
1030 2101 1187 2170 109

437 2191 499 2227 ex
519 2173 1033 2238 hmresiqnaruuque
1057 2187 1183 2222 con-

438 2244 608 2304 verti;
665 2242 800 2304 bos,
849 2241 892 2294 si
951 2241 1184 2308 episcoiii

438 2313 735 2369 tuerintaut
760 2311 962 2372 clerici,
983 2310 1186 2363 alienos

1317 845 1408 898 [iis
1458 843 1616 908 igitur
1665 855 1786 895 cum
1849 842 1994 895 omni

1249 916 1480 980 undique
1500 914 1744 973 veritate.
1776 911 2001 981 diligen-

1250 988 1339 1048 tia,
1359 995 1413 1037 et
1441 982 1792 1035 sollicitudine
1837 996 1867 1034 a
1899 997 2000 1034 no—

1253 1057 1333 1108 bis
1360 1053 1629 1111 deﬁnitis,
1652 1053 1836 1105 statuit
1870 1067 1998 1104 san-

1253 1135 1334 1176 cta
1351 1137 1398 1176 et
1419 1123 1998 1190 universalissyuodus,

1255 1195 1476 1246 alteram
1505 1192 1664 1244 tidem
1695 1193 1822 1244 nulli
1844 1191 2005 1245 licere

1258 1263 1495 1329 proferre
1525 1263 1604 1313 vel
1637 1261 2004 1324 conscribere,

1257 1343 1346 1386 aut
1368 1346 1713 1394 componere;
1747 1340 1839 1383 aut
1881 1345 2010 1383 tien-

1254 1406 1372 1464 tire,
1391 1409 1481 1454 aut
1495 1401 1686 1455 dni'ere
1705 1401 1878 1454 aliter.
1903 1401 2008 1453 Eos

1255 1482 1431 1525 autem
1457 1473 1543 1539 qui
1566 1472 1678 1524 ausi
1711 1479 1836 1524 sunt
1861 1485 2009 1524 cem-

1255 1556 1454 1609 ponere
1511 1540 1667 1595 tidem
1737 1540 2008 1606 alteram;

1255 1622 1345 1664 aut
1376 1611 1617 1681 proferre
1639 1619 1734 1681 aut
1771 1610 2007 1674 docere;

1253 1691 1342 1734 aut
1367 1680 1575 1733 tradere
1603 1680 1828 1734 alterum
1868 1695 2009 1749 sym-

1255 1752 1434 1805 bolum
1475 1751 1672 1803 volenti
1720 1752 2004 1818 converti,

1254 1821 1336 1875 vel
1364 1837 1428 1873 ex
1455 1821 1702 1889 gentibus
1732 1821 1798 1872 ad
1824 1823 2008 1873 comi-

1257 1892 1453 1944 tionem
1502 1891 1742 1942 veritatis
1788 1890 2000 1957 venire,

1254 1961 1335 2014 vel
1360 1975 1423 2013 ex
1448 1959 1667 2022 Judaais,
1703 1960 1782 2013 vel
1815 1959 2004 2014 haeresi

1258 2043 1591 2096 quacumque
1621 2045 1635 2081 :
1669 2030 1766 2082 hos
1805 2029 1849 2082 si
1887 2033 2005 2097 epi-

1257 2099 1403 2162 scopi
1437 2099 1627 2152 fuerint
1660 2108 1754 2152 aut
1804 2098 2005 2161 clerici.

1258 2170 1462 2222 alienos
1490 2183 1609 2222 esse
1633 2172 1914 2234 episcopos
1942 2174 2010 2224 ab

1259 2241 1591 2307 episeopatu,
1623 2249 1676 2290 et
1720 2239 1946 2293 clericos
1982 2258 2008 2291 a

1259 2318 1442 2363 eiero:
1498 2310 1542 2360 si
1597 2324 1722 2362 vero
1765 2311 2010 2365 monachi

2097 512 2241 568 patu,
2273 509 2328 551 et
2352 497 2576 552 ciet-ima
2608 516 2638 550 ιι
2661 499 2839 568 clero:
2917 498 3178 552 matizari.

2095 570 2140 622 si
2171 583 2298 620 vero
2315 571 2564 620 nionarbi
2606 578 2696 620 aut
2721 567 2840 620 laici

2098 639 2294 694 fuerint
2311 677 2326 702 ,
2351 638 2808 692 nuathematizari.

2464 707 2590 776 Pag.
2738 707 2945 778 Lucifer
2968 723 3055 773 per
3085 706 3329 774 legatum.

2167 779 2250 834 Ad
2273 775 2977 848 synodum.Atestindrinam
3017 779 3158 848 (quae
3184 781 3280 831 sub
3329 775 3551 848 imperio
3581 775 3671 830 Ju-

2099 848 2248 918 liani,
2271 845 2413 902 anno
2444 845 2641 900 Christi
2680 846 2806 918 362,
2841 845 3162 918 prassidente
3205 847 3493 918 Athanasio
3535 849 3676 900 cele-

2103 915 2249 974 brata
2275 919 2398 984 est)
2451 933 2556 971 non
2583 916 2897 970 convenisse
2952 917 3251 970 Luciferum
3309 915 3670 969 Caralitanum

2101 990 2433 1057 episcopum,
2453 987 2545 1041 sed
2575 1001 2640 1040 eo
2672 985 2898 1057 legatum
2943 988 3154 1041 misisse
3190 987 3472 1057 diaconum
3494 1002 3672 1057 suurn,

2104 1054 2365 1112 testantur
2392 1057 2613 1110 liuiinus
2633 1054 2723 1108 lib.
2760 1071 2798 1113 ι.
2841 1072 2960 1123 (εει).
2984 1057 3078 1121 27,
3126 1065 3179 1110 et
3209 1056 3455 1111 Socrates
3477 1056 3567 1106 lib.
3596 1071 3674 1119 ιιι,

2102 1143 2220 1192 cap.
2255 1131 2308 1183 4.
2339 1127 2447 1180 Nec
2487 1136 2744 1192 repugnat
2790 1127 3066 1194 synodica,
3112 1141 3230 1194 qua:
3279 1135 3366 1179 est
3407 1125 3682 1178 Atlianasi

2104 1200 2325 1267 epistola
2371 1199 2436 1248 ad
2483 1194 2889 1257 Antiochenses,
2941 1197 3024 1267 cui
3078 1195 3421 1267 subscribam
3477 1195 3684 1247 diaconi

2107 1265 2230 1332 duo,
2259 1267 2548 1321 Herennius
2575 1277 2622 1318 et
2647 1267 2899 1333 Agapetus
2927 1283 2955 1319 a
2991 1266 3232 1320 Lucifero
3260 1265 3446 1328 legati:
3473 1279 3595 1316 nam
3629 1277 3684 1317 et

2106 1339 2242 1391 inter
2277 1338 2374 1389 hos
2395 1337 2529 1389 duos
2558 1335 2799 1389 ordinem
2851 1336 3014 1390 fuisse
3042 1335 3332 1389 verisimile
3362 1345 3482 1396 est;
3513 1344 3569 1386 ut
3589 1335 3684 1402 qui

2106 1411 2253 1477 prior
2284 1405 2884 1477 censi-turllerenniue,
2927 1406 3162 1477 potiores
3201 1419 3262 1458 ea
3309 1406 3369 1458 in
3417 1405 3687 1477 legatione

2109 1475 2288 1545 partes
2310 1489 2510 1543 ageret;
2535 1476 2612 1541 Ag
2649 1485 2801 1544 petas
2829 1475 2985 1545 legati
3007 1475 3183 1544 potius
3211 1489 3392 1530 comes
3413 1490 3571 1543 quam
3604 1475 3689 1527 le-

2109 1558 2264 1616 gatus
2296 1549 2598 1600 illiel'CSSt‘l.

2383 1617 2509 1684 l’ag.
2532 1616 2620 1668 58.
2654 1613 2837 1679 Pauci,
2868 1615 2957 1668 sed
2985 1614 3177 1668 meritis
3207 1615 3397 1680 magni.

2185 1687 2281 1740 llic
2307 1687 2444 1740 inter
2463 1682 2696 1754 magnos
2729 1686 2930 1739 utentis
2970 1687 3250 1755 episcopos
3296 1684 3502 1738 censeri
3533 1698 3564 1736 a
3596 1682 3692 1755 Vis

2113 1756 2241 1822 gilio
2268 1753 2584 1810 Luciferum
2609 1753 3016 1821 Caralitanum,
3047 1755 3328 1809 mirabitur
3379 1769 3555 1815 uenio,
3597 1753 3692 1820 qui

2110 1829 2168 1881 S.
2203 1825 2476 1880 Athanasii
2526 1824 2702 1878 datam
2739 1825 2806 1878 ad
2859 1840 2980 1879 eum
3029 1825 3308 1893 epistolam
3378 1824 3693 1892 perlegerit,

2111 1897 2226 1964 ejus
2259 1895 2499 1949 laudibus
2523 1893 2795 1949 refertam.
2823 1895 2989 1962 Quam
3013 1894 3292 1962 epistolam
3322 1895 3440 1961 quia
3466 1894 3688 1964 incedi-

2112 1963 2262 2020 cibus
2287 1965 2541 2033 antiquis,
2595 1965 2964 2028 Cluniacensi,
3021 1965 3327 2025 Parisiensi,
3359 1963 3686 2024 Pictavensi,

2113 2048 2166 2089 et
2195 2035 2863 2100 Pontiniacensi,‘junctam
2881 2035 3178 2101 reperimus
3200 2035 3373 2101 Vigilii
3399 2033 3694 2100 Tapseusis

2115 2106 2334 2174 Dialogo
2359 2105 2459 2158 sub
2481 2103 2694 2158 nomine
2719 2106 2996 2158 Athanasii
3035 2115 3220 2159 contra
3252 2106 3455 2167 Arium;
3481 2114 3537 2157 et
3571 2104 3694 2170 qni-

2112 2177 2232 2229 dcm
2263 2176 2487 2242 vulgatis
2507 2174 2622 2240 ejus
2649 2175 2967 2227 editionibus
2992 2175 3127 2228 haud
3162 2176 3320 2239 paulo
3351 2175 3689 2227 emendatio-

2113 2260 2224 2298 rem
2253 2261 2268 2297 :
2302 2246 2498 2299 ἱιΙειι-οιι
2527 2245 2611 2296 hic
2634 2260 2751 2297 eam
2786 2245 3077 2306 reddimus.
3129 2245 3339 2299 erudito
3366 2244 3550 2298 lectori
3581 2258 3690 2297 nec

2114 2315 2394 2382 ingratam,
2419 2330 2514 2367 nec
2539 2315 2774 2385 (opinor)
2799 2315 3034 2368 inutilem
3071 2313 3319 2371 futuram.

725 2430 1276 2512 EPISTOLA
1341 2427 1959 2512 ATHANASII
2013 2435 2545 2518 EPISCOPI
2595 2435 3414 2520 ALEXANDRINI

1207 2570 1310 2628 AD
1355 2567 1809 2632 LUCIFERUM
1841 2571 2429 2636 CABALITANUM
2474 2572 2934 2636 EPISCOPUM.

514 2689 738 2746 Domino
764 2688 1094 2752 ὺειιιὶκςιιηο,
1120 2703 1180 2742 ac
1209 2689 1398 2742 merito
1420 2689 2036 2756 gloriosissimasancto’

446 2761 692 2816 Lucifero
722 2765 974 2828 episcopo
1006 2760 1343 2811 Athanasius.
1367 2758 1476 2812 Etsi
1502 2761 1680 2822 ('rctln,
1713 2763 1870 2814 etiam
1893 2780 2011 2828 per-

443 2833 654 2885 venisse
689 2831 849 2900 ιιο
876 2827 940 2881 ad
969 2831 1300 2880 sanctitatem
1331 2837 1470 2880 tuam
1526 2829 1593 2880 de
1621 2834 2011 2898 persecutione,

443 2917 601 2968 quam
627 2903 784 2953 etiam
812 2912 950 2952 nunc
976 2901 1230 2951 adversus
1265 2902 1642 2951 lraternitatem
1668 2910 1903 2954 nostram
1934 2903 2012 2954 la-

437 2986 564 3025 cere
579 2969 752 3024 conati
767 2977 890 3021 sunt
913 2968 1109 3021 inimici
1133 2968 1349 3032 Christi,
1375 2980 1672 3036 quaerentes
1701 2971 2011 3037 sanguinem

447 3049 708 3102 nostrum;
737 3046 1142 3104 possmittamen
1161 3039 1319 3091 etiam
1341 3038 1600 3091 carissimi
1631 3039 1794 3091 nostri
1817 3041 2012 3095 referre

2118 2695 2240 2749 tatis
2265 2698 2307 2766 ι
2319 2697 2363 2765 ι
2375 2698 2416 2764 1
2438 2692 2614 2766 ferens
2628 2693 2848 2766 posuisti
2871 2709 3033 2763 super
3052 2695 3430 2749 candelabrum
3451 2705 3505 2747 ut
3519 2695 3701 2766 luceat

2117 2764 2389 2818 omnibus.
2422 2764 2553 2830 Quis
2578 2765 2718 2817 enim
2751 2770 2987 2833 exceptis
3005 2766 3212 2820 Arianis
3233 2779 3337 2819 non
3373 2764 3610 2833 pervidet
3628 2781 3698 2818 ex

2118 2843 2204 2888 tua
2235 2836 2497 2899 doctrina,
2527 2833 2668 2903 quod
2714 2849 2892 2888 veram
2943 2836 3156 2903 quidem
3209 2836 3391 2901 tidem,
3431 2837 3700 2887 maculam

2117 2914 2294 2957 autent
2326 2903 2638 2956 Arianorum
2679 2904 2834 2957 valle
2862 2913 2916 2959 et
2965 2904 3371 2970 admirabiliter,
3398 2911 3452 2956 ut
3495 2913 3581 2957 est
3618 2907 3700 2958 lu~

2118 2989 2241 3027 men
2270 2989 2297 3026 a
2323 2975 2577 3038 tenebris,
2609 2974 2679 3025 ita
2707 2975 2962 3041 separasti
2994 2975 3272 3028 veritatem
3304 2991 3330 3027 a
3364 2975 3694 3038 calliditate,

2119 3053 2173 3097 et
2200 3057 2228 3095 a
2259 3044 2515 3111 pravitate
2544 3044 2917 3097 titcreticorum
2967 3043 3251 3098 defendisti
3285 3045 3581 3099 Ecclesium
3609 3057 3702 3096 ca-

444 3109 687 3180 religioni
718 3103 838 3182 ttae.
867 3108 919 3160 ln
951 3116 1150 3182 tantum
1181 3111 1322 3160 enim
1355 3107 1555 3182 rabiem
1583 3123 1731 3182 suam
1759 3123 1850 3182 per
1874 3110 2010 3182 mili-
2036 3103 2084 3164 C
2115 3103 2390 3182 tholieain,
2419 3120 2474 3166 et
2498 3112 2729 3182 probasti
2755 3113 2883 3166 nihil
2908 3128 3055 3175 esse,
3087 3115 3180 3168 sed
3213 3124 3412 3167 tantum
3457 3116 3694 3179 phanta-

445 3193 522 3234 tes
550 3176 841 3232 {extendere
869 3177 978 3230 ausi
1012 3186 1153 3242 sunt,
1186 3186 1241 3229 ut
1267 3191 1370 3228 non
1403 3176 1826 3231 solumiivitatis
1859 3179 2014 3232 cleri-

445 3265 540 3303 cos
560 3248 875 3315 emigarent.
929 3246 1022 3298 sed
1052 3247 1208 3296 etiim
1263 3245 1328 3296 ad
1384 3244 1633 3315 eremitas
1683 3247 1912 3312 exirent,
1964 3257 2018 3302 et

444 3314 827 3370 [nnesuis’suas
857 3330 1043 3369 manus
1072 3317 1325 3367 adversus
1344 3314 1629 3373 monachos
1653 3316 2016 3374 immitterent.

447 3387 573 3439 Inde
593 3387 786 3438 tantum
811 3395 901 3456 est
927 3395 982 3437 ut
1002 3385 1159 3435 etiam
1192 3398 1289 3451 ego
1322 3398 1408 3437 me
1435 3383 1643 3451 longius
1674 3385 2017 3456 abducerem,

449 3473 515 3509 ne
544 3455 704 3509 etiam
731 3455 820 3519 qui
843 3469 939 3507 nos
971 3462 1340 3518 susceperunt,
1379 3457 1646 3520 negotium
1691 3455 1757 3508 ab
1815 3457 2017 3511 eisdem

451 3533 778 3594 paterentur.
822 3523 916 3577 Cui
945 3524 1083 3594 enini
1110 3533 1391 3594 parcerent
1415 3522 1616 3590 Ariani,
1659 3526 1744 3591 qui
1777 3541 1874 3579 nec
1900 3531 2018 3580 ani-

448 3592 549 3646 iiiis
579 3594 686 3647 suis
710 3592 1089 3662 pepercerunt?
1115 3593 1328 3662 quando
1368 3603 1542 3646 autem
1594 3603 1841 3661 poterunt
1871 3611 2020 3651 rece-

449 3665 576 3718 dere
603 3679 629 3714 a
653 3660 790 3715 suis
821 3660 1064 3716 nefandis
1120 3661 1347 3723 actibus,
1385 3662 1509 3714 dum
1551 3660 1868 3729 permanent
1923 3681 2016 3720 ne-

447 3733 620 3801 κειιιιιο
639 3732 908 3786 Christum
937 3731 1212 3801 Dominum
1242 3732 1455 3785 unicum
1488 3731 1675 3786 Filium
1726 3735 1818 3788 Dei
1843 3735 1865 3787 ?
1896 3737 2020 3792 Hinc

449 3814 529 3856 est
554 3804 699 3855 radix
729 3815 911 3854 eorum
943 3800 1250 3868 pravitatis:
1284 3802 1384 3856 hoc
1413 3817 1514 3855 suo
1567 3817 1794 3857 arenoso
1827 3807 2018 3858 funda-

449 3883 628 3926 mento
654 3870 921 3924 mdilicant
955 3885 1234 3942 perversas
1262 3885 1385 3923 suas
1409 3872 1519 3925 vias
1544 3873 1733 3942 {sicut
1764 3877 2018 3942 scriptum

451 3945 747 3996 invenimus
777 3944 826 3992 in
860 3941 1016 4012 tertio
1046 3938 1252 4012 decimo
1279 3942 1482 4012 p~a_lmo
1533 3941 1708 4012 (Vera.
1745 3945 1798 4012 1)
1832 3964 1842 3996 ;
1876 3938 2020 3998 Dixit

450 4013 690 4084 insipiens
708 4011 760 4062 in
795 4010 944 4062 corde
969 4025 1083 4084 suo,
1100 4009 1226 4084 Non
1247 4023 1318 4084 est
1341 4008 1497 4084 Deus.
1523 4008 1587 4066 Et
1605 4027 1729 4067 mox
1752 4008 2020 4084 sequitur:

449 4079 861 4153 Corruptisunt,
881 4088 928 4153 et
973 4079 1502 4153 abomindbiies‘facti
1531 4094 1648 4153 sunt
1689 4089 1740 4136 in
1788 4079 2021 4153 operibus

449 4153 574 4204 suis.
609 4148 931 4219 tndeiudaei
963 4159 1215 4215 negantes
1255 4148 1442 4203 Filiam
1474 4149 1586 4219 Dei,
1620 4151 1762 4219 digni
1808 4148 2022 4208 luerunt

448 4221 631 4274 audire
661 4236 676 4275 :
711 4217 802 4292 Vn!
837 4219 1310 4292 gentiApeceatrici,
1363 4220 1550 4292 populo
1575 4217 1581 4219 ⁷
1604 4217 1752 4288 pleno
1800 4224 2018 4292 delicta,

448 4300 612 4342 semen
639 4289 943 4358 malignum,
974 4288 1068 4359 ﬁlii
1094 4289 1201 4341 sine
1237 4288 1343 4358 lege
1371 4288 1522 4358 (litui.
1551 4306 1587 4354 I,
1620 4294 1694 4359 4).
1719 4291 1872 4346 Unde
1903 4288 2021 4346 sine

452 4359 604 4428 lege?
634 4357 777 4427 quip;
798 4373 828 4410 e
861 4359 978 4425 quia
1004 4357 1340 4425 dereliquist’is
1373 4357 1663 4413 Dominum.
1684 4359 1807 4414 Inde
1827 4361 2020 4415 beatis-

451 4428 620 4482 simus
648 4431 860 4481 l’aulus.
891 4443 1009 4480 cum
1039 4430 1286 4494 cmpisset
1321 4445 1350 4480 n
1376 4446 1422 4479 ui
1467 4439 1667 4481 tantum
1700 4431 1918 4485 credere
1965 4432 2016 4485 in

453 4499 643 4569 Filium
667 4497 788 4569 _Di-i,
817 4499 1187 4569 vei-umetiam
1232 4498 1522 4564 praedicare
1551 4499 1800 4569 deitatem
1832 4502 2015 4569 ipsius,

450 4568 584 4639 dixit
615 4585 636 4639 :7
657 4564 893 4639 Inutilis
926 4566 1049 4618 mihi
1073 4567 1190 4617 mali
1213 4569 1439 4639 conscius
1466 4584 1576 4620 sum
1613 4566 1666 4637 (1
1699 4567 1819 4623 Cor.
1847 4564 1917 4636 iv,
1938 4564 2017 4639 4).

452 4638 527 4691 Ita
559 4638 696 4691 enim
722 4637 875 4704 juxta
906 4645 1133 4708 vestram
1159 4637 2012 4708 confessionem,etiamnosOptao

453 4721 571 4778 mus
605 4715 844 4778 tenent-s
884 4707 1227 4778 apostolicim
1284 4707 1638 4778 traditionem,
1674 4709 1848 4762 vivere
1869 4707 2020 4778 juxta

450 4775 688 4828 divinam
739 4775 929 4843 legem;
965 4786 1020 4828 ut
1066 4773 1329 4844 possimus
1373 4777 1641 4829 vobiscum
1697 4773 1924 4832 inveniri
1968 4781 2020 4834 in

450 4845 616 4898 choro
638 4845 750 4906 illo,
774 4845 824 4916 in
851 4861 952 4912 quo
979 4860 1115 4898 nunc
1146 4849 1414 4916 exsultant
1443 4846 2024 4916 patriarcltrc,proplte-

453 4925 521 4967 tae
542 4955 556 4977 ,
589 4914 809 4982 apostoli
840 4929 900 4966 ac
932 4923 1212 4967 martyres.
1244 4915 1392 4969 Licet
1418 4917 1575 4982 igitur
1601 4914 2025 4972 ArianainSania

457 4997 575 5038 cum
601 4993 857 5036 extranea
885 4985 1114 5050 potentia
1147 4985 1215 5036 ita
1233 4987 1464 5048 saeviret,
1490 4991 1555 5039 ‘ut
1586 5002 1689 5038 non
1724 4989 1905 5042 liceret
1929 5001 2026 5042 nec

454 5052 646 5106 fratres
678 5053 844 5123 libere
875 5068 1109 5107 eremum
1144 5056 1347 5118 videre,
1379 5067 1562 5123 tamen
1582 5056 1727 5123 juxta
1755 5063 2024 5114 orationes

453 5134 569 5176 tuas
604 5123 709 5193 Deo
737 5122 971 5189 favente,
997 5124 1094 5177 etsi
1118 5139 1237 5176 cum
1273 5125 1455 5179 labore
1480 5137 1533 5178 et
1553 5122 1816 5193 periculo,
1846 5129 2025 5182 videre

452 5194 594 5259 pomi
619 5191 857 5264 fratrem,
889 5194 975 5261 qui
997 5194 1124 5248 Solet
1144 5203 1247 5246 tam
1275 5191 1742 5264 necessariaquam
1769 5197 2023 5264 epistolas

451 5263 749 5334 Sanctitatis
782 5273 885 5316 tua:
914 5279 1069 5332 quam
1101 5265 1325 5334 aliorum
1382 5265 1672 5318 dominare.
1705 5263 2022 5334 Acoepimus

449 5334 626 5413 itaque
655 5333 908 5414 epistolas
938 5333 1196 5414 aelibros
1219 5333 1632 5414 religiosissima:
1653 5349 1714 5388 ac
1737 5333 2024 5414 sapientis-

449 5401 819 5457 simteauimte
849 5410 976 5468 tute,
1008 5404 1061 5457 in
1092 5401 1280 5471 quibus
1310 5401 1684 5468 perspeximus
1737 5401 2019 5472 imaginem

451 5471 816 5537 apostolicam.
849 5472 1093 5526 ﬁduciam
1119 5471 1502 5539 propheticum,
1540 5471 1902 5541 magismriuin
1934 5489 2026 5525 ve-

451 5541 642 5613 ritatis,
674 5543 967 5613 doctrinam
985 5543 1274 5606 vertelidei,
1297 5545 1430 5613 viam
1459 5544 1759 5602 ctelestein,
1783 5543 2024 5613 martyrii

450 5611 689 5676 gloriam,
720 5611 1014 5679 triumphos
1042 5613 1297 5665 adversus
1319 5610 1566 5664 heresim
1601 5615 1871 5673 Arimam;
1904 5610 1936 5666 ti
1957 5628 2024 5666 im

450 5680 732 5732 traditione
753 5679 955 5748 integra
987 5681 1203 5735 Patrum
1228 5691 1554 5748 nostrorum,
1577 5682 1812 5748 regulam
1828 5691 2024 5736 rectam

451 5748 796 5801 ecclesiistici
827 5749 1051 5805 ordinis.
1085 5751 1128 5806 0
1160 5764 1282 5806 vere
1311 5750 1546 5818 Lucifer,
1577 5752 1670 5821 qui
1691 5751 1867 5805 lumen
1892 5752 2026 5806 veri-

2119 3181 2278 3248 siam,
2305 3180 2621 3235 Arianorum
2652 3183 2833 3235 verba.
2861 3182 3094 3237 Dncuisti
3122 3184 3405 3238 calcandos
3425 3198 3545 3236 esse
3563 3197 3703 3250 prm-

2120 3253 2266 3306 sides
2296 3251 2608 3306 diabolicos.
2639 3251 2804 3316 Quam
2822 3252 2956 3306 bona
2990 3253 3322 3309 hortamenta
3351 3263 3438 3306 tua
3461 3253 3526 3305 ad
3558 3268 3704 3305 mar-

2125 3322 2348 3392 tyrium!
2381 3336 2537 3392 quam
2568 3321 3056 3392 desiderantissime
3070 3323 3345 3377 ostendisti
3361 3322 3702 3376 moriendum

2119 3389 2240 3445 esse
2261 3406 2357 3458 pro
2384 3390 2598 3444 Chiism
2611 3389 2750 3444 Filio
2768 3391 2856 3445 Dei
2878 3408 3063 3458 :qurim
3095 3395 3253 3446 futuri
3280 3393 3464 3445 smculi
3495 3402 3546 3445 ct
3575 3393 3704 3443 vitae

2120 3461 2359 3514 caelestis
2413 3475 2649 3514 amorem
2699 3461 3077 3515 manifestasti!
3137 3462 3347 3516 Videris
3404 3475 3524 3514 esse
3575 3475 3707 3516 vere

2124 3531 2374 3597 templum
2407 3531 2716 3586 Salvatoris.
2744 3531 2832 3596 qui
2874 3532 2924 3584 in
2966 3541 3016 3584 te
3047 3530 3290 3585 habitans
3319 3531 3430 3584 haec
3455 3536 3574 3599 ipse
3609 3547 3708 3598 per

2124 3609 2175 3652 te
2207 3600 2458 3667 loquitur,
2496 3599 2610 3665 ipse
2635 3601 2720 3666 qui
2746 3609 2943 3652 tantam
2961 3601 3186 3669 gratiam
3221 3601 3402 3655 tribuit
3430 3603 3704 3654 sermoni-

2121 3669 2220 3723 bus
2243 3671 2385 3722 tuis:
2409 3669 2603 3736 quippe
2632 3670 2720 3736 qui
2753 3679 2875 3723 ante
2894 3684 3014 3724 eras
3044 3671 3181 3737 apud
3213 3686 3400 3725 omnes
3427 3669 3702 3728 amabilis,

2123 3753 2263 3792 nunc
2290 3747 2468 3792 tamen
2493 3747 2670 3792 tantus
2697 3748 2778 3793 est
2803 3755 2953 3791 amor
2980 3739 3274 3793 all'ectionis
3301 3750 3400 3793 ture
3429 3742 3482 3792 in
3507 3739 3707 3792 animis

2125 3809 2364 3862 omnium
2394 3808 2707 3873 collocatus,
2755 3816 2812 3862 ut
2840 3808 3006 3862 Eliam
3039 3821 3089 3863 te
3135 3809 3462 3876 temporibus
3502 3810 3707 3862 nostris

2123 3880 2420 3931 nominent.
2457 3877 2519 3931 Et
2548 3891 2652 3947 non
2685 3879 2875 3930 mirum
2937 3896 2948 3929 :
2983 3879 3025 3931 si
3055 3881 3194 3932 enim
3223 3880 3310 3947 qui
3352 3879 3460 3932 Deo
3489 3879 3707 3943 placere

2125 3950 2387 4010 videntur,
2417 3947 2506 4000 lilii
2552 3946 2646 4000 Dei
2678 3948 3038 4017 nominantur,
3067 3946 3265 4017 quanto
3291 3949 3459 4016 magis
3485 3948 3710 4012 partici-

2123 4032 2216 4088 prs
2241 4020 2619 4088 prophetarum
2662 4016 3034 4088 confessores,
3063 4016 3118 4088 et
3139 4020 3371 4072 maxime
3434 4026 3487 4088 te
3515 4017 3706 4084 appel-

2125 4084 2218 4140 lari
2244 4084 2468 4155 dignum
2496 4085 2624 4155 est}
2651 4084 2932 4139 Credimus
2959 4086 3100 4155 quod
3153 4101 3257 4139 non
3306 4095 3359 4139 tu
3393 4087 3536 4139 solus
3587 4088 3710 4138 hare

2125 4153 2331 4210 locutus
2363 4172 2442 4220 es,
2473 4157 2561 4208 sed
2589 4153 2816 4221 Spiritus
2848 4153 3065 4211 sanctus
3113 4164 3310 4210 tecum.
3361 4155 3512 4210 Unde
3555 4163 3709 4208 tanta

2125 4229 2379 4280 tnemoria
2436 4225 2856 4293 Scripturarum?
2883 4225 3023 4279 unde
3048 4240 3239 4279 sensus
3291 4237 3342 4278 et
3391 4225 3709 4278 intellectus

2123 4295 2430 4370 earumdem
2461 4295 2693 4370 integer“!
2726 4294 2863 4370 uade
2885 4294 3005 4348 talis
3029 4296 3158 4370 ordo
3184 4297 3708 4370 sermonis‘compo:

2125 4367 2257 4418 situs
2302 4365 2405 4417 est?
2429 4363 2566 4416 unde
2596 4374 2734 4416 tanta
2765 4365 3094 4417 hortamenta
3125 4365 3176 4418 in
3205 4364 3343 4417 viam
3373 4363 3654 4418 caelestem
3689 4364 3714 4416 Τ

2047 4466 2096 4526 υ
2128 4435 2701 4526 υ.ξι,άε9ξ[ιες1εξ.εοξιι,ξ³
2727 4433 3712 4526 έῖίιιεῑξψιπ,εξ.ιί;οι1³.ιί.ιξηξξ-.εξσ.ῐςςς

2125 4518 2214 4556 sus
2241 4503 2546 4567 hereticos,
2578 4504 2676 4555 nisi
2727 4503 2957 4570 Spiritus
2987 4515 3200 4557 sanctus
3245 4505 3536 4557 collocatus
3557 4512 3716 4556 esset

2127 4575 2177 4626 in
2213 4583 2263 4626 te
2293 4573 2315 4626 ?
2346 4571 2530 4626 Gaude
2559 4574 2739 4639 igitur,
2768 4573 2819 4624 in
2857 4587 2922 4625 eo
2954 4582 3004 4624 te
3033 4588 3152 4626 esse
3172 4575 3277 4639 jam
3312 4589 3403 4639 per
3430 4575 3618 4637 ﬁdem,
3657 4573 3713 4625 in

2125 4659 2230 4712 quo
2254 4643 2414 4696 etiam
2452 4656 2805 4713 praecessores
2832 4644 2903 4695 tui
2925 4657 3087 4713 nunc
3135 4653 3259 4696 sunt
3281 4652 3569 4713 martyres,
3599 4644 3706 4694 huc

2125 4711 2207 4766 est
2239 4714 2290 4765 in
2330 4713 2495 4767 choro
2549 4711 2876 4780 angelorum.
2910 4712 3213 4766 Gaudemus
3251 4711 3436 4768 etiam
3464 4726 3582 4776 nos,
3615 4714 3710 4762 ha-

2128 4783 2316 4836 bmtes
2345 4792 2395 4834 te
2423 4790 2723 4844 exemplum
2745 4782 2972 4844 virtutis,
3009 4781 3298 4850 patientiae,
3330 4792 3385 4834 et
3417 4781 3710 4834 libertatis.

2131 4853 2257 4904 Nam
2281 4852 2347 4904 de
2373 4851 2458 4905 bis
2500 4867 2618 4919 quae
2650 4851 2908 4917 scripsisti
2933 4854 2998 4903 de
3031 4853 3246 4905 nomine
3275 4866 3415 4915 meo,
3445 4851 3714 4905 erubesco

2129 4921 2323 4989 aliquid
2350 4921 2608 4984 prol'crre,
2640 4936 2705 4973 ne
2733 4921 2916 4974 videar
2928 4920 3193 4983 adulator;
3217 4922 3309 4975 sed
3336 4925 3450 4974 scio
3465 4929 3519 4974 et
3539 4923 3715 4973 credo

2129 4992 2299 5055 ipsum
2330 4990 2635 5055 Dominum,
2669 4990 2766 5059 qui
2787 5000 3063 5044 sancto-et
3094 4992 3342 5059 religioso
3386 4991 3569 5044 animo
3615 4997 3712 5040 tuo

2128 5061 2385 5112 revelavit
2416 5074 2628 5112 onmem
2662 5057 2924 5129 notitiam,
2958 5057 3284 5115 redditurum
3305 5061 3397 5114 tibi
3422 5063 3581 5113 etiam
3613 5073 3716 5125 pro

2130 5131 2229 5182 hoc
2253 5131 2433 5182 labore
2465 5132 2738 5196 praemium
2769 5130 2821 5181 in
2853 5143 3013 5197 regno
3066 5131 3348 5184 ctelorum.
3399 5130 3532 5195 Quia
3579 5142 3716 5192 ergo

2129 5199 2250 5252 talis
2272 5213 2348 5261 es,
2383 5209 2711 5268 precatorem
2745 5208 2798 5251 te
2826 5213 2944 5252 es»:
2969 5212 3064 5267 pro
3107 5200 3259 5252 nobis
3288 5215 3382 5268 per
3429 5208 3716 5252 orationes

2129 5277 2244 5320 tuas
2273 5267 2556 5320 Dominum
2583 5272 2830 5334 petimus.
2882 5278 2937 5320 ut
2984 5268 3093 5335 jam
3141 5267 3404 5336 inspicere
3459 5268 3718 5337 dignetur

2127 5340 2207 5406 (ut
2228 5346 2308 5390 est
2335 5339 2664 5406 misericors)
2693 5338 2986 5406 Ecclesiam
3033 5338 3347 5392 catholicam
3368 5379 3383 5404 ,
3416 5348 3470 5392 et
3515 5338 3720 5401 eripiat

2126 5405 2314 5460 Omnes
2344 5405 2568 5476 [amulos
2593 5421 2716 5459 suos
2749 5405 2816 5460 de
2867 5406 3111 5462 manibus
3139 5419 3566 5476 persecutorem;
3596 5419 3717 5474 quo

2127 5477 2285 5529 etiam
2321 5474 2374 5528 lii
2397 5491 2582 5530 omnes
2610 5477 2696 5545 qui
2716 5486 2932 5544 propter
2958 5474 3158 5531 metum
3185 5477 3535 5543 temporalem
3563 5476 3722 5545 ceeig

2128 5545 2342 5617 derunt,
2377 5545 2558 5617 levare
2583 5544 2641 5600 se
2691 5547 2846 5617 112
2876 5545 3088 5601 tandem
3144 5547 3366 5615 pos-sint,
3399 5555 3454 5600 et
3511 5544 3719 5598 reverti

2129 5615 2194 5668 ad
2227 5615 2371 5684 viam
2391 5616 2632 5683 juStitiaa,
2665 5615 2825 5684 aqua
2871 5617 3076 5670 seducti
3102 5625 3380 5684 vagantur,
3409 5616 3724 5668 nescientes

2131 5684 2184 5755 in
2217 5698 2320 5755 qua
2351 5681 2506 5755 fovea
2529 5685 2633 5739 sint
2656 5681 2862 5755 miseri.
2893 5681 3209 5755 Specialiter
3237 5696 3411 5739 autem
3435 5698 3542 5748 ego
3566 5693 3720 5755 peto.

2131 5754 2176 5808 si
2204 5753 2400 5823 aliquid
2419 5755 2594 5810 minus
2615 5768 2645 5808 a
2669 5757 2755 5810 m'e
2776 5753 2972 5810 dictum
2994 5765 3099 5825 est,
3133 5757 3408 5825 ignoscere
3438 5753 3717 5823 digneris.
