3956 6180
375 305 475 359 5‘27

1294 302 1387 357 AD
1423 300 1651 359 OPERA
1689 299 1918 356 VIGILII
1958 301 2324 359 TAPSENSIS
2362 300 2724 357 APPENDIX.

3546 305 3647 361 528

377 416 686 477 Vicennalia
709 416 876 487 (quod
898 428 1055 487 supra
1080 414 1411 487 dicebamus)
1439 416 1491 471 in
1513 415 1729 473 concilii
1751 415 1947 471 Νιοωηί
1980 422 2029 478 Α
2060 416 2241 470 sebius
2265 429 2385 483 cap.
2423 414 2512 482 15)
2533 414 2768 487 decessit
2795 428 2827 470 e
2847 413 3201 487 vitaaprioris
3245 414 3509 487 adventus
3540 434 3649 474 me-

369 501 585 557 .tempus
615 489 955 542 incurrerint.
1002 556 1005 557 ν
1236 555 1245 557 _
1427 534 1444 543 -

449 555 516 615 Ut
542 559 737 613 nodum
768 559 910 612 hunc
935 556 1132 623 solvas,
1158 564 1215 611 et
1235 555 1332 610 hos
1353 562 1602 610 auctores
1623 556 1762 612 inter
1782 568 1865 619 se,
1890 571 1955 610 ac

375 633 473 687 sibi
507 631 636 697 ipsis
662 630 935 694 concilies,
970 627 1341 697 distinguenda
1378 635 1505 697 sunt
1551 626 1760 695 imperii
1802 627 1950 681 Con-

376 695 594 756 stantini
624 700 722 753 tria
745 700 893 765 quasi
922 696 1160 752 exordia.
1188 695 1536 751 Notissimum
1565 707 1677 760 est,
1706 711 1735 749 a
1780 706 1953 750 morte

376 771 564 839 patris,
595 768 735 838 quod
764 768 1087 839 adiiotarunt
1114 781 1300 820 omnes
1333 784 1344 817 :
1390 766 1649 839 Eusebius
1692 767 1784 839 lib.
1814 782 1845 839 Al
1885 766 1955 822 de

380 836 498 896 Vita
515 836 649 909 ejus,
676 853 794 903 cap.
826 838 921 909 163
945 836 1676 909 auctorespanegyricorum,
1704 836 1953 909 lusimus

382 912 474 967 lib.
507 906 565 973 it,
594 910 843 962 Aurelius
865 907 1046 961 Victor
1072 916 1126 960 et
1150 907 1240 959 alii
1272 924 1285 959 :
1313 906 1560 975 caditque
1590 907 1671 975 (ut
1699 906 1957 976 vidimus)

378 996 498 1034 cum
521 988 695 1033 morte
724 976 907 1031 Chlori
935 979 986 1030 in
1010 991 1206 1030 annum
1237 978 1361 1030 306.
1395 978 1663 1040 Alterum,
1697 986 1751 1030 et
1774 976 1962 1031 ordine

381 1061 733 1119 postremum,
761 1047 1094 1119 Constantini
1119 1047 1377 1119 modestia
1401 1048 1621 1119 invexit.
1647 1050 1960 1119 Anonymus

382 1115 567 1174 auctor
590 1120 891 1188 panegyrici
918 1118 1237 1171 Maximiano
1254 1125 1307 1169 et
1327 1115 1682 1171 Constantino
1706 1117 1962 1185 Augustis

382 1192 507 1244 dicti
544 1208 557 1244 :
590 1188 782 1251 Tanta,
820 1188 1019 1256 inquit,
1064 1197 1151 1239 tua
1179 1188 1445 1256 maturitas
1474 1189 1602 1256 fuit,
1631 1198 1683 1239 ut
1713 1203 1828 1240 cum
1874 1189 1965 1240 tibi

384 1272 526 1329 pater
555 1260 822 1329 imperium
850 1255 1157 1326 reliquisset,
1181 1255 1394 1329 Ctesaris
1424 1255 1591 1329 tamen
1620 1258 1965 1329 appellatione

386 1327 679 1389 rantentus,
733 1336 1020 1397 exspectare
1054 1328 1295 1380 malueris
1334 1338 1389 1379 ut
1419 1328 1551 1380 idem
1593 1337 1639 1379 te
1669 1330 1755 1396 qui
1780 1327 1962 1392 illum,

385 1404 663 1455 declararet
700 1400 1003 1467 Augustum.
1040 1398 1304 1466 Siquidem
1346 1398 1514 1466 ipsum
1559 1398 1825 1465 imperium
1876 1399 1969 1450 hoc

386 1475 498 1538 [ore
527 1470 793 1537 pulchrius
811 1467 1115 1538 judicabas,
1164 1468 1228 1538 si
1253 1467 1308 1518 id
1352 1484 1454 1538 non
1484 1468 1863 1521 lia’reditarium
1906 1485 1970 1521 ei:

386 1543 705 1594 successione
750 1539 994 1608 cepisses,
1043 1538 1131 1591 sed
1185 1537 1449 1608 uirtutibus
1502 1538 1600 1590 tuis
1643 1538 1895 1602 debitum,
1940 1555 1972 1591 a

384 1628 583 1664 summa
606 1606 911 1677 imperatore
931 1608 1217 1661 meruisses.
1248 1606 1425 1675 Neque
1453 1609 1585 1660 enim
1610 1608 1819 1661 dubium
1848 1608 1972 1675 quin

388 1681 478 1733 tibi
528 1690 725 1733 mature
778 1693 980 1732 sacrum
1023 1678 1169 1748 istud,
1204 1678 1468 1748 fastigium
1499 1678 1686 1731 divina:
1712 1681 1971 1745 potestatis

2064 489 2216 540 niin‘it
2263 500 2563 555 anonymus
2599 484 2655 538 in
2701 493 2927 539 tractatu
2967 486 3035 540 de
3072 485 3390 541 Constantio
3425 486 3645 555 Chloro,

2068 557 2289 625 ejusque
2318 554 2575 623 posteris,
2604 570 2762 623 quem
2793 571 2858 609 ex
2898 568 3000 609 ms.
3042 554 3315 609 Sirmondi
3360 558 3527 611 nostri
3559 554 3650 611 co;-

2062 628 2183 680 dice
2235 626 2402 680 edidit
2442 625 2683 679 Valesius
2710 639 2829 678 cum
2861 626 2974 679 suis
3019 626 3071 678 in
3114 627 3450 680 Ammianum
3484 630 3646 685 notis.

2064 696 2270 764 lgitur,
2317 695 2527 764 inquit,
2587 694 2833 749 Galerius
2886 696 3233 749 Maximianus
3276 698 3651 753 Armentarius

2063 767 2467 820 Constantinum
2498 765 2632 833 patri
2655 766 2954 833 reposcenti
2974 766 3117 819 misit
3147 782 3161 817 :
3188 766 3278 834 qui
3307 774 3363 819 ut
3386 768 3652 822 Severum

2065 850 2161 904 per
2210 835 2419 888 Italiam
2462 834 2728 889 transiens
2772 835 2990 897 vitaret,
3025 850 3229 888 summa
3271 837 3651 900 festinatione,

2064 905 2274 960 veredis
2302 915 2448 975 _post
2501 920 2559 959 se
2610 906 2869 957 truncatis
2919 906 3080 975 Alpes
3128 916 3528 975 transgressus,
3587 909 3655 960 ad

2067 973 2638 1045 patremiConstantium
2660 977 2793 1028 venit
2816 977 2955 1042 apud
2987 973 3305 1039 Bononiam,
3333 993 3487 1045 quam
3513 976 3657 1031 Galli

2068 1047 2211 1111 prius
2238 1044 2571 1097 Gesoriacum
2604 1045 2865 1097 vocabant.
2905 1046 3225 1114 Expressius
3256 1048 3417 1101 etiam
3458 1046 3658 1101 Eume-

2069 1117 2188 1168 nius
2219 1115 2269 1166 in
2294 1114 2630 1167 Constantini
2664 1115 2983 1184 panegyrico
3024 1133 3036 1168 :
3069 1114 3189 1167 Jam
3221 1127 3338 1168 tunc
3364 1118 3521 1182 enim,
3555 1119 3656 1183 ait,

2067 1185 2348 1238 cwlestibus
2391 1184 2654 1254 suﬂragiis
2684 1185 2751 1237 ad
2778 1188 2991 1238 salutem
3036 1186 3330 1251 reipublica:
3361 1189 3657 1251 uocabaris,

2068 1271 2183 1307 cum
2218 1256 2286 1305 ad
2313 1266 2511 1323 tempus
2540 1256 2709 1320 ipsum
2738 1271 2836 1323 quo
2875 1264 3017 1323 pater
3052 1256 3106 1308 in
3136 1254 3457 1309 Britanniam
3485 1268 3660 1310 trans-

2071 1324 2324 1394 (rotabat,
2348 1325 2503 1377 classi
2537 1327 2652 1394 jam
2679 1326 2787 1377 vela
2820 1327 3026 1393 facienti
3070 1328 3361 1394 repentinus
3398 1335 3517 1380 tuus
3566 1329 3663 1380 ad—

2070 1392 2251 1448 uentus
2267 1392 2462 1458 illuxit;
2485 1392 2660 1447 utnon
2688 1392 2923 1447 advectus
2944 1412 3097 1449 cursu
3119 1392 3342 1463 publica,
3367 1398 3453 1448 sed
3483 1397 3664 1449 divino

2070 1464 2293 1532 quodam
2317 1465 2578 1518 advolasse
2606 1465 2859 1517 curriculo
2880 1466 3140 1519 videreris.
3171 1466 3280 1519 Hoc
3301 1466 3460 1534 igitur
3482 1468 3666 1534 primo

2072 1534 2505 1604 Constantiniad
2553 1544 2758 1601 patrem
2809 1536 3135 1604 Augustum,
3185 1544 3241 1588 et
3291 1540 3665 1604 Augustorum

2076 1605 2303 1671 primum
2329 1604 2380 1657 in
2407 1603 2730 1657 Britanniam
2756 1603 3015 1672 adventu,
3040 1605 3313 1658 videretur
3353 1603 3571 1659 creatus
3596 1607 3665 1658 ab

2078 1675 2167 1728 illo
2196 1674 2402 1744 Caesar,
2436 1689 2527 1727 vni
2571 1673 2673 1727 cal.
2704 1674 2957 1744 Augusti,
2991 1689 3130 1727 anno
3168 1674 3370 1728 Christi
3398 1675 3504 1729 305
3539 1692 3553 1728 :
3609 1686 3669 1728 ut

389 1760 658 1812 astrueret,
684 1750 772 1817 qui
789 1759 835 1801 te
858 1749 967 1831 jam
985 1747 1223 1831 olim'sibi
1248 1743 1507 1831 generum,
1532 1749 1684 1831 etiam
1709 1743 1979 1831 antequam
2010 1754 2056 1811 Β
2083 1759 2207 1825 vere
2244 1743 2440 1831 dli‘xerit
2470 1744 2761 1831 Eumenius
2782 1743 2804 1809 ,7
2844 1760 2872 1798 a
2914 1744 3183 1831 Brita‘nnia
3211 1745 3447 1831 omnium
3487 1745 3669 1831 prima

391 1832 561 1888 petere
590 1816 801 1891 posses,
836 1816 1015 1891 sponte
1038 1816 1292 1891 delegerat
1321 1816 1571 1891 :_Proliat
1598 1817 1790 1891 deinde
1817 1830 1976 1891 vetus

392 1886 533 1945 istud
566 1886 871 1944 Maximiani
901 1886 1186 1941 consilium
1208 1926 1222 1949 ,
1248 1900 1316 1939 ex
1347 1886 1580 1953 imagine
1621 1888 1977 1956 Aquileiensis

391 1962 598 2043 palatii,
624 1960 692 2041 ad
723 1958 897 2043 ipsum
922 1957 1451 2043 conviviialspectulm
1476 1957 1667 2043 ppsita,
1689 1957 1777 2011 ubi
1802 1959 1975 2039 puella

392 2027 501 2099 jam
529 2031 711 2084 divino
731 2028 926 2081 decore
945 2027 1287 2099 venerabilis,
1311 2028 1404 2099 sed
1426 2027 1609 2099 adhuc
1633 2028 1804 2099 impar
1823 2030 1974 2083 oneri

396 2096 515 2160 suo.
557 2100 768 2153 sustinet
797 2108 951 2166 atque
984 2097 1140 2167 132
1171 2096 1318 2161 o/fert
1346 2096 1436 2149 tibi
1473 2097 1690 2165 (nempe
1714 2097 1979 2152 Constan-

397 2174 537 2238 tino)
566 2172 716 2221 etiam
749 2180 855 2219 tum
881 2166 1034 2238 puero
1055 2166 1254 2238 galeam
1282 2181 1410 2238 auro
1434 2168 1745 2236 gemmisque
1771 2170 1979 2221 radian-

397 2236 527 2305 tem,
540 2250 585 2294 et
608 2238 783 2310 pennis
813 2236 1038 2310 pulchra:
1066 2237 1202 2289 alitis
1222 2236 1556 2303 eminentem;
1575 2248 1627 2290 ut
1651 2248 1718 2303 te,
1742 2241 1877 2308 quod
1896 2238 1981 2291 via:

398 2312 506 2364 ulla
558 2307 767 2379 possunt
805 2307 1005 2360 habitus
1054 2315 1366 2379 ornamenta
1401 2317 1682 2379 priestare,
1746 2307 1981 2378 sponsale

399 2376 582 2433 manus
629 2380 785 2449 faciat
818 2378 1187 2450 pulchriorem.
1225 2376 1309 2450 Ex
1356 2376 1456 2430 hoc
1483 2378 1616 2450 ipso
1661 2376 1981 2450 panegyrico

404 2447 650 2517 habetur,
674 2448 831 2503 simul
858 2447 1054 2501 factum
1076 2461 1195 2501 esse
1216 2447 1645 2514 Constantinum,
1680 2464 1743 2503 ex
1766 2447 1981 2503 Caesare

404 2525 696 2589 Augustum
716 2517 1013 2589 Maximiani
1037 2517 1210 2585 jussu,
1243 2530 1294 2570 et
1316 2517 1474 2589 ducta
1506 2519 1556 2571 in
1580 2520 1979 2573 matrimonium

406 2587 593 2646 Fausta
636 2588 938 2645 Maximiani
969 2601 1222 2656 generum
1256 2604 1267 2637 :
1319 2587 1460 2656 quod
1513 2604 1617 2656 ego
1654 2590 1718 2643 ad
1760 2605 1850 2643 vni
1888 2604 1981 2643 ca-

407 2664 589 2717 lendas
614 2662 878 2727 Augustas
913 2660 1036 2711 anni
1067 2658 1167 2709 507
1205 2657 1343 2727 haud
1388 2658 1631 2714 inanibus
1661 2660 1984 2727 conjecturis

408 2733 604 2788 refero.
630 2726 797 2785 Nemo
822 2728 988 2797 (quod
1019 2728 1210 2794 sciam)
1243 2726 1548 2792 historicus,
1574 2744 1734 2783 nemo
1757 2726 1985 2785 Chrono-

378 2834 381 2839 ν
409 2806 592 2871 logos,
622 2800 955 2856 Constantini
993 2797 1276 2866 imperium
1307 2798 1371 2851 ad
1397 2799 1496 2852 hoc
1520 2814 1710 2871 usque
1738 2800 1983 2855 ultimum

408 2870 612 2927 exordii
661 2884 829 2940 genus
853 2877 1090 2940 moratus
1118 2876 1201 2940 est
1247 2870 1585 2934 :praesertim
1626 2886 1746 2922 cum
1790 2871 1986 2926 nullius

408 2936 687 2997 momenti'
705 2939 877 2995 videri
916 2946 1098 3008 posset
1138 2936 1253 2990 haec
1281 2940 1506 3007 Augusti
1545 2941 1870 2995 renuntiatio
1918 2942 1987 2996 ab

412 3014 627 3067 homine
653 3012 760 3078 jam
791 3020 917 3063 ante
956 3010 1243 3063 triennium
1283 3009 1531 3063 abdicato
1566 3028 1579 3062 :
1612 3020 1988 3078 constaretque

413 3084 514 3139 hoc
544 3085 591 3137 ei
632 3080 924 3136 deferendo
955 3080 1186 3150 honore,
1242 3080 1492 3150 nongalio
1528 3090 1800 3150 spectasse
1846 3079 1988 3135 Con-

411 3155 704 3208 Stantinum
727 3190 743 3216 ,
790 3163 948 3218 quam
980 3157 1037 3202 ut
1066 3146 1277 3201 Fausta;
1315 3148 1432 3216 ejus
1472 3146 1598 3203 lilia:
1626 3150 1837 3218 nuptias
1867 3166 1989 3218 pro-

416 3233 731 3278 uiereretur.
782 3219 992 3285 Quare,
1043 3224 1290 3286 superest
1332 3226 1389 3271 ut
1416 3219 1499 3272 vel
1540 3234 1604 3273 ex
1648 3220 1813 3285 patris
1842 3221 1991 3276 obitu

413 3294 529 3361 ejus
570 3291 718 3361 initia
764 3297 1102 3361 repetamus,
1151 3286 1238 3342 vel
1272 3300 1338 3341 ex
1381 3290 1431 3342 ei
1484 3290 1674 3344 collata
1714 3305 1855 3345 anno
1884 3292 1991 3348 405

413 3359 640 3418 Ctesaris
670 3359 944 3429 dignitate.

488 3426 750 3486 Eusebius
783 3428 914 3482 lib.i
946 3426 1013 3482 de
1032 3427 1153 3481 Vita
1181 3426 1538 3495 Constantini,
1570 3443 1690 3498 cap.
1726 3430 1811 3495 l5,
1845 3430 1992 3485 illum

416 3506 490 3557 ait
511 3501 749 3572 quotidie
771 3507 1043 3572 versatum
1069 3498 1232 3572 fuisse
1252 3497 1304 3550 in
1328 3499 1495 3550 medio
1516 3497 1723 3553 illorum
1743 3501 1832 3572 qui
1851 3512 1995 3572 erant

416 3568 542 3626 cuni
577 3579 715 3640 patre
744 3579 998 3622 consortes
1018 3568 1225 3640 imperii
1259 3581 1278 3619 :
1307 3583 1533 3636 cumque
1561 3584 1627 3623 ex
1673 3568 1896 3637 ephebis
1942 3571 1994 3625 in

418 3637 648 3713 juvenile
677 3640 841 3693 robur
887 3637 1174 3714 evasisset,
1200 3645 1365 3714 τιμῆς.
1382 3647 1473 3699 τῆς
1501 3643 1874 3714 «prlii-oigrrap‘
1907 3644 1997 3714 ai}-

419 3708 522 3773 ὶ-οῐς
564 3714 791 3775 ἠξιοῦτο,
823 3710 989 3774 primo
1028 3709 1165 3776 apud
1192 3708 1312 3781 illos
1343 3708 1636 3781 [tonore'est
1664 3708 1899 3781 αίῙεειῐιε.
1933 3711 2000 3765 In

420 3806 440 3851 i,
454 3800 520 3836 ua
541 3790 687 3836 (etate
715 3792 762 3834 et
792 3781 983 3832 honore
1005 3794 1094 3830 nos
1122 3794 1237 3851 eum
1267 3777 1506 3843 uidimus,
1537 3795 1651 3832 cum
1691 3777 2002 3835 Palaestino-

421 3850 437 3904 i
453 3870 536 3906 um
561 3852 818 3923 regionem
848 3865 952 3902 una
981 3862 1095 3923 cum
1118 3850 1423 3923 imperatore
1448 3850 1534 3917 qui
1554 3858 1760 3923 crateras
1780 3853 2003 3906 anteibat

423 3933 568 3976 «etate
593 3918 636 3985 ,⁷
662 3928 940 3991 perageret.
982 3918 1168 3991 Victor
1220 3919 1273 3973 in
1315 3918 1559 3991 Epitome
1610 3937 1623 3974 :
1675 3920 2002 3976 Constantius

424 3992 745 4074 Constantini
768 4000 931 4074 pater,
955 3998 1106 4074 atque
1134 3990 1486 4074 Armentariu‘s
1517 3990 2003 4074 amarest/iugasti

426 4056 1030 4134 appelluntur_:_6reatis
1063 4056 1378 4134 Cesaribus,
1424 4059 1612 4134 δειετο
1640 4056 1966 4134 ρενηιιαιῖαιη
1985 4103 2001 4129 ,

427 4130 714 4201 Maa'imino
736 4130 929 4184 Galerii
955 4132 1146 4201 sororis
1166 4130 1275 4196 [ilio
1295 4147 1383 4201 per
1410 4130 1687 4185 Orientem.
1715 4133 2006 4201 Eodemque

428 4216 650 4274 tempore
679 4199 1232 4274 ConstantinusGa’sar
1248 4200 1491 4274 efficitur.
1510 4203 1743 4271 Tempus
1769 4199 2008 4273 designat

428 4270 733 4329 Clironicon
757 4270 1214 4330 Alexandrinum;
1246 4288 1368 4324 cum
1406 4271 1551 4325 enim
1575 4270 1723 4337 regni
1746 4270 2006 4327 Consimi-

2014 3112 2059 3174 C

430 4347 525 4399 tini
557 4346 780 4412 primam
811 4342 954 4396 diem
979 4340 1313 4413 AaSseruisset
1342 4356 1433 4395 vut
1468 4342 1720 4397 calendas
1748 4344 2002 4413 Augusti,
2028 4385 2035 4391 .

430 4411 743 4471 Constantio
769 4421 825 4468 et
854 4411 1176 4466 Maximiano
1203 4412 1354 4465 Jovio
1385 4428 1415 4464 v
1441 4413 1768 4479 consulibus,
1796 4411 1896 4469 hoc
1926 4426 2008 4468 est

2084 1815 2251 1868 visum
2271 1813 2676 1867 Constantinum
2703 1812 2992 1871 Caesarem.
3033 1815 3148 1879 Quo
3170 1818 3344 1883 posito
3374 1812 3667 1870 dicendum

2080 1894 2224 1938 esset
2254 1885 2535 1938 remissum
2559 1884 2721 1937 fuisse
2746 1899 2774 1937 a
2799 1892 2947 1952 patre
2972 1884 3378 1938 Consmtitinum
3402 1900 3431 1938 e
3450 1886 3667 1938 Britan-

2082 1955 2165 2007 nia
2195 1953 2262 2007 ad
2285 1954 2553 2008 Galerium
2584 1954 2959 2008 Maximiatium
2995 1972 3007 2007 :
3038 1954 3190 2023 cujus
3216 1955 3409 2009 deinde
3439 1955 3670 2009 insidias

2080 2024 2376 2087 declinatis,
2404 2039 2546 2079 anno
2567 2025 2809 2093 sequenti
2834 2024 2899 2077 ad
2928 2034 3133 2091 patrem
3159 2039 3426 2089 reversus,
3460 2027 3510 2079 ei
3540 2040 3670 2079 mo-

2083 2094 2236 2147 rienti
2264 2094 2513 2149 astiterit.
2547 2094 2744 2148 Verum
2771 2109 2830 2149 re
2859 2094 3163 2163 diligentius
3212 2110 3471 2163 perpensa
3491 2136 3506 2160 ,
3537 2110 3670 2148 cum

2081 2180 2145 2217 ex
2181 2164 2409 2218 Eusebio
2440 2166 2491 2218 iu
2518 2164 2632 2218 Vita
2662 2165 3027 2228 Constantini,
3056 2165 3283 2234 aliisque
3307 2166 3671 2233 scriptoribus

2084 2249 2219 2288 unus
2249 2242 2450 2288 tantum
2474 2242 2803 2289 memoretur
2829 2234 3161 2289 Constantini
3190 2235 3254 2288 ad
3279 2246 3485 2303 patrem
3516 2246 3671 2288 tran-

2083 2314 2217 2357 SllUS
2240 2319 2270 2356 a
2304 2305 2612 2358 Diocletiani
2643 2316 2693 2359 et
2728 2305 2960 2359 Herculii
2994 2305 3360 2369 abdicatione,
3388 2320 3496 2358 non
3529 2305 3673 2359 mihi

2082 2375 2226 2427 visus
2252 2383 2335 2427 est
2360 2390 2424 2429 ex
2454 2375 2716 2429 Eumenio
2744 2374 3095 2445 geminandus
3141 2392 3155 2429 :
3201 2376 3352 2444 cujus
3384 2375 3587 2439 verba,
3618 2376 3673 2428 si

2083 2446 2302 2512 propius
2334 2445 2701 2514 inspiciantur,
2745 2450 2843 2498 hoc
2873 2446 3046 2513 ipsum
3079 2460 3189 2515 prae
3218 2460 3277 2499 se
3312 2445 3489 2499 terunt
3516 2445 3670 2515 quod

2084 2515 2341 2586 Eusebius
2357 2516 2546 2586 etalii;
2568 2515 2723 2586 134
2742 2515 2990 2570 nimirum
3004 2516 3202 2571 cursim
3224 2515 3506 2569 advolasse
3522 2515 3643 2570 Con
3655 2544 3672 2556 -

2084 2585 2371 2638 stantinum
2405 2585 2723 2649 Bononiam,
2765 2596 2820 2640 ut
2868 2597 3075 2653 patrem
3106 2586 3339 2648 videret;
3370 2586 3463 2639 sed
3488 2586 3675 2639 classe

2082 2657 2188 2724 jam
2209 2656 2323 2709 vela
2344 2656 2590 2721 lacieiite,
2614 2666 2667 2709 et
2687 2656 2885 2710 Cliloro
2906 2658 2958 2709 in
2986 2670 3045 2709 ea
3072 2656 3466 2719 transfretante,
3487 2656 3675 2721 ipsum

2088 2725 2245 2793 paulo
2258 2727 2577 2793 post,patris
2592 2727 2806 2795 vestigia
2831 2730 3253 2795 prosecutum,ei
3281 2726 3497 2780 tandem
3522 2726 3676 2780 Ebo-

2086 2797 2195 2850 raci
2219 2797 2448 2849 animam
2466 2797 2640 2865 agenti
2666 2797 2985 2852 occurrisse.
3009 2796 3118 2850 Nec
3137 2796 3278 2850 aliud
3302 2812 3365 2850 ex
3390 2809 3677 2865 anoaymo

2087 2869 2249 2920 citato
2277 2866 2449 2929 colligi
2491 2874 2687 2933 potest.
2720 2868 2915 2933 Quare,
2948 2868 3229 2935 opinamur
3250 2868 3677 2921 Constantinum

2088 2951 2117 2990 a
2163 2935 2377 2990 Galerio
2421 2934 2738 2990 Maxim'ano
2791 2934 3033 2991 ereatuin
3087 2934 3383 2999 Ctesarem,
3426 2950 3519 2989 vui
3560 2936 3679 2991 cal.

2090 3007 2335 3075 Augusti,
2364 3020 2505 3059 anno
2532 3004 2729 3059 Christi
2750 3007 2875 3068 505.
2894 3022 3015 3061 cum
3044 3008 3096 3062 in
3124 3006 3237 3075 ejus
3263 3007 3384 3061 aula
3410 3013 3679 3073 tanquam

2092 3091 2121 3129 a
2169 3086 2319 3145 patre
2347 3076 2688 3131 datus-obses
2714 3083 3039 3133 versaretur.
3075 3075 3185 3131 Nec
3214 3078 3317 3131 alio
3342 3090 3508 3131 sensu
3562 3076 3685 3134 dici

2095 3146 2162 3200 ab
2213 3146 2476 3200 Eumenio
2504 3147 2731 3214 primum
2763 3147 2821 3201 in‘
2848 3148 3117 3201 Britannia
3153 3146 3420 3202 Caesarem
3460 3148 3646 3199 visum
3670 3186 3687 3209 ,

2097 3230 2252 3285 quam
2289 3215 2432 3285 quod
2478 3217 2548 3271 ibi
2578 3217 2630 3271 in
2665 3217 2831 3286 patris
2858 3231 3079 3285 regnum
3109 3219 3403 3271 succedens
3423 3255 3438 3279 ,
3490 3231 3687 3269 rerum

2133 3288 2254 3340 otiri
2277 3287 2519 3353 coeperit.
2545 3286 2817 3341 Caesarum
2842 3289 2984 3341 enim
3008 3289 3114 3342 duo
3134 3302 3331 3355 genera
3364 3288 3515 3340 fuere
3530 3287 3691 3354 apud

2122 3360 2396 3423 tomanos;
2422 3356 2635 3427 quidam
2659 3373 2722 3411 eo
2746 3367 2949 3411 tantum
2967 3359 3106 3427 quod
3121 3367 3302 3411 essent
3327 3358 3404 3427 (ut
3421 3358 3693 3427 aitSpar—

2100 3429 2277 3497 tianus
2306 3427 2357 3480 in
2389 3426 2534 3481 ﬁlio
2558 3427 2719 3495 Vero)
2743 3426 2993 3497 designati
3014 3429 3253 3497 Augusta:
3269 3426 3554 3495 maiestatis
3579 3426 3696 3480 ha?-

2099 3496 2245 3576 redes
2266 3512 2292 3549 ς
2315 3497 2400 3576 alii
2427 3497 2567 3576 quod
2598 3496 2988 3576 etiamimperli
3013 3496 3317 3576 consortes,
3364 3506 3418 3576 e_t
3454 3498 3701 3576 creditis

2099 3567 2200 3621 sibi
2221 3565 2508 3635 provinciis
2525 3581 2736 3622 summo
2753 3565 2876 3636 jure
2899 3576 3211 3636 praeessent.
3240 3567 3295 3621 lu
3320 3568 3558 3636 priorem
3576 3565 3701 3621 Cm.

2100 3651 2277 3690 sarum
2327 3638 2552 3691 classem
2583 3638 2823 3695 adlectus
2869 3647 2953 3695 est
2988 3638 3407 3702 Constantinus,
3436 3652 3532 3691 vni
3582 3639 3703 3694 cal.

2102 3706 2356 3778 Augusti,
2384 3721 2526 3778 anno
2551 3708 2684 3773 505;
2735 3710 2790 3764 in
2820 3707 3172 3778 posteriorem
3192 3748 3206 3770 ,
3237 3709 3481 3778 sequenti
3514 3722 3704 3773 anno.

2104 3776 2331 3831 Eboraci
2362 3778 2415 3831 in
2461 3777 2765 3845 Britannia,
2803 3776 3094 3835 secundum
3143 3780 3345 3833 obitum
3380 3776 3708 3835 Constantii

2105 3847 2289 3928 patris.
2312 3850 2572 3928 bLupcrest
2586 3863 2739 3928 ergo,
2762 3857 2819 3904 ut
2845 3866 2909 3928 ex
2933 3849 3174 3928 his.(q_n:e
3190 3847 3448 3928 diximus)
3475 3849 3709 3928 duobus

2107 3916 2292 3989 initiis,
2320 3916 2673 3972 Constantini
2688 3920 2969 3989 imperium
2997 3916 3344 3973 deducamus.
3373 3918 3427 3972 Si
3451 3933 3479 3969 a
3507 3916 3711 3989 Cmsa-

2106 3988 2181 4041 ris
2207 3988 2461 4057 dignitate
2487 4000 2725 4056 accepta,
2753 3988 2989 4058 regnarit
3014 4003 3184 4043 annos
3198 3990 3260 4042 3i
3291 3988 3558 4042 mense59
3579 3990 3712 4044 dics

2105 4060 2198 4123 27;
2228 4061 2272 4112 si
2303 4074 2331 4111 a
2364 4060 2526 4127 patris
2564 4060 2744 4121 obitu,
2787 4060 3063 4128 imperarit
3097 4074 3203 4112 uno
3233 4073 3374 4111 anno
3403 4060 3619 4117 minus.
3669 4063 3714 4115 A

2111 4131 2290 4197 priore
2337 4130 2544 4183 calculo
2569 4130 2878 4186 decennalis
2921 4139 2974 4185 et
3014 4130 3313 4184 vicennalia
3354 4128 3712 4197 decurrunt,

2109 4213 2338 4268 eumque
2363 4210 2577 4255 secutus
2595 4209 2679 4254 est
2702 4202 2965 4256 Eusebius
2988 4200 3039 4253 in
3063 4199 3177 4267 ejus
3202 4198 3322 4253 Vita
3351 4215 3365 4252 :
3390 4202 3721 4267 posteriore

2108 4270 2316 4323 calculo
2346 4285 2473 4325 usus
2510 4281 2592 4323 est
2634 4271 2899 4338 Prosper,
2949 4269 3089 4324 Beda
3118 4269 3186 4324 de
3213 4284 3308 4323 sex
3330 4269 3623 4334 :etatibus,
3661 4282 3721 4325 et

2112 4340 2201 4394 alii
2234 4351 2353 4407 post
2379 4341 2665 4395 Eusebium
2695 4342 2746 4395 in
2778 4340 3067 4404 Chronico,
3103 4340 3155 4393 in
3186 4353 3293 4408 quo
3326 4340 3718 4408 Augustorum

2114 4419 2338 4477 tantum,
2362 4427 2466 4464 non
2489 4412 2647 4465 etiam
2666 4413 2935 4467 Caesarum
2958 4424 3126 4463 annos
3149 4408 3406 4463 extendit.
3429 4408 3724 4465 Constan-

432 4501 574 4539 aiino
596 4484 734 4549 505;
764 4499 886 4537 mox
920 4496 1059 4535 anno
1086 4492 1340 4548 sequente
1367 4483 1489 4547 506,
1522 4483 1708 4537 iisdem
1750 4478 2010 4539 Constan-
2041 4487 2090 4548 Ι)
2118 4479 2945 4547 tiniNomCazssnis,etnondum
2960 4479 3184 4549 Augusti
3202 4478 3727 4549 quiexrstantnum-

434 4560 508 4609 tio
529 4566 583 4608 et
602 4554 922 4608 Maximiano
944 4567 994 4605 νι
1015 4552 1343 4618 consulibus,
1368 4552 1664 4607 Constantii
1693 4555 1895 4610 obitum
1923 4570 2007 4609 as-

434 4625 610 4686 cribit,
641 4638 761 4677 cttm
791 4624 937 4690 prius
962 4623 1124 4693 tilium
1153 4621 1559 4693 Constantinum
1601 4624 1812 4693 imperii
1840 4634 1894 4679 et
1921 4625 2004 4679 di-

436 4695 651 4764 gnitatis
696 4694 947 4760 Augustae
991 4691 1310 4764 scripsisset
1340 4692 1635 4764 ihzeredem.
1681 4691 2010 4764 'Siispicabar

437 4761 568 4819 alias
592 4762 958 4817 Constantium
992 4778 1021 4815 a
1070 4770 1218 4829 patre
1255 4761 1452 4815 Cliloro
1485 4762 1750 4817 Caesarem
1790 4761 1842 4818 in
1890 4765 2009 4818 Bri-

441 4835 619 4887 tannia
645 4841 913 4904 creatum;
949 4843 1002 4885 ut
1031 4847 1096 4885 eo
1126 4835 1424 4904 resiiexei-it
1450 4832 1740 4887 Eumenius
1767 4836 1819 4887 in
1850 4831 2010 4904 paiie-

439 4904 621 4973 gyrico
648 4903 722 4956 sic
768 4905 1071 4973 exclamans
1100 4918 1113 4955 :
1152 4901 1195 4953 υ
1222 4905 1504 4973 fortunata,
1536 4913 1582 4955 et
1611 4920 1746 4957 nunc
1775 4901 2011 4960 omnibus

439 4971 631 5029 beatior
661 4973 805 5027 terris
833 4971 1102 5045 Britannia
1122 5011 1137 5037 ,
1165 4988 1277 5041 quin
1306 4972 1690 5045 Constantinum
1722 4975 1875 5045 133
1902 4974 2015 5030 Ca3-

442 5060 607 5099 sarem
624 5046 786 5112 prima
801 5043 991 5095 vidisti.
1013 5042 1155 5096 Duos
1178 5047 1374 5098 etenim
1397 5042 1822 5099 Constantini—ait
1832 5042 2019 5100 ientus

444 5115 510 5169 ad
538 5124 739 5184 patrem
768 5114 873 5181 jam
896 5115 1212 5184 Augustum,
1240 5123 1397 5183 atque
1424 5115 1503 5184 (ut
1531 5117 1726 5170 asserit
1758 5116 2021 5171 Eusebius

414 5182 554 5242 ~lib._
580 5201 593 5239 ι
624 5184 691 5240 de
729 5184 846 5255 Vita
881 5182 1236 5255 Constantini,
1267 5182 1384 5252 cap.
1412 5182 1501 5253 {2)
1538 5202 1600 5239 ex
1640 5198 1867 5255 quatuor
1909 5195 2018 5240 tum

443 5255 696 5327 Augustis
744 5253 1000 5327 primum,
1037 5254 1441 5327 deprehendere
1474 5256 1603 5310 milii
1632 5253 1852 5313 videbar
1881 5258 2020 5324 apud

443 5322 688 5396 antiquos
716 5322 1042 5396 scripturesi
1065 5322 1289 5396 primum
1320 5325 1385 5378 ad
1419 5326 1739 5393 Bononiam,
1773 5344 1865 5382 seu
1888 5322 2021 5383 Ges-

444 5392 733 5462 soriacum,
762 5394 977 5466 Portum
1003 5392 1297 5466 Gallorum,
1331 5399 1474 5450 unde
1503 5412 1621 5449 cum
1652 5392 1803 5466 patre
1826 5398 1878 5451 in
1904 5400 2023 5452 Bri-

445 5471 683 5524 tanniam
717 5465 985 5535 trajecerit
1015 5480 1027 5517 :
1063 5463 1285 5536 alterum
1318 5466 1565 5529 Eboraci,
1590 5463 1709 5520 cum
1742 5471 1874 5536 patri
1904 5470 2021 5522 ani-

442 5556 586 5595 mam
601 5538 775 5609 agenti
800 5534 1119 5609 improvisus
1133 5534 1328 5609 adfuit;
1353 5548 1406 5589 et
1426 5537 1509 5590 liic
1524 5539 1723 5592 ecubili
1743 5534 2021 5606 exsiliens,

445 5612 500 5666 in
542 5606 870 5665 dilectissimi
917 5606 1007 5659 lilii
1034 5606 1311 5674 amplexus
1343 5609 1447 5659 ruit
1477 5625 1488 5659 :
1516 5623 1744 5677 moxque
1778 5611 1848 5662 illi
1883 5621 2027 5663 tran-

446 5682 648 5744 scripto
698 5677 953 5748 imperio.
981 5680 1247 5746 rebiisqiie
1276 5677 1397 5732 aliis
1425 5679 1699 5745 dispositis
1720 5720 1734 5743 ,
1769 5682 1819 5732 in
1853 5684 2027 5735 medio

446 5751 676 5806 ﬁliorum
703 5762 765 5803 ac
805 5750 1031 5805 tiliarum
1068 5762 1286 5807 suarum
1318 5750 1471 5820 quasi
1502 5749 1669 5807 choro
1710 5752 1788 5819 (ut
1816 5752 1890 5806 ait
1920 5752 2027 5807 Eu-

2117 4551 2217 4617 mi,
2241 4551 2304 4603 ad
2338 4552 2610 4604 biennium
2639 4552 2765 4605 illud
2796 4548 3059 4606 referendi
3083 4559 3225 4612 sunt,
3248 4548 3388 4614 quod
3409 4562 3437 4601 a
3466 4551 3727 4617 primum

2116 4623 2161 4676 ei
2218 4622 2388 4675 delata
2419 4619 2649 4675 Caesaris
2679 4623 3056 4690 appellatione,
3090 4621 3153 4673 ad
3180 4619 3302 4690 ejus
3338 4633 3461 4673 cum
3506 4619 3729 4676 Fausta

2117 4693 2356 4761 nuptias,
2388 4700 2440 4745 et
2483 4692 2706 4759 Augusti
2751 4689 2821 4746 ab
2852 4691 3098 4748 llerculio
3142 4689 3192 4744 ei
3233 4689 3487 4743 collatam
3531 4690 3732 4762 digni-

2117 4773 2277 4819 tatem
2308 4762 2698 4816 intercucurrit.

2187 4833 2295 4887 Nec
2323 4848 2452 4887 vero
2483 4833 2675 4886 mirum
2701 4831 2868 4885 videri
2899 4830 3079 4894 debet,
3110 4831 3178 4886 ab
3201 4838 3421 4899 accepta
3469 4828 3733 4888 Cmaris

2118 4913 2173 4959 et
2203 4903 2441 4957 nondum
2468 4903 2693 4972 Augusti
2718 4902 3000 4972 dignitate,
3028 4901 3363 4972 Constantini
3400 4900 3737 4969 quinquen-

2129 4974 2268 5029 nalia
2301 4983 2354 5027 et
2382 4971 2691 5027 decennalia
2719 4971 3028 5028 decurrere.
3078 4971 3333 5039 Quamvis
3380 4972 3527 5025 enim
3581 4974 3738 5027 anti-

2126 5045 2365 5113 quiores,
2399 5043 2488 5111 qui
2519 5044 2586 5099 ab
2610 5049 2848 5114 Augusto
2878 5043 2991 5098 fere
3025 5057 3191 5112 usque
3220 5042 3283 5095 ad
3318 5040 3739 5114 Diocletianum

2125 5112 2354 5184 imperio
2391 5113 2541 5183 potiti
2571 5112 2727 5177 sunt,
2760 5129 2821 5169 ea
2854 5114 3071 5168 duxisse
3111 5112 3550 5184 reperiantur-ab
3612 5115 3739 5183 ipsa

2127 5181 2219 5241 die
2257 5200 2359 5254 qua
2392 5181 2612 5253 Augusti
2649 5185 2937 5239 renuntiati
2967 5193 3090 5238 sunt
3121 5202 3133 5235 :
3171 5193 3347 5237 tanien
3388 5181 3597 5254 exinde
3643 5181 3741 5239 illa

2127 5252 2287 5311 edere
2313 5255 2457 5310 soliti
2484 5252 2605 5309 sunt
2631 5257 2789 5311 etiam
2811 5256 3054 5309 Ciesares
3083 5272 3095 5309 :
3127 5253 3438 5308 solemniter
3466 5252 3617 5306 adeo
3651 5267 3736 5321 ui,

2130 5342 2249 5381 cum
2286 5341 2351 5381 ex
2383 5326 2690 5381 Caesaribus
2719 5326 2942 5394 Augusti
2972 5324 3222 5395 appellati
3256 5331 3630 5395 esseiit,_non
3674 5338 3740 5379 ex

2131 5398 2220 5453 die
2247 5402 2499 5466 Augusta:
2550 5399 2705 5468 135
2745 5393 3016 5468 dignitatis
3047 5393 3373 5468 assumptus,
3400 5393 3497 5468 sed
3532 5410 3607 5447 ex
3648 5397 3748 5451 die

2132 5464 2366 5538 acceptae
2392 5464 2939 5536 Cmsaﬁini'purpura:
2976 5465 3106 5521 festa
3146 5464 3693 5538 illa_au_spi_care‘ntnr
3731 5484 3745 5519 :

2134 5550 2189 5592 ut
2232 5532 2455 5607 apparet
2507 5553 2570 5591 ex
2616 5532 2846 5593 nummis
2893 5537 3192 5593 Constantii
3236 5534 3491 5607 Clilori,_
3518 5532 3749 5593 Galerii

2132 5605 2459 5674 Maximiani,
2491 5608 2662 5678 Crispi
2713 5624 2924 5677 quoque
2964 5618 3016 5662 et
3038 5606 3373 5661 Constantini
3404 5648 3417 5671 ,
3455 5605 3752 5661 Constan-

2133 5682 2192 5734 tii
2217 5691 2270 5732 et
2293 5680 2618 5745 Constantis,
2646 5680 2819 5747 Magni
2842 5679 3174 5735 Constantini
3203 5678 3431 5730 lilioruin
3465 5692 3480 5731 :
3513 5694 3753 5732 necnon

2132 5762 2187 5808 et
2217 5750 2446 5819 Juliani,
2496 5752 2563 5806 de
2591 5767 2697 5819 quo
2724 5751 2894 5808 reiert
2929 5750 3240 5808 Ammianus
3287 5748 3383 5804 lib.
3434 5763 3529 5801 xxi
3579 5754 3753 5815 quiu-
