3956 6180
284 344 408 397 ’529

1293 338 1356 393 ΙΝ
1393 337 1619 394 OPERA
1658 338 1884 394 VICILII
1923 338 2291 396 TAPSENSIS
2327 339 2551 396 NOTAE.

3444 348 3545 403 550

300 456 581 523 quennalia
615 455 829 509 Vienna:
860 453 924 506 ab
954 468 1018 507 eo
1048 452 1185 507 edita
1211 452 1323 523 jani
1354 453 1609 519 Augusto,
1643 465 1699 507 et
1728 468 1865 505 novo
1893 453 1944 513 Α
1969 468 2199 519 censeo;
2224 454 2450 523 primum
2491 453 2809 508 auctoritate
2838 462 3077 508 veterum
3119 465 3173 510 ct
3203 456 3355 511 bona:
3404 470 3542 515 notae

300 521 574 590 Augusto,
626 527 822 591 quippe
864 538 1002 575 anno
1042 524 1228 576 eodem
1270 521 1484 588 (Christi
1525 523 1650 588 560)
1692 538 1720 574 a
1760 539 1865 575 non

298 595 481 649 multis
512 595 719 656 diebus,
755 593 975 645 Lutetia:
1005 592 1328 645 Parisiorum
1359 593 1561 655 levato;
1591 608 1710 643 cum
1743 604 1868 646 ante

297 681 469 718 annos
498 666 731 730 quinque
758 662 937 716 CteSar
966 671 1207 726 creatus,
1242 676 1524 728 purpuram
1575 662 1863 722 induisset,

296 751 390 789 vni
419 734 537 787 idus
576 732 887 786 Novembris
916 732 1037 784 anni
1065 732 1190 795 355,
1233 730 1517 783 Arbetione
1546 738 1600 783 et
1626 730 1866 782 Lolliano

293 819 465 869 coss.,
487 820 554 858 ex
590 803 753 855 ldatio
778 801 831 854 in
862 802 1053 865 Fastis,
1075 801 1292 855 Socrate
1323 800 1413 853 lib.
1443 815 1510 864 ιι,
1539 814 1657 868 cap.
1690 800 1781 863 ‘27,
1813 810 1866 855 et

295 876 582 928 Ammiano
604 872 695 924 lib.
730 886 820 924 xv.

365 942 579 997 Socrati
620 957 721 993 non
767 939 1086 993 assentimur
1110 940 1281 1008 quoad
1314 940 1453 993 diem
1500 937 1677 990 obitus
1724 938 1866 991 Con-

293 1014 537 1072 stantini,
562 1025 718 1079 quam
748 1009 911 1063 fuisse
938 1009 1012 1062 ait
1034 1024 1122 1079 vui
1148 1011 1251 1063 cal.
1285 1008 1504 1079 Augusti
1541 1009 1695 1079 :_ba:c
1718 1008 1860 1061 enim

292 1076 652 1135 Constantino
684 1080 779 1132 fuit
805 1080 916 1132 dics
938 1078 1127 1132 ttatalis
1159 1076 1457 1146 imperiiab
1482 1076 1694 1144 indepta
1725 1092 1865 1130 anno

294 1153 401 1206 505
428 1150 659 1204 CteSaris
681 1148 932 1217 dignitate
956 1146 1164 1201 deducti
1192 1164 1206 1199 ε
1239 1163 1356 1216 qua:
1383 1148 1497 1201 dies
1518 1150 1764 1217 quamvis
1795 1148 1859 1200 ad

294 1219 661 1289 quinquennia
709 1216 773 1289 ac
812 1218 1067 1289 decennis
1116 1227 1258 1270 esset
1287 1216 1601 1289 solemnior,
1643 1216 1865 1282 singulis

296 1286 474 1343 tamen
524 1288 680 1342 annis
735 1286 862 1341 testa
916 1286 1228 1339 trahebatur.
1278 1288 1423 1340 Licet
1469 1286 1609 1339 enim
1644 1295 1863 1350 paterna

295 1372 529 1429 purpura
578 1356 1045 1429 contectusiuerit
1088 1355 1468 1429 Constantinus
1514 1353 1688 1409 adhuc
1729 1356 1864 1422 patri

295 1427 482 1483 recens
528 1427 792 1483 exstincto
833 1427 1197 1494 illaci'ymans;
1229 1434 1281 1478 et
1327 1427 1376 1478 in
1408 1440 1469 1478 ea
1504 1440 1732 1492 purpura
1764 1440 1861 1491 pa-

296 1507 461 1552 ternae
493 1496 799 1566 apotheosis
827 1496 1051 1566 solemni
1092 1509 1298 1566 pompa
1330 1494 1628 1566 praefuerit;
1678 1496 1860 1549 exsul-

296 1576 443 1622 tante
471 1563 868 1621 et'aeclarnante
901 1564 1091 1631 populo
1119 1565 1196 1634 (ut
1237 1580 1356 1617 cum
1390 1563 1619 1634 Eusebio
1646 1574 1865 1617 narrant

293 1647 543 1691 auctores
562 1634 1022 1704 panegyricorum)
1040 1632 1177 1701 quod
1200 1636 1276 1687 sic
1314 1643 1517 1699 patrem
1549 1632 1602 1685 in
1630 1646 1687 1687 se
1715 1636 1862 1701 quasi

292 1707 593 1765 redivivum
616 1705 921 1768 exhiberet;
944 1704 1156 1757 dilatam
1181 1713 1355 1757 tamen
1380 1713 1637 1769 susceptae
1658 1704 1863 1769 paterni

295 1778 442 1845 regni
493 1775 969 1829 administratiOuis
1013 1773 1452 1845 feSIivitatemin
1482 1787 1568 1845 vni
1608 1772 1862 1845 calendas

293 1842 519 1915 Augusti
544 1886 558 1906 .
609 1844 812 1912 adepta:
837 1845 1126 1915 Cttsare:e__
1144 1842 1414 1915 dignitatis
1443 1842 1861 1915 anniversariam

294 1910 437 1983 (eu'rn
462 1916 665 1983 aliquot
686 1910 806 1966 ante
821 1914 1007 1966 diebus
1027 1910 1641 1983 obiissetConstantius)
1666 1912 1861 1983 indicat

293 1980 497 2040 ldatius
524 1980 592 2038 ad
623 2000 673 2038 vt
700 1985 877 2038 Chlori
904 1983 1067 2047 ipsius
1095 1993 1146 2034 et
1179 1982 1371 2035 Galerii
1404 1980 1704 2034 Maximiani
1734 1996 1865 2035 con-

294 2055 548 2119 sulatum,
574 2069 693 2107 cum
724 2056 798 2106 ait
830 2070 843 2105 :
876 2052 971 2105 llic
992 2052 1284 2105 consulibus
1314 2052 1449 2104 diem
1494 2053 1699 2119 furiatus
1730 2051 1863 2104 Con-

295 2126 511 2176 stantius
535 2138 555 2176 :
574 2133 621 2175 et
652 2132 821 2188 postea
842 2120 1034 2173 levatus
1058 2130 1127 2173 est
1159 2122 1480 2173 Constantius
1504 2136 1591 2172 vttt
1620 2122 1719 2171 cal.
1756 2122 1861 2172 Au-

295 2195 426 2261 gusti
455 2210 475 2246 :
504 2192 581 2247 sic
606 2193 747 2246 diem
772 2192 924 2245 levati
946 2191 1278 2261 Consmntiui
1299 2206 1325 2240 a
1352 2192 1437 2261 die
1462 2190 1668 2261 paterni
1690 2191 1864 2261 obitus

296 2258 580 2331 sejungens
605 2262 832 2331 :a'ioqui
858 2261 1114 2321 dicturus,
1132 2258 1533 2331 Constantinum
1574 2260 1712 2331 diem
1744 2260 1861 2312 fun-

296 2328 436 2385 ctum
454 2328 542 2384 vui
558 2330 658 2384 cal.
677 2331 915 2398 Augusti,
938 2339 993 2383 et
1016 2332 1203 2384 eadem
1235 2330 1322 2384 die
1350 2329 1576 2383 levatura
1599 2328 1863 2383 Constan-

298 2404 462 2456 tinum
493 2402 609 2469 ejus
639 2402 821 2453 lilium.

368 2466 602 2537 Quartus
639 2485 808 2522 annos
832 2468 1212 2533 persecutionis
1230 2509 1244 2531 ,
1270 2466 1333 2518 ad
1365 2467 1507 2521 initia
1529 2467 1864 2521 Constantini

300 2550 418 2608 post
466 2556 667 2605 patrem
700 2538 1009 2606 imperantis
1035 2539 1101 2590 ab
1132 2537 1360 2608 Eusebio
1397 2549 1451 2591 et.
1477 2538 1740 2601 Prospero
1766 2538 1863 2590 ad-

299 2606 529 2672 notatas,
571 2611 637 2662 de
672 2619 859 2662 amoto
889 2624 992 2660 non
1048 2608 1111 2660 de
1145 2606 1354 2658 labente
1383 2608 1717 2675 accipiendas
1759 2617 1863 2659 est.

301 2681 544 2733 Annuurn
566 2694 724 2747 porro
747 2676 1169 2747 imperiumquod
1189 2676 1362 2747 Victor
1385 2676 1580 2747 Cbloro
1600 2676 1859 2739 attribuit,

300 2766 401 2804 non
427 2750 495 2801 ab
524 2745 934 2813 imperatoribus
975 2746 1040 2799 ad
1080 2746 1326 2798 calendas
1356 2745 1566 2812 Apriles
1592 2747 1717 2798 anni
1756 2747 1862 2801 504

302 2819 558 2873 abdicatis
583 2817 928 2871 derivandum
966 2824 1068 2875 est,
1100 2815 1192 2867 sed
1223 2814 1290 2868 ab
1314 2814 1517 2885 imperii
1556 2816 1709 2885 136
1730 2814 1865 2867 divi-

303 2890 455 2943 siOne
483 2890 620 2941 inter
646 2888 901 2940 Chlorum
933 2894 987 2939 et
1018 2885 1283 2939 Galerium
1311 2884 1527 2950 depacta
1545 2900 1558 2946 ;
1578 2884 1777 2953 nempe
1798 2901 1864 2939 ex

302 2973 405 3025 quo
432 2958 662 3011 Africam
694 2972 814 3009 cum
845 2955 996 3025 Italia
1025 2954 1249 3025 Chlorus
1277 2955 1326 3005 in
1352 2954 1617 3007 Galerium
1649 2954 1859 3020 rt-jecit,

301 3023 411 3081 sola
432 3028 603 3083 Gallia
634 3041 753 3079 cum
787 3023 1032 3087 llispania
1076 3033 1128 3076 et
1170 3024 1438 3076 Britannia
1468 3034 1778 3089 eontentns,
1808 3035 1865 3076 ut

300 3106 528 3152 testatur
558 3096 836 3162 Eutrapitts
862 3094 997 3146 libro
1038 3110 1090 3145 χ.
1124 3094 1215 3145 Vix
1246 3093 1385 3145 enim
1418 3092 1485 3145 de
1516 3092 1613 3147 hac
1657 3094 1861 3157 imperii

301 3166 586 3235 partitione
617 3174 935 3235 conventuin
964 3178 1081 3235 esse
1112 3164 1279 3229 potuit
1311 3162 1445 3214 inter
1474 3177 1635 3215 novos
1662 3165 1867 3235 Angus—

301 3232 381 3290 tos
417 3245 541 3289 ante
578 3250 776 3288 annum
807 3234 927 3287 505.
974 3232 1219 3285 Fortasse
1266 3235 1427 3286 etiam
1481 3246 1715 3284 annuum
1769 3234 1865 3286 luit

298 3306 479 3359 Chlori
510 3306 790 3373 imperium
811 3348 823 3369 ,
854 3303 993 3369 quod
1031 3318 1065 3373 _a
1099 3300 1501 3373 Diocletianoet
1548 3302 1866 3356 Maximiano

303 3376 553 3428 llercnlio
588 3370 876 3442 purpuram
902 3371 1095 3442 exutis,
1130 3370 1272 3442 Italia
1299 3381 1351 3424 et
1381 3370 1556 3442 Africa
1581 3385 1677 3438 per
1700 3386 1863 3442 unum

299 3446 557 3498 duntaxat
584 3440 776 3497 annum
804 3440 1205 3505 administratis,
1231 3441 1285 3493 in
1310 3440 1504 3494 Galerii
1526 3441 1864 3495 commodum

299 3515 491 3567 deinde
519 3515 761 3567 cesserit.

300 3585 424 3651 Pag.
442 3582 530 3646 85,
546 3598 703 3637 versu
720 3582 804 3636 15.
830 3582 975 3633 Sicut
989 3597 1020 3631 a
1043 3578 1367 3651 Constantino
1380 3578 1544 3651 fuerat
1558 3579 1861 3651 delegatum.

369 3648 444 3706 De
475 3660 792 3705 testamento
822 3650 1151 3704 Constantini
1184 3648 1351 3717 Magni
1377 3649 1531 3701 aliter
1562 3649 1782 3702 l’botius
1810 3652 1862 3701 in

302 3722 415 3773 Vita
461 3722 732 3778 Athanasii
763 3738 776 3771 :
814 3720 1033 3788 Reliquit
1063 3727 1252 3779 autem,
1288 3718 1481 3785 inquit,
1512 3726 1865 3788 testamentum

298 3792 448 3843 cuida
470 3809 497 3839 ιι
527 3790 808 3858 presbytero
824 3787 1034 3848 Ariano,
1066 3788 1359 3858 prwcipicns
1384 3788 1513 3839 illud
1542 3787 1868 3843 Constantino

298 3862 588 3932 cognomini
626 3856 719 3932 (es
748 3860 1019 3929 ὁμωνύμῳ)
1039 3856 1354 3932 reddi._u_oc
1384 3860 1514 3932 enim
1552 3866 1865 3932 testamento,

299 3926 390 3997 pro
421 3926 715 3992 Occidente,
746 3926 1009 3997 paternum
1028 3928 1251 3980 Orientis
1275 3926 1539 3994 imperium
1556 3927 1599 3977 ei
1622 3930 1865 3979 transcri-

298 4000 524 4051 bebzttur.
578 4000 683 4052 Sed
718 3996 1070 4067 fraudulentus
1102 3997 1218 4055 ille.
1244 3997 1415 4067 multis
1439 3996 1867 4063 iu’errogantibus

298 4086 359 4120 an
387 4070 658 4135 imperator
688 4066 1037 4121 testamentum
1066 4067 1282 4132 fecisset,
1306 4066 1498 4135 factum
1520 4080 1623 4135 esse
1648 4068 1867 4133 negavit;

296 4132 484 4191 trabeas
512 4139 616 4189 doli
653 4137 775 4189 mali
800 4138 1058 4204 adjutores
1082 4136 1351 4187 eunuchos.
1395 4132 1559 4185 Paulo
1590 4132 1869 4200 postvenit

297 4208 361 4259 ad
387 4224 501 4259 eum
527 4204 855 4259 Constantius
888 4222 907 4260 :
929 4208 1011 4258 cui
1034 4206 1289 4273 presbyter
1309 4204 1499 4257 occulte
1527 4204 1687 4273 patris
1719 4214 1870 4256 testa-

298 4288 524 4329 mentum
568 4277 801 4340 cxltibet;
844 4292 1000 4328 uuam
1038 4272 1262 4339 gratiam
1292 4276 1422 4325 hanc
1470 4272 1761 4339 postulans,
1817 4282 1867 4325 ul

299 4362 411 4396 cum
455 4347 578 4398 Aria
616 4348 839 4398 sentiret.
876 4346 998 4399 ll:cc
1036 4344 1252 4397 Photius
1281 4360 1341 4396 es
1378 4344 1515 4396 libro
1561 4342 1813 4409 inscripto
1852 4360 1866 4395 ε

311 4412 429 4467 Vita
459 4427 507 4467 et
536 4424 787 4468 certamen
817 4416 975 4467 sancti
1007 4412 1175 4465 Patris
1208 4414 1366 4465 nostri
1390 4412 1613 4479 episcopi
1646 4414 1867 4464 Alexan-

302 4485 427 4537 ἀνίειν
467 4486 638 4552 magni
688 4486 986 4549 Athanasii,
1037 4483 1227 4550 quibus
1265 4483 1605 4535 consentiunt
1652 4482 1866 4536 Sitneun

306 4551 706 4620 Metapbrastes,
753 4566 807 4606 et
832 4556 967 4607 alius
1006 4563 1188 4606 auctor
1216 4551 1431 4605 Graecus
1474 4566 1770 4620 anonymus
1809 4552 1861 4605 in

304 4622 419 4676 Vita
464 4623 526 4676 S.
550 4622 823 4675 Athanasii
850 4624 1078 4691 vulgata;

570 4692 694 4761 l'ag.
731 4693 818 4745 85.
852 4690 997 4743 Idem
1028 4690 1314 4758 Erangelus
1346 4690 1619 4758 presbyter.

372 4761 631 4814 Baronius
686 4776 825 4814 anno
880 4763 1003 4825 357,
1058 4768 1145 4823 ix,
1195 4761 1268 4813 ait
1324 4761 1590 4813 neuiinem
1639 4775 1866 4825 unquam

300 4832 515 4897 scriptis
545 4830 861 4897 prodidisse,
893 4829 1033 4898 quod
1060 4837 1203 4883 esset
1238 4844 1428 4883 nomen
1456 4829 1526 4881 illi
1558 4828 1869 4898 presbytero

300 4904 522 4960 Ariano,
552 4901 641 4968 qui
677 4899 847 4966 primo
869 4900 1005 4965 apud
1039 4898 1397 4952 Constantiam
1427 4898 1633 4958 Licinii.
1674 4898 1867 4952 deinde

299 4970 434 5035 apud
462 4969 660 5022 Consta
687 4971 869 5022 etinum
896 4970 1162 5037 Magnum,
1190 4983 1251 5021 ac
1277 4969 1488 5021 deruunt
1515 4968 1653 5036 apud
1696 4968 1859 5021 liliunt

299 5053 413 5102 epis
443 5038 849 5103 Constantium,
906 5051 1107 5092 tantum
1145 5041 1311 5107 gratia
1340 5040 1561 5092 valuerit
1612 5056 1623 5090 :
1658 5048 1710 5091 et
1738 5054 1859 5107 ίιιιιιι

303 5108 401 5161 levi
432 5107 739 5176 conjectura
763 5108 1079 5176 suspicatur,
1111 5106 1229 5163 eum
1259 5107 1418 5161 fuisse
1451 5107 1699 5161 Acacium
1734 5106 1861 5159 Lus-

299 5194 439 5235 cunt.
464 5181 555 5243 qui
582 5186 698 5243 post
724 5176 1004 5231 Euschium
1038 5177 1292 5243 Pamphili
1322 5179 1601 5245 cpiscopus
1626 5176 1722 5229 fuit
1748 5176 1861 5229 Ca),-

300 5248 573 5319 s‘ariens‘is.
606 5248 759 5300 Certe
795 5246 1377 5319 Evangelumﬂappellat
1419 5247 1637 5315 Vigilius
1676 5248 1725 5319 in
1772 5259 1863 5319 co-

302 5308 420 5368 dice
471 5316 728 5381 'l‘hnano;
776 5308 991 5372 dubiuin
1049 5308 1353 5384 relinquens
1402 5308 1737 5382 an'proprie
1784 5317 1863 5368 sic

303 5384 461 5456 fuerit
511 5398 869 5456 nuncupatus;
905 5388 1052 5456 137
1076 5404 1141 5438 an
1174 5400 1301 5437 vero
1334 5385 1679 5456 appellativa,
1722 5384 1861 5456 quod

303 5454 613 5508 Constantio
662 5454 783 5509 boni
814 5454 983 5509 nurﬁii
1018 5456 1223 5523 bajulus
1255 5456 1436 5516 luerit;
1486 5455 1678 5508 tradito
1710 5454 1872 5523 patris

305 5530 643 5591 testamento,
676 5526 904 5578 Orientis
924 5540 1043 5578 curti
1078 5524 1301 5591 imperio
1324 5525 1635 5589 prwl‘tcicns.

308 5592 435 5658 l'ag.
468 5595 558 5658 85,
582 5609 739 5648 versu
768 5595 857 5647 20.
895 5596 1070 5647 Arrius
1098 5604 1169 5647 est
1201 5595 1252 5646 in
1282 5593 1560 5647 Ecclesium
1588 5601 1869 5651 revocatus.

376 5664 642 5730 Quidquid
674 5665 744 5717 sit
771 5665 838 5717 de
872 5674 1049 5732 etymo
1069 5663 1208 5731 apud
1245 5663 1479 5728 Crtecos,
1507 5678 1605 5731 ego
1652 5662 1867 5716 Latinas

307 5745 467 5787 voces
497 5734 695 5801 Arrius,
726 5745 776 5788 et
806 5734 1051 5787 Arrianus
1078 5748 1196 5787 cunt
1224 5734 1435 5801 gemino
1476 5749 1527 5783 rr
1560 5732 1865 5786 scribendas

1971 524 2238 594 codicum,
2269 525 2462 594 quisic
2507 534 2932 594 reprzcsentapt:
2973 525 3166 580 deinde
3206 536 3422 594 propter
3444 530 3541 581 Ar-

1969 593 2098 665 riam
2127 585 2317 660 priscis
2359 585 2612 665 Romanis
2642 585 2972 665 notissimam
3009 585 3245 663 gentem,
3278 585 3318 650 θ’
3333 612 3435 665 qua
3472 599 3539 651 Μ.

1970 661 2169 735 Annius
2190 666 2454 735 sequentis
2480 664 2529 715 in
2548 662 2768 735 antiquo
2790 661 3049 735 nomisma
3060 675 3108 719 te
3125 661 3379 734 argenteo
3405 670 3540 735 apud

1972 730 2212 783 Fulvium
2233 732 2513 804 ‘ilrsinum,
2551 733 2773 799 ejusque
2806 730 3273 804 illustratorcm'ae
3307 730 3539 804 locuple-

1970 809 2193 870 latorem
2222 799 2763 870 Caroluml‘atinum,
2790 804 2877 869 qui
2911 813 2965 858 et
2995 803 3059 870 Q.
3084 805 3247 869 Arrii,
3276 816 3330 859 et
3356 799 3538 862 LCAr-

1968 868 2031 922 rii
2074 884 2327 942 nummos
2368 869 2604 942 profert,
2656 871 2909 942 hactenus
2951 868 3108 935 vulgo
3155 868 3533 942 ineompertos.

1968 938 2179 992 Arrium
2215 938 2624 1012 hmresiarcham
2666 938 3013 1012 Constantino
3043 943 3228 1009 Magno
3268 938 3532 1012 supersti-

1969 1016 2094 1065 tem.
2122 1018 2175 1061 et
2205 1009 2514 1063 Constantio
2540 1009 2655 1074 ejus
2679 1010 2787 1063 lilio
2808 1012 3234 1077 acceptissimum
3266 1009 3427 1068 fuisse
3446 1029 3534 1067 as-

1967 1077 2101 1148 serit
2134 1078 2372 1146 Vigilius,
2402 1088 2521 1143 post
2549 1078 2794 1132 Ruﬁnum
2844 1080 2934 1133 lib.
2966 1096 2980 1133 ι
3014 1081 3171 1143 Hist.,
3201 1096 3317 1148 cap.
3368 1085 3457 1148 Η,
3482 1095 3539 1139 et

1967 1146 2188 1220 Paulum
2218 1149 2488 1220 Orosiuni,
2507 1148 3142 1220 cujugs‘hteesuntgverba
3169 1146 3380 1216 libfvn,
3412 1146 3530 1220 cap.

1964 1216 2057 1288 29,
2091 1218 2155 1269 ad
2181 1232 2379 1288 annum
2404 1216 2466 1271 U.
2495 1217 2558 1271 C.
2591 1216 2761 1288 1092:
2794 1217 2879 1269 Fit
2907 1218 3062 1288 igitur
3085 1219 3231 1271 Arrio
3254 1222 3368 1272 novi
3396 1216 3534 1275 erro-

1964 1286 2036 1337 ris
2061 1287 2278 1357 auctori,
2308 1288 2599 1355 cwtcrisque
2614 1287 2877 1355 discipulis
2904 1286 3083 1354 ipsius,
3115 1288 3183 1339 ad
3210 1290 3535 1357 familiarita-

1966 1361 2066 1428 tem
2091 1355 2387 1428 _(.'ons_ta_ntii
2429 1357 2747 1428 imperatoris
2772 1368 3035 1425 promptus
3055 1355 3223 1411 aditus
3246 1404 3259 1425 ,
3294 1369 3339 1413 et
3365 1361 3533 1428 facilis

1964 1424 2061 1475 via.
2091 1424 2198 1495 Iino
2227 1425 2455 1487 idipsum
2486 1425 2770 1495 tradidere,
2802 1437 3059 1493 quotquot
3084 1428 3283 1495 antiqui
3330 1424 3414 1482 res
3445 1445 3534 1493 ge-

1964 1505 2073 1546 sras
2098 1494 2153 1548 S.
2179 1494 2454 1549 Athanasii
2475 1510 2537 1547 ex
2564 1494 2804 1562 professo
2824 1494 3287 1561 conscripserunt;
3314 1498 3532 1552 Pbotius

1964 1575 2030 1614 ex
2056 1565 2652 1635 anonymovctustiore,
2682 1565 3065 1630 Metapbrastes
3092 1577 3146 1619 et
3191 1567 3325 1619 alius
3355 1567 3533 1621 incer-

1966 1639 2049 1684 tus
2079 1633 2261 1687 auctor
2287 1633 2401 1702 ejus
2431 1634 2551 1687 vita:
2578 1648 2695 1701 qua:
2717 1644 2797 1686 est
2823 1634 2963 1689 edita
2996 1649 3115 1687 cum
3147 1636 3313 1701 ipsius
3342 1638 3523 1702 operi-

1966 1705 2082 1757 bus.
2107 1705 2234 1756 Cum
2263 1714 2437 1757 tamen
2460 1703 2706 1758 Socrates
2731 1704 2822 1758 lib.
2847 1720 2884 1767 t,
2912 1718 3027 1769 cap.
3048 1704 3136 1764 “23$,
3159 1705 3528 1760 Tlieotlaretus

1967 1774 2059 1826 lib.
2089 1790 2123 1837 t,
2156 1788 2272 1840 cap.
2300 1775 2387 1835 14,
2415 1773 2742 1843 Sozomenus
2773 1774 2866 1826 lib.
2898 1789 2955 1834 ll,
2988 1789 3104 1840 rap.
3128 1775 3199 1829 28
3222 1784 3275 1828 et
3302 1789 3528 1843 sequen-

1968 1844 2126 1904 tibus,
2162 1843 2499 1895 Mareellinus
2527 1850 2581 1893 et
2613 1841 2893 1897 Faustinus
2925 1844 3219 1911 presbyteri
3250 1849 3301 1897 in
3350 1841 3531 1899 libello

1966 1926 2181 1979 precum
2212 1912 2277 1965 ad
2322 1912 2669 1979 imperatores
2717 1911 2874 1973 dato,
2907 1913 3046 1966 circa
3095 1928 3289 1966 annum
3335 1914 3531 1969 Christi

1966 1983 2100 2045 385,
2130 1982 2307 2035 medio
2337 1990 2575 2048 tempore
2606 1982 2743 2033 inter
2773 1982 2984 2034 Arcadii
3027 1984 3171 2034 initia
3198 2023 3211 2046 ,
3245 1994 3294 2037 et
3325 1984 3527 2038 obitum

1967 2051 2319 2105 Valentiniani
2340 2051 2571 2105 Juuioi-is
2598 2067 2611 2101 :
2634 2051 2739 2103 into
2764 2061 2815 2103 et
2840 2051 2950 2117 ipse
2984 2053 3303 2105 Athanasius
3332 2055 3530 2105 oratio-

1967 2123 2082 2175 nel
2117 2130 2299 2173 contra
2334 2121 2604 2185 Arrianos,
2653 2129 2706 2173 et
2735 2120 2785 2172 in
2816 2121 3047 2187 Epistula
3079 2121 3143 2173 ad
3184 2122 3527 2189 Serapionem

1966 2192 2031 2245 de
2058 2199 2230 2244 morte
2272 2189 2434 2255 Arrii,
2464 2190 2663 2243 diserte
2690 2190 2959 2244 altirment
2988 2192 3256 2245 interiisse
3294 2193 3528 2256 Arrium,

1965 2260 2252 2329 supersute
2279 2259 2442 2313 felicis
2469 2261 2739 2313 memoria:
2764 2258 3112 2314 Constantino
3140 2278 3150 2312 :
3187 2262 3272 2329 qui
3305 2270 3358 2314 ιιι
3380 2262 3428 2314 ei
3452 2263 3530 2316 di-

1966 2332 2142 2382 vinam
2168 2330 2453 2382 vindictam
2474 2330 2826 2382 comminatus
2844 2339 2974 2392 erat,
3002 2331 3043 2381 si
3073 2330 3230 2383 fidem
3265 2330 3527 2385 Numnam

1967 2400 2088 2454 ﬁcte
2111 2399 2478 2465 proﬁteretur:
2500 2408 2638 2452 eteo
2654 2399 2861 2452 sublato
2883 2440 2896 2460 ,
2919 2400 3070 2465 [idem
3100 2402 3299 2452 concilii
3329 2400 3379 2452 Ν
3387 2402 3529 2454 ἱεωιιί

1966 2471 2067 2536 (ait
2093 2470 2362 2535 Socrates)
2393 2470 2689 2523 auctoritate
2717 2476 2762 2521 et
2790 2477 2913 2520 nutu
2941 2469 3109 2521 divino
3140 2486 3310 2521 rerera
3340 2471 3529 2536 con/ir-

1967 2549 2155 2591 matam
2187 2540 2405 2591 asseruit
2440 2552 2457 2589 :
2489 2547 2534 2590 et
2579 2548 2841 2607 prapterea
2869 2539 2957 2590 illo
2985 2538 3123 2591 exitu
3154 2540 3285 2590 Arrii
3318 2556 3529 2608 magno-

1968 2624 2084 2672 pere
2141 2610 2337 2661 lwtatus
2384 2616 2477 2660 est.
2522 2608 2629 2660 llos
2681 2618 2785 2660 tam
2832 2623 3019 2674 graves
3062 2612 3382 2675 scriptorcs,
3436 2610 3523 2674 qui

1965 2679 2233 2730 contraria
2266 2677 2424 2731 locuti
2453 2677 2715 2740 videntur,
2747 2677 3015 2729 concilia'i
3049 2691 3205 2743 posse
3229 2692 3442 2735 censeo.
3478 2680 3521 2730 si

1967 2749 2085 2814 quis
2114 2748 2405 2811 llilarium,
2436 2745 3002 2815 138Ερῑρ1ιειιιίιιιιι,
3045 2746 3334 2813 Sulpicium
3368 2750 3527 2801 Seve-

1965 2831 2107 2881 rum,
2134 2817 2372 2885 aliosque
2394 2814 2582 2885 inirent
2607 2814 2741 2866 hanc
2771 2815 2905 2867 infra
2928 2831 2956 2867 a
2982 2815 3134 2867 nobis
3159 2817 3525 2882 producendos

1965 2896 2209 2949 secutus,
2242 2884 2377 2938 duos
2406 2884 2589 2938 Arrios
2619 2894 2901 2951 agnoscat,
2933 2886 3007 2937 uti
3046 2887 3389 2952 cognomines
3414 2925 3427 2947 ,
3458 2888 3525 2938 ita

1968 2955 2220 3025 temporis-
2247 2954 2523 3025 ejusdem._
2549 2954 2893 3021 ejusdemque
2919 2955 3119 3007 erroris
3145 2972 3155 3004 :
3196 2970 3420 3025 quorum
3455 2956 3526 3007 al-

1969 3034 2066 3090 ter,
2080 3022 2339 3092 idemque
2361 3022 2577 3077 nefaria:
2608 3033 2767 3076 secta:
2795 3038 2903 3076 su;e
2939 3026 3137 3089 primus
3159 3022 3370 3084 artifex,
3398 3026 3521 3077 vivo

1967 3095 2141 3148 adhuc
2185 3094 2541 3165 Constantino
2576 3093 2757 3165 ell'usis
2786 3092 3076 3165 visceribus
3126 3093 3389 3165 infelicem
3420 3093 3521 3165 ειιιίο

1893 3160 1937 3221 C
1973 3180 2113 3217 tuam
2140 3164 2364 3225 elllarit;
2391 3164 2526 3216 alter
2565 3163 2914 3217 Constantino
2939 3160 3247 3231 superstes,
3281 3164 3332 3217 in
3364 3164 3528 3219 multa

1967 3235 2107 3304 apud
2136 3233 2504 3290 Constantium
2530 3234 2695 3302 gratia
2729 3232 2905 3285 fuerit.

2304 3324 2431 3392 Pag.
2462 3323 2550 3377 85.
2583 3323 2821 3389 Arimini,
2851 3322 2927 3375 rel
2957 3320 3222 3377 Seleuciw.

1984 3452 1987 3455 -
2040 3417 2153 3470 Duo
2184 3418 2297 3470 lucc
2326 3415 2574 3479 concilia,
2606 3414 2827 3467 alterum
2875 3412 3296 3466 Occidentalium
3323 3411 3528 3478 episco~

1969 3504 2180 3556 porum,
2206 3485 2551 3556 Orientalium
2582 3484 2831 3547 alterum,
2864 3484 2914 3535 in
2936 3484 3166 3556 gratiam
3214 3481 3530 3556 Arianorqu

1968 3551 1995 3608 ξι
2022 3558 2331 3609 Constantio
2356 3555 2552 3608 ind'cta
2577 3568 2696 3607 csse
2720 3566 2824 3605 uno
2851 3552 3145 3621 eodemque
3172 3565 3311 3621 anno
3337 3551 3532 3605 Christi

1967 3627 2093 3688 359,
2126 3626 2354 3678 Eusebio
2380 3635 2432 3679 ct
2457 3624 2683 3693 llypatio
2712 3622 3044 3693 consulibus,
3066 3620 3267 3693 asserit
3288 3620 3534 3693 Socrates

1970 3698 2062 3749 lib.
2092 3712 2149 3762 ιι,
2174 3711 2291 3762 cap.
2314 3694 2414 3756 9.9,.
2434 3690 2522 3755 3t),
2541 3694 2600 3747 51
2634 3702 2687 3745 et
2706 3692 2794 3746 δὲ.
2822 3692 2886 3744 Et
2913 3692 2980 3745 de
3002 3691 3108 3744 illis
3134 3690 3344 3762 videndi
3375 3690 3531 3743 etiam

1968 3760 2337 3820 Theodoretus
2367 3764 2457 3815 lib.
2486 3778 2541 3827 ιι,
2574 3776 2602 3812 a
2629 3776 2745 3828 cap.
2778 3762 2877 3823 18;
2909 3763 3235 3815 Sozomcnus
3264 3760 3355 3811 lib.
3392 3774 3463 3828 IV,
3492 3774 3519 3811 a

1967 3850 2088 3905 cap.
2104 3836 2188 3902 15,
2221 3833 2514 3902 praesertim
2545 3846 2670 3885 vero
2691 3827 3035 3895 Athanasius,
3060 3829 3196 3881 libro
3213 3828 3278 3882 de
3297 3827 3530 3897 synodis.

2236 3925 2360 3992 Pag.
2384 3922 2472 3977 86.
2506 3920 2865 3976 Constantinus
2889 3919 3231 3973 Constantius.

2040 4017 2113 4068 Ita
2136 4016 2350 4069 codices
2375 4014 2611 4081 plerique
2655 4013 2951 4081 omnes.ln
2976 4026 3080 4064 uno
3115 4009 3361 4081 Jﬁurensi,
3403 4008 3533 4081 Cou-

1969 4089 2184 4139 srantius
2216 4076 2606 4146 Constantinus;
2646 4091 2706 4135 ut
2741 4082 2823 4133 vix
2857 4080 3076 4135 dubium
3105 4080 3199 4141 sit,
3242 4078 3368 4144 quin
3398 4076 3533 4130 C0n~

1969 4157 2164 4209 Sl'tllllO
2203 4155 2423 4221 Vigilius
2454 4154 2503 4206 in
2554 4152 2653 4207 hac
2684 4152 2862 4204 lictitia
2890 4150 3117 4215 epistola
3138 4188 3152 4208 ,
3198 4147 3531 4226 Constantini

1970 4227 2136 4290 patris
2184 4236 2276 4277 aut
2330 4237 2676 4291 prwttonten,
2728 4230 2819 4273 aut
2870 4232 3164 4286 cognomen
3212 4225 3533 4295 appulsam.

1974 4295 2260 4357 Utrumvis,
2290 4300 2437 4347 certe
2469 4300 2659 4359 praeter
2684 4304 2885 4343 morem
2909 4307 2931 4359 :7
2957 4303 3085 4359 nam
3105 4300 3275 4359 neque
3299 4301 3349 4359 ιιι
3380 4300 3531 4359 uuln—

1971 4364 2072 4417 mis
2089 4356 2340 4431 antiquis,
2365 4356 2538 4429 neque
2560 4360 2611 4414 in
2634 4360 2844 4431 edictis,
2870 4358 3055 4412 aliisve
3078 4356 3531 4431 inscriptionibus,

1972 4434 2128 4486 aliter
2177 4422 2261 4485 hic
2314 4422 2598 4499 imperator
2636 4430 2931 4500 appellatus
2972 4438 3093 4493 est,
3124 4440 3281 4497 quam
3330 4422 3536 4477 Flavius

1896 4505 1948 4566 D
1970 4502 2143 4557 Julius
2173 4501 2517 4556 Constantius.

2218 4594 2345 4664 Pag.
2378 4591 2465 4648 86.
2496 4592 2831 4664 Athanasium
2859 4590 3080 4659 ejusdem
3106 4588 3289 4641 erroris

2604 4663 2913 4729 episcOpum.

2046 4734 2118 4788 lta
2147 4735 2360 4788 codices
2398 4726 2670 4797 Jurensis,
2714 4726 2991 4783 lteinensis
3015 4737 3067 4782 et
3097 4726 3385 4797 Thoanus,
3417 4739 3537 4777 cum

1974 4806 2212 4872 alioquin
2245 4806 2295 4858 in
2346 4802 2615 4857 nonnullis
2643 4795 3035 4872 exeinplaribus
3059 4798 3305 4849 diaconus
3331 4795 3535 4861 legatur

1975 4891 2070 4943 pro
2106 4867 2383 4941 episcopo.
2417 4870 2841 4943 Sedabsurdum
2875 4867 3035 4943 nimis
3072 4876 3215 4921 esset
3232 4906 3255 4943 ,_
3277 4880 3417 4943 anno
3450 4878 3535 4917 se-

1974 4936 2159 4999 'cundo'
2179 4936 2472 4998 Constantii
2522 4938 2871 4994 Athanasium
2920 4938 3201 4990 diaconum
3246 4936 3537 4998 inducere,

1972 5029 2130 5082 quem
2161 5020 2371 5066 constat
2391 5013 2576 5082 decem
2602 5008 3053 5082 minintumaunis
3076 5016 3200 5061 ante
3227 5005 3384 5082 139
3401 5003 3539 5057 Con-

1971 5076 2191 5137 stantini
2228 5084 2296 5136 M.
2327 5082 2527 5135 obitum
2554 5080 2858 5134 Alexandro
2887 5076 2939 5130 iit
2961 5078 3269 5147 episcopatu
3306 5077 3538 5129 Alexan-

1970 5155 2127 5208 drino
2150 5152 2493 5206 successisse.

2460 5239 2581 5309 Pag.
2619 5236 2737 5293 108.
2761 5236 3036 5305 Indagare.

2044 5313 2165 5365 Post
2200 5313 2333 5364 banc
2364 5300 2784 5381 voccnivulgaia
2813 5300 2981 5381 editio
3010 5319 3101 5381 sex
3129 5300 3536 5381 lere-columnas

1982 5381 2268 5444 interserit,
2292 5396 2409 5449 quzc
2430 5380 2623 5434 desunt
2663 5368 2715 5432 in
2747 5376 3017 5449 codicibus
3042 5371 3287 5449 Jurensi,
3316 5368 3536 5441 'l‘ltuauo

1980 5462 2033 5504 et
2062 5446 2414 5503 Ai'vernensi:
2445 5453 2493 5502 in
2516 5449 2720 5518 quibus
2734 5455 2853 5512 post
2870 5446 3135 5518 indagare,
3155 5446 3329 5518 statim
3360 5452 3537 5503 sequi—

1982 5530 2095 5576 tur:
2127 5520 2447 5572 Athanasius
2484 5508 2617 5571 ιιιιιὶι
2645 5508 2942 5586 ῖνριιοιιίίιιιι
2978 5508 3325 5586 excellentiam
3356 5518 3495 5586 luant
3524 5548 3535 5567 ,

1980 5605 2086 5645 e:c.
2111 5591 2285 5655 Quare
2314 5600 2365 5640 et
2392 5603 2487 5641 nos
2516 5604 2579 5641 ex
2613 5578 2727 5638 tide'
2746 5585 2930 5655 horum
2964 5579 3203 5655 codicum
3229 5617 3241 5637 ,
3275 5578 3369 5655 bas
3400 5578 3541 5643 ipsas

1979 5647 2253 5713 columnas
2296 5658 2378 5711 hic
2422 5654 2858 5725 prmtertnissas_,_
2898 5653 2950 5725 in
2998 5648 3309 5725 ampliorem
3341 5647 3359 5715 (
3380 5661 3539 5725 quam

1982 5730 2129 5783 alteri
2161 5717 2504 5796 subiecimus)
2527 5734 2577 5779 et
2610 5724 2779 5775 tribus
2809 5720 2956 5774 libris
2988 5723 3317 5773 constantem
3363 5717 3541 5783 dispu-
