3962 6178
295 316 401 371 5‘55

1286 312 1351 369 IN
1390 314 1619 370 OPERA
1660 313 1886 370 VICIl."
1924 314 2293 374 TAPSENSIS
2330 317 2560 374 NOTAE.

3450 322 3551 374 55:

290 413 642 467 Hincmarum
664 448 680 472 ,
722 402 810 461 aut
840 404 1193 463 Theodulfum
1231 425 1242 459 :
1275 417 1327 462 et
1350 409 1713 479 rationiihaud
1742 409 1872 479 satis
1902 410 1947 466 Α
1977 422 2005 459 a
2034 409 2370 464 Felicissimo
2395 411 2667 476 bmretico,
2698 409 2785 479 qui
2821 418 3059 477 tempore
3084 407 3140 479 S.
3174 408 3444 479 Cypriani,
3470 424 3551 461 ευ-

287 481 541 545 eongruit
566 489 623 532 ut
648 479 716 531 ad
749 480 1101 547 Theophilum
1148 486 1509 545 prtenotentur
1557 478 1607 530 hi
1640 479 1783 539 libri,
1815 477 1869 532 in

288 552 489 620 quibus
520 549 789 620 inducitur
810 558 863 604 et
887 546 1152 620 refellitur
1179 546 1408 620 Arianus
1434 547 1695 620 quispiam
1713 564 1734 620 ;A
1766 548 1872 620 Ma-

287 617 511 675 rivadus
563 619 810 672 nimirum
866 619 1154 683 diaconus,
1207 618 1421 671 Arianae
1477 617 1768 685 impietatis
1814 618 1869 671 in

288 690 473 745 Africa
503 690 646 743 velut
693 688 961 757 princeps,
996 702 1155 757 quem
1188 687 1412 757 Vigilius
1454 686 1505 739 in
1556 687 1873 756 praefatione

289 760 445 815 ldatii
475 760 556 815 sui
590 759 673 811 his
700 757 850 811 libris
879 756 908 812 a
936 772 995 813 se
1020 756 1349 811 confutalum
1374 756 1656 825 signiﬁcat.

567 829 691 895 Pag.
720 827 842 882 198.
874 826 1093 897 Propter
1122 826 1259 893 quod
1290 826 1477 888 subito.
1505 835 1609 881 etc.

360 899 552 954 Codex
581 897 961 961 Floriacensis,
1000 897 1215 964 Propter
1255 912 1403 965 quos,
1438 912 1627 963 nempe
1656 897 1871 951 hazreti-

292 984 408 1025 eos.
437 972 508 1022 At
536 971 588 1021 in
617 966 1011 1022 Pontiuiaccnsi
1042 967 1198 1034 paulo
1240 966 1398 1020 aliter
1423 967 1719 1033 concipitur
1760 976 1870 1020 tota

294 1040 412 1093 haec
441 1038 728 1096 sententia.
761 1037 815 1091 in
840 1037 982 1092 hunc
1008 1036 1223 1092 modum
1251 1053 1264 1089 :
1295 1034 1516 1103 Propter
1540 1037 1676 1103 quod
1706 1038 1868 1090 subita

294 1110 402 1179 lict:
422 1110 478 1162 in
499 1108 823 1179 mulatione
841 1122 1109 1179 aggressus
1125 1114 1197 1179 est
1220 1107 1438 1168 animus,
1462 1116 1509 1179 et
1531 1107 1736 1179 e.r_arsit,
1761 1116 1863 1179 etc.

295 1178 412 1234 Lib.
445 1193 526 1243 Ill,
560 1193 679 1246 pag.
711 1177 834 1242 200,
860 1174 1016 1231 versu
1046 1176 1139 1229 24.
1168 1174 1531 1246 Interrogatio.
1570 1174 1869 1246 Respons’o.

368 1249 463 1302 llis
492 1245 712 1302 vocibus
740 1262 834 1316 per
878 1248 975 1302 hos
1006 1246 1176 1300 libros
1215 1245 1466 1316 distingui
1500 1256 1556 1298 ut
1586 1245 1871 1311 plurimum

296 1319 471 1372 solent
496 1319 719 1386 quzesita
743 1314 815 1372 iet
845 1331 1122 1382 responsa,
1155 1314 1294 1386 apud
1336 1314 1697 1386 Hincmarum,
1728 1326 1782 1369 et
1812 1316 1870 1370 in

294 1382 574 1441 codicibus
604 1402 758 1447 mss.,
785 1401 1012 1455 quarum
1051 1386 1170 1441 loco
1217 1384 1271 1438 in
1315 1383 1545 1455 vulgatis
1585 1382 1867 1453 habentur,

294 1457 608 1510 Athanasius
628 1464 683 1509 et
712 1456 1019 1511 Hcreticus.

474 1526 601 1593 Pag.
632 1525 758 1580 218.
784 1526 973 1580 Contra
1005 1524 1358 1579 Marcellinum
1388 1524 1693 1577 hareticum.

360 1596 454 1651 Sic
485 1597 643 1650 habet
672 1597 949 1665 inscriptio
999 1595 1114 1648 libri
1170 1595 1331 1665 tertii.
1362 1594 1540 1665 codex
1588 1594 1870 1665 Flortpro

292 1665 607 1720 Marcellino
650 1666 824 1732 posuit
842 1663 1255 1718 'Mascellionem.
1292 1664 1386 1717 Est
1410 1663 1687 1717 Athanasii
1742 1663 1868 1729 Epi—

290 1736 431 1789 stola
454 1735 522 1789 de
541 1736 985 1803 [interpretatione
1014 1735 1357 1801 psalmorum,
1383 1733 1448 1787 ad
1474 1732 1864 1803 Marcellinum;

289 1805 385 1858 sed
420 1806 571 1873 pium
601 1802 797 1867 virum,
831 1822 937 1859 non
981 1805 1309 1866 hmreticum,
1350 1803 1505 1873 142
1547 1804 1754 1873 qualem
1785 1802 1869 1856 hic

292 1872 519 1942 Vigilius
550 1891 672 1929 cum
705 1875 999 1929 Athanasio
1046 1872 1437 1941 colloquentem
1462 1872 1613 1925 iacit.
1648 1872 1724 1927 De
1768 1873 1869 1927 hoc

290 1959 456 2012 pomi
483 1944 812 2008 Marcellino,
843 1960 937 1998 seu
967 1944 1307 1997 Mascellione
1335 1945 1454 2011 quis
1478 1944 1654 2005 fuerit,
1685 1957 1867 2008 super-

288 2015 455 2067 ﬂuum
500 2016 707 2068 videtur
733 2028 970 2082 quierere
996 2031 1009 2077 ;
1040 2030 1158 2066 cum
1190 2030 1254 2065 eo
1285 2024 1486 2065 tantum
1523 2013 1572 2065 in
1604 2013 1683 2064 his
1715 2012 1865 2067 libris

286 2085 548 2150 spcctarit
575 2084 811 2152 Vigilius,
842 2093 899 2136 ut
930 2084 1069 2137 velut
1090 2099 1182 2136 ore
1205 2082 1503 2145 Athanasii,
1540 2082 1864 2152 Maribadum

286 2154 581 2207 diaconum
612 2151 751 2207 nunc
778 2154 933 2216 hanc,
964 2168 1107 2207 nunc
1138 2153 1281 2205 illam
1309 2167 1590 2219 personant
1621 2151 1863 2205 indutum

285 2223 613 2277 confutaret.

704 2292 831 2360 Pag.
855 2290 979 2345 εἰεί.
1013 2291 1453 2344 IIomousionista.

360 2363 434 2414 Ita
468 2362 642 2415 Codex
673 2359 1114 2423 Pontiniacensis,
1146 2360 1233 2417 ubi
1265 2362 1316 2414 in
1348 2360 1597 2428 volgatis,
1632 2359 1863 2413 llomun-

284 2433 499 2485 ciom'la.
527 2434 727 2485 Auctor
743 2432 987 2499 antiquus
1009 2431 1076 2485 de
1103 2431 1413 2493 Interesibus,
1442 2431 1525 2483 cui
1550 2432 1863 2484 Sirmonilus

287 2502 499 2554 titulum
557 2502 700 2563 fecit,
756 2500 1170 2560 l’rtrdestinatus.
1219 2501 1312 2554 lib.
1342 2515 1379 2564 ι,
1414 2500 1604 2553 Ιιωτθδί
1635 2502 1721 2560 76,
1755 2499 1860 2553 llo-

286 2572 737 2623 muncionitarum
766 2571 1029 2633 meminit,
1052 2573 1135 2636 qui
1164 2572 1359 2632 dicunt,
1392 2572 1445 2621 in
1466 2586 1675 2634 corpore
1701 2570 1857 2620 homi-

286 2642 362 2691 nis
389 2656 503 2691 esse
534 2642 809 2709 imaginrm
840 2639 954 2702 Dei,
980 2657 1078 2692 non
1102 2641 1153 2691 in
1177 2642 1371 2693 anima.
1404 2639 1583 2709 Looge
1603 2639 1744 2691 aliud
1776 2639 1862 2693 hic

282 2722 341 2761 se
371 2707 676 2777 intelligere
702 2710 934 2763 ostendit
964 2708 1203 2774 Vigzlius,
1232 2724 1350 2762 cum
1374 2711 1475 2761 ait:
1505 2707 1567 2759 In
1605 2709 1857 2776 principio

281 2788 390 2829 erat
433 2778 677 2838 Verbum,
699 2791 800 2831 etc.
834 2777 1075 2843 Nunquid
1097 2778 1245 2829 homo
1267 2779 1318 2829 in
1343 2778 1435 2829 hoc
1464 2778 1714 2844 principio
1742 2779 1855 2845 fuit,

285 2846 717 2900 llomousionista
735 2850 759 2899 ?
778 2857 821 2899 et
848 2863 947 2899 non
978 2845 1113 2898 Deus
1140 2848 1228 2898 Dei
1256 2845 1554 2899 Filiusante
1582 2863 1726 2898 omne
1752 2864 1860 2898 om-

283 2922 400 2968 nino
416 2920 534 2984 prin
544 2919 732 2982 cipiunt
757 2932 951 2985 semper
972 2932 1073 2967 una
1094 2933 1206 2967 cum
1235 2916 1387 2968 Patre
1417 2917 1509 2985 fuit
1525 2919 1546 2969 ?
1565 2916 1703 2969 Sane
1725 2918 1857 2968 hunc

282 2987 542 3039 hominem
573 3004 733 3053 nuper
762 2989 824 3037 de
852 2986 1017 3037 Maria
1052 2986 1256 3051 Virqine
1283 2988 1575 3055 assumpsit.
1614 2986 1857 3051 Nunquid

279 3072 367 3175 per
395 3058 657 3107 hominem
688 3057 901 3108 visibilia
925 3072 951 3109 e
992 3056 1263 3108 inrisibilia
1293 3058 1427 3121 facta
1454 3056 1617 3108 sunt?
1650 3056 1724 3109 Ex
1752 3072 1856 3122 quo

301 3136 401 3175 iret
434 3128 717 3175 colligere.
746 3127 884 3175 uuotl
916 3128 1054 3175 sicut
1089 3127 1264 3175 Ariani
1288 3127 1579 3175 catholicos
1609 3141 1702 3175 ner
1726 3139 1856 3175 eon-

318 3136 401 3177 σει
434 3128 717 3191 colligere,
746 3127 884 3193 quod
916 3128 1054 3178 sicut
1089 3127 1264 3178 Ariani
1288 3127 1579 3178 cittholicos
1609 3141 1702 3188 per
1726 3139 1858 3178 cono
1885 3124 1930 3185 C

279 3196 559 3263 tumeliam
586 3196 962 3247 llomousiartos
994 3196 1352 3261 appellabant.
1383 3196 1505 3263 quia
1541 3195 1629 3249 Dei
1665 3195 1856 3249 Filium

280 3262 424 3317 Patri
461 3266 805 3329 homonsion,
836 3265 885 3317 id
916 3276 993 3317 εει
1021 3262 1529 3317 consubstantialem
1568 3278 1687 3319 esse
1717 3265 1860 3319 dice-

278 3343 440 3387 rent:
475 3340 555 3388 sic
586 3344 641 3389 et
670 3334 951 3387 orthodoxi
988 3332 1430 3387 Honiousionistas
1460 3335 1855 3401 nuncupabant,

276 3404 365 3469 qui
398 3404 563 3458 unius
589 3405 846 3456 duntaxat
874 3404 1187 3457 substantiae
1215 3405 1327 3457 sive
1356 3414 1558 3456 natura:
1584 3404 1852 3457 Christum

275 3488 396 3525 esse
420 3475 779 3527 mentirentur
803 3489 817 3538 ;
843 3474 1083 3541 adeoque
1111 3473 1401 3536 Christum,
1425 3474 1583 3527 etiam
1611 3485 1667 3526 ut
1689 3474 1859 3527 hmui-

280 3556 439 3608 nem,
477 3543 623 3595 Patri
655 3543 967 3596 homousion
1018 3544 1284 3596 taeerent:
1312 3558 1446 3609 quos
1492 3543 1683 3609 premit
1718 3543 1859 3612 Vigi-

282 3613 407 3673 lius,
438 3628 564 3665 cum
588 3613 658 3665 ait
686 3631 698 3665 :
729 3612 975 3681 Nunquid
996 3612 1154 3665 homo
1174 3613 1240 3665 de
1266 3612 1476 3679 Virgine
1500 3613 1547 3666 Μ
1568 3616 1660 3665 tria
1690 3629 1858 3680 nuper

280 3689 461 3743 natus,
503 3684 796 3736 secundum
846 3684 1132 3735 humanam
1170 3692 1411 3734 naturam
1446 3697 1744 3737 t-ozeternus
1775 3691 1858 3739 est

281 3750 388 3805 Deo
416 3752 587 3816 Patri,
618 3762 707 3805 aut
735 3766 855 3805 eum
882 3752 974 3805 illo
1004 3752 1181 3804 omnia
1222 3752 1468 3803 creavit?

602 3821 731 3890 Pag.
762 3822 890 3874 εδι.
938 3820 1203 3873 Marcellio
1237 3820 1289 3871 Μ
1297 3821 1545 3873 ontensis.

346 3889 437 3942 Sic
484 3891 644 3944 habet
684 3889 849 3945 codex
883 3891 1271 3951 Floriacensis,
1303 3905 1398 3957 pro
1446 3907 1552 3958 quo
1602 3889 1813 3954 vulgata
1840 3936 1852 3954 ,

285 3958 585 4028 QIareelline
608 3962 860 4014 hwretice.
915 3960 1169 4013 Nimirum
1216 3960 1307 4028 qui
1338 3961 1440 4013 hoc
1492 3959 1609 4023 ipso
1644 3960 1777 4011 libro
1801 3970 1859 4013 et

281 4026 607 4095 Salielliuin,‘
625 4043 677 4083 et
702 4030 1010 4091 Photinum,
1036 4040 1091 4082 et
1120 4026 1402 4092 Ebionem,
1425 4039 1480 4083 et
1512 4029 1854 4084 Marcionitas

281 4107 333 4149 et
356 4097 759 4164 Manichaeos,et
791 4100 1267 4163 llomousionistas,
1292 4108 1347 4153 et
1366 4099 1602 4164 Judaaus,
1622 4108 1674 4151 et
1700 4099 1855 4152 Aria-

282 4181 377 4238 nos
404 4169 581 4222 obiter
611 4170 1032 4237 perstrinxerat,
1068 4168 1154 4223 hic
1190 4184 1404 4238 quoque
1458 4169 1853 4223 Marcellionem

282 4235 638 4299 Montensetn‘,
675 4242 774 4293 hoc
802 4250 884 4294 est
914 4235 1236 4293 Donatistam
1281 4235 1431 4306 petit.
1483 4240 1617 4293 Cod.
1646 4238 1851 4292 'l‘hcod.

282 4305 313 4356 Ι.
345 4322 467 4359 sun
495 4307 562 4361 de
594 4309 789 4380 Haeret.
818 4326 831 4361 :
865 4310 991 4380 Quae
1012 4311 1063 4362 in
1090 4305 1388 4363 Donatistas
1412 4309 1519 4380 (qui
1550 4318 1596 4361 et
1620 4307 1856 4380 Montenf

279 4390 356 4449 ses
388 4379 676 4449 vocantur),
699 4388 828 4445 ουκ,
866 4378 1018 4449 143
1044 4382 1244 4433 decreta
1266 4390 1403 4432 sunt.
1422 4378 1764 4449 Augustinu;
1790 4379 1853 4431 ad

278 4444 687 4511 Quodvuldeuin
727 4450 793 4503 de
840 4444 1138 4503 lrwreszluts
1168 4464 1284 4515 cap.
1322 4450 1419 4510 69.
1452 4444 1614 4513 agens
1648 4448 1713 4502 de
1745 4448 1848 4501 Do-

279 4517 524 4570 natistis:
552 4515 666 4584 Isti,
691 4518 878 4587 inquit,
902 4520 1121 4572 haeretici
1148 4520 1201 4571 in
1230 4521 1352 4571 urbe
1376 4519 1538 4572 Roma
1565 4518 1859 4571 Montcnses

278 4596 541 4655 uocantur.
572 4589 980 4641 l‘rmdestinatus
1011 4589 1105 4643 lib.
1130 4605 1145 4642 ι
1173 4592 1237 4642 de
1262 4590 1590 4655 llmresibus,
1610 4604 1729 4655 cap.
1749 4588 1848 4642 69:

278 4651 354 4725 Ili
380 4655 602 4710 haeretici
629 4663 683 4711 in
713 4662 939 4725 partibus
984 4657 1153 4711 Italia:
1184 4658 1470 4711 Montenses
1492 4651 1847 4724 appellantur,

270 4724 329 4774 in
361 4727 597 4799 interiore
628 4729 803 4796 Africa
830 4727 1157 4781 Purmeniani
1179 4770 1193 4795 ,
1219 4730 1272 4781 in
1301 4729 1708 4799 Carthaginiensi
1743 4728 1849 4779 Do-

270 4797 499 4847 natistae.
526 4796 591 4849 In
623 4801 882 4865 utriusque
916 4799 1175 4850 Numidia:
1207 4800 1435 4863 partibus
1478 4796 1659 4851 babent
1703 4798 1853 4850 veluti

270 4870 587 4927 monachos,
635 4885 759 4934 quos
804 4867 1246 4921 Circumcelliones
1291 4884 1550 4932 vocamus,
1598 4878 1702 4922 etc.
1747 4867 1855 4921 llos

268 4936 419 4999 ipsos
445 4947 499 4988 et
530 4936 870 4991 Montanistas
900 4940 1221 5005 nuncupavit
1253 4940 1513 4991 I’hilaster
1544 4938 1851 4989 Brixiensis.

267 5010 497 5067 ttptatus
529 5008 617 5060 lib.
652 5023 684 5059 ιι
712 5021 895 5061 contra
925 5007 1354 5071 Partueuianuui,
1388 5024 1553 5076 agens
1583 5008 1649 5062 de
1685 5008 1857 5059 Dona-

269 5076 414 5125 tistis
439 5078 525 5143 qui
552 5078 732 5129 llotna:
758 5080 854 5131 sibi
878 5080 1065 5131 sedem
1092 5079 1508 5131 consuluerunt:
1533 5078 1640 5140 Sic,
1663 5078 1855 5145 inquit,

264 5150 565 5217 speluncam
592 5148 861 5213 quamdam
884 5149 1008 5217 foris
1033 5165 1063 5199 a
1084 5150 1284 5200 tivitate
1305 5148 1549 5217 gradibus
1570 5158 1851 5216 sepseruut,

263 5214 357 5285 ubi
381 5216 489 5280 ipso
516 5228 737 5285 tempore
764 5214 1164 5271 conventiculum
1186 5214 1368 5271 habere
1387 5214 1661 5285 potuissent
1681 5232 1699 5269 :
1728 5218 1865 5269 unde

264 5284 567 5339 .llantenses
597 5287 839 5355 appellati
891 5296 1029 5341 sunt.
1078 5288 1315 5341 Meminit
1363 5284 1417 5340 et
1464 5286 1863 5356 Hieronymus,

261 5366 428 5420 epist.
463 5359 581 5420 155,
607 5356 1094 5428 llheticiiepiscopi
1123 5357 1640 5428 Augustodunensis,
1668 5374 1698 5428 ag
1719 5356 1859 5409 Con-

261 5429 509 5479 SIultliltO
532 5429 658 5495 imp.
678 5428 777 5480 sub
794 5426 1056 5482 Silvestre
1074 5443 1205 5495 papa
1234 5428 1454 5479 ltotuam
1484 5427 1629 5495 missi
1650 5426 1711 5477 ob
1736 5441 1858 5476 cau.

256 5512 379 5546 sam
415 5494 779 5561 Montensium,
807 5501 894 5566 qui
923 5494 1084 5551 etiam
1118 5497 1423 5550 Donatistas
1446 5500 1509 5546 ad
1534 5494 1859 5549 Novatianos

254 5578 507 5619 revocat.
544 5566 899 5635 Epiphanius,
934 5568 1121 5621 hmresi
1156 5570 1225 5621 .59
1254 5569 1354 5620 sub
1388 5568 1569 5630 linem,
1605 5566 1855 5618 Novatia-

257 5651 365 5689 nos
390 5653 539 5705 atque
570 5636 872 5691 Moon-uses
895 5638 1081 5692 Roma:
1112 5639 1406 5704 appellatos
1436 5637 1625 5688 asserit
1658 5637 1707 5688 in
1740 5635 1852 5689 An-

255 5708 510 5773 chorato,
544 5722 662 5774 cap.
692 5709 775 5761 l3.
802 5708 968 5762 Porro
994 5708 1316 5762 Novatianos
1341 5708 1644 5762 Moutenses
1674 5706 1850 5760 d.ctos

1975 487 2208 534 ctatori's
2254 495 2379 534 suos
2410 482 2462 533 in
2493 491 2671 535 monte
2710 477 2937 547 quodam
2986 477 3303 547 colligebat,
3349 480 3555 532 monuit

1980 548 2239 603 Baronius
2266 565 2407 604 anno
2436 549 2634 604 Christi
2664 551 2802 613 254,
2849 566 2996 603 num.
3030 550 3099 603 55
3135 557 3188 600 et
3215 548 3303 609 58,
3334 558 3385 600 et
3415 563 3554 601 anno

1976 618 2113 684 521,
2144 636 2292 673 num.
2325 621 2377 675 8.
2412 621 2541 687 Quis
2570 631 2745 675 autem
2795 621 2879 674 hic
2921 621 3079 673 fin-rit
3106 619 3376 687 Mareellio
3405 618 3551 670 Mon-

1976 691 2165 759 tensis,
2194 699 2247 743 et
2271 691 2411 759 quod
2438 686 2554 757 ejus
2573 706 2725 745 error
2749 690 2841 744 ille
2862 692 2930 743 sit
2960 705 3114 759 quem
3135 690 3181 742 ei
3209 686 3429 755 Vigilius
3454 689 3554 741 hoe

1976 758 2096 812 loco
2125 758 2394 827 appiugit,
2428 770 2609 814 notum
2641 759 2897 829 (opinor)
2930 760 3025 813 fuit
3056 758 3260 829 Vigilio~
3280 774 3346 811 ex
3375 759 3554 829 aliquo

1976 830 2233 895 opusculo
2259 830 2398 894 quod
2426 829 2488 882 ad
2508 845 2603 883 nos
2628 827 2793 898 usque
2810 827 2913 883 non
2936 829 3193 896 pervenit.
3225 827 3383 882 Certe
3407 828 3546 881 idem

1974 912 2095 951 cum
2125 899 2252 953 Ario
2280 900 2347 953 de
2367 900 2555 953 divinis
2586 901 2827 966 personis
2855 900 3091 953 sensisse
3116 898 3418 951 Donatistas
3457 914 3542 952 re-

1976 967 2151 1023 ferunt
2178 971 2504 1037 Augustinus
2531 978 2586 1024 et
2613 970 3028 1024 Prmdestinatus
3050 970 3226 1022 citatis
3251 969 3403 1022 locis.

2224 1047 2341 1101 Lib.
2374 1063 2444 1112 tv,
2479 1062 2600 1117 pag.
2632 1048 2757 1102 254.
2791 1048 3052 1101 Potentini
3081 1047 3275 1101 Urbici.

2048 1126 2216 1194 Hujus
2240 1128 2501 1181 novo-llam
2527 1126 2809 1193 quamdam
2833 1126 3077 1179 haeresim
3107 1126 3301 1179 refellit
3332 1124 3549 1191 Vigilius

1979 1194 2069 1248 lib.
2101 1197 2269 1267 tvﬁqui
2323 1196 2629 1267 inscribitur
2653 1197 2715 1249 de
2756 1197 2987 1267 Singulis
3022 1196 3348 1267 Nominibus.
3400 1197 3549 1251 llunc

1974 1280 2102 1336 vero
2136 1264 2377 1319 Eunomii
2405 1267 2564 1319 fuisse
2586 1264 2901 1336 discipulum
2934 1267 3008 1319 ait
3038 1264 3385 1336 Bellarminus
3416 1267 3550 1319 libro

1973 1334 2041 1390 de
2062 1335 2259 1404 Script.
2283 1340 2474 1389 eccles.
2502 1337 2553 1389 in
2583 1334 2877 1389 Athanasio
2906 1352 2917 1386 :
2946 1336 3084 1389 unde
3108 1344 3162 1389 et
3188 1335 3410 1402 colligit,
3443 1351 3547 1390 non

1975 1419 2132 1471 posse
2155 1405 2268 1459 haec
2285 1405 2337 1458 in
2362 1420 2481 1459 eum
2507 1406 2572 1457 ab
2596 1408 2891 1459 Athanasio
2905 1420 3023 1459 esse
3036 1405 3360 1471 conscripta,
3384 1421 3549 1469 quan-

1972 1475 2255 1543 doquidetn
2290 1476 2581 1529 Athanasio
2618 1478 2799 1543 junior
2844 1476 3067 1529 Bas'lius
3091 1515 3105 1538 ,
3142 1476 3190 1526 in
3230 1476 3546 1529 Eunomiutn

1975 1544 2150 1599 Urbici
2206 1545 2359 1613 hujus
2388 1545 2649 1598 Potentini
2702 1547 3055 1613 magistrum,
3098 1545 3240 1597 velttt
3286 1546 3543 1611 aequalem

1972 1628 2124 1668 suum
2173 1616 2477 1682 diSputarit.
2516 1616 2706 1669 Verum
2757 1631 2876 1668 cum
2911 1615 3161 1670 Urhicmn
3207 1614 3544 1672 Potentinum

1972 1699 2075 1738 non
2099 1685 2205 1740 alio
2228 1685 2422 1738 indit-io
2448 1685 2861 1753 deprehenderit
2882 1684 3038 1755 ιω
3056 1685 3411 1738 Bellarmiuus
3442 1686 3546 1737 Eu-

1902 1772 1945 1831 B
1972 1755 2279 1831 notitianum
2331 1754 2525 1821 fuisse,
2573 1771 2729 1831 quam
2770 1754 3115 1808 similitudine
3158 1755 3371 1831 erroris
3403 1770 3545 1831 c:_rca

1973 1825 2226 1889 Spiritum
2254 1835 2532 1889 sanctum;
2562 1827 2840 1879 advertere
2865 1832 3128 1893 potuerat,
3159 1826 3327 1877 notari
3363 1826 3412 1877 in
3446 1826 3546 1880 hoc

1973 1893 2113 1947 libro
2143 1895 2775 1963 Potentiuum,tanquam
2810 1896 3031 1949 novella:
3062 1910 3123 1947 ac
3144 1906 3362 1947 eatenus
3392 1898 3544 1949 inau-

1971 1963 2098 2033 ditae
2154 1966 2422 2018 hazrcseos
2474 1978 2769 2019 auctorem.
2802 1964 2937 2018 Sunt
2985 1965 3097 2018 hmc
3130 1964 3297 2033 Vigilii
3328 1968 3488 2018 verba
3524 1986 3535 2018 :

1970 2032 2197 2087 "armis
2213 2037 2409 2088 novella
2435 2034 2912 2095 exstitit,inaudita,
2944 2032 3213 2105 cujusdam
3240 2034 3411 2087 Urbici
3444 2034 3544 2087 Po-

1970 2105 2169 2175 tentini,
2202 2106 2289 2171 qui
2320 2108 2454 2157 hunc
2478 2105 2730 2175 Spiritum
2758 2103 3023 2169 sanctum,
3056 2103 3292 2170 Patrem,
3333 2117 3420 2157 aut
3458 2106 3543 2159 Fi-

1967 2171 2113 2245 lium,
2131 2185 2219 2227 aut
2241 2184 2374 2228 certe
2392 2171 2640 2242 facturam
2661 2187 2869 2245 usurpat
2893 2176 3069 2227 debere
3084 2176 3329 2241 conﬁteri.
3346 2181 3540 2238 Quare,

1967 2243 2226 2297 adversus
2256 2261 2376 2298 eunt
2425 2246 2715 2307 concludit,
2751 2243 2842 2298 aut
2886 2245 3019 2299 duos
3067 2246 3179 2298 fore
3208 2246 3257 2297 in
3293 2247 3402 2299 Deo
3443 2247 3542 2299 l’a-

1968 2322 2109 2380 tres,
2140 2330 2203 2367 ac
2233 2315 2367 2367 duos
2415 2316 2608 2380 Filios;
2654 2325 2745 2368 aut
2780 2316 2943 2369 Deum
2992 2330 3096 2368 non
3147 2317 3256 2367 t‘orc
3287 2316 3542 2383 Spiritum

1968 2394 2231 2453 sanctum.
2265 2385 2386 2438 lla‘c
2412 2401 2514 2437 non
2539 2396 2621 2439 est
2652 2391 2878 2453 ipSatuet
2906 2386 3125 2437 hzeresis
3158 2386 3424 2449 Euuotuii,
3449 2389 3541 2439 sed

1965 2452 2131 2505 altera
2156 2455 2202 2507 ei
2236 2454 2437 2517 allinis;
2460 2464 2515 2509 et
2530 2452 2884 2523 cujus’auctor
2910 2454 3085 2519 fuerit,
3104 2463 3206 2507 non
3229 2455 3541 2519 Eunomius,

1965 2524 2056 2592 sed
2089 2523 2313 2577 Urbicus
2347 2526 2683 2579 Potentiuus.
2736 2526 2845 2578 Mea
2890 2526 3047 2589 igitur
3091 2525 3395 2592 conjectura
3430 2536 3540 2589 est,

1966 2590 2141 2663 llrbici
2191 2594 2453 2649 Potetttini
2493 2597 2846 2663 appellatione
2899 2590 3220 2647 Maribailum
3264 2610 3355 2647 seu
3394 2596 3541 2647 Viui-

1964 2662 2176 2732 maduni
2207 2664 2489 2717 dlacttllltlll
2515 2662 2797 2732 Sigillﬁﬂtl‘i
2821 2683 2832 2717 :
2861 2677 3044 2717 contra
3070 2680 3223 2731 quem
3252 2666 3346 2715 hos
3376 2666 3537 2719 libros

1961 2730 2029 2783 de
2067 2732 2331 2786 Trinitate
2359 2750 2387 2786 a
2426 2730 2609 2801 Vigilio
2648 2736 2982 2801 Conscriptos
3014 2730 3175 2787 luiése
3218 2734 3324 2800 jam
3358 2740 3536 2787 monui

1961 2803 2216 2873 opusculo
2241 2804 2435 2869 primo,
2466 2820 2527 2860 ex
2561 2804 2686 2870 ipsis
2722 2803 2891 2869 Vigilii
2924 2804 3099 2873 verbis
3130 2804 3178 2855 in
3220 2804 3355 2855 libro
3378 2821 3534 2873 quem

1964 2869 2112 2941 [datii
2132 2874 2346 2926 nomine
2370 2869 2656 2941 evulgavit.
2682 2873 2730 2925 Is
2752 2875 2891 2925 enim
2916 2872 3234 2939 Carthagine
3250 2890 3369 2926 eum
3398 2869 3535 2941 apud

1961 2938 2280 3011 llunericum
2315 2938 2520 3011 regem,
2565 2958 2626 2997 ac
2658 2958 2750 3010 per
2793 2943 2936 2996 illum
2970 2943 3145 2994 omnia
3197 2952 3403 3005 pos~'et.
3436 2938 3540 2999 ’τίκ

1958 3010 2078 3062 aliis
2107 3013 2273 3076 potuit
2308 3010 2706 3065 conveniendus
2738 3028 2892 3079 quam
2932 3013 3198 3065 Poteniini
3233 3014 3405 3066 Urbici
3455 3031 3539 3065 no-

1963 3080 2191 3152 minibus
2215 3082 2537 3135 adumbrari.
2572 3083 2721 3137 Addo
2746 3083 2942 3152 prmligi
2974 3099 3076 3135 nun
3107 3084 3280 3137 solere
3309 3085 3539 3151 pr0priis

1965 3150 2269 3221 nominibus
2304 3154 2636 3217 pronomina,
2665 3153 2765 3206 nisi
2798 3150 3024 3207 fortasse
3060 3153 3266 3220 adjecta
3297 3169 3540 3221 persona:

1962 3220 2267 3292 conditione
2296 3222 2339 3275 si
2388 3223 2619 3291 ignotior
2646 3225 2714 3275 sit
2740 3241 2753 3285 ;
2790 3235 2841 3275 ut
2870 3240 2989 3276 cum
3022 3222 3267 3284 dicimus,
3298 3220 3537 3292 exempli

1962 3290 2164 3362 gratia:
2190 3290 2802 3355 QuidamAlexandrinus
2830 3294 3108 3362 presbyter,
3134 3295 3337 3345 nomine
3361 3290 3538 3347 Arius.

1967 3359 2151 3427 Neque
2181 3362 2344 3414 moris
2370 3378 2488 3416 esse
2520 3371 2575 3415 ut
2604 3364 2935 3430 propriorum
2981 3359 3259 3415 nominum
3293 3365 3537 3418 immute-

1965 3436 2050 3481 tur
2076 3430 2226 3485 ordo.
2251 3431 2295 3483 si
2327 3433 2469 3498 plura
2503 3435 2659 3484 simul
2683 3434 3043 3487 enuntientur.
3071 3434 3199 3497 Quis
3213 3434 3351 3486 enim
3377 3435 3538 3499 dicat,

1965 3499 2186 3561 Quidam
2230 3500 2436 3553 Marcus
2466 3502 2693 3563 Tullius,
2732 3517 2791 3553 ac
2822 3502 3047 3557 subinde
3080 3504 3303 3565 Quidam
3337 3503 3539 3558 Tullius

1956 3566 2213 3643 Marcus;
2243 3571 2323 3643 vel
2355 3572 2576 3643 Quidam
2618 3573 2857 3625 Aurelius
2905 3574 3238 3640 Augustinus,
3284 3583 3390 3626 tum
3425 3586 3541 3643 post

1964 3652 2127 3711 pauca
2162 3639 2379 3711 Quidam
2411 3641 2723 3710 Augustinus
2752 3644 3007 3696 Aurelius.
3041 3646 3108 3695 At
3141 3644 3358 3711 Vigilius
3398 3639 3448 3697 in
3476 3646 3542 3698 ti-

1962 3707 2252 3779 t‘ulohujus
2280 3711 2396 3763 libri
2432 3707 2674 3765 meminit
2706 3714 2923 3766 haeresis
2969 3707 3238 3779 cujusdam
3283 3713 3541 3767 I’olentint

1964 3770 2187 3852 {lrbici}
2210 3790 2324 3852 tum
2356 3780 2410 3852 in
2443 3792 2691 3835 contextu
2717 3823 2732 3846 ,
2786 3784 3003 3835 liwresis
3025 3770 3326 3852 {cujusdam
3368 3783 3541 3837 Urhici

1962 3845 2239 3900 Poteniini.
2274 3849 2367 3903 Vel
2392 3864 2458 3903 eo
2476 3852 2605 3903 satis
2625 3845 2862 3904 indicans
2893 3845 3127 3918 ingeniis
3147 3854 3536 3917 solertioribus,

1958 3918 2426 3989 appellativagess’e
2466 3922 2579 3989 haec
2609 3921 2861 3973 Vocabula
2881 3959 2895 3979 .
2923 3938 3027 3972 nou
3059 3922 3269 3989 propria
3297 3938 3310 3983 ;
3346 3923 3541 3988 quibus

1961 3987 2104 4039 velut
2127 3987 2350 4055 propriis
2381 3988 2712 4042 Maribadum
2737 3990 2888 4058 quasi
2917 3987 3080 4058 digito
3108 3987 3535 4053 demonstraret.

2066 4065 2183 4119 Lih.
2209 4082 2279 4129 vr,
2306 4082 2423 4135 pag.
2445 4067 2570 4122 255.
2609 4068 2733 4121 IIwc
2760 4079 2852 4135 est,
2888 4071 3113 4136 inquam,
3142 4070 3223 4122 via
3256 4070 3403 4123 lucis.

2034 4144 2241 4199 Abhinc
2261 4161 2380 4213 qua:
2401 4146 2499 4201 hoc
2524 4148 2659 4201 libro
2680 4159 2839 4202 sexto
2862 4149 3124 4202 habentur
3142 4149 3541 4205 benedictiones

1960 4224 2013 4269 et
2045 4215 2477 4280 maledictiones,
2510 4216 2729 4270 totidem
2764 4218 2875 4273 fere
2903 4218 3080 4271 verbis
3112 4218 3387 4273 inculcatas
3417 4231 3541 4274 sunt

1958 4285 2013 4338 in
2044 4300 2347 4356 sermonem
2372 4286 2665 4340 secundum
2694 4286 2751 4342 S.
2786 4288 3062 4356 Augustini
3088 4289 3141 4341 in
3162 4288 3331 4341 Natali
3361 4288 3539 4343 Domi-

1961 4356 2033 4419 ni,
2069 4355 2157 4423 qui
2182 4364 2263 4429 est
2284 4355 2315 4409 6
2338 4356 2682 4429 detempore.
2713 4355 3011 4429 ιωδιιιειε
3032 4358 3173 4411 enim
3204 4357 3375 4429 Vigilui
3398 4374 3539 4423 esse,

1959 4436 2013 4479 et
2046 4442 2148 4477 non
2176 4427 2484 4498 Augustini,
2517 4428 2716 4481 evincit
2744 4427 2992 4498 vél’SIyli
3036 4429 3191 4491 ratio,
3218 4428 3304 4498 vel
3332 4430 3538 4483 illarum

1963 4495 2224 4549 ctmnexio
2265 4512 2386 4569 cum
2421 4498 2486 4550 iis
2523 4513 2641 4562 quae
2669 4500 2719 4551 in
2751 4500 2851 4554 hoc
2880 4495 3057 4568 Vigilii
3089 4497 3266 4552 libello
3296 4500 3374 4552 Vel
3404 4516 3540 4569 pra:-

1970 4570 2270 4629 mittuntur,
2304 4567 2386 4619 vel
2413 4568 2788 4634 subjiciuntur.

1965 4645 2091 4714 Pag.
2116 4644 2240 4698 256.
2266 4644 2389 4698 Tria
2417 4649 2583 4718 capita
2611 4650 2662 4699 in
2697 4664 2747 4701 se
2786 4647 3114 4712 coiuerentia,
3155 4658 3211 4700 ut
3248 4646 3541 4718 philosophi

2472 4717 2637 4770 dicere
2663 4727 3041 4771 consueverunt.

2046 4794 2190 4859 Quos
2222 4792 2307 4848 hic
2338 4794 2617 4849 hmreticos
2644 4797 2949 4864 perstringit
2979 4795 3216 4864 Vigilius,
3248 4795 3542 4852 Triscilidm

1975 4864 2144 4918 fuisse
2168 4866 2433 4928 videnlur,
2465 4868 2602 4933 apud
2629 4877 2897 4918 auctorem
2924 4867 3197 4934 antiquum
3220 4868 3287 4919 de
3318 4868 3543 4922 Ιιίυιεείο

1974 4935 2195 5007 bus,_cui
2216 4936 2529 5007 Sirmondus
2555 4935 2918 5007 Przedesdnati
2945 4937 3150 4989 titulum
3185 4938 3394 5003 indidit,
3423 4954 3535 5007 cap.

1971 5005 2058 5058 7-4.
2094 5004 2167 5057 De
2194 5006 2382 5072 quibus
2408 5004 2571 5058 etiam
2605 5006 2922 5058 Philastrius
2952 5007 3086 5059 libro
3111 5008 3177 5061 de
3218 5004 3539 5070 lla-resibus,

1976 5090 2093 5142 cap.
2128 5075 2218 5139 45,
2242 5084 2296 5127 et
2324 5074 2653 5142 Augustinus
2684 5076 2748 5128 ad
2772 5076 3196 5140 Quodvultdeum
3221 5078 3288 5133 de
3320 5078 3542 5132 [heresi-

1971 5143 2091 5210 bus,
2124 5160 2242 5212 cap.
2275 5143 2364 5215 74,
2412 5147 2497 5197 his
2520 5145 2651 5211 ipsis
2682 5147 2892 5201 verbis:
2933 5144 3021 5199 Est
3050 5148 3175 5209 alia,
3214 5149 3403 5215 inquit,
3434 5150 3539 5199 Ita:-

1971 5215 2116 5276 resis,
2146 5230 2259 5285 qun:
2290 5214 2573 5280 triformem
2596 5215 2669 5268 sic
2694 5218 2868 5269 asserit
2895 5216 3079 5282 Deum,
3104 5214 3401 5285 utquwdam
3423 5232 3541 5279 pars

1971 5285 2080 5349 ejus
2112 5285 2174 5334 ait
2205 5282 2380 5350 Pater,
2404 5286 2641 5354 quwdam
2675 5285 2863 5352 Filius,
2893 5288 3126 5353 qutedam
3172 5282 3395 5354 Spiritus
3422 5303 3541 5337 sau-

1968 5362 2078 5405 cius
2098 5368 2115 5405 :
2139 5356 2231 5424 Ii_oc
2262 5362 2332 5405 est
2354 5356 2489 5422 quod
2522 5353 2616 5408 Dei
2645 5356 2794 5409 unius
2836 5366 3003 5424 partes
3032 5357 3129 5409 sint
3158 5353 3271 5422 qua:
3297 5356 3440 5408 istam
3464 5355 3542 5423 fa-

1966 5424 2105 5493 ciunt
2157 5422 2459 5475 Trinitatem
2494 5439 2511 5474 :
2540 5426 2673 5478 velut
2719 5442 2779 5477 ea:
2820 5422 2929 5478 istis
2960 5426 3185 5493 partibus
3233 5422 3542 5493 compleatur

1968 5492 2129 5555 Deus,
2164 5510 2254 5545 nec
2297 5495 2360 5545 sit
2392 5494 2647 5562 perfectus
2685 5497 2736 5547 in
2779 5492 3046 5560 seipso'vel
3080 5493 3232 5546 Pater
3270 5492 3349 5545 vel
3378 5493 3544 5548 Filius

1966 5563 2043 5615 vel
2071 5564 2317 5631 Spiritus.
2350 5564 2423 5616 Ex
2458 5568 2645 5617 horum
2678 5580 2839 5633 grege
2869 5564 3029 5615 luisse
3068 5563 3273 5616 videtur
3302 5563 3544 5619 Gobarus

1967 5634 2054 5685 ille
2084 5633 2366 5693 'l‘ritlieita,
2396 5634 2548 5699 cujus
2579 5634 2891 5686 deliriorum
2916 5643 3165 5699 excerpta
3195 5634 3436 5701 qua'dant
3469 5650 3543 5688 rc-

1961 5705 2077 5757 talit
2108 5704 2327 5757 l’hutius
2360 5704 2411 5755 iu
2439 5703 2781 5765 Bibliotheca,
2811 5701 3080 5756 Volumiue
3108 5702 3232 5757 252.
3264 5704 3415 5769 Quod
3446 5706 3538 5758 ad-
