  <div class='ocr_page' id='page_1' title='image "/cluster/home/n/w/nwhite01/storage/ocr_20150623/62/hvd.32044054758693/274.png"; bbox 0 0 3956 6180; ppageno 0'>
   <div class='ocr_carea' id='block_1_1' title="bbox 317 322 413 380">
    <p class='ocr_par' dir='ltr' id='par_1_1' title="bbox 317 322 413 380">
     <span class='ocr_line' id='line_1_1' title="bbox 317 322 413 380; baseline -0.031 0"><span class='ocrx_word' id='word_1_1' title='bbox 317 322 413 380; x_wconf 73' lang='lat'><strong>837</strong></span> 
     </span>
    </p>
   </div>
   <div class='ocr_carea' id='block_1_2' title="bbox 1305 321 3565 409">
    <p class='ocr_par' dir='ltr' id='par_1_2' title="bbox 1305 321 3565 409">
     <span class='ocr_line' id='line_1_2' title="bbox 1305 321 3565 409; baseline 0.009 -22"><span class='ocrx_word' id='word_1_2' title='bbox 1305 321 1370 388; x_wconf 72' lang='lat' dir='ltr'><strong>IN</strong></span> <span class='ocrx_word' id='word_1_3' title='bbox 1405 323 1629 391; x_wconf 73' lang='lat' dir='ltr'><strong>OPERA</strong></span> <span class='ocrx_word' id='word_1_4' title='bbox 1673 328 1898 392; x_wconf 78' lang='lat' dir='ltr'><strong>VlGlLll</strong></span> <span class='ocrx_word' id='word_1_5' title='bbox 1938 328 2307 397; x_wconf 73' lang='lat' dir='ltr'><strong>TAPSENSIS</strong></span> <span class='ocrx_word' id='word_1_6' title='bbox 2345 336 2577 399; x_wconf 69' lang='lat' dir='ltr'><strong>NOTIE.</strong></span> <span class='ocrx_word' id='word_1_7' title='bbox 3463 350 3565 409; x_wconf 73' lang='grc'><strong>558</strong></span> 
     </span>
    </p>
   </div>
   <div class='ocr_carea' id='block_1_3' title="bbox 1356 477 2586 576">
    <p class='ocr_par' dir='ltr' id='par_1_3' title="bbox 1356 477 2586 576">
     <span class='ocr_line' id='line_1_3' title="bbox 1356 477 2586 576; baseline 0.011 -19"><span class='ocrx_word' id='word_1_8' title='bbox 1356 477 1793 562; x_wconf 86' lang='lat' dir='ltr'><strong>INCIPIT</strong></span> <span class='ocrx_word' id='word_1_9' title='bbox 1846 482 2586 576; x_wconf 69' lang='lat' dir='ltr'><strong>DECRETALE,</strong></span> 
     </span>
    </p>
   </div>
   <div class='ocr_carea' id='block_1_4' title="bbox 1044 608 2860 682">
    <p class='ocr_par' dir='ltr' id='par_1_4' title="bbox 1044 608 2860 682">
     <span class='ocr_line' id='line_1_4' title="bbox 1044 608 2860 682; baseline 0.004 -11"><span class='ocrx_word' id='word_1_10' title='bbox 1044 608 1125 672; x_wconf 85' lang='lat' dir='ltr'><strong>IN</strong></span> <span class='ocrx_word' id='word_1_11' title='bbox 1168 611 1372 673; x_wconf 79' lang='lat' dir='ltr'><strong>URBE</strong></span> <span class='ocrx_word' id='word_1_12' title='bbox 1413 614 1641 677; x_wconf 81' lang='lat' dir='ltr'><strong>ROMA</strong></span> <span class='ocrx_word' id='word_1_13' title='bbox 1684 617 1786 677; x_wconf 90' lang='lat' dir='ltr'><strong>AB</strong></span> <span class='ocrx_word' id='word_1_14' title='bbox 1829 618 2242 680; x_wconf 82' lang='lat' dir='ltr'><strong>HORMISDA</strong></span> <span class='ocrx_word' id='word_1_15' title='bbox 2283 621 2483 679; x_wconf 77' lang='lat' dir='ltr'><strong>PAPA</strong></span> <span class='ocrx_word' id='word_1_16' title='bbox 2530 619 2860 682; x_wconf 83' lang='lat' dir='ltr'><strong>EDITUM.</strong></span> 
     </span>
    </p>
   </div>
   <div class='ocr_carea' id='block_1_5' title="bbox 488 728 3354 818">
    <p class='ocr_par' dir='ltr' id='par_1_5' title="bbox 488 728 3354 818">
     <span class='ocr_line' id='line_1_5' title="bbox 488 728 3354 818; baseline 0.002 -22"><span class='ocrx_word' id='word_1_17' title='bbox 488 728 578 796; x_wconf 91' lang='lat' dir='ltr'><strong>De</strong></span> <span class='ocrx_word' id='word_1_18' title='bbox 613 732 957 813; x_wconf 86' lang='lat' dir='ltr'><strong>Scripturis</strong></span> <span class='ocrx_word' id='word_1_19' title='bbox 991 731 1221 796; x_wconf 81' lang='lat' dir='ltr'><strong>divinis</strong></span> <span class='ocrx_word' id='word_1_20' title='bbox 1258 733 1411 811; x_wconf 90' lang='lat' dir='ltr'><strong>quid</strong></span> <span class='ocrx_word' id='word_1_21' title='bbox 1447 736 1899 818; x_wconf 82' lang='lat' dir='ltr'><strong>universaliter</strong></span> <span class='ocrx_word' id='word_1_22' title='bbox 1931 736 2249 818; x_wconf 71' lang='lat' dir='ltr'><strong>catholica</strong></span> <span class='ocrx_word' id='word_1_23' title='bbox 2274 740 2539 816; x_wconf 85' lang='lat' dir='ltr'><strong>recipiat</strong></span> <span class='ocrx_word' id='word_1_24' title='bbox 2568 738 2879 814; x_wconf 87' lang='lat' dir='ltr'><strong>Ecclesia,</strong></span> <span class='ocrx_word' id='word_1_25' title='bbox 2910 739 3009 799; x_wconf 89' lang='lat' dir='ltr'><strong>vel</strong></span> <span class='ocrx_word' id='word_1_26' title='bbox 3041 746 3180 818; x_wconf 88' lang='lat' dir='ltr'><strong>post</strong></span> <span class='ocrx_word' id='word_1_27' title='bbox 3220 742 3354 804; x_wconf 78' lang='lat' dir='ltr'><strong>htec</strong></span> 
     </span>
    </p>
   </div>
   <div class='ocr_carea' id='block_1_6' title="bbox 1604 815 2261 893">
    <p class='ocr_par' dir='ltr' id='par_1_6' title="bbox 1604 815 2261 893">
     <span class='ocr_line' id='line_1_6' title="bbox 1604 815 2261 893; baseline -0.006 -16"><span class='ocrx_word' id='word_1_28' title='bbox 1604 815 1751 893; x_wconf 89' lang='lat' dir='ltr'><strong>quid</strong></span> <span class='ocrx_word' id='word_1_29' title='bbox 1781 817 1981 878; x_wconf 78' lang='lat' dir='ltr'><strong>vitare</strong></span> <span class='ocrx_word' id='word_1_30' title='bbox 2011 815 2261 877; x_wconf 86' lang='lat' dir='ltr'><strong>debeat.</strong></span> 
     </span>
    </p>
   </div>
   <div class='ocr_carea' id='block_1_7' title="bbox 378 1001 1871 1059">
    <p class='ocr_par' dir='ltr' id='par_1_7' title="bbox 378 1001 1871 1059">
     <span class='ocr_line' id='line_1_7' title="bbox 378 1001 1871 1059; baseline 0.001 -2"><span class='ocrx_word' id='word_1_31' title='bbox 378 1003 418 1057; x_wconf 85' lang='grc' dir='ltr'><strong>Ι.</strong></span> <span class='ocrx_word' id='word_1_32' title='bbox 463 1004 540 1058; x_wconf 86' lang='lat' dir='ltr'><strong>De</strong></span> <span class='ocrx_word' id='word_1_33' title='bbox 557 1003 748 1058; x_wconf 88' lang='lat' dir='ltr'><strong>ordine</strong></span> <span class='ocrx_word' id='word_1_34' title='bbox 768 1002 1028 1058; x_wconf 89' lang='lat' dir='ltr'><strong>librorum</strong></span> <span class='ocrx_word' id='word_1_35' title='bbox 1052 1003 1433 1058; x_wconf 87' lang='lat' dir='ltr'><strong>canonicorum</strong></span> <span class='ocrx_word' id='word_1_36' title='bbox 1449 1001 1871 1059; x_wconf 82' lang='lat' dir='ltr'><strong>VeterisetNovi</strong></span> 
     </span>
    </p>
   </div>
   <div class='ocr_carea' id='block_1_8' title="bbox 309 1074 657 1128">
    <p class='ocr_par' dir='ltr' id='par_1_8' title="bbox 309 1074 657 1128">
     <span class='ocr_line' id='line_1_8' title="bbox 309 1074 657 1128; baseline -0.009 0"><span class='ocrx_word' id='word_1_37' title='bbox 309 1074 657 1128; x_wconf 86' lang='lat' dir='ltr'><strong>l&#39;estamenti.</strong></span> 
     </span>
    </p>
   </div>
   <div class='ocr_carea' id='block_1_9' title="bbox 374 1141 1504 1209">
    <p class='ocr_par' dir='ltr' id='par_1_9' title="bbox 374 1141 1504 1209">
     <span class='ocr_line' id='line_1_9' title="bbox 374 1141 1504 1209; baseline -0.002 -14"><span class='ocrx_word' id='word_1_38' title='bbox 374 1145 439 1196; x_wconf 89' lang='lat' dir='ltr'><strong>ll.</strong></span> <span class='ocrx_word' id='word_1_39' title='bbox 484 1143 559 1196; x_wconf 88' lang='lat' dir='ltr'><strong>De</strong></span> <span class='ocrx_word' id='word_1_40' title='bbox 588 1156 809 1196; x_wconf 90' lang='lat' dir='ltr'><strong>numero</strong></span> <span class='ocrx_word' id='word_1_41' title='bbox 831 1141 1241 1209; x_wconf 89' lang='lat' dir='ltr'><strong>apostolicarum</strong></span> <span class='ocrx_word' id='word_1_42' title='bbox 1271 1141 1504 1195; x_wconf 85' lang='lat' dir='ltr'><strong>sedium.</strong></span> 
     </span>
    </p>
   </div>
   <div class='ocr_carea' id='block_1_10' title="bbox 374 1209 1801 1271">
    <p class='ocr_par' dir='ltr' id='par_1_10' title="bbox 374 1209 1801 1271">
     <span class='ocr_line' id='line_1_10' title="bbox 374 1209 1801 1271; baseline 0.001 -7"><span class='ocrx_word' id='word_1_43' title='bbox 374 1213 463 1265; x_wconf 93' lang='lat' dir='ltr'><strong>lll.</strong></span> <span class='ocrx_word' id='word_1_44' title='bbox 508 1214 583 1266; x_wconf 90' lang='lat' dir='ltr'><strong>De</strong></span> <span class='ocrx_word' id='word_1_45' title='bbox 602 1212 1071 1266; x_wconf 68' lang='lat' dir='ltr'><strong>constitutionibus</strong></span> <span class='ocrx_word' id='word_1_46' title='bbox 1095 1222 1397 1265; x_wconf 87' lang='lat' dir='ltr'><strong>sanctorum</strong></span> <span class='ocrx_word' id='word_1_47' title='bbox 1426 1209 1801 1271; x_wconf 88' lang='lat' dir='ltr'><strong>conciliorum.</strong></span> 
     </span>
    </p>
   </div>
   <div class='ocr_carea' id='block_1_11' title="bbox 371 1281 1873 1351">
    <p class='ocr_par' dir='ltr' id='par_1_11' title="bbox 371 1281 1873 1351">
     <span class='ocr_line' id='line_1_11' title="bbox 371 1281 1873 1351; baseline 0.003 -18"><span class='ocrx_word' id='word_1_48' title='bbox 371 1281 465 1337; x_wconf 80' lang='lat' dir='ltr'><strong>IV.</strong></span> <span class='ocrx_word' id='word_1_49' title='bbox 507 1282 583 1335; x_wconf 87' lang='lat' dir='ltr'><strong>De</strong></span> <span class='ocrx_word' id='word_1_50' title='bbox 603 1282 871 1350; x_wconf 85' lang='lat' dir='ltr'><strong>opusculis</strong></span> <span class='ocrx_word' id='word_1_51' title='bbox 893 1288 1197 1335; x_wconf 89' lang='lat' dir='ltr'><strong>sanctorum</strong></span> <span class='ocrx_word' id='word_1_52' title='bbox 1221 1282 1439 1336; x_wconf 86' lang='lat' dir='ltr'><strong>Patrum</strong></span> <span class='ocrx_word' id='word_1_53' title='bbox 1465 1294 1585 1350; x_wconf 63' lang='lat' dir='ltr'><strong>quae</strong></span> <span class='ocrx_word' id='word_1_54' title='bbox 1608 1282 1873 1351; x_wconf 81' lang='lat' dir='ltr'><strong>recipim-</strong></span> 
     </span>
    </p>
   </div>
   <div class='ocr_carea' id='block_1_12' title="bbox 301 1360 403 1405">
    <p class='ocr_par' dir='ltr' id='par_1_12' title="bbox 301 1360 403 1405">
     <span class='ocr_line' id='line_1_12' title="bbox 301 1360 403 1405; baseline -0.02 0"><span class='ocrx_word' id='word_1_55' title='bbox 301 1360 403 1405; x_wconf 87' lang='lat' dir='ltr'><strong>tur.</strong></span> 
     </span>
    </p>
   </div>
   <div class='ocr_carea' id='block_1_13' title="bbox 324 1419 1874 1502">
    <p class='ocr_par' dir='ltr' id='par_1_13' title="bbox 324 1419 1874 1502">
     <span class='ocr_line' id='line_1_13' title="bbox 324 1419 1874 1502; baseline 0.003 -30"><span class='ocrx_word' id='word_1_56' title='bbox 324 1488 341 1502; x_wconf 33' lang='grc' dir='ltr'><strong><em>υ</em></strong></span> <span class='ocrx_word' id='word_1_57' title='bbox 376 1420 442 1502; x_wconf 66' lang='grc' dir='ltr'><strong>γ.</strong></span> <span class='ocrx_word' id='word_1_58' title='bbox 486 1419 1276 1490; x_wconf 80' lang='lat' dir='ltr'><strong>Deopusculisapocryphorum</strong></span> <span class='ocrx_word' id='word_1_59' title='bbox 1292 1434 1412 1490; x_wconf 70' lang='lat' dir='ltr'><strong>qua:</strong></span> <span class='ocrx_word' id='word_1_60' title='bbox 1440 1421 1746 1493; x_wconf 88' lang='lat' dir='ltr'><strong>recipienda</strong></span> <span class='ocrx_word' id='word_1_61' title='bbox 1769 1436 1874 1477; x_wconf 90' lang='lat' dir='ltr'><strong>non</strong></span> 
     </span>
    </p>
   </div>
   <div class='ocr_carea' id='block_1_14' title="bbox 299 1500 425 1544">
    <p class='ocr_par' dir='ltr' id='par_1_14' title="bbox 299 1500 425 1544">
     <span class='ocr_line' id='line_1_14' title="bbox 299 1500 425 1544; baseline 0.016 -2"><span class='ocrx_word' id='word_1_62' title='bbox 299 1500 425 1544; x_wconf 75' lang='lat' dir='ltr'><strong>Sim.</strong></span> 
     </span>
    </p>
   </div>
   <div class='ocr_carea' id='block_1_15' title="bbox 304 1623 1865 1701">
    <p class='ocr_par' dir='ltr' id='par_1_15' title="bbox 304 1623 1865 1701">
     <span class='ocr_line' id='line_1_15' title="bbox 304 1623 1865 1701; baseline -0.012 0"><span class='ocrx_word' id='word_1_63' title='bbox 304 1623 475 1701; x_wconf 23' lang='lat'><strong>15.0.</strong></span> <span class='ocrx_word' id='word_1_64' title='bbox 499 1628 641 1701; x_wconf 67' lang='grc' dir='ltr'><em>θνάΡ</em></span> <span class='ocrx_word' id='word_1_65' title='bbox 665 1629 727 1681; x_wconf 67' lang='lat' dir='ltr'><strong>de</strong></span> <span class='ocrx_word' id='word_1_66' title='bbox 762 1627 931 1682; x_wconf 72' lang='grc' dir='ltr'><strong>νειπὶ</strong></span> <span class='ocrx_word' id='word_1_67' title='bbox 963 1627 1299 1701; x_wconf 70' lang='lat' dir='ltr'><strong>Testamento,</strong></span> <span class='ocrx_word' id='word_1_68' title='bbox 1331 1640 1679 1701; x_wconf 33' lang='lat' dir='ltr'><strong>quemAsancm</strong></span> <span class='ocrx_word' id='word_1_69' title='bbox 1706 1640 1756 1685; x_wconf 86' lang='lat' dir='ltr'><strong>et</strong></span> <span class='ocrx_word' id='word_1_70' title='bbox 1783 1645 1865 1683; x_wconf 84' lang='lat' dir='ltr'><strong>ca-</strong></span> 
     </span>
    </p>
   </div>
   <div class='ocr_carea' id='block_1_16' title="bbox 367 1698 1876 1767">
    <p class='ocr_par' dir='ltr' id='par_1_16' title="bbox 367 1698 1876 1767">
     <span class='ocr_line' id='line_1_16' title="bbox 367 1698 1876 1767; baseline 0.001 -15"><span class='ocrx_word' id='word_1_71' title='bbox 367 1699 562 1752; x_wconf 79' lang='lat' dir='ltr'><strong>tholica</strong></span> <span class='ocrx_word' id='word_1_72' title='bbox 589 1698 824 1753; x_wconf 84' lang='lat' dir='ltr'><strong>Romana</strong></span> <span class='ocrx_word' id='word_1_73' title='bbox 862 1699 1113 1767; x_wconf 79' lang='lat' dir='ltr'><strong>suscipit,</strong></span> <span class='ocrx_word' id='word_1_74' title='bbox 1141 1708 1189 1753; x_wconf 84' lang='lat' dir='ltr'><strong>et</strong></span> <span class='ocrx_word' id='word_1_75' title='bbox 1222 1698 1439 1754; x_wconf 85' lang='lat' dir='ltr'><strong>honorat</strong></span> <span class='ocrx_word' id='word_1_76' title='bbox 1476 1699 1708 1754; x_wconf 72' lang='lat' dir='ltr'><strong>Ecclesia</strong></span> <span class='ocrx_word' id='word_1_77' title='bbox 1733 1742 1748 1766; x_wconf 94' lang='lat'><strong>,</strong></span> <span class='ocrx_word' id='word_1_78' title='bbox 1782 1702 1876 1753; x_wconf 81' lang='lat' dir='ltr'><strong>iste</strong></span> 
     </span>
    </p>
   </div>
   <div class='ocr_carea' id='block_1_17' title="bbox 364 1835 1875 1892">
    <p class='ocr_par' dir='ltr' id='par_1_17' title="bbox 364 1835 1875 1892">
     <span class='ocr_line' id='line_1_17' title="bbox 364 1835 1875 1892; baseline 0.001 -1"><span class='ocrx_word' id='word_1_79' title='bbox 364 1838 644 1891; x_wconf 84' lang='lat' dir='ltr'><strong>Gcncseos</strong></span> <span class='ocrx_word' id='word_1_80' title='bbox 672 1837 805 1891; x_wconf 88' lang='lat' dir='ltr'><strong>liber</strong></span> <span class='ocrx_word' id='word_1_81' title='bbox 828 1853 864 1890; x_wconf 98' lang='lat'><strong>1.</strong></span> <span class='ocrx_word' id='word_1_82' title='bbox 892 1835 1057 1889; x_wconf 78' lang='lat' dir='ltr'><strong>Exodi</strong></span> <span class='ocrx_word' id='word_1_83' title='bbox 1081 1836 1215 1890; x_wconf 91' lang='lat' dir='ltr'><strong>liber</strong></span> <span class='ocrx_word' id='word_1_84' title='bbox 1234 1852 1272 1890; x_wconf 78' lang='lat'>1.</span> <span class='ocrx_word' id='word_1_85' title='bbox 1301 1836 1675 1891; x_wconf 85' lang='lat' dir='ltr'><strong>Leviticilibcr</strong></span> <span class='ocrx_word' id='word_1_86' title='bbox 1704 1853 1739 1891; x_wconf 90' lang='lat'><strong>1.</strong></span> <span class='ocrx_word' id='word_1_87' title='bbox 1768 1837 1875 1892; x_wconf 80' lang='lat' dir='ltr'><strong>Nu-</strong></span> 
     </span>
    </p>
   </div>
   <div class='ocr_carea' id='block_1_18' title="bbox 291 1906 1871 1963">
    <p class='ocr_par' dir='ltr' id='par_1_18' title="bbox 291 1906 1871 1963">
     <span class='ocr_line' id='line_1_18' title="bbox 291 1906 1871 1963; baseline 0.002 -3"><span class='ocrx_word' id='word_1_88' title='bbox 291 1908 425 1960; x_wconf 91' lang='lat' dir='ltr'><strong>meri</strong></span> <span class='ocrx_word' id='word_1_89' title='bbox 455 1908 590 1960; x_wconf 86' lang='lat' dir='ltr'><strong>liber</strong></span> <span class='ocrx_word' id='word_1_90' title='bbox 618 1922 655 1961; x_wconf 90' lang='lat'><strong>1.</strong></span> <span class='ocrx_word' id='word_1_91' title='bbox 687 1906 1079 1960; x_wconf 66' lang='lat' dir='ltr'><strong>lieuteronomii</strong></span> <span class='ocrx_word' id='word_1_92' title='bbox 1108 1906 1242 1960; x_wconf 92' lang='lat' dir='ltr'><strong>liber</strong></span> <span class='ocrx_word' id='word_1_93' title='bbox 1278 1920 1317 1960; x_wconf 89' lang='lat'><strong>1.</strong></span> <span class='ocrx_word' id='word_1_94' title='bbox 1338 1906 1463 1961; x_wconf 83' lang='lat' dir='ltr'><strong>Jesu</strong></span> <span class='ocrx_word' id='word_1_95' title='bbox 1496 1907 1638 1961; x_wconf 80' lang='lat' dir='ltr'><strong>Nave</strong></span> <span class='ocrx_word' id='word_1_96' title='bbox 1675 1908 1806 1962; x_wconf 89' lang='lat' dir='ltr'><strong>liber</strong></span> <span class='ocrx_word' id='word_1_97' title='bbox 1833 1924 1871 1963; x_wconf 94' lang='lat'>1.</span> 
     </span>
    </p>
   </div>
   <div class='ocr_carea' id='block_1_19' title="bbox 291 1975 1875 2043">
    <p class='ocr_par' dir='ltr' id='par_1_19' title="bbox 291 1975 1875 2043">
     <span class='ocr_line' id='line_1_19' title="bbox 291 1975 1875 2043; baseline 0 -13"><span class='ocrx_word' id='word_1_98' title='bbox 291 1975 543 2030; x_wconf 87' lang='lat' dir='ltr'><strong>Jndicum</strong></span> <span class='ocrx_word' id='word_1_99' title='bbox 574 1976 708 2029; x_wconf 85' lang='lat' dir='ltr'><strong>liber</strong></span> <span class='ocrx_word' id='word_1_100' title='bbox 736 1975 919 2029; x_wconf 76' lang='lat' dir='ltr'><strong>1.llnth</strong></span> <span class='ocrx_word' id='word_1_101' title='bbox 950 1975 1082 2029; x_wconf 87' lang='lat' dir='ltr'><strong>liber</strong></span> <span class='ocrx_word' id='word_1_102' title='bbox 1105 1990 1142 2029; x_wconf 90' lang='lat' dir='ltr'><strong>t.</strong></span> <span class='ocrx_word' id='word_1_103' title='bbox 1176 1976 1378 2043; x_wconf 79' lang='lat' dir='ltr'><strong>Regum</strong></span> <span class='ocrx_word' id='word_1_104' title='bbox 1408 1978 1523 2030; x_wconf 83' lang='lat' dir='ltr'><strong>libri</strong></span> <span class='ocrx_word' id='word_1_105' title='bbox 1570 1992 1642 2029; x_wconf 86' lang='lat' dir='ltr'><strong>1v.</strong></span> <span class='ocrx_word' id='word_1_106' title='bbox 1674 1978 1875 2030; x_wconf 89' lang='lat' dir='ltr'><strong>Parali-</strong></span> 
     </span>
    </p>
   </div>
   <div class='ocr_carea' id='block_1_20' title="bbox 288 2046 1874 2115">
    <p class='ocr_par' dir='ltr' id='par_1_20' title="bbox 288 2046 1874 2115">
     <span class='ocr_line' id='line_1_20' title="bbox 288 2046 1874 2115; baseline 0.001 -16"><span class='ocrx_word' id='word_1_107' title='bbox 288 2060 559 2115; x_wconf 89' lang='lat' dir='ltr'><strong>pomenon</strong></span> <span class='ocrx_word' id='word_1_108' title='bbox 579 2046 697 2098; x_wconf 90' lang='lat' dir='ltr'><strong>libri</strong></span> <span class='ocrx_word' id='word_1_109' title='bbox 714 2061 770 2099; x_wconf 93' lang='lat'><strong>11.</strong></span> <span class='ocrx_word' id='word_1_110' title='bbox 792 2046 1117 2115; x_wconf 64' lang='lat' dir='ltr'><strong>Psalmorum</strong></span> <span class='ocrx_word' id='word_1_111' title='bbox 1137 2060 1202 2100; x_wconf 85' lang='lat' dir='ltr'><strong>Cl.</strong></span> <span class='ocrx_word' id='word_1_112' title='bbox 1219 2047 1352 2101; x_wconf 89' lang='lat' dir='ltr'><strong>liber</strong></span> <span class='ocrx_word' id='word_1_113' title='bbox 1378 2062 1415 2101; x_wconf 84' lang='lat'><strong>1.</strong></span> <span class='ocrx_word' id='word_1_114' title='bbox 1432 2047 1731 2101; x_wconf 84' lang='lat' dir='ltr'><strong>Salomonis</strong></span> <span class='ocrx_word' id='word_1_115' title='bbox 1754 2047 1874 2102; x_wconf 81' lang='lat' dir='ltr'><strong>libri</strong></span> 
     </span>
    </p>
   </div>
   <div class='ocr_carea' id='block_1_21' title="bbox 288 2113 1867 2178">
    <p class='ocr_par' dir='ltr' id='par_1_21' title="bbox 288 2113 1867 2178">
     <span class='ocr_line' id='line_1_21' title="bbox 288 2113 1867 2178; baseline 0.001 -9"><span class='ocrx_word' id='word_1_116' title='bbox 288 2113 366 2169; x_wconf 88' lang='lat' dir='ltr'><strong>in.</strong></span> <span class='ocrx_word' id='word_1_117' title='bbox 420 2115 709 2169; x_wconf 84' lang='lat' dir='ltr'><strong>Proverbia</strong></span> <span class='ocrx_word' id='word_1_118' title='bbox 743 2153 759 2178; x_wconf 94' lang='lat'><strong>,</strong></span> <span class='ocrx_word' id='word_1_119' title='bbox 811 2113 1161 2168; x_wconf 75' lang='lat' dir='ltr'><strong>Ecclesiastes</strong></span> <span class='ocrx_word' id='word_1_120' title='bbox 1186 2125 1241 2170; x_wconf 86' lang='lat' dir='ltr'><strong>et</strong></span> <span class='ocrx_word' id='word_1_121' title='bbox 1266 2115 1482 2171; x_wconf 87' lang='lat' dir='ltr'><strong>Cantica</strong></span> <span class='ocrx_word' id='word_1_122' title='bbox 1509 2117 1867 2171; x_wconf 79' lang='lat' dir='ltr'><strong>Canticorum.</strong></span> 
     </span>
    </p>
   </div>
   <div class='ocr_carea' id='block_1_22' title="bbox 287 2184 1616 2252">
    <p class='ocr_par' dir='ltr' id='par_1_22' title="bbox 287 2184 1616 2252">
     <span class='ocr_line' id='line_1_22' title="bbox 287 2184 1616 2252; baseline 0.001 -13"><span class='ocrx_word' id='word_1_123' title='bbox 287 2186 424 2239; x_wconf 90' lang='lat' dir='ltr'><strong>ltem</strong></span> <span class='ocrx_word' id='word_1_124' title='bbox 470 2185 758 2252; x_wconf 70' lang='lat' dir='ltr'><strong>Sapientiae</strong></span> <span class='ocrx_word' id='word_1_125' title='bbox 787 2184 921 2238; x_wconf 91' lang='lat' dir='ltr'><strong>liber</strong></span> <span class='ocrx_word' id='word_1_126' title='bbox 958 2199 996 2237; x_wconf 88' lang='lat'><strong>1.</strong></span> <span class='ocrx_word' id='word_1_127' title='bbox 1027 2184 1387 2240; x_wconf 84' lang='lat' dir='ltr'><strong>Ecclesiastici</strong></span> <span class='ocrx_word' id='word_1_128' title='bbox 1413 2187 1547 2241; x_wconf 85' lang='lat' dir='ltr'><strong>liber</strong></span> <span class='ocrx_word' id='word_1_129' title='bbox 1577 2202 1616 2240; x_wconf 93' lang='lat'><strong>1.</strong></span> 
     </span>
    </p>
   </div>
   <div class='ocr_carea' id='block_1_23' title="bbox 356 2253 1857 2321">
    <p class='ocr_par' dir='ltr' id='par_1_23' title="bbox 356 2253 1857 2321">
     <span class='ocr_line' id='line_1_23' title="bbox 356 2253 1857 2321; baseline 0.001 -15"><span class='ocrx_word' id='word_1_130' title='bbox 356 2254 496 2308; x_wconf 88' lang='lat' dir='ltr'><strong>ltem</strong></span> <span class='ocrx_word' id='word_1_131' title='bbox 520 2254 650 2307; x_wconf 83' lang='lat' dir='ltr'><strong>ordo</strong></span> <span class='ocrx_word' id='word_1_132' title='bbox 676 2254 1077 2321; x_wconf 89' lang='lat' dir='ltr'><strong>prophetarum.</strong></span> <span class='ocrx_word' id='word_1_133' title='bbox 1105 2253 1255 2309; x_wconf 60' lang='lat' dir='ltr'><strong>Isaia;</strong></span> <span class='ocrx_word' id='word_1_134' title='bbox 1282 2256 1417 2310; x_wconf 89' lang='lat' dir='ltr'><strong>liber</strong></span> <span class='ocrx_word' id='word_1_135' title='bbox 1446 2271 1484 2309; x_wconf 92' lang='lat'><strong>1.</strong></span> <span class='ocrx_word' id='word_1_136' title='bbox 1516 2255 1762 2309; x_wconf 77' lang='lat' dir='ltr'><strong>Jeremize</strong></span> <span class='ocrx_word' id='word_1_137' title='bbox 1790 2255 1857 2308; x_wconf 91' lang='lat' dir='ltr'><strong>li-</strong></span> 
     </span>
    </p>
   </div>
   <div class='ocr_carea' id='block_1_24' title="bbox 283 2297 1935 2384">
    <p class='ocr_par' dir='ltr' id='par_1_24' title="bbox 283 2297 1935 2384">
     <span class='ocr_line' id='line_1_24' title="bbox 283 2297 1935 2384; baseline 0.001 -7"><span class='ocrx_word' id='word_1_138' title='bbox 283 2297 383 2377; x_wconf 64' lang='lat' dir='ltr'><strong>bei-</strong></span> <span class='ocrx_word' id='word_1_139' title='bbox 411 2297 597 2384; x_wconf 67' lang='grc' dir='ltr'><strong>ἶξὶιῖιῆ</strong></span> <span class='ocrx_word' id='word_1_140' title='bbox 620 2297 812 2375; x_wconf 72' lang='grc' dir='ltr'><strong>οίῖιοῖἵι</strong></span> <span class='ocrx_word' id='word_1_141' title='bbox 836 2297 903 2377; x_wconf 66' lang='grc' dir='ltr'>ἆὲ</span> <span class='ocrx_word' id='word_1_142' title='bbox 921 2297 1409 2379; x_wconf 60' lang='grc' dir='ltr'><strong>ιζεωειῖίσῖίῶηἶὶῖἄὲ</strong></span> <span class='ocrx_word' id='word_1_143' title='bbox 1437 2297 1856 2379; x_wconf 57' lang='grc' dir='ltr'><strong>ἐὶιίὶῗέἱὲὶῑιῑέ-</strong></span> <span class='ocrx_word' id='word_1_144' title='bbox 1890 2297 1935 2356; x_wconf 79' lang='grc' dir='ltr'><strong><em>Β</em></strong></span> 
     </span>
    </p>
   </div>
   <div class='ocr_carea' id='block_1_25' title="bbox 284 2392 1859 2449">
    <p class='ocr_par' dir='ltr' id='par_1_25' title="bbox 284 2392 1859 2449">
     <span class='ocr_line' id='line_1_25' title="bbox 284 2392 1859 2449; baseline 0.001 -3"><span class='ocrx_word' id='word_1_145' title='bbox 284 2393 355 2446; x_wconf 88' lang='lat' dir='ltr'><strong>lis</strong></span> <span class='ocrx_word' id='word_1_146' title='bbox 387 2392 528 2447; x_wconf 89' lang='lat' dir='ltr'><strong>liber</strong></span> <span class='ocrx_word' id='word_1_147' title='bbox 549 2408 585 2446; x_wconf 95' lang='lat'>1.</span> <span class='ocrx_word' id='word_1_148' title='bbox 619 2392 851 2447; x_wconf 88' lang='lat' dir='ltr'><strong>Danielis</strong></span> <span class='ocrx_word' id='word_1_149' title='bbox 890 2392 1027 2447; x_wconf 89' lang='lat' dir='ltr'><strong>liber</strong></span> <span class='ocrx_word' id='word_1_150' title='bbox 1056 2407 1094 2446; x_wconf 90' lang='lat'>1.</span> <span class='ocrx_word' id='word_1_151' title='bbox 1126 2395 1265 2449; x_wconf 85' lang='lat' dir='ltr'><strong>Osee</strong></span> <span class='ocrx_word' id='word_1_152' title='bbox 1297 2394 1434 2448; x_wconf 88' lang='lat' dir='ltr'><strong>liber</strong></span> <span class='ocrx_word' id='word_1_153' title='bbox 1460 2410 1497 2448; x_wconf 89' lang='lat'>1.</span> <span class='ocrx_word' id='word_1_154' title='bbox 1529 2396 1695 2448; x_wconf 88' lang='lat' dir='ltr'><strong>Amos</strong></span> <span class='ocrx_word' id='word_1_155' title='bbox 1725 2395 1859 2449; x_wconf 89' lang='lat' dir='ltr'><strong>liber</strong></span> 
     </span>
    </p>
   </div>
   <div class='ocr_carea' id='block_1_26' title="bbox 284 2461 1858 2518">
    <p class='ocr_par' dir='ltr' id='par_1_26' title="bbox 284 2461 1858 2518">
     <span class='ocr_line' id='line_1_26' title="bbox 284 2461 1858 2518; baseline 0.001 -3"><span class='ocrx_word' id='word_1_156' title='bbox 284 2474 322 2515; x_wconf 74' lang='grc' dir='ltr'><strong>ιι</strong></span> <span class='ocrx_word' id='word_1_157' title='bbox 358 2462 600 2515; x_wconf 67' lang='lat' dir='ltr'><strong>Michzeze</strong></span> <span class='ocrx_word' id='word_1_158' title='bbox 630 2462 766 2515; x_wconf 90' lang='lat' dir='ltr'><strong>liber</strong></span> <span class='ocrx_word' id='word_1_159' title='bbox 796 2478 832 2516; x_wconf 93' lang='lat'>1.</span> <span class='ocrx_word' id='word_1_160' title='bbox 862 2461 981 2517; x_wconf 90' lang='lat' dir='ltr'><strong>Joel</strong></span> <span class='ocrx_word' id='word_1_161' title='bbox 1017 2462 1152 2517; x_wconf 88' lang='lat' dir='ltr'><strong>liber</strong></span> <span class='ocrx_word' id='word_1_162' title='bbox 1180 2479 1219 2517; x_wconf 92' lang='lat'><strong>1.</strong></span> <span class='ocrx_word' id='word_1_163' title='bbox 1250 2464 1437 2518; x_wconf 62' lang='lat' dir='ltr'><strong>Abdiaa</strong></span> <span class='ocrx_word' id='word_1_164' title='bbox 1468 2463 1605 2517; x_wconf 88' lang='lat' dir='ltr'><strong>liber</strong></span> <span class='ocrx_word' id='word_1_165' title='bbox 1627 2478 1665 2516; x_wconf 96' lang='lat'><strong>1.</strong></span> <span class='ocrx_word' id='word_1_166' title='bbox 1705 2464 1858 2517; x_wconf 70' lang='lat' dir='ltr'><strong>.lonae</strong></span> 
     </span>
    </p>
   </div>
   <div class='ocr_carea' id='block_1_27' title="bbox 284 2530 1858 2599">
    <p class='ocr_par' dir='ltr' id='par_1_27' title="bbox 284 2530 1858 2599">
     <span class='ocr_line' id='line_1_27' title="bbox 284 2530 1858 2599; baseline 0.001 -15"><span class='ocrx_word' id='word_1_167' title='bbox 284 2531 427 2584; x_wconf 89' lang='lat' dir='ltr'><strong>liber</strong></span> <span class='ocrx_word' id='word_1_168' title='bbox 454 2546 491 2584; x_wconf 93' lang='lat'><strong>1.</strong></span> <span class='ocrx_word' id='word_1_169' title='bbox 542 2530 709 2585; x_wconf 82' lang='lat' dir='ltr'><strong>Naum</strong></span> <span class='ocrx_word' id='word_1_170' title='bbox 738 2532 868 2585; x_wconf 88' lang='lat' dir='ltr'><strong>liber</strong></span> <span class='ocrx_word' id='word_1_171' title='bbox 895 2547 932 2585; x_wconf 92' lang='lat'><strong>1.</strong></span> <span class='ocrx_word' id='word_1_172' title='bbox 961 2531 1206 2587; x_wconf 83' lang='lat' dir='ltr'><strong>llabacuc</strong></span> <span class='ocrx_word' id='word_1_173' title='bbox 1235 2534 1369 2588; x_wconf 89' lang='lat' dir='ltr'><strong>liber</strong></span> <span class='ocrx_word' id='word_1_174' title='bbox 1408 2549 1445 2587; x_wconf 88' lang='lat'>1.</span> <span class='ocrx_word' id='word_1_175' title='bbox 1475 2534 1762 2599; x_wconf 70' lang='lat' dir='ltr'><strong>Sophonia:</strong></span> <span class='ocrx_word' id='word_1_176' title='bbox 1791 2534 1858 2585; x_wconf 91' lang='lat' dir='ltr'><strong>li-</strong></span> 
     </span>
    </p>
   </div>
   <div class='ocr_carea' id='block_1_28' title="bbox 280 2600 1857 2725">
    <p class='ocr_par' dir='ltr' id='par_1_28' title="bbox 280 2600 1857 2725">
     <span class='ocr_line' id='line_1_28' title="bbox 280 2600 1857 2725; baseline 0.003 -71"><span class='ocrx_word' id='word_1_177' title='bbox 280 2600 382 2725; x_wconf 44' lang='lat' dir='ltr'><strong>gr</strong></span> <span class='ocrx_word' id='word_1_178' title='bbox 481 2600 659 2671; x_wconf 74' lang='lat' dir='ltr'><strong>Aggzei</strong></span> <span class='ocrx_word' id='word_1_179' title='bbox 701 2601 836 2657; x_wconf 89' lang='lat' dir='ltr'><strong>liber</strong></span> <span class='ocrx_word' id='word_1_180' title='bbox 866 2616 903 2656; x_wconf 93' lang='lat'><strong>1.</strong></span> <span class='ocrx_word' id='word_1_181' title='bbox 934 2600 1207 2656; x_wconf 67' lang='lat' dir='ltr'><strong>Zachariae</strong></span> <span class='ocrx_word' id='word_1_182' title='bbox 1237 2602 1372 2659; x_wconf 90' lang='lat' dir='ltr'><strong>liber</strong></span> <span class='ocrx_word' id='word_1_183' title='bbox 1397 2618 1435 2657; x_wconf 93' lang='lat'><strong>1.</strong></span> <span class='ocrx_word' id='word_1_184' title='bbox 1469 2601 1744 2657; x_wconf 69' lang='lat' dir='ltr'><strong>Malaehia:</strong></span> <span class='ocrx_word' id='word_1_185' title='bbox 1791 2604 1857 2658; x_wconf 90' lang='lat' dir='ltr'><strong>li-</strong></span> 
     </span>
     <span class='ocr_line' id='line_1_29' title="bbox 355 2686 451 2723; baseline 0.01 -1"><span class='ocrx_word' id='word_1_186' title='bbox 355 2686 383 2722; x_wconf 89' lang='lat' dir='ltr'><strong>r</strong></span> <span class='ocrx_word' id='word_1_187' title='bbox 435 2708 451 2723; x_wconf 94' lang='lat'>.</span> 
     </span>
    </p>
   </div>
   <div class='ocr_carea' id='block_1_29' title="bbox 355 2685 451 2723">
    <p class='ocr_par' dir='ltr' id='par_1_29' title="bbox 355 2685 451 2723">
     <span class='ocr_line' id='line_1_30' title="bbox 355 2685 451 2723; baseline 0.01 -1"><span class='ocrx_word' id='word_1_188' title='bbox 355 2685 451 2723; x_wconf 72' lang='grc' dir='ltr'><strong>ΓΙ.</strong></span> 
     </span>
    </p>
   </div>
   <div class='ocr_carea' id='block_1_30' title="bbox 357 2739 1853 2796">
    <p class='ocr_par' dir='ltr' id='par_1_30' title="bbox 357 2739 1853 2796">
     <span class='ocr_line' id='line_1_31' title="bbox 357 2739 1853 2796; baseline 0.003 -5"><span class='ocrx_word' id='word_1_189' title='bbox 357 2740 496 2793; x_wconf 89' lang='lat' dir='ltr'><strong>Item</strong></span> <span class='ocrx_word' id='word_1_190' title='bbox 520 2740 655 2794; x_wconf 87' lang='lat' dir='ltr'><strong>ordo</strong></span> <span class='ocrx_word' id='word_1_191' title='bbox 686 2740 1053 2795; x_wconf 91' lang='lat' dir='ltr'><strong>historiarum.</strong></span> <span class='ocrx_word' id='word_1_192' title='bbox 1084 2739 1185 2796; x_wconf 92' lang='lat' dir='ltr'><strong>Job</strong></span> <span class='ocrx_word' id='word_1_193' title='bbox 1212 2740 1347 2796; x_wconf 89' lang='lat' dir='ltr'><strong>liber</strong></span> <span class='ocrx_word' id='word_1_194' title='bbox 1368 2757 1406 2795; x_wconf 90' lang='lat'><strong>1.</strong></span> <span class='ocrx_word' id='word_1_195' title='bbox 1436 2740 1622 2795; x_wconf 70' lang='lat' dir='ltr'><strong>Tobiae</strong></span> <span class='ocrx_word' id='word_1_196' title='bbox 1650 2740 1785 2794; x_wconf 89' lang='lat' dir='ltr'><strong>liber</strong></span> <span class='ocrx_word' id='word_1_197' title='bbox 1814 2757 1853 2795; x_wconf 91' lang='lat'><strong>1.</strong></span> 
     </span>
    </p>
   </div>
   <div class='ocr_carea' id='block_1_31' title="bbox 283 2808 1853 2866">
    <p class='ocr_par' dir='ltr' id='par_1_31' title="bbox 283 2808 1853 2866">
     <span class='ocr_line' id='line_1_32' title="bbox 283 2808 1853 2866; baseline 0.002 -4"><span class='ocrx_word' id='word_1_198' title='bbox 283 2808 481 2862; x_wconf 76' lang='lat' dir='ltr'><strong>Esdraa</strong></span> <span class='ocrx_word' id='word_1_199' title='bbox 510 2810 631 2863; x_wconf 91' lang='lat' dir='ltr'><strong>libri</strong></span> <span class='ocrx_word' id='word_1_200' title='bbox 655 2826 711 2863; x_wconf 92' lang='lat'><strong>11.</strong></span> <span class='ocrx_word' id='word_1_201' title='bbox 742 2810 936 2865; x_wconf 86' lang='lat' dir='ltr'><strong>Esther</strong></span> <span class='ocrx_word' id='word_1_202' title='bbox 964 2810 1098 2865; x_wconf 88' lang='lat' dir='ltr'><strong>liber</strong></span> <span class='ocrx_word' id='word_1_203' title='bbox 1136 2826 1174 2866; x_wconf 91' lang='lat'><strong>1.</strong></span> <span class='ocrx_word' id='word_1_204' title='bbox 1201 2810 1381 2866; x_wconf 90' lang='lat' dir='ltr'><strong>Judith</strong></span> <span class='ocrx_word' id='word_1_205' title='bbox 1404 2811 1540 2866; x_wconf 89' lang='lat' dir='ltr'><strong>liber</strong></span> <span class='ocrx_word' id='word_1_206' title='bbox 1570 2827 1604 2865; x_wconf 92' lang='lat'>1.</span> <span class='ocrx_word' id='word_1_207' title='bbox 1638 2811 1853 2865; x_wconf 76' lang='lat' dir='ltr'><strong>Macha-</strong></span> 
     </span>
    </p>
   </div>
   <div class='ocr_carea' id='block_1_32' title="bbox 280 2878 758 2935">
    <p class='ocr_par' dir='ltr' id='par_1_32' title="bbox 280 2878 758 2935">
     <span class='ocr_line' id='line_1_33' title="bbox 280 2878 758 2935; baseline 0.008 -4"><span class='ocrx_word' id='word_1_208' title='bbox 280 2878 523 2933; x_wconf 64' lang='lat' dir='ltr'><strong>baaorutu</strong></span> <span class='ocrx_word' id='word_1_209' title='bbox 553 2879 670 2933; x_wconf 88' lang='lat' dir='ltr'><strong>libri</strong></span> <span class='ocrx_word' id='word_1_210' title='bbox 699 2895 758 2935; x_wconf 86' lang='lat'><strong>11.</strong></span> 
     </span>
    </p>
   </div>
   <div class='ocr_carea' id='block_1_33' title="bbox 279 2947 1781 3018">
    <p class='ocr_par' dir='ltr' id='par_1_33' title="bbox 279 2947 1781 3018">
     <span class='ocr_line' id='line_1_34' title="bbox 279 2947 1781 3018; baseline 0.001 -17"><span class='ocrx_word' id='word_1_211' title='bbox 279 2947 419 3018; x_wconf 58' lang='lat' dir='ltr'><strong>[tegit</strong></span> <span class='ocrx_word' id='word_1_212' title='bbox 448 2949 575 3003; x_wconf 83' lang='lat' dir='ltr'><strong>ordo</strong></span> <span class='ocrx_word' id='word_1_213' title='bbox 606 2949 985 3018; x_wconf 79' lang='lat' dir='ltr'><strong>Scripturarum</strong></span> <span class='ocrx_word' id='word_1_214' title='bbox 1011 2948 1146 3003; x_wconf 81' lang='lat' dir='ltr'><strong>Novi</strong></span> <span class='ocrx_word' id='word_1_215' title='bbox 1168 2960 1217 3004; x_wconf 88' lang='lat' dir='ltr'><strong>et</strong></span> <span class='ocrx_word' id='word_1_216' title='bbox 1242 2951 1421 3003; x_wconf 71' lang='lat' dir='ltr'><strong>(eterni</strong></span> <span class='ocrx_word' id='word_1_217' title='bbox 1453 2947 1781 3003; x_wconf 79' lang='lat' dir='ltr'><strong>Testamenti.</strong></span> 
     </span>
    </p>
   </div>
   <div class='ocr_carea' id='block_1_34' title="bbox 347 3017 1854 3087">
    <p class='ocr_par' dir='ltr' id='par_1_34' title="bbox 347 3017 1854 3087">
     <span class='ocr_line' id='line_1_35' title="bbox 347 3017 1854 3087; baseline 0.001 -16"><span class='ocrx_word' id='word_1_218' title='bbox 347 3017 768 3087; x_wconf 80' lang='lat' dir='ltr'><strong>Evangeliorum</strong></span> <span class='ocrx_word' id='word_1_219' title='bbox 794 3018 912 3073; x_wconf 91' lang='lat' dir='ltr'><strong>libri</strong></span> <span class='ocrx_word' id='word_1_220' title='bbox 939 3034 1011 3073; x_wconf 90' lang='lat' dir='ltr'>1v.</span> <span class='ocrx_word' id='word_1_221' title='bbox 1039 3019 1342 3075; x_wconf 88' lang='lat' dir='ltr'><strong>Secundum</strong></span> <span class='ocrx_word' id='word_1_222' title='bbox 1373 3019 1677 3075; x_wconf 69' lang='lat' dir='ltr'><strong>Matthaaum</strong></span> <span class='ocrx_word' id='word_1_223' title='bbox 1719 3019 1854 3072; x_wconf 91' lang='lat' dir='ltr'><strong>liber</strong></span> 
     </span>
    </p>
   </div>
   <div class='ocr_carea' id='block_1_35' title="bbox 278 3088 1852 3145">
    <p class='ocr_par' dir='ltr' id='par_1_35' title="bbox 278 3088 1852 3145">
     <span class='ocr_line' id='line_1_36' title="bbox 278 3088 1852 3145; baseline 0.001 -4"><span class='ocrx_word' id='word_1_224' title='bbox 278 3101 317 3141; x_wconf 90' lang='lat'>1.</span> <span class='ocrx_word' id='word_1_225' title='bbox 343 3088 651 3142; x_wconf 88' lang='lat' dir='ltr'><strong>Secundum</strong></span> <span class='ocrx_word' id='word_1_226' title='bbox 677 3089 908 3143; x_wconf 78' lang='lat' dir='ltr'><strong>Marcum</strong></span> <span class='ocrx_word' id='word_1_227' title='bbox 932 3090 1063 3143; x_wconf 91' lang='lat' dir='ltr'><strong>liber</strong></span> <span class='ocrx_word' id='word_1_228' title='bbox 1089 3105 1125 3143; x_wconf 92' lang='lat'><strong>1.</strong></span> <span class='ocrx_word' id='word_1_229' title='bbox 1157 3090 1462 3145; x_wconf 89' lang='lat' dir='ltr'><strong>Secundum</strong></span> <span class='ocrx_word' id='word_1_230' title='bbox 1494 3089 1689 3142; x_wconf 85' lang='lat' dir='ltr'><strong>Lucam</strong></span> <span class='ocrx_word' id='word_1_231' title='bbox 1717 3089 1852 3143; x_wconf 88' lang='lat' dir='ltr'><strong>liber</strong></span> 
     </span>
    </p>
   </div>
   <div class='ocr_carea' id='block_1_36' title="bbox 276 3158 1848 3226">
    <p class='ocr_par' dir='ltr' id='par_1_36' title="bbox 276 3158 1848 3226">
     <span class='ocr_line' id='line_1_37' title="bbox 276 3158 1848 3226; baseline 0.001 -16"><span class='ocrx_word' id='word_1_232' title='bbox 276 3169 315 3210; x_wconf 91' lang='lat'><strong>1.</strong></span> <span class='ocrx_word' id='word_1_233' title='bbox 348 3158 660 3213; x_wconf 89' lang='lat' dir='ltr'><strong>Secundum</strong></span> <span class='ocrx_word' id='word_1_234' title='bbox 698 3158 955 3213; x_wconf 77' lang='lat' dir='ltr'><strong>Joannem</strong></span> <span class='ocrx_word' id='word_1_235' title='bbox 988 3159 1122 3213; x_wconf 89' lang='lat' dir='ltr'><strong>liber</strong></span> <span class='ocrx_word' id='word_1_236' title='bbox 1146 3175 1186 3211; x_wconf 91' lang='lat'><strong>1.</strong></span> <span class='ocrx_word' id='word_1_237' title='bbox 1213 3158 1344 3214; x_wconf 88' lang='lat' dir='ltr'><strong>Item</strong></span> <span class='ocrx_word' id='word_1_238' title='bbox 1374 3161 1597 3213; x_wconf 86' lang='lat' dir='ltr'><strong>Actuum</strong></span> <span class='ocrx_word' id='word_1_239' title='bbox 1630 3169 1848 3226; x_wconf 77' lang='lat' dir='ltr'><strong>aposto~</strong></span> 
     </span>
    </p>
   </div>
   <div class='ocr_carea' id='block_1_37' title="bbox 276 3226 1844 3295">
    <p class='ocr_par' dir='ltr' id='par_1_37' title="bbox 276 3226 1844 3295">
     <span class='ocr_line' id='line_1_38' title="bbox 276 3226 1844 3295; baseline 0.002 -16"><span class='ocrx_word' id='word_1_240' title='bbox 276 3226 459 3281; x_wconf 85' lang='lat' dir='ltr'><strong>lorum</strong></span> <span class='ocrx_word' id='word_1_241' title='bbox 509 3228 643 3282; x_wconf 89' lang='lat' dir='ltr'><strong>liber</strong></span> <span class='ocrx_word' id='word_1_242' title='bbox 670 3243 707 3281; x_wconf 88' lang='lat'><strong>1.</strong></span> <span class='ocrx_word' id='word_1_243' title='bbox 737 3228 991 3295; x_wconf 58' lang='lat' dir='ltr'><strong>Epistolas</strong></span> <span class='ocrx_word' id='word_1_244' title='bbox 1018 3228 1163 3282; x_wconf 89' lang='lat' dir='ltr'><strong>Pauli</strong></span> <span class='ocrx_word' id='word_1_245' title='bbox 1203 3229 1429 3293; x_wconf 87' lang='lat' dir='ltr'><strong>apostoli</strong></span> <span class='ocrx_word' id='word_1_246' title='bbox 1461 3242 1684 3281; x_wconf 89' lang='lat' dir='ltr'><strong>numero</strong></span> <span class='ocrx_word' id='word_1_247' title='bbox 1710 3227 1844 3283; x_wconf 79' lang='lat' dir='ltr'><strong>XIV.</strong></span> 
     </span>
    </p>
   </div>
   <div class='ocr_carea' id='block_1_38' title="bbox 275 3295 1842 3364">
    <p class='ocr_par' dir='ltr' id='par_1_38' title="bbox 275 3295 1842 3364">
     <span class='ocr_line' id='line_1_39' title="bbox 275 3295 1842 3364; baseline 0.001 -14"><span class='ocrx_word' id='word_1_248' title='bbox 275 3296 361 3350; x_wconf 79' lang='lat' dir='ltr'><strong>Ad</strong></span> <span class='ocrx_word' id='word_1_249' title='bbox 397 3299 666 3351; x_wconf 79' lang='lat' dir='ltr'><strong>Romanos</strong></span> <span class='ocrx_word' id='word_1_250' title='bbox 708 3298 943 3364; x_wconf 84' lang='lat' dir='ltr'><strong>Epistula</strong></span> <span class='ocrx_word' id='word_1_251' title='bbox 970 3296 1011 3351; x_wconf 87' lang='grc' dir='ltr'><strong>Ι.</strong></span> <span class='ocrx_word' id='word_1_252' title='bbox 1039 3298 1118 3351; x_wconf 85' lang='lat' dir='ltr'><strong>Ad</strong></span> <span class='ocrx_word' id='word_1_253' title='bbox 1144 3296 1450 3352; x_wconf 86' lang='lat' dir='ltr'><strong>Corinthios</strong></span> <span class='ocrx_word' id='word_1_254' title='bbox 1496 3295 1752 3363; x_wconf 76' lang='lat' dir='ltr'><strong>Epistolze</strong></span> <span class='ocrx_word' id='word_1_255' title='bbox 1779 3298 1842 3351; x_wconf 96' lang='lat' dir='ltr'><strong>ll.</strong></span> 
     </span>
    </p>
   </div>
   <div class='ocr_carea' id='block_1_39' title="bbox 275 3366 1848 3433">
    <p class='ocr_par' dir='ltr' id='par_1_39' title="bbox 275 3366 1848 3433">
     <span class='ocr_line' id='line_1_40' title="bbox 275 3366 1848 3433; baseline 0.001 -14"><span class='ocrx_word' id='word_1_256' title='bbox 275 3367 359 3419; x_wconf 82' lang='lat' dir='ltr'><strong>Ad</strong></span> <span class='ocrx_word' id='word_1_257' title='bbox 396 3366 658 3433; x_wconf 86' lang='lat' dir='ltr'><strong>Ephesios</strong></span> <span class='ocrx_word' id='word_1_258' title='bbox 699 3366 934 3432; x_wconf 84' lang='lat' dir='ltr'><strong>Epistola</strong></span> <span class='ocrx_word' id='word_1_259' title='bbox 964 3368 1004 3419; x_wconf 93' lang='grc' dir='ltr'><strong>Ι.</strong></span> <span class='ocrx_word' id='word_1_260' title='bbox 1061 3367 1142 3420; x_wconf 84' lang='lat' dir='ltr'><strong>Ad</strong></span> <span class='ocrx_word' id='word_1_261' title='bbox 1173 3366 1677 3421; x_wconf 84' lang='lat' dir='ltr'><strong>Thessalonicenses</strong></span> <span class='ocrx_word' id='word_1_262' title='bbox 1725 3367 1848 3433; x_wconf 89' lang='lat' dir='ltr'><strong>Epi-</strong></span> 
     </span>
    </p>
   </div>
   <div class='ocr_carea' id='block_1_40' title="bbox 275 3433 1845 3504">
    <p class='ocr_par' dir='ltr' id='par_1_40' title="bbox 275 3433 1845 3504">
     <span class='ocr_line' id='line_1_41' title="bbox 275 3433 1845 3504; baseline 0 -15"><span class='ocrx_word' id='word_1_263' title='bbox 275 3436 435 3489; x_wconf 71' lang='lat' dir='ltr'><strong>5&#39;olce</strong></span> <span class='ocrx_word' id='word_1_264' title='bbox 464 3436 528 3489; x_wconf 91' lang='lat' dir='ltr'><strong>ll.</strong></span> <span class='ocrx_word' id='word_1_265' title='bbox 551 3436 630 3489; x_wconf 85' lang='lat' dir='ltr'><strong>Ad</strong></span> <span class='ocrx_word' id='word_1_266' title='bbox 658 3433 869 3489; x_wconf 85' lang='lat' dir='ltr'><strong>Galatas</strong></span> <span class='ocrx_word' id='word_1_267' title='bbox 897 3436 1129 3502; x_wconf 78' lang='lat' dir='ltr'><strong>Epistula</strong></span> <span class='ocrx_word' id='word_1_268' title='bbox 1161 3436 1200 3489; x_wconf 92' lang='lat' dir='ltr'><strong>l.</strong></span> <span class='ocrx_word' id='word_1_269' title='bbox 1220 3436 1299 3490; x_wconf 89' lang='lat' dir='ltr'><strong>Ad</strong></span> <span class='ocrx_word' id='word_1_270' title='bbox 1323 3436 1689 3502; x_wconf 84' lang='lat' dir='ltr'><strong>Philippenses</strong></span> <span class='ocrx_word' id='word_1_271' title='bbox 1723 3436 1845 3504; x_wconf 84' lang='lat' dir='ltr'><strong>Epi-</strong></span> 
     </span>
    </p>
   </div>
   <div class='ocr_carea' id='block_1_41' title="bbox 272 3503 1841 3573">
    <p class='ocr_par' dir='ltr' id='par_1_41' title="bbox 272 3503 1841 3573">
     <span class='ocr_line' id='line_1_42' title="bbox 272 3503 1841 3573; baseline 0.001 -16"><span class='ocrx_word' id='word_1_272' title='bbox 272 3503 420 3557; x_wconf 78' lang='lat' dir='ltr'><strong>stola</strong></span> <span class='ocrx_word' id='word_1_273' title='bbox 452 3505 491 3558; x_wconf 91' lang='grc' dir='ltr'><strong>Ι.</strong></span> <span class='ocrx_word' id='word_1_274' title='bbox 524 3506 605 3558; x_wconf 84' lang='lat' dir='ltr'><strong>Ad</strong></span> <span class='ocrx_word' id='word_1_275' title='bbox 645 3504 991 3559; x_wconf 88' lang='lat' dir='ltr'><strong>Colossenses</strong></span> <span class='ocrx_word' id='word_1_276' title='bbox 1017 3505 1259 3573; x_wconf 84' lang='lat' dir='ltr'><strong>Epistola</strong></span> <span class='ocrx_word' id='word_1_277' title='bbox 1297 3504 1336 3558; x_wconf 93' lang='grc'><strong>1.</strong></span> <span class='ocrx_word' id='word_1_278' title='bbox 1385 3506 1465 3558; x_wconf 92' lang='lat' dir='ltr'><strong>Ad</strong></span> <span class='ocrx_word' id='word_1_279' title='bbox 1508 3503 1841 3559; x_wconf 83' lang='lat' dir='ltr'><strong>TimOthenm</strong></span> 
     </span>
    </p>
   </div>
   <div class='ocr_carea' id='block_1_42' title="bbox 276 3572 1840 3641">
    <p class='ocr_par' dir='ltr' id='par_1_42' title="bbox 276 3572 1840 3641">
     <span class='ocr_line' id='line_1_43' title="bbox 276 3572 1840 3641; baseline 0.002 -16"><span class='ocrx_word' id='word_1_280' title='bbox 276 3572 543 3639; x_wconf 74' lang='lat' dir='ltr'><strong>Epistola:</strong></span> <span class='ocrx_word' id='word_1_281' title='bbox 585 3574 645 3627; x_wconf 93' lang='lat' dir='ltr'><strong>ll.</strong></span> <span class='ocrx_word' id='word_1_282' title='bbox 674 3573 755 3627; x_wconf 90' lang='lat' dir='ltr'><strong>Ad</strong></span> <span class='ocrx_word' id='word_1_283' title='bbox 785 3574 961 3627; x_wconf 85' lang='lat' dir='ltr'><strong>Titum</strong></span> <span class='ocrx_word' id='word_1_284' title='bbox 1006 3572 1241 3641; x_wconf 84' lang='lat' dir='ltr'><strong>Epistola</strong></span> <span class='ocrx_word' id='word_1_285' title='bbox 1279 3574 1321 3629; x_wconf 95' lang='lat' dir='ltr'><strong>l.</strong></span> <span class='ocrx_word' id='word_1_286' title='bbox 1350 3574 1430 3628; x_wconf 90' lang='lat' dir='ltr'><strong>Ad</strong></span> <span class='ocrx_word' id='word_1_287' title='bbox 1476 3574 1840 3628; x_wconf 85' lang='lat' dir='ltr'><strong>Philemonem</strong></span> 
     </span>
    </p>
   </div>
   <div class='ocr_carea' id='block_1_43' title="bbox 277 3642 1913 3713">
    <p class='ocr_par' dir='ltr' id='par_1_43' title="bbox 277 3642 1913 3713">
     <span class='ocr_line' id='line_1_44' title="bbox 277 3642 1913 3713; baseline 0.002 -19"><span class='ocrx_word' id='word_1_288' title='bbox 277 3642 524 3713; x_wconf 64' lang='lat' dir='ltr'><strong>Epistula</strong></span> <span class='ocrx_word' id='word_1_289' title='bbox 555 3642 593 3696; x_wconf 94' lang='lat' dir='ltr'><strong>l.</strong></span> <span class='ocrx_word' id='word_1_290' title='bbox 621 3644 699 3697; x_wconf 84' lang='lat' dir='ltr'><strong>Ad</strong></span> <span class='ocrx_word' id='word_1_291' title='bbox 731 3643 983 3713; x_wconf 68' lang='lat' dir='ltr'><strong>Hebraeos</strong></span> <span class='ocrx_word' id='word_1_292' title='bbox 1014 3642 1245 3709; x_wconf 84' lang='lat' dir='ltr'><strong>Epistola</strong></span> <span class='ocrx_word' id='word_1_293' title='bbox 1274 3644 1315 3699; x_wconf 89' lang='grc' dir='ltr'><strong>Ι.</strong></span> <span class='ocrx_word' id='word_1_294' title='bbox 1342 3644 1468 3698; x_wconf 91' lang='lat' dir='ltr'><strong>Item</strong></span> <span class='ocrx_word' id='word_1_295' title='bbox 1492 3643 1839 3713; x_wconf 84' lang='lat' dir='ltr'><strong>Apocalypsis</strong></span> <span class='ocrx_word' id='word_1_296' title='bbox 1866 3642 1913 3707; x_wconf 87' lang='lat' dir='ltr'><strong>C</strong></span> 
     </span>
    </p>
   </div>
   <div class='ocr_carea' id='block_1_44' title="bbox 273 3708 1842 3781">
    <p class='ocr_par' dir='ltr' id='par_1_44' title="bbox 273 3708 1842 3781">
     <span class='ocr_line' id='line_1_45' title="bbox 273 3708 1842 3781; baseline -0.001 -16"><span class='ocrx_word' id='word_1_297' title='bbox 273 3708 500 3765; x_wconf 82' lang='lat' dir='ltr'><strong>Joannis</strong></span> <span class='ocrx_word' id='word_1_298' title='bbox 533 3713 667 3768; x_wconf 87' lang='lat' dir='ltr'><strong>liber</strong></span> <span class='ocrx_word' id='word_1_299' title='bbox 689 3728 725 3767; x_wconf 93' lang='lat'><strong>1.</strong></span> <span class='ocrx_word' id='word_1_300' title='bbox 765 3712 893 3766; x_wconf 87' lang='lat' dir='ltr'><strong>Item</strong></span> <span class='ocrx_word' id='word_1_301' title='bbox 920 3708 1188 3766; x_wconf 68' lang='lat' dir='ltr'><strong>canonica:</strong></span> <span class='ocrx_word' id='word_1_302' title='bbox 1211 3713 1459 3781; x_wconf 72' lang='lat' dir='ltr'><strong>Epistolze</strong></span> <span class='ocrx_word' id='word_1_303' title='bbox 1478 3708 1842 3780; x_wconf 54' lang='lat' dir='ltr'><strong>nu&#39;mero&#39;sep-</strong></span> 
     </span>
    </p>
   </div>
   <div class='ocr_carea' id='block_1_45' title="bbox 274 3781 1842 3851">
    <p class='ocr_par' dir='ltr' id='par_1_45' title="bbox 274 3781 1842 3851">
     <span class='ocr_line' id='line_1_46' title="bbox 274 3781 1842 3851; baseline 0.002 -19"><span class='ocrx_word' id='word_1_304' title='bbox 274 3792 408 3851; x_wconf 85' lang='lat' dir='ltr'><strong>tem.</strong></span> <span class='ocrx_word' id='word_1_305' title='bbox 445 3782 585 3835; x_wconf 87' lang='lat' dir='ltr'><strong>Petri</strong></span> <span class='ocrx_word' id='word_1_306' title='bbox 630 3782 853 3851; x_wconf 86' lang='lat' dir='ltr'><strong>apostoli</strong></span> <span class='ocrx_word' id='word_1_307' title='bbox 883 3781 1136 3849; x_wconf 71' lang='lat' dir='ltr'><strong>Epistolze</strong></span> <span class='ocrx_word' id='word_1_308' title='bbox 1162 3783 1224 3835; x_wconf 94' lang='lat' dir='ltr'><strong>ll.</strong></span> <span class='ocrx_word' id='word_1_309' title='bbox 1251 3781 1431 3836; x_wconf 81' lang='lat' dir='ltr'><strong>Jacobi</strong></span> <span class='ocrx_word' id='word_1_310' title='bbox 1461 3782 1687 3847; x_wconf 86' lang='lat' dir='ltr'><strong>apostoli</strong></span> <span class='ocrx_word' id='word_1_311' title='bbox 1718 3783 1842 3850; x_wconf 86' lang='lat' dir='ltr'><strong>Epi-</strong></span> 
     </span>
    </p>
   </div>
   <div class='ocr_carea' id='block_1_46' title="bbox 272 3850 1841 3920">
    <p class='ocr_par' dir='ltr' id='par_1_46' title="bbox 272 3850 1841 3920">
     <span class='ocr_line' id='line_1_47' title="bbox 272 3850 1841 3920; baseline 0.003 -17"><span class='ocrx_word' id='word_1_312' title='bbox 272 3850 412 3903; x_wconf 87' lang='lat' dir='ltr'><strong>stola</strong></span> <span class='ocrx_word' id='word_1_313' title='bbox 448 3851 487 3904; x_wconf 93' lang='grc' dir='ltr'><strong>Ι.</strong></span> <span class='ocrx_word' id='word_1_314' title='bbox 520 3850 741 3905; x_wconf 80' lang='lat' dir='ltr'><strong>Joannis</strong></span> <span class='ocrx_word' id='word_1_315' title='bbox 780 3851 1005 3918; x_wconf 89' lang='lat' dir='ltr'><strong>apostoli</strong></span> <span class='ocrx_word' id='word_1_316' title='bbox 1036 3852 1286 3920; x_wconf 74' lang='lat' dir='ltr'><strong>Epistolze</strong></span> <span class='ocrx_word' id='word_1_317' title='bbox 1315 3851 1395 3905; x_wconf 94' lang='lat' dir='ltr'><strong>lll.</strong></span> <span class='ocrx_word' id='word_1_318' title='bbox 1437 3851 1585 3905; x_wconf 75' lang='lat' dir='ltr'><strong>Judze</strong></span> <span class='ocrx_word' id='word_1_319' title='bbox 1637 3851 1841 3907; x_wconf 79' lang='lat' dir='ltr'><strong>Zelmis</strong></span> 
     </span>
    </p>
   </div>
   <div class='ocr_carea' id='block_1_47' title="bbox 272 3922 1075 4043">
    <p class='ocr_par' dir='ltr' id='par_1_47' title="bbox 272 3922 1075 4043">
     <span class='ocr_line' id='line_1_48' title="bbox 272 3922 1075 4043; baseline 0.001 -71"><span class='ocrx_word' id='word_1_320' title='bbox 272 3922 508 3988; x_wconf 81' lang='lat' dir='ltr'><strong>apostoli</strong></span> <span class='ocrx_word' id='word_1_321' title='bbox 542 3922 775 3990; x_wconf 85' lang='lat' dir='ltr'><strong>Epistola</strong></span> <span class='ocrx_word' id='word_1_322' title='bbox 804 3935 928 3975; x_wconf 92' lang='lat' dir='ltr'><strong>una.</strong></span> <span class='ocrx_word' id='word_1_323' title='bbox 1033 3989 1075 4043; x_wconf 81' lang='lat'><strong>&quot;</strong></span> 
     </span>
    </p>
   </div>
   <div class='ocr_carea' id='block_1_48' title="bbox 346 4057 1839 4127">
    <p class='ocr_par' dir='ltr' id='par_1_48' title="bbox 346 4057 1839 4127">
     <span class='ocr_line' id='line_1_49' title="bbox 346 4057 1839 4127; baseline 0.001 -16"><span class='ocrx_word' id='word_1_324' title='bbox 346 4058 477 4112; x_wconf 84' lang='lat' dir='ltr'><strong>Post</strong></span> <span class='ocrx_word' id='word_1_325' title='bbox 498 4059 593 4112; x_wconf 89' lang='lat' dir='ltr'><strong>has</strong></span> <span class='ocrx_word' id='word_1_326' title='bbox 618 4074 806 4113; x_wconf 87' lang='lat' dir='ltr'><strong>omnes</strong></span> <span class='ocrx_word' id='word_1_327' title='bbox 837 4058 1173 4127; x_wconf 80' lang='lat' dir='ltr'><strong>proplteticas</strong></span> <span class='ocrx_word' id='word_1_328' title='bbox 1189 4099 1204 4124; x_wconf 92' lang='lat'><strong>,</strong></span> <span class='ocrx_word' id='word_1_329' title='bbox 1227 4066 1281 4112; x_wconf 87' lang='lat' dir='ltr'><strong>et</strong></span> <span class='ocrx_word' id='word_1_330' title='bbox 1306 4057 1658 4127; x_wconf 83' lang='lat' dir='ltr'><strong>evangelicas.</strong></span> <span class='ocrx_word' id='word_1_331' title='bbox 1679 4068 1839 4127; x_wconf 88' lang='lat' dir='ltr'><strong>atque</strong></span> 
     </span>
    </p>
   </div>
   <div class='ocr_carea' id='block_1_49' title="bbox 269 4126 1834 4197">
    <p class='ocr_par' dir='ltr' id='par_1_49' title="bbox 269 4126 1834 4197">
     <span class='ocr_line' id='line_1_50' title="bbox 269 4126 1834 4197; baseline 0 -16"><span class='ocrx_word' id='word_1_332' title='bbox 269 4129 626 4197; x_wconf 75' lang='lat' dir='ltr'><strong>apostolicas,</strong></span> <span class='ocrx_word' id='word_1_333' title='bbox 648 4143 780 4197; x_wconf 91' lang='lat' dir='ltr'><strong>quas</strong></span> <span class='ocrx_word' id='word_1_334' title='bbox 800 4126 1044 4197; x_wconf 76' lang='lat' dir='ltr'><strong>superius</strong></span> <span class='ocrx_word' id='word_1_335' title='bbox 1064 4128 1492 4197; x_wconf 90' lang='lat' dir='ltr'><strong>deprompsimus</strong></span> <span class='ocrx_word' id='word_1_336' title='bbox 1510 4126 1834 4197; x_wconf 85' lang='lat' dir='ltr'><strong>Scripturas,</strong></span> 
     </span>
    </p>
   </div>
   <div class='ocr_carea' id='block_1_50' title="bbox 268 4196 1838 4268">
    <p class='ocr_par' dir='ltr' id='par_1_50' title="bbox 268 4196 1838 4268">
     <span class='ocr_line' id='line_1_51' title="bbox 268 4196 1838 4268; baseline -0.001 -17"><span class='ocrx_word' id='word_1_337' title='bbox 268 4196 467 4268; x_wconf 85' lang='lat' dir='ltr'><strong>quibus</strong></span> <span class='ocrx_word' id='word_1_338' title='bbox 501 4196 921 4267; x_wconf 34' lang='lat' dir='ltr'><strong>151’Ecclesia</strong></span> <span class='ocrx_word' id='word_1_339' title='bbox 938 4196 1208 4253; x_wconf 80' lang='lat' dir='ltr'><strong>Catholica</strong></span> <span class='ocrx_word' id='word_1_340' title='bbox 1240 4196 1335 4266; x_wconf 89' lang='lat' dir='ltr'><strong>per</strong></span> <span class='ocrx_word' id='word_1_341' title='bbox 1352 4199 1575 4268; x_wconf 76' lang='lat' dir='ltr'><strong>gratiam</strong></span> <span class='ocrx_word' id='word_1_342' title='bbox 1606 4197 1701 4252; x_wconf 89' lang='lat' dir='ltr'><strong>Dei</strong></span> <span class='ocrx_word' id='word_1_343' title='bbox 1723 4196 1838 4268; x_wconf 50' lang='lat' dir='ltr'><strong>funf</strong></span> 
     </span>
    </p>
   </div>
   <div class='ocr_carea' id='block_1_51' title="bbox 267 4267 1837 4336">
    <p class='ocr_par' dir='ltr' id='par_1_51' title="bbox 267 4267 1837 4336">
     <span class='ocr_line' id='line_1_52' title="bbox 267 4267 1837 4336; baseline -0.001 -15"><span class='ocrx_word' id='word_1_344' title='bbox 267 4267 392 4321; x_wconf 83' lang='lat' dir='ltr'><strong>data</strong></span> <span class='ocrx_word' id='word_1_345' title='bbox 440 4278 545 4332; x_wconf 86' lang='lat' dir='ltr'><strong>est,</strong></span> <span class='ocrx_word' id='word_1_346' title='bbox 575 4278 735 4321; x_wconf 78' lang='lat' dir='ltr'><strong>etiam</strong></span> <span class='ocrx_word' id='word_1_347' title='bbox 775 4268 905 4321; x_wconf 90' lang='lat' dir='ltr'><strong>illud</strong></span> <span class='ocrx_word' id='word_1_348' title='bbox 949 4268 1296 4322; x_wconf 89' lang='lat' dir='ltr'><strong>intimandum</strong></span> <span class='ocrx_word' id='word_1_349' title='bbox 1345 4267 1664 4335; x_wconf 85' lang='lat' dir='ltr'><strong>putavimus,</strong></span> <span class='ocrx_word' id='word_1_350' title='bbox 1697 4267 1837 4336; x_wconf 86' lang='lat' dir='ltr'><strong>quod</strong></span> 
     </span>
    </p>
   </div>
   <div class='ocr_carea' id='block_1_52' title="bbox 266 4336 1837 4407">
    <p class='ocr_par' dir='ltr' id='par_1_52' title="bbox 266 4336 1837 4407">
     <span class='ocr_line' id='line_1_53' title="bbox 266 4336 1837 4407; baseline 0.002 -19"><span class='ocrx_word' id='word_1_351' title='bbox 266 4338 512 4403; x_wconf 78' lang='lat' dir='ltr'><strong>quamvis</strong></span> <span class='ocrx_word' id='word_1_352' title='bbox 540 4338 801 4407; x_wconf 71' lang='lat' dir='ltr'><strong>universa:</strong></span> <span class='ocrx_word' id='word_1_353' title='bbox 832 4353 925 4407; x_wconf 84' lang='lat' dir='ltr'><strong>per</strong></span> <span class='ocrx_word' id='word_1_354' title='bbox 952 4338 1139 4407; x_wconf 91' lang='lat' dir='ltr'><strong>orbem</strong></span> <span class='ocrx_word' id='word_1_355' title='bbox 1167 4336 1372 4391; x_wconf 70' lang='lat' dir='ltr'><strong>dilfusa:</strong></span> <span class='ocrx_word' id='word_1_356' title='bbox 1406 4337 1684 4391; x_wconf 68' lang='lat' dir='ltr'><strong>catholica:</strong></span> <span class='ocrx_word' id='word_1_357' title='bbox 1732 4336 1837 4407; x_wconf 69' lang='lat' dir='ltr'><strong>Ec-</strong></span> 
     </span>
    </p>
   </div>
   <div class='ocr_carea' id='block_1_53' title="bbox 267 4406 1835 4470">
    <p class='ocr_par' dir='ltr' id='par_1_53' title="bbox 267 4406 1835 4470">
     <span class='ocr_line' id='line_1_54' title="bbox 267 4406 1835 4470; baseline 0.001 -11"><span class='ocrx_word' id='word_1_358' title='bbox 267 4407 454 4459; x_wconf 78' lang='lat' dir='ltr'><strong>clesia:</strong></span> <span class='ocrx_word' id='word_1_359' title='bbox 489 4420 624 4461; x_wconf 90' lang='lat' dir='ltr'><strong>unus</strong></span> <span class='ocrx_word' id='word_1_360' title='bbox 658 4406 921 4460; x_wconf 87' lang='lat' dir='ltr'><strong>thalamus</strong></span> <span class='ocrx_word' id='word_1_361' title='bbox 948 4406 1144 4461; x_wconf 86' lang='lat' dir='ltr'><strong>Christi</strong></span> <span class='ocrx_word' id='word_1_362' title='bbox 1176 4407 1275 4470; x_wconf 84' lang='lat' dir='ltr'><strong>sit,</strong></span> <span class='ocrx_word' id='word_1_363' title='bbox 1305 4415 1486 4460; x_wconf 86' lang='lat' dir='ltr'><strong>sancta</strong></span> <span class='ocrx_word' id='word_1_364' title='bbox 1520 4416 1695 4460; x_wconf 87' lang='lat' dir='ltr'><strong>tamen</strong></span> <span class='ocrx_word' id='word_1_365' title='bbox 1728 4406 1835 4460; x_wconf 82' lang='lat' dir='ltr'><strong>Ro-</strong></span> 
     </span>
    </p>
   </div>
   <div class='ocr_carea' id='block_1_54' title="bbox 265 4475 1835 4546">
    <p class='ocr_par' dir='ltr' id='par_1_54' title="bbox 265 4475 1835 4546">
     <span class='ocr_line' id='line_1_55' title="bbox 265 4475 1835 4546; baseline -0.001 -18"><span class='ocrx_word' id='word_1_366' title='bbox 265 4489 424 4528; x_wconf 85' lang='lat' dir='ltr'><strong>mana</strong></span> <span class='ocrx_word' id='word_1_367' title='bbox 467 4475 702 4546; x_wconf 78' lang='lat' dir='ltr'><strong>Ecclesia</strong></span> <span class='ocrx_word' id='word_1_368' title='bbox 736 4477 894 4531; x_wconf 91' lang='lat' dir='ltr'><strong>nullis</strong></span> <span class='ocrx_word' id='word_1_369' title='bbox 933 4477 1199 4546; x_wconf 89' lang='lat' dir='ltr'><strong>synodicis</strong></span> <span class='ocrx_word' id='word_1_370' title='bbox 1244 4477 1587 4546; x_wconf 83' lang='lat' dir='ltr'><strong>constitutis,</strong></span> <span class='ocrx_word' id='word_1_371' title='bbox 1629 4477 1835 4529; x_wconf 71' lang='lat' dir='ltr'><strong>czeteris</strong></span> 
     </span>
    </p>
   </div>
   <div class='ocr_carea' id='block_1_55' title="bbox 267 4545 1838 4614">
    <p class='ocr_par' dir='ltr' id='par_1_55' title="bbox 267 4545 1838 4614">
     <span class='ocr_line' id='line_1_56' title="bbox 267 4545 1838 4614; baseline 0.002 -17"><span class='ocrx_word' id='word_1_372' title='bbox 267 4545 524 4597; x_wconf 79' lang='lat' dir='ltr'><strong>Ecclesiis</strong></span> <span class='ocrx_word' id='word_1_373' title='bbox 557 4546 772 4612; x_wconf 76' lang='lat' dir='ltr'><strong>przelata</strong></span> <span class='ocrx_word' id='word_1_374' title='bbox 802 4556 902 4608; x_wconf 89' lang='lat' dir='ltr'><strong>est,</strong></span> <span class='ocrx_word' id='word_1_375' title='bbox 937 4545 1031 4599; x_wconf 88' lang='lat' dir='ltr'><strong>sed</strong></span> <span class='ocrx_word' id='word_1_376' title='bbox 1052 4546 1358 4614; x_wconf 84' lang='lat' dir='ltr'><strong>evangelica</strong></span> <span class='ocrx_word' id='word_1_377' title='bbox 1385 4560 1516 4600; x_wconf 89' lang='lat' dir='ltr'><strong>voce</strong></span> <span class='ocrx_word' id='word_1_378' title='bbox 1549 4545 1753 4599; x_wconf 88' lang='lat' dir='ltr'><strong>Domini</strong></span> <span class='ocrx_word' id='word_1_379' title='bbox 1783 4556 1838 4600; x_wconf 92' lang='lat' dir='ltr'><strong>et</strong></span> 
     </span>
    </p>
   </div>
   <div class='ocr_carea' id='block_1_56' title="bbox 263 4614 1828 4683">
    <p class='ocr_par' dir='ltr' id='par_1_56' title="bbox 263 4614 1828 4683">
     <span class='ocr_line' id='line_1_57' title="bbox 263 4614 1828 4683; baseline 0 -18"><span class='ocrx_word' id='word_1_380' title='bbox 263 4614 563 4667; x_wconf 87' lang='lat' dir='ltr'><strong>Salvatoris</strong></span> <span class='ocrx_word' id='word_1_381' title='bbox 580 4616 752 4668; x_wconf 82' lang='lat' dir='ltr'><strong>nostri</strong></span> <span class='ocrx_word' id='word_1_382' title='bbox 775 4660 788 4681; x_wconf 92' lang='lat'><strong>,</strong></span> <span class='ocrx_word' id='word_1_383' title='bbox 823 4615 1103 4683; x_wconf 87' lang='lat' dir='ltr'><strong>primatum</strong></span> <span class='ocrx_word' id='word_1_384' title='bbox 1137 4616 1397 4671; x_wconf 89' lang='lat' dir='ltr'><strong>obtinuit:</strong></span> <span class='ocrx_word' id='word_1_385' title='bbox 1431 4614 1509 4667; x_wconf 89' lang='lat' dir='ltr'><strong>Tu</strong></span> <span class='ocrx_word' id='word_1_386' title='bbox 1533 4632 1591 4683; x_wconf 75' lang='lat' dir='ltr'><strong>es</strong></span> <span class='ocrx_word' id='word_1_387' title='bbox 1609 4615 1788 4667; x_wconf 80' lang='lat' dir='ltr'><strong>Petrus</strong></span> <span class='ocrx_word' id='word_1_388' title='bbox 1812 4654 1828 4679; x_wconf 91' lang='lat'><strong>,</strong></span> 
     </span>
    </p>
   </div>
   <div class='ocr_carea' id='block_1_57' title="bbox 263 4682 1834 4765">
    <p class='ocr_par' dir='ltr' id='par_1_57' title="bbox 263 4682 1834 4765">
     <span class='ocr_line' id='line_1_58' title="bbox 263 4682 1834 4765; baseline 0.001 -29"><span class='ocrx_word' id='word_1_389' title='bbox 263 4683 574 4765; x_wconf 79' lang='lat' dir='ltr'><strong>inquientis,</strong></span> <span class='ocrx_word' id='word_1_390' title='bbox 603 4694 647 4738; x_wconf 82' lang='lat' dir='ltr'><strong>et</strong></span> <span class='ocrx_word' id='word_1_391' title='bbox 675 4682 833 4765; x_wconf 68' lang='lat' dir='ltr'><strong>super</strong></span> <span class='ocrx_word' id='word_1_392' title='bbox 856 4686 986 4765; x_wconf 66' lang='lat' dir='ltr'><strong>hanc</strong></span> <span class='ocrx_word' id='word_1_393' title='bbox 1012 4693 1205 4753; x_wconf 83' lang='lat' dir='ltr'><strong>petram</strong></span> <span class='ocrx_word' id='word_1_394' title='bbox 1234 4685 1508 4765; x_wconf 40' lang='lat' dir='ltr'><strong>ltediﬁcabg</strong></span> <span class='ocrx_word' id='word_1_395' title='bbox 1553 4682 1834 4737; x_wconf 75' lang='lat' dir='ltr'><strong>Ecclesium</strong></span> 
     </span>
    </p>
   </div>
   <div class='ocr_carea' id='block_1_58' title="bbox 230 4753 1831 4845">
    <p class='ocr_par' dir='ltr' id='par_1_58' title="bbox 230 4753 1831 4845">
     <span class='ocr_line' id='line_1_59' title="bbox 230 4753 1831 4845; baseline 0.002 -41"><span class='ocrx_word' id='word_1_396' title='bbox 230 4768 438 4845; x_wconf 50' lang='lat' dir='ltr'><strong>113w»:</strong></span> <span class='ocrx_word' id='word_1_397' title='bbox 446 4769 465 4805; x_wconf 90' lang='lat'><strong><em>:</em></strong></span> <span class='ocrx_word' id='word_1_398' title='bbox 492 4764 539 4845; x_wconf 58' lang='grc' dir='ltr'><strong>ει</strong></span> <span class='ocrx_word' id='word_1_399' title='bbox 562 4753 916 4845; x_wconf 51' lang='lat' dir='ltr'><strong>portteinferm&#39;</strong></span> <span class='ocrx_word' id='word_1_400' title='bbox 942 4771 1043 4807; x_wconf 84' lang='lat' dir='ltr'><strong>non</strong></span> <span class='ocrx_word' id='word_1_401' title='bbox 1059 4755 1397 4845; x_wconf 51' lang='lat' dir='ltr'><strong>praevalebunt</strong></span> <span class='ocrx_word' id='word_1_402' title='bbox 1427 4753 1668 4805; x_wconf 78' lang='lat' dir='ltr'><strong>adversus</strong></span> <span class='ocrx_word' id='word_1_403' title='bbox 1698 4768 1831 4845; x_wconf 70' lang='lat' dir='ltr'><strong>eam.</strong></span> 
     </span>
     <span class='ocr_line' id='line_1_60' title="bbox 315 4824 1800 4845; baseline 0 0"><span class='ocrx_word' id='word_1_404' title='bbox 315 4831 328 4845; x_wconf 75' lang='grc' dir='ltr'>ι</span> <span class='ocrx_word' id='word_1_405' title='bbox 373 4824 403 4845; x_wconf 67' lang='grc' dir='ltr'>ιζ</span> <span class='ocrx_word' id='word_1_406' title='bbox 446 4824 457 4845; x_wconf 71' lang='grc' dir='ltr'><strong><em>Σ</em></strong></span> <span class='ocrx_word' id='word_1_407' title='bbox 530 4827 612 4845; x_wconf 77' lang='lat' dir='ltr'><strong>-L-</strong></span> <span class='ocrx_word' id='word_1_408' title='bbox 650 4842 665 4845; x_wconf 86' lang='lat'>_</span> <span class='ocrx_word' id='word_1_409' title='bbox 696 4840 799 4845; x_wconf 66' lang='lat'><strong>_.-_</strong></span> <span class='ocrx_word' id='word_1_410' title='bbox 831 4826 969 4845; x_wconf 32' lang='grc' dir='ltr'><strong>..-μηξ</strong></span> <span class='ocrx_word' id='word_1_411' title='bbox 1014 4841 1072 4845; x_wconf 56' lang='grc' dir='ltr'><strong>,μ</strong></span> <span class='ocrx_word' id='word_1_412' title='bbox 1108 4838 1239 4845; x_wconf 58' lang='grc' dir='ltr'><strong>-.μμμ</strong></span> <span class='ocrx_word' id='word_1_413' title='bbox 1265 4839 1277 4845; x_wconf 90' lang='grc'><strong><em>-</em></strong></span> <span class='ocrx_word' id='word_1_414' title='bbox 1307 4833 1345 4845; x_wconf 69' lang='grc' dir='ltr'><strong>,ι</strong></span> <span class='ocrx_word' id='word_1_415' title='bbox 1377 4838 1678 4845; x_wconf 67' lang='lat'><strong>_-....---....---</strong></span> <span class='ocrx_word' id='word_1_416' title='bbox 1721 4826 1800 4845; x_wconf 63' lang='grc' dir='ltr'><strong>λ..-</strong></span> 
     </span>
    </p>
   </div>
   <div class='ocr_carea' id='block_1_59' title="bbox 260 4821 1877 4894">
    <p class='ocr_par' dir='ltr' id='par_1_59' title="bbox 260 4821 1877 4894">
     <span class='ocr_line' id='line_1_61' title="bbox 260 4821 1877 4894; baseline 0.001 -20"><span class='ocrx_word' id='word_1_417' title='bbox 260 4821 328 4874; x_wconf 84' lang='lat' dir='ltr'><strong>Et</strong></span> <span class='ocrx_word' id='word_1_418' title='bbox 355 4823 457 4894; x_wconf 72' lang='lat' dir='ltr'><strong>tibi</strong></span> <span class='ocrx_word' id='word_1_419' title='bbox 486 4824 615 4875; x_wconf 85' lang='lat' dir='ltr'><strong>dabo</strong></span> <span class='ocrx_word' id='word_1_420' title='bbox 641 4821 801 4877; x_wconf 74' lang='lat' dir='ltr'><strong>claves</strong></span> <span class='ocrx_word' id='word_1_421' title='bbox 830 4826 969 4894; x_wconf 84' lang='lat' dir='ltr'><strong>regni</strong></span> <span class='ocrx_word' id='word_1_422' title='bbox 1004 4825 1277 4894; x_wconf 75' lang='lat' dir='ltr'><strong>cwlornm;</strong></span> <span class='ocrx_word' id='word_1_423' title='bbox 1297 4833 1345 4877; x_wconf 84' lang='lat' dir='ltr'><strong>et</strong></span> <span class='ocrx_word' id='word_1_424' title='bbox 1369 4838 1678 4894; x_wconf 59' lang='lat' dir='ltr'><strong>quacunque</strong></span> <span class='ocrx_word' id='word_1_425' title='bbox 1700 4824 1831 4891; x_wconf 76' lang='lat' dir='ltr'><strong>liga-</strong></span> <span class='ocrx_word' id='word_1_426' title='bbox 1855 4867 1877 4888; x_wconf 68' lang='grc'>,</span> 
     </span>
    </p>
   </div>
   <div class='ocr_carea' id='block_1_60' title="bbox 255 4892 1828 4963">
    <p class='ocr_par' dir='ltr' id='par_1_60' title="bbox 255 4892 1828 4963">
     <span class='ocr_line' id='line_1_62' title="bbox 255 4892 1828 4963; baseline 0 -20"><span class='ocrx_word' id='word_1_427' title='bbox 255 4892 389 4944; x_wconf 75' lang='lat' dir='ltr'><strong>veris</strong></span> <span class='ocrx_word' id='word_1_428' title='bbox 406 4908 556 4959; x_wconf 83' lang='lat' dir='ltr'><strong>super</strong></span> <span class='ocrx_word' id='word_1_429' title='bbox 580 4902 795 4957; x_wconf 86' lang='lat' dir='ltr'><strong>terram,</strong></span> <span class='ocrx_word' id='word_1_430' title='bbox 824 4892 1141 4963; x_wconf 70' lang='lat' dir='ltr'><strong>eruntliguta</strong></span> <span class='ocrx_word' id='word_1_431' title='bbox 1168 4901 1215 4945; x_wconf 83' lang='lat' dir='ltr'><strong>et</strong></span> <span class='ocrx_word' id='word_1_432' title='bbox 1246 4893 1296 4945; x_wconf 83' lang='lat' dir='ltr'><strong>in</strong></span> <span class='ocrx_word' id='word_1_433' title='bbox 1329 4892 1452 4945; x_wconf 69' lang='lat' dir='ltr'><strong>calo</strong></span> <span class='ocrx_word' id='word_1_434' title='bbox 1470 4908 1487 4943; x_wconf 92' lang='lat'><strong><em>:</em></strong></span> <span class='ocrx_word' id='word_1_435' title='bbox 1518 4902 1563 4943; x_wconf 89' lang='lat' dir='ltr'><strong>et</strong></span> <span class='ocrx_word' id='word_1_436' title='bbox 1591 4908 1828 4963; x_wconf 74' lang='lat' dir='ltr'><strong>quaecun-</strong></span> 
     </span>
    </p>
   </div>
   <div class='ocr_carea' id='block_1_61' title="bbox 285 5030 1821 5101">
    <p class='ocr_par' dir='ltr' id='par_1_61' title="bbox 285 5030 1821 5101">
     <span class='ocr_line' id='line_1_63' title="bbox 285 5030 1821 5101; baseline 0.001 -19"><span class='ocrx_word' id='word_1_437' title='bbox 285 5030 477 5101; x_wconf 70' lang='lat' dir='ltr'><strong>Mutth.</strong></span> <span class='ocrx_word' id='word_1_438' title='bbox 511 5048 623 5097; x_wconf 81' lang='lat' dir='ltr'><strong>xvt,</strong></span> <span class='ocrx_word' id='word_1_439' title='bbox 660 5030 744 5094; x_wconf 79' lang='grc'><strong>18,</strong></span> <span class='ocrx_word' id='word_1_440' title='bbox 778 5033 887 5101; x_wconf 83' lang='grc'><strong>19).</strong></span> <span class='ocrx_word' id='word_1_441' title='bbox 920 5033 1111 5086; x_wconf 81' lang='lat' dir='ltr'><strong>Addita</strong></span> <span class='ocrx_word' id='word_1_442' title='bbox 1141 5044 1222 5084; x_wconf 91' lang='lat' dir='ltr'><strong>est</strong></span> <span class='ocrx_word' id='word_1_443' title='bbox 1251 5033 1411 5085; x_wconf 91' lang='lat' dir='ltr'><strong>etiam</strong></span> <span class='ocrx_word' id='word_1_444' title='bbox 1443 5031 1672 5085; x_wconf 88' lang='lat' dir='ltr'><strong>societas</strong></span> <span class='ocrx_word' id='word_1_445' title='bbox 1700 5030 1821 5101; x_wconf 77' lang='lat' dir='ltr'><strong>bea~</strong></span> 
     </span>
    </p>
   </div>
   <div class='ocr_carea' id='block_1_62' title="bbox 175 5096 1820 5170">
    <p class='ocr_par' dir='ltr' id='par_1_62' title="bbox 175 5096 1820 5170">
     <span class='ocr_line' id='line_1_64' title="bbox 175 5096 1820 5170; baseline 0.002 -21"><span class='ocrx_word' id='word_1_446' title='bbox 175 5096 209 5148; x_wconf 68' lang='grc' dir='ltr'><strong>-ἰ</strong></span> <span class='ocrx_word' id='word_1_447' title='bbox 257 5096 459 5153; x_wconf 75' lang='lat' dir='ltr'><strong>tissimi</strong></span> <span class='ocrx_word' id='word_1_448' title='bbox 508 5096 651 5155; x_wconf 90' lang='lat' dir='ltr'><strong>Pauli</strong></span> <span class='ocrx_word' id='word_1_449' title='bbox 700 5096 947 5170; x_wconf 81' lang='lat' dir='ltr'><strong>apostoli,</strong></span> <span class='ocrx_word' id='word_1_450' title='bbox 979 5102 1119 5154; x_wconf 55' lang='lat' dir='ltr'><strong>vasis</strong></span> <span class='ocrx_word' id='word_1_451' title='bbox 1150 5102 1455 5163; x_wconf 90' lang='lat' dir='ltr'><strong>electionis;</strong></span> <span class='ocrx_word' id='word_1_452' title='bbox 1481 5101 1570 5168; x_wconf 92' lang='lat' dir='ltr'><strong>qui</strong></span> <span class='ocrx_word' id='word_1_453' title='bbox 1601 5115 1706 5153; x_wconf 95' lang='lat' dir='ltr'><strong>non</strong></span> <span class='ocrx_word' id='word_1_454' title='bbox 1737 5100 1820 5153; x_wconf 87' lang='lat' dir='ltr'><strong>di-</strong></span> 
     </span>
    </p>
   </div>
   <div class='ocr_carea' id='block_1_63' title="bbox 251 5172 1820 5240">
    <p class='ocr_par' dir='ltr' id='par_1_63' title="bbox 251 5172 1820 5240">
     <span class='ocr_line' id='line_1_65' title="bbox 251 5172 1820 5240; baseline 0.001 -19"><span class='ocrx_word' id='word_1_455' title='bbox 251 5182 445 5240; x_wconf 81' lang='lat' dir='ltr'><strong>verso.</strong></span> <span class='ocrx_word' id='word_1_456' title='bbox 476 5172 607 5225; x_wconf 88' lang='lat' dir='ltr'><strong>sicut</strong></span> <span class='ocrx_word' id='word_1_457' title='bbox 636 5172 867 5225; x_wconf 70' lang='lat' dir='ltr'><strong>hmretici</strong></span> <span class='ocrx_word' id='word_1_458' title='bbox 887 5173 1125 5240; x_wconf 83' lang='lat' dir='ltr'><strong>garriunt</strong></span> <span class='ocrx_word' id='word_1_459' title='bbox 1147 5210 1161 5235; x_wconf 91' lang='lat'><strong>,</strong></span> <span class='ocrx_word' id='word_1_460' title='bbox 1194 5172 1287 5225; x_wconf 90' lang='lat' dir='ltr'><strong>sed</strong></span> <span class='ocrx_word' id='word_1_461' title='bbox 1305 5186 1409 5240; x_wconf 76' lang='lat' dir='ltr'><strong>tino</strong></span> <span class='ocrx_word' id='word_1_462' title='bbox 1432 5180 1688 5233; x_wconf 80' lang='lat' dir='ltr'><strong>tempore,</strong></span> <span class='ocrx_word' id='word_1_463' title='bbox 1716 5184 1820 5240; x_wconf 86' lang='lat' dir='ltr'><strong>uno</strong></span> 
     </span>
    </p>
   </div>
   <div class='ocr_carea' id='block_1_64' title="bbox 251 5238 1820 5309">
    <p class='ocr_par' dir='ltr' id='par_1_64' title="bbox 251 5238 1820 5309">
     <span class='ocr_line' id='line_1_66' title="bbox 251 5238 1820 5309; baseline -0.002 -17"><span class='ocrx_word' id='word_1_464' title='bbox 251 5239 553 5307; x_wconf 84' lang='lat' dir='ltr'><strong>eodemque</strong></span> <span class='ocrx_word' id='word_1_465' title='bbox 573 5242 682 5303; x_wconf 91' lang='lat' dir='ltr'><strong>die,</strong></span> <span class='ocrx_word' id='word_1_466' title='bbox 704 5238 927 5309; x_wconf 81' lang='lat' dir='ltr'><strong>gloriosa</strong></span> <span class='ocrx_word' id='word_1_467' title='bbox 962 5250 1130 5295; x_wconf 90' lang='lat' dir='ltr'><strong>morte</strong></span> <span class='ocrx_word' id='word_1_468' title='bbox 1151 5255 1271 5294; x_wconf 91' lang='lat' dir='ltr'><strong>cum</strong></span> <span class='ocrx_word' id='word_1_469' title='bbox 1306 5238 1463 5293; x_wconf 89' lang='lat' dir='ltr'><strong>Petro</strong></span> <span class='ocrx_word' id='word_1_470' title='bbox 1484 5240 1538 5291; x_wconf 89' lang='lat' dir='ltr'><strong>in</strong></span> <span class='ocrx_word' id='word_1_471' title='bbox 1560 5240 1689 5292; x_wconf 88' lang='lat' dir='ltr'><strong>urbe</strong></span> <span class='ocrx_word' id='word_1_472' title='bbox 1713 5239 1820 5291; x_wconf 69' lang='lat' dir='ltr'><strong>lto-</strong></span> 
     </span>
    </p>
   </div>
   <div class='ocr_carea' id='block_1_65' title="bbox 251 5309 1821 5379">
    <p class='ocr_par' dir='ltr' id='par_1_65' title="bbox 251 5309 1821 5379">
     <span class='ocr_line' id='line_1_67' title="bbox 251 5309 1821 5379; baseline 0.001 -19"><span class='ocrx_word' id='word_1_473' title='bbox 251 5323 367 5370; x_wconf 87' lang='lat' dir='ltr'><strong>1na,</strong></span> <span class='ocrx_word' id='word_1_474' title='bbox 402 5314 497 5362; x_wconf 88' lang='lat' dir='ltr'><strong>sub</strong></span> <span class='ocrx_word' id='word_1_475' title='bbox 528 5310 739 5379; x_wconf 59' lang='lat' dir='ltr'><strong>Casare</strong></span> <span class='ocrx_word' id='word_1_476' title='bbox 760 5310 967 5364; x_wconf 84' lang='lat' dir='ltr'><strong>Nerone</strong></span> <span class='ocrx_word' id='word_1_477' title='bbox 998 5311 1285 5379; x_wconf 80' lang='lat' dir='ltr'><strong>agonizans</strong></span> <span class='ocrx_word' id='word_1_478' title='bbox 1312 5318 1596 5363; x_wconf 90' lang='lat' dir='ltr'><strong>coronatus</strong></span> <span class='ocrx_word' id='word_1_479' title='bbox 1628 5318 1727 5379; x_wconf 85' lang='lat' dir='ltr'><strong>est.</strong></span> <span class='ocrx_word' id='word_1_480' title='bbox 1756 5309 1821 5361; x_wconf 77' lang='lat' dir='ltr'><strong>Et</strong></span> 
     </span>
    </p>
   </div>
   <div class='ocr_carea' id='block_1_66' title="bbox 252 5378 1817 5447">
    <p class='ocr_par' dir='ltr' id='par_1_66' title="bbox 252 5378 1817 5447">
     <span class='ocr_line' id='line_1_68' title="bbox 252 5378 1817 5447; baseline 0.002 -19"><span class='ocrx_word' id='word_1_481' title='bbox 252 5379 462 5447; x_wconf 86' lang='lat' dir='ltr'><strong>pariter</strong></span> <span class='ocrx_word' id='word_1_482' title='bbox 491 5378 845 5447; x_wconf 77' lang='lat' dir='ltr'><strong>supradictam</strong></span> <span class='ocrx_word' id='word_1_483' title='bbox 902 5378 1137 5433; x_wconf 74' lang='lat' dir='ltr'><strong>sanctam</strong></span> <span class='ocrx_word' id='word_1_484' title='bbox 1195 5382 1488 5433; x_wconf 71' lang='lat' dir='ltr'><strong>liomanam</strong></span> <span class='ocrx_word' id='word_1_485' title='bbox 1533 5378 1817 5431; x_wconf 70' lang='lat' dir='ltr'><strong>Ecclesiam</strong></span> 
     </span>
    </p>
   </div>
   <div class='ocr_carea' id='block_1_67' title="bbox 249 5446 1817 5516">
    <p class='ocr_par' dir='ltr' id='par_1_67' title="bbox 249 5446 1817 5516">
     <span class='ocr_line' id='line_1_69' title="bbox 249 5446 1817 5516; baseline -0.001 -17"><span class='ocrx_word' id='word_1_486' title='bbox 249 5446 471 5500; x_wconf 79' lang='lat' dir='ltr'><strong>Christo</strong></span> <span class='ocrx_word' id='word_1_487' title='bbox 499 5446 724 5502; x_wconf 82' lang='lat' dir='ltr'><strong>Demino</strong></span> <span class='ocrx_word' id='word_1_488' title='bbox 763 5460 1177 5512; x_wconf 80' lang='lat' dir='ltr'><strong>consecrarunt;</strong></span> <span class='ocrx_word' id='word_1_489' title='bbox 1208 5450 1431 5516; x_wconf 73' lang='lat' dir='ltr'><strong>aliisque</strong></span> <span class='ocrx_word' id='word_1_490' title='bbox 1460 5450 1706 5501; x_wconf 90' lang='lat' dir='ltr'><strong>omnibus</strong></span> <span class='ocrx_word' id='word_1_491' title='bbox 1729 5463 1817 5499; x_wconf 89' lang='lat' dir='ltr'>11r-</span> 
     </span>
    </p>
   </div>
   <div class='ocr_carea' id='block_1_68' title="bbox 249 5516 1818 5587">
    <p class='ocr_par' dir='ltr' id='par_1_68' title="bbox 249 5516 1818 5587">
     <span class='ocr_line' id='line_1_70' title="bbox 249 5516 1818 5587; baseline 0.001 -19"><span class='ocrx_word' id='word_1_492' title='bbox 249 5516 413 5569; x_wconf 82' lang='lat' dir='ltr'><strong>bibus</strong></span> <span class='ocrx_word' id='word_1_493' title='bbox 437 5518 488 5569; x_wconf 93' lang='lat' dir='ltr'><strong>in</strong></span> <span class='ocrx_word' id='word_1_494' title='bbox 512 5518 761 5571; x_wconf 86' lang='lat' dir='ltr'><strong>universo</strong></span> <span class='ocrx_word' id='word_1_495' title='bbox 790 5519 1019 5581; x_wconf 90' lang='lat' dir='ltr'><strong>mundo,</strong></span> <span class='ocrx_word' id='word_1_496' title='bbox 1049 5533 1140 5572; x_wconf 88' lang='lat' dir='ltr'><strong>sua</strong></span> <span class='ocrx_word' id='word_1_497' title='bbox 1166 5520 1441 5587; x_wconf 57' lang='lat' dir='ltr'><strong>praesentia</strong></span> <span class='ocrx_word' id='word_1_498' title='bbox 1470 5526 1625 5584; x_wconf 75' lang='lat' dir='ltr'><strong>atque</strong></span> <span class='ocrx_word' id='word_1_499' title='bbox 1657 5530 1818 5587; x_wconf 41' lang='lat' dir='ltr'><strong>vene:</strong></span> 
     </span>
    </p>
   </div>
   <div class='ocr_carea' id='block_1_69' title="bbox 250 5585 1818 5656">
    <p class='ocr_par' dir='ltr' id='par_1_69' title="bbox 250 5585 1818 5656">
     <span class='ocr_line' id='line_1_71' title="bbox 250 5585 1818 5656; baseline 0 -18"><span class='ocrx_word' id='word_1_500' title='bbox 250 5587 719 5656; x_wconf 78' lang='lat' dir='ltr'><strong>ranuotriumpho</strong></span> <span class='ocrx_word' id='word_1_501' title='bbox 760 5590 1127 5651; x_wconf 63' lang='lat' dir='ltr'><strong>praetulerunt.</strong></span> <span class='ocrx_word' id='word_1_502' title='bbox 1168 5585 1265 5642; x_wconf 84' lang='lat' dir='ltr'><strong>Est</strong></span> <span class='ocrx_word' id='word_1_503' title='bbox 1286 5604 1411 5655; x_wconf 78' lang='lat' dir='ltr'><strong>ergo</strong></span> <span class='ocrx_word' id='word_1_504' title='bbox 1437 5590 1630 5656; x_wconf 82' lang='lat' dir='ltr'><strong>pl&#39;lllll,</strong></span> <span class='ocrx_word' id='word_1_505' title='bbox 1676 5585 1818 5639; x_wconf 78' lang='lat' dir='ltr'><strong>Petri</strong></span> 
     </span>
    </p>
   </div>
   <div class='ocr_carea' id='block_1_70' title="bbox 251 5655 1815 5724">
    <p class='ocr_par' dir='ltr' id='par_1_70' title="bbox 251 5655 1815 5724">
     <span class='ocr_line' id='line_1_72' title="bbox 251 5655 1815 5724; baseline 0.001 -17"><span class='ocrx_word' id='word_1_506' title='bbox 251 5655 483 5723; x_wconf 74' lang='lat' dir='ltr'><strong>apostoli</strong></span> <span class='ocrx_word' id='word_1_507' title='bbox 508 5661 697 5719; x_wconf 87' lang='lat' dir='ltr'><strong>sedes,</strong></span> <span class='ocrx_word' id='word_1_508' title='bbox 731 5657 971 5711; x_wconf 76' lang='lat' dir='ltr'><strong>ltomana</strong></span> <span class='ocrx_word' id='word_1_509' title='bbox 1019 5659 1284 5724; x_wconf 71' lang='lat' dir='ltr'><strong>Ecclesia;</strong></span> <span class='ocrx_word' id='word_1_510' title='bbox 1319 5655 1446 5713; x_wconf 85' lang='lat' dir='ltr'><strong>non</strong></span> <span class='ocrx_word' id='word_1_511' title='bbox 1471 5658 1671 5713; x_wconf 84' lang='lat' dir='ltr'><strong>habeas</strong></span> <span class='ocrx_word' id='word_1_512' title='bbox 1710 5672 1815 5709; x_wconf 83' lang='lat' dir='ltr'>111a-</span> 
     </span>
    </p>
   </div>
   <div class='ocr_carea' id='block_1_71' title="bbox 1904 934 3550 1008">
    <p class='ocr_par' dir='ltr' id='par_1_71' title="bbox 1904 934 3550 1008">
     <span class='ocr_line' id='line_1_73' title="bbox 1904 934 3550 1008; baseline 0.004 -19"><span class='ocrx_word' id='word_1_513' title='bbox 1904 941 1954 997; x_wconf 82' lang='grc' dir='ltr'>Α</span> <span class='ocrx_word' id='word_1_514' title='bbox 1980 934 2177 999; x_wconf 85' lang='lat' dir='ltr'><strong>cuiam,</strong></span> <span class='ocrx_word' id='word_1_515' title='bbox 2201 950 2371 1008; x_wconf 82' lang='lat' dir='ltr'><strong>neque</strong></span> <span class='ocrx_word' id='word_1_516' title='bbox 2394 951 2597 1008; x_wconf 88' lang='lat' dir='ltr'><strong>rugam,</strong></span> <span class='ocrx_word' id='word_1_517' title='bbox 2620 952 2717 991; x_wconf 87' lang='lat' dir='ltr'><strong>nec</strong></span> <span class='ocrx_word' id='word_1_518' title='bbox 2736 938 2929 1008; x_wconf 88' lang='lat' dir='ltr'><strong>aliquid</strong></span> <span class='ocrx_word' id='word_1_519' title='bbox 2952 939 3289 1008; x_wconf 77' lang='lat' dir='ltr'><strong>huiusmodi.</strong></span> <span class='ocrx_word' id='word_1_520' title='bbox 3307 938 3550 996; x_wconf 84' lang='lat' dir='ltr'><strong>Secunda</strong></span> 
     </span>
    </p>
   </div>
   <div class='ocr_carea' id='block_1_72' title="bbox 1980 1005 3548 1073">
    <p class='ocr_par' dir='ltr' id='par_1_72' title="bbox 1980 1005 3548 1073">
     <span class='ocr_line' id='line_1_74' title="bbox 1980 1005 3548 1073; baseline 0.003 -15"><span class='ocrx_word' id='word_1_521' title='bbox 1980 1014 2155 1058; x_wconf 85' lang='lat' dir='ltr'><strong>autem</strong></span> <span class='ocrx_word' id='word_1_522' title='bbox 2186 1005 2339 1059; x_wconf 82' lang='lat' dir='ltr'><strong>sedes</strong></span> <span class='ocrx_word' id='word_1_523' title='bbox 2365 1007 2503 1069; x_wconf 90' lang='lat' dir='ltr'><strong>apud</strong></span> <span class='ocrx_word' id='word_1_524' title='bbox 2537 1005 2941 1073; x_wconf 77' lang='lat' dir='ltr'><strong>Alexandriam,</strong></span> <span class='ocrx_word' id='word_1_525' title='bbox 2978 1005 3117 1063; x_wconf 81' lang='lat' dir='ltr'><strong>beati</strong></span> <span class='ocrx_word' id='word_1_526' title='bbox 3148 1009 3287 1062; x_wconf 87' lang='lat' dir='ltr'><strong>Petri</strong></span> <span class='ocrx_word' id='word_1_527' title='bbox 3334 1012 3548 1063; x_wconf 87' lang='lat' dir='ltr'><strong>nomine</strong></span> 
     </span>
    </p>
   </div>
   <div class='ocr_carea' id='block_1_73' title="bbox 1978 1073 3542 1146">
    <p class='ocr_par' dir='ltr' id='par_1_73' title="bbox 1978 1073 3542 1146">
     <span class='ocr_line' id='line_1_75' title="bbox 1978 1073 3542 1146; baseline 0.003 -20"><span class='ocrx_word' id='word_1_528' title='bbox 1978 1087 2009 1126; x_wconf 88' lang='lat' dir='ltr'><strong>a</strong></span> <span class='ocrx_word' id='word_1_529' title='bbox 2040 1073 2215 1146; x_wconf 80' lang='lat' dir='ltr'><strong>illach</strong></span> <span class='ocrx_word' id='word_1_530' title='bbox 2247 1074 2655 1146; x_wconf 62' lang='lat' dir='ltr'><strong>ejusdiscipulo</strong></span> <span class='ocrx_word' id='word_1_531' title='bbox 2683 1088 2843 1143; x_wconf 83' lang='lat' dir='ltr'><strong>atque</strong></span> <span class='ocrx_word' id='word_1_532' title='bbox 2872 1079 3193 1146; x_wconf 83' lang='lat' dir='ltr'><strong>evangelista</strong></span> <span class='ocrx_word' id='word_1_533' title='bbox 3226 1089 3542 1133; x_wconf 84' lang='lat' dir='ltr'><strong>consecrata</strong></span> 
     </span>
    </p>
   </div>
   <div class='ocr_carea' id='block_1_74' title="bbox 1978 1142 3539 1214">
    <p class='ocr_par' dir='ltr' id='par_1_74' title="bbox 1978 1142 3539 1214">
     <span class='ocr_line' id='line_1_76' title="bbox 1978 1142 3539 1214; baseline 0.004 -18"><span class='ocrx_word' id='word_1_534' title='bbox 1978 1149 2079 1196; x_wconf 91' lang='lat' dir='ltr'><strong>est.</strong></span> <span class='ocrx_word' id='word_1_535' title='bbox 2116 1142 2334 1210; x_wconf 81' lang='lat' dir='ltr'><strong>Ipseque</strong></span> <span class='ocrx_word' id='word_1_536' title='bbox 2363 1144 2414 1197; x_wconf 92' lang='lat' dir='ltr'><strong>in</strong></span> <span class='ocrx_word' id='word_1_537' title='bbox 2446 1144 2701 1214; x_wconf 64' lang='lat' dir='ltr'><strong>Egypto,</strong></span> <span class='ocrx_word' id='word_1_538' title='bbox 2742 1142 2975 1201; x_wconf 89' lang='lat' dir='ltr'><strong>directus</strong></span> <span class='ocrx_word' id='word_1_539' title='bbox 3006 1142 3035 1199; x_wconf 71' lang='grc' dir='ltr'><strong>εἰ</strong></span> <span class='ocrx_word' id='word_1_540' title='bbox 3062 1147 3216 1199; x_wconf 84' lang='lat' dir='ltr'><strong>Petro</strong></span> <span class='ocrx_word' id='word_1_541' title='bbox 3257 1148 3498 1214; x_wconf 85' lang='lat' dir='ltr'><strong>apostolo</strong></span> <span class='ocrx_word' id='word_1_542' title='bbox 3523 1190 3539 1213; x_wconf 90' lang='lat'><strong>,</strong></span> 
     </span>
    </p>
   </div>
   <div class='ocr_carea' id='block_1_75' title="bbox 1977 1214 3541 1285">
    <p class='ocr_par' dir='ltr' id='par_1_75' title="bbox 1977 1214 3541 1285">
     <span class='ocr_line' id='line_1_77' title="bbox 1977 1214 3541 1285; baseline 0.004 -21"><span class='ocrx_word' id='word_1_543' title='bbox 1977 1214 2196 1285; x_wconf 81' lang='lat' dir='ltr'><strong>verbum</strong></span> <span class='ocrx_word' id='word_1_544' title='bbox 2244 1214 2483 1285; x_wconf 83' lang='lat' dir='ltr'><strong>veritatis</strong></span> <span class='ocrx_word' id='word_1_545' title='bbox 2526 1216 2861 1285; x_wconf 67' lang='lat' dir='ltr'><strong>praadicavit,</strong></span> <span class='ocrx_word' id='word_1_546' title='bbox 2893 1225 2947 1270; x_wconf 92' lang='lat' dir='ltr'><strong>et</strong></span> <span class='ocrx_word' id='word_1_547' title='bbox 2975 1216 3264 1285; x_wconf 83' lang='lat' dir='ltr'><strong>gloriosum</strong></span> <span class='ocrx_word' id='word_1_548' title='bbox 3293 1231 3541 1270; x_wconf 81' lang='lat' dir='ltr'><strong>consum-</strong></span> 
     </span>
    </p>
   </div>
   <div class='ocr_carea' id='block_1_76' title="bbox 1978 1282 3539 1352">
    <p class='ocr_par' dir='ltr' id='par_1_76' title="bbox 1978 1282 3539 1352">
     <span class='ocr_line' id='line_1_78' title="bbox 1978 1282 3539 1352; baseline 0.004 -20"><span class='ocrx_word' id='word_1_549' title='bbox 1978 1282 2143 1352; x_wconf 88' lang='lat' dir='ltr'><strong>mavit</strong></span> <span class='ocrx_word' id='word_1_550' title='bbox 2160 1284 2497 1352; x_wconf 85' lang='lat' dir='ltr'><strong>martyrium.</strong></span> <span class='ocrx_word' id='word_1_551' title='bbox 2523 1283 2697 1338; x_wconf 83' lang='lat' dir='ltr'><strong>Tertia</strong></span> <span class='ocrx_word' id='word_1_552' title='bbox 2715 1300 2839 1338; x_wconf 88' lang='lat' dir='ltr'><strong>vero</strong></span> <span class='ocrx_word' id='word_1_553' title='bbox 2853 1282 3008 1339; x_wconf 76' lang='lat' dir='ltr'><strong>sedes</strong></span> <span class='ocrx_word' id='word_1_554' title='bbox 3024 1288 3160 1352; x_wconf 83' lang='lat' dir='ltr'><strong>apud</strong></span> <span class='ocrx_word' id='word_1_555' title='bbox 3184 1285 3539 1348; x_wconf 81' lang='lat' dir='ltr'><strong>Antiochiam,</strong></span> 
     </span>
    </p>
   </div>
   <div class='ocr_carea' id='block_1_77' title="bbox 1980 1351 3537 1419">
    <p class='ocr_par' dir='ltr' id='par_1_77' title="bbox 1980 1351 3537 1419">
     <span class='ocr_line' id='line_1_79' title="bbox 1980 1351 3537 1419; baseline 0.003 -17"><span class='ocrx_word' id='word_1_556' title='bbox 1980 1351 2105 1402; x_wconf 89' lang='lat' dir='ltr'><strong>item</strong></span> <span class='ocrx_word' id='word_1_557' title='bbox 2158 1351 2449 1406; x_wconf 77' lang='lat' dir='ltr'><strong>beatissimi</strong></span> <span class='ocrx_word' id='word_1_558' title='bbox 2480 1356 2711 1419; x_wconf 85' lang='lat' dir='ltr'><strong>apostoli</strong></span> <span class='ocrx_word' id='word_1_559' title='bbox 2740 1355 2880 1409; x_wconf 86' lang='lat' dir='ltr'><strong>Petri</strong></span> <span class='ocrx_word' id='word_1_560' title='bbox 2912 1351 3134 1409; x_wconf 85' lang='lat' dir='ltr'><strong>habetur</strong></span> <span class='ocrx_word' id='word_1_561' title='bbox 3176 1355 3500 1408; x_wconf 85' lang='lat' dir='ltr'><strong>honorabilis</strong></span> <span class='ocrx_word' id='word_1_562' title='bbox 3528 1374 3537 1406; x_wconf 93' lang='lat'>:</span> 
     </span>
    </p>
   </div>
   <div class='ocr_carea' id='block_1_78' title="bbox 1977 1419 3537 1489">
    <p class='ocr_par' dir='ltr' id='par_1_78' title="bbox 1977 1419 3537 1489">
     <span class='ocr_line' id='line_1_80' title="bbox 1977 1419 3537 1489; baseline 0.002 -16"><span class='ocrx_word' id='word_1_563' title='bbox 1977 1433 2044 1473; x_wconf 90' lang='lat' dir='ltr'><strong>eo</strong></span> <span class='ocrx_word' id='word_1_564' title='bbox 2068 1419 2207 1487; x_wconf 89' lang='lat' dir='ltr'><strong>quod</strong></span> <span class='ocrx_word' id='word_1_565' title='bbox 2232 1421 2362 1484; x_wconf 92' lang='lat' dir='ltr'><strong>illic,</strong></span> <span class='ocrx_word' id='word_1_566' title='bbox 2395 1422 2698 1488; x_wconf 80' lang='lat' dir='ltr'><strong>priusquam</strong></span> <span class='ocrx_word' id='word_1_567' title='bbox 2732 1424 2952 1478; x_wconf 80' lang='lat' dir='ltr'><strong>Romam</strong></span> <span class='ocrx_word' id='word_1_568' title='bbox 2980 1426 3215 1479; x_wconf 88' lang='lat' dir='ltr'><strong>venisset</strong></span> <span class='ocrx_word' id='word_1_569' title='bbox 3243 1423 3537 1489; x_wconf 83' lang='lat' dir='ltr'><strong>habitavit:</strong></span> 
     </span>
    </p>
   </div>
   <div class='ocr_carea' id='block_1_79' title="bbox 1976 1488 3544 1563">
    <p class='ocr_par' dir='ltr' id='par_1_79' title="bbox 1976 1488 3544 1563">
     <span class='ocr_line' id='line_1_81' title="bbox 1976 1488 3544 1563; baseline 0.005 -21"><span class='ocrx_word' id='word_1_570' title='bbox 1976 1498 2029 1542; x_wconf 91' lang='lat' dir='ltr'><strong>et</strong></span> <span class='ocrx_word' id='word_1_571' title='bbox 2059 1490 2165 1541; x_wconf 91' lang='lat' dir='ltr'><strong>illic</strong></span> <span class='ocrx_word' id='word_1_572' title='bbox 2197 1490 2423 1557; x_wconf 91' lang='lat' dir='ltr'><strong>primum</strong></span> <span class='ocrx_word' id='word_1_573' title='bbox 2454 1506 2646 1546; x_wconf 90' lang='lat' dir='ltr'><strong>nomen</strong></span> <span class='ocrx_word' id='word_1_574' title='bbox 2678 1494 3098 1549; x_wconf 87' lang='lat' dir='ltr'><strong>Christianorum</strong></span> <span class='ocrx_word' id='word_1_575' title='bbox 3129 1488 3351 1549; x_wconf 65' lang='lat' dir='ltr'><strong>novella:</strong></span> <span class='ocrx_word' id='word_1_576' title='bbox 3370 1497 3544 1563; x_wconf 82' lang='lat' dir='ltr'><strong>gentis</strong></span> 
     </span>
    </p>
   </div>
   <div class='ocr_carea' id='block_1_80' title="bbox 1977 1568 2349 1613">
    <p class='ocr_par' dir='ltr' id='par_1_80' title="bbox 1977 1568 2349 1613">
     <span class='ocr_line' id='line_1_82' title="bbox 1977 1568 2349 1613; baseline 0.005 -2"><span class='ocrx_word' id='word_1_577' title='bbox 1977 1568 2218 1612; x_wconf 81' lang='lat' dir='ltr'><strong>exortum</strong></span> <span class='ocrx_word' id='word_1_578' title='bbox 2247 1568 2349 1613; x_wconf 64' lang='lat' dir='ltr'><strong>88L</strong></span> 
     </span>
    </p>
   </div>
   <div class='ocr_carea' id='block_1_81' title="bbox 2052 1695 3539 1769">
    <p class='ocr_par' dir='ltr' id='par_1_81' title="bbox 2052 1695 3539 1769">
     <span class='ocr_line' id='line_1_83' title="bbox 2052 1695 3539 1769; baseline 0.005 -20"><span class='ocrx_word' id='word_1_579' title='bbox 2052 1695 2116 1749; x_wconf 88' lang='lat' dir='ltr'><strong>Et</strong></span> <span class='ocrx_word' id='word_1_580' title='bbox 2141 1699 2391 1763; x_wconf 86' lang='lat' dir='ltr'><strong>quamvis</strong></span> <span class='ocrx_word' id='word_1_581' title='bbox 2418 1698 2560 1769; x_wconf 88' lang='lat' dir='ltr'><strong>aliud</strong></span> <span class='ocrx_word' id='word_1_582' title='bbox 2592 1699 2990 1762; x_wconf 82' lang='lat' dir='ltr'><strong>fundamentum</strong></span> <span class='ocrx_word' id='word_1_583' title='bbox 3033 1701 3210 1754; x_wconf 81' lang='lat' dir='ltr'><strong>nullus</strong></span> <span class='ocrx_word' id='word_1_584' title='bbox 3238 1702 3414 1769; x_wconf 83' lang='lat' dir='ltr'><strong>potuit</strong></span> <span class='ocrx_word' id='word_1_585' title='bbox 3450 1718 3539 1769; x_wconf 85' lang='lat' dir='ltr'><strong>po-</strong></span> 
     </span>
    </p>
   </div>
   <div class='ocr_carea' id='block_1_82' title="bbox 1976 1768 3540 1837">
    <p class='ocr_par' dir='ltr' id='par_1_82' title="bbox 1976 1768 3540 1837">
     <span class='ocr_line' id='line_1_84' title="bbox 1976 1768 3540 1837; baseline 0.007 -21"><span class='ocrx_word' id='word_1_586' title='bbox 1976 1780 2122 1837; x_wconf 84' lang='lat' dir='ltr'><strong>nere,</strong></span> <span class='ocrx_word' id='word_1_587' title='bbox 2158 1775 2349 1833; x_wconf 65' lang='lat' dir='ltr'><strong>praeter</strong></span> <span class='ocrx_word' id='word_1_588' title='bbox 2379 1768 2429 1821; x_wconf 92' lang='lat' dir='ltr'><strong>id</strong></span> <span class='ocrx_word' id='word_1_589' title='bbox 2452 1770 2592 1837; x_wconf 85' lang='lat' dir='ltr'><strong>quod</strong></span> <span class='ocrx_word' id='word_1_590' title='bbox 2627 1769 2854 1835; x_wconf 90' lang='lat' dir='ltr'><strong>positum</strong></span> <span class='ocrx_word' id='word_1_591' title='bbox 2887 1779 2989 1832; x_wconf 90' lang='lat' dir='ltr'><strong>est,</strong></span> <span class='ocrx_word' id='word_1_592' title='bbox 3022 1771 3162 1837; x_wconf 86' lang='lat' dir='ltr'><strong>quod</strong></span> <span class='ocrx_word' id='word_1_593' title='bbox 3191 1768 3273 1824; x_wconf 91' lang='lat' dir='ltr'><strong>est</strong></span> <span class='ocrx_word' id='word_1_594' title='bbox 3299 1768 3540 1827; x_wconf 86' lang='lat' dir='ltr'><strong>Christus</strong></span> 
     </span>
    </p>
   </div>
   <div class='ocr_carea' id='block_1_83' title="bbox 1976 1834 3535 1899">
    <p class='ocr_par' dir='ltr' id='par_1_83' title="bbox 1976 1834 3535 1899">
     <span class='ocr_line' id='line_1_85' title="bbox 1976 1834 3535 1899; baseline 0.003 -12"><span class='ocrx_word' id='word_1_595' title='bbox 1976 1834 2165 1899; x_wconf 87' lang='lat' dir='ltr'><strong>Jesus;</strong></span> <span class='ocrx_word' id='word_1_596' title='bbox 2197 1844 2372 1890; x_wconf 89' lang='lat' dir='ltr'><strong>tamen</strong></span> <span class='ocrx_word' id='word_1_597' title='bbox 2417 1834 2482 1890; x_wconf 83' lang='lat' dir='ltr'><strong>ad</strong></span> <span class='ocrx_word' id='word_1_598' title='bbox 2514 1834 2919 1893; x_wconf 76' lang='lat' dir='ltr'><strong>aediﬁcationem</strong></span> <span class='ocrx_word' id='word_1_599' title='bbox 2950 1834 3183 1893; x_wconf 82' lang='lat' dir='ltr'><strong>nostram</strong></span> <span class='ocrx_word' id='word_1_600' title='bbox 3214 1841 3400 1894; x_wconf 91' lang='lat' dir='ltr'><strong>eadem</strong></span> <span class='ocrx_word' id='word_1_601' title='bbox 3431 1843 3535 1894; x_wconf 80' lang='lat' dir='ltr'><strong>lto-</strong></span> 
     </span>
    </p>
   </div>
   <div class='ocr_carea' id='block_1_84' title="bbox 1975 1906 3533 1978">
    <p class='ocr_par' dir='ltr' id='par_1_84' title="bbox 1975 1906 3533 1978">
     <span class='ocr_line' id='line_1_86' title="bbox 1975 1906 3533 1978; baseline 0.004 -22"><span class='ocrx_word' id='word_1_602' title='bbox 1975 1919 2131 1957; x_wconf 88' lang='lat' dir='ltr'><strong>mana</strong></span> <span class='ocrx_word' id='word_1_603' title='bbox 2159 1906 2412 1978; x_wconf 79' lang='lat' dir='ltr'><strong>Ecclesia,</strong></span> <span class='ocrx_word' id='word_1_604' title='bbox 2439 1916 2559 1973; x_wconf 87' lang='lat' dir='ltr'><strong>post</strong></span> <span class='ocrx_word' id='word_1_605' title='bbox 2581 1908 2696 1959; x_wconf 91' lang='lat' dir='ltr'><strong>illas</strong></span> <span class='ocrx_word' id='word_1_606' title='bbox 2709 1908 2913 1962; x_wconf 86' lang='lat' dir='ltr'><strong>Veteris</strong></span> <span class='ocrx_word' id='word_1_607' title='bbox 2935 1909 3019 1961; x_wconf 86' lang='lat' dir='ltr'><strong>vel</strong></span> <span class='ocrx_word' id='word_1_608' title='bbox 3044 1908 3533 1978; x_wconf 81' lang='lat' dir='ltr'><strong>NoviTestamenti,</strong></span> 
     </span>
    </p>
   </div>
   <div class='ocr_carea' id='block_1_85' title="bbox 1974 1976 3536 2044">
    <p class='ocr_par' dir='ltr' id='par_1_85' title="bbox 1974 1976 3536 2044">
     <span class='ocr_line' id='line_1_87' title="bbox 1974 1976 3536 2044; baseline 0.006 -20"><span class='ocrx_word' id='word_1_609' title='bbox 1974 1988 2105 2042; x_wconf 89' lang='lat' dir='ltr'><strong>quas</strong></span> <span class='ocrx_word' id='word_1_610' title='bbox 2135 1976 2446 2043; x_wconf 79' lang='lat' dir='ltr'><strong>regulariter</strong></span> <span class='ocrx_word' id='word_1_611' title='bbox 2474 1978 2717 2044; x_wconf 88' lang='lat' dir='ltr'><strong>superius</strong></span> <span class='ocrx_word' id='word_1_612' title='bbox 2761 1980 3217 2040; x_wconf 87' lang='lat' dir='ltr'><strong>enumeravimus,</strong></span> <span class='ocrx_word' id='word_1_613' title='bbox 3248 1979 3406 2032; x_wconf 87' lang='lat' dir='ltr'><strong>etiam</strong></span> <span class='ocrx_word' id='word_1_614' title='bbox 3441 1976 3536 2033; x_wconf 85' lang='lat' dir='ltr'><strong>has</strong></span> 
     </span>
    </p>
   </div>
   <div class='ocr_carea' id='block_1_86' title="bbox 1974 2044 3533 2119">
    <p class='ocr_par' dir='ltr' id='par_1_86' title="bbox 1974 2044 3533 2119">
     <span class='ocr_line' id='line_1_88' title="bbox 1974 2044 3533 2119; baseline 0.004 -25"><span class='ocrx_word' id='word_1_615' title='bbox 1974 2044 2174 2119; x_wconf 77' lang='lat' dir='ltr'><strong>suscipi</strong></span> <span class='ocrx_word' id='word_1_616' title='bbox 2197 2058 2311 2119; x_wconf 70' lang='lat' dir='ltr'><strong>non</strong></span> <span class='ocrx_word' id='word_1_617' title='bbox 2363 2044 2605 2113; x_wconf 88' lang='lat' dir='ltr'><strong>prohibet</strong></span> <span class='ocrx_word' id='word_1_618' title='bbox 2634 2048 2942 2119; x_wconf 77' lang='lat' dir='ltr'><strong>scripturas.</strong></span> <span class='ocrx_word' id='word_1_619' title='bbox 2977 2046 3031 2099; x_wconf 87' lang='lat' dir='ltr'><strong>ld</strong></span> <span class='ocrx_word' id='word_1_620' title='bbox 3071 2057 3153 2119; x_wconf 84' lang='lat' dir='ltr'><strong>est</strong></span> <span class='ocrx_word' id='word_1_621' title='bbox 3180 2058 3415 2100; x_wconf 88' lang='lat' dir='ltr'><strong>sanctam</strong></span> <span class='ocrx_word' id='word_1_622' title='bbox 3440 2063 3533 2119; x_wconf 83' lang='lat' dir='ltr'><strong>sy-</strong></span> 
     </span>
    </p>
   </div>
   <div class='ocr_carea' id='block_1_87' title="bbox 1974 2112 3537 2179">
    <p class='ocr_par' dir='ltr' id='par_1_87' title="bbox 1974 2112 3537 2179">
     <span class='ocr_line' id='line_1_89' title="bbox 1974 2112 3537 2179; baseline 0.006 -17"><span class='ocrx_word' id='word_1_623' title='bbox 1974 2112 2171 2166; x_wconf 88' lang='lat' dir='ltr'><strong>nodum</strong></span> <span class='ocrx_word' id='word_1_624' title='bbox 2195 2112 2485 2179; x_wconf 77' lang='lat' dir='ltr'><strong>Niczenam,</strong></span> <span class='ocrx_word' id='word_1_625' title='bbox 2507 2112 2797 2170; x_wconf 85' lang='lat' dir='ltr'><strong>secundum</strong></span> <span class='ocrx_word' id='word_1_626' title='bbox 2828 2126 3093 2170; x_wconf 87' lang='lat' dir='ltr'><strong>trecentos</strong></span> <span class='ocrx_word' id='word_1_627' title='bbox 3119 2117 3303 2171; x_wconf 88' lang='lat' dir='ltr'><strong>decem</strong></span> <span class='ocrx_word' id='word_1_628' title='bbox 3332 2127 3386 2170; x_wconf 91' lang='lat' dir='ltr'><strong>et</strong></span> <span class='ocrx_word' id='word_1_629' title='bbox 3414 2112 3537 2172; x_wconf 55' lang='lat' dir='ltr'><strong>oe&#39;to</strong></span> 
     </span>
    </p>
   </div>
   <div class='ocr_carea' id='block_1_88' title="bbox 1974 2180 3536 2251">
    <p class='ocr_par' dir='ltr' id='par_1_88' title="bbox 1974 2180 3536 2251">
     <span class='ocr_line' id='line_1_90' title="bbox 1974 2180 3536 2251; baseline 0.006 -19"><span class='ocrx_word' id='word_1_630' title='bbox 1974 2180 2181 2243; x_wconf 87' lang='lat' dir='ltr'><strong>Patres,</strong></span> <span class='ocrx_word' id='word_1_631' title='bbox 2215 2183 2483 2237; x_wconf 90' lang='lat' dir='ltr'><strong>mediante</strong></span> <span class='ocrx_word' id='word_1_632' title='bbox 2524 2187 2754 2239; x_wconf 80' lang='lat' dir='ltr'><strong>maximo</strong></span> <span class='ocrx_word' id='word_1_633' title='bbox 2792 2184 3140 2239; x_wconf 84' lang='lat' dir='ltr'><strong>Constantino</strong></span> <span class='ocrx_word' id='word_1_634' title='bbox 3179 2186 3450 2251; x_wconf 76' lang='lat' dir='ltr'><strong>Augusto;</strong></span> <span class='ocrx_word' id='word_1_635' title='bbox 3482 2188 3536 2241; x_wconf 93' lang='lat' dir='ltr'><strong>in</strong></span> 
     </span>
    </p>
   </div>
   <div class='ocr_carea' id='block_1_89' title="bbox 1973 2251 3533 2323">
    <p class='ocr_par' dir='ltr' id='par_1_89' title="bbox 1973 2251 3533 2323">
     <span class='ocr_line' id='line_1_91' title="bbox 1973 2251 3533 2323; baseline 0.005 -20"><span class='ocrx_word' id='word_1_636' title='bbox 1973 2264 2073 2317; x_wconf 89' lang='lat' dir='ltr'><strong>qua</strong></span> <span class='ocrx_word' id='word_1_637' title='bbox 2098 2251 2251 2323; x_wconf 72' lang='grc'><strong>152</strong></span> <span class='ocrx_word' id='word_1_638' title='bbox 2273 2254 2432 2323; x_wconf 72' lang='lat' dir='ltr'><strong>Arius</strong></span> <span class='ocrx_word' id='word_1_639' title='bbox 2456 2254 2738 2309; x_wconf 74' lang='lat' dir='ltr'><strong>haereticus</strong></span> <span class='ocrx_word' id='word_1_640' title='bbox 2756 2254 3139 2309; x_wconf 87' lang='lat' dir='ltr'><strong>condemnatus</strong></span> <span class='ocrx_word' id='word_1_641' title='bbox 3157 2266 3257 2309; x_wconf 88' lang='lat' dir='ltr'><strong>est.</strong></span> <span class='ocrx_word' id='word_1_642' title='bbox 3282 2256 3533 2311; x_wconf 85' lang='lat' dir='ltr'><strong>Sanctam</strong></span> 
     </span>
    </p>
   </div>
   <div class='ocr_carea' id='block_1_90' title="bbox 1962 2320 3535 2399">
    <p class='ocr_par' dir='ltr' id='par_1_90' title="bbox 1962 2320 3535 2399">
     <span class='ocr_line' id='line_1_92' title="bbox 1962 2320 3535 2399; baseline 0.003 -27"><span class='ocrx_word' id='word_1_643' title='bbox 1962 2320 2251 2399; x_wconf 30' lang='lat' dir='ltr'><strong>syno’du’mﬁ</strong></span> <span class='ocrx_word' id='word_1_644' title='bbox 2266 2320 2939 2399; x_wconf 71' lang='lat' dir='ltr'><strong>Constantinopolitanam,</strong></span> <span class='ocrx_word' id='word_1_645' title='bbox 2973 2324 3260 2399; x_wconf 71' lang='lat' dir='ltr'><strong>mediante</strong></span> <span class='ocrx_word' id='word_1_646' title='bbox 3286 2325 3535 2399; x_wconf 83' lang='lat' dir='ltr'><strong>Theodo-</strong></span> 
     </span>
    </p>
   </div>
   <div class='ocr_carea' id='block_1_91' title="bbox 1962 2392 3529 2461">
    <p class='ocr_par' dir='ltr' id='par_1_91' title="bbox 1962 2392 3529 2461">
     <span class='ocr_line' id='line_1_93' title="bbox 1962 2392 3529 2461; baseline 0.006 -20"><span class='ocrx_word' id='word_1_647' title='bbox 1962 2392 2044 2461; x_wconf 78' lang='lat' dir='ltr'><strong>sio</strong></span> <span class='ocrx_word' id='word_1_648' title='bbox 2070 2392 2311 2461; x_wconf 81' lang='lat' dir='ltr'><strong>Seniore</strong></span> <span class='ocrx_word' id='word_1_649' title='bbox 2352 2394 2623 2460; x_wconf 86' lang='lat' dir='ltr'><strong>Augusto;</strong></span> <span class='ocrx_word' id='word_1_650' title='bbox 2654 2393 2707 2446; x_wconf 91' lang='lat' dir='ltr'><strong>in</strong></span> <span class='ocrx_word' id='word_1_651' title='bbox 2738 2409 2840 2461; x_wconf 89' lang='lat' dir='ltr'><strong>qua</strong></span> <span class='ocrx_word' id='word_1_652' title='bbox 2870 2394 3204 2448; x_wconf 82' lang='lat' dir='ltr'><strong>Macedonius</strong></span> <span class='ocrx_word' id='word_1_653' title='bbox 3249 2394 3529 2450; x_wconf 66' lang='lat' dir='ltr'><strong>haereticus</strong></span> 
     </span>
    </p>
   </div>
   <div class='ocr_carea' id='block_1_92' title="bbox 1958 2457 3525 2534">
    <p class='ocr_par' dir='ltr' id='par_1_92' title="bbox 1958 2457 3525 2534">
     <span class='ocr_line' id='line_1_94' title="bbox 1958 2457 3525 2534; baseline 0.004 -23"><span class='ocrx_word' id='word_1_654' title='bbox 1958 2457 2193 2534; x_wconf 64' lang='lat' dir='ltr'><strong>debitam</strong></span> <span class='ocrx_word' id='word_1_655' title='bbox 2235 2457 2635 2534; x_wconf 70' lang='lat' dir='ltr'><strong>damnationem</strong></span> <span class='ocrx_word' id='word_1_656' title='bbox 2678 2457 2907 2534; x_wconf 81' lang='lat' dir='ltr'><strong>excepit.</strong></span> <span class='ocrx_word' id='word_1_657' title='bbox 2958 2464 3207 2518; x_wconf 88' lang='lat' dir='ltr'><strong>Sanctam</strong></span> <span class='ocrx_word' id='word_1_658' title='bbox 3263 2466 3525 2534; x_wconf 79' lang='lat' dir='ltr'><strong>synodum</strong></span> 
     </span>
    </p>
   </div>
   <div class='ocr_carea' id='block_1_93' title="bbox 1957 2525 3523 2599">
    <p class='ocr_par' dir='ltr' id='par_1_93' title="bbox 1957 2525 3523 2599">
     <span class='ocr_line' id='line_1_95' title="bbox 1957 2525 3523 2599; baseline 0.004 -19"><span class='ocrx_word' id='word_1_659' title='bbox 1957 2525 2289 2599; x_wconf 72' lang='lat' dir='ltr'><strong>Ephesinam</strong></span> <span class='ocrx_word' id='word_1_660' title='bbox 2309 2572 2324 2596; x_wconf 91' lang='lat'><strong>,</strong></span> <span class='ocrx_word' id='word_1_661' title='bbox 2351 2529 2406 2584; x_wconf 88' lang='lat' dir='ltr'><strong>in</strong></span> <span class='ocrx_word' id='word_1_662' title='bbox 2432 2545 2532 2599; x_wconf 86' lang='lat' dir='ltr'><strong>qua</strong></span> <span class='ocrx_word' id='word_1_663' title='bbox 2553 2525 2826 2585; x_wconf 75' lang='lat' dir='ltr'><strong>Nestorius</strong></span> <span class='ocrx_word' id='word_1_664' title='bbox 2845 2533 3123 2585; x_wconf 87' lang='lat' dir='ltr'><strong>damnatus</strong></span> <span class='ocrx_word' id='word_1_665' title='bbox 3152 2540 3236 2586; x_wconf 87' lang='lat' dir='ltr'><strong>est</strong></span> <span class='ocrx_word' id='word_1_666' title='bbox 3257 2525 3523 2587; x_wconf 76' lang='lat' dir='ltr'><strong>consensu</strong></span> 
     </span>
    </p>
   </div>
   <div class='ocr_carea' id='block_1_94' title="bbox 1959 2595 3519 2670">
    <p class='ocr_par' dir='ltr' id='par_1_94' title="bbox 1959 2595 3519 2670">
     <span class='ocr_line' id='line_1_96' title="bbox 1959 2595 3519 2670; baseline 0.003 -20"><span class='ocrx_word' id='word_1_667' title='bbox 1959 2595 2544 2670; x_wconf 70' lang='lat' dir='ltr'><strong>beatis51mileesiini</strong></span> <span class='ocrx_word' id='word_1_668' title='bbox 2568 2615 2740 2669; x_wconf 57' lang='lat' dir='ltr'><strong>papa‘,</strong></span> <span class='ocrx_word' id='word_1_669' title='bbox 2774 2602 3040 2656; x_wconf 89' lang='lat' dir='ltr'><strong>mediante</strong></span> <span class='ocrx_word' id='word_1_670' title='bbox 3072 2602 3269 2670; x_wconf 75' lang='lat' dir='ltr'><strong>(lyrillo</strong></span> <span class='ocrx_word' id='word_1_671' title='bbox 3290 2602 3519 2657; x_wconf 82' lang='lat' dir='ltr'><strong>Alexan-</strong></span> 
     </span>
    </p>
   </div>
   <div class='ocr_carea' id='block_1_95' title="bbox 1958 2664 3524 2738">
    <p class='ocr_par' dir='ltr' id='par_1_95' title="bbox 1958 2664 3524 2738">
     <span class='ocr_line' id='line_1_97' title="bbox 1958 2664 3524 2738; baseline 0.004 -19"><span class='ocrx_word' id='word_1_672' title='bbox 1958 2664 2125 2738; x_wconf 70' lang='lat' dir='ltr'><strong>drinae</strong></span> <span class='ocrx_word' id='word_1_673' title='bbox 2155 2670 2296 2738; x_wconf 88' lang='lat' dir='ltr'><strong>sedis</strong></span> <span class='ocrx_word' id='word_1_674' title='bbox 2321 2664 2592 2724; x_wconf 63' lang='lat' dir='ltr'><strong>antistite}</strong></span> <span class='ocrx_word' id='word_1_675' title='bbox 2625 2664 2678 2723; x_wconf 82' lang='lat' dir='ltr'><strong>et</strong></span> <span class='ocrx_word' id='word_1_676' title='bbox 2703 2664 2932 2725; x_wconf 82' lang='lat' dir='ltr'><strong>Arcadio</strong></span> <span class='ocrx_word' id='word_1_677' title='bbox 2981 2664 3234 2738; x_wconf 78' lang='lat' dir='ltr'><strong>episcopo</strong></span> <span class='ocrx_word' id='word_1_678' title='bbox 3264 2672 3332 2724; x_wconf 88' lang='lat' dir='ltr'><strong>ab</strong></span> <span class='ocrx_word' id='word_1_679' title='bbox 3378 2673 3524 2725; x_wconf 86' lang='lat' dir='ltr'><strong>Italia</strong></span> 
     </span>
    </p>
   </div>
   <div class='ocr_carea' id='block_1_96' title="bbox 1955 2734 3517 2807">
    <p class='ocr_par' dir='ltr' id='par_1_96' title="bbox 1955 2734 3517 2807">
     <span class='ocr_line' id='line_1_98' title="bbox 1955 2734 3517 2807; baseline 0.004 -19"><span class='ocrx_word' id='word_1_680' title='bbox 1955 2734 2240 2807; x_wconf 80' lang='lat' dir='ltr'><strong>destinato.</strong></span> <span class='ocrx_word' id='word_1_681' title='bbox 2269 2737 2518 2792; x_wconf 89' lang='lat' dir='ltr'><strong>Sanctam</strong></span> <span class='ocrx_word' id='word_1_682' title='bbox 2550 2740 2812 2807; x_wconf 87' lang='lat' dir='ltr'><strong>synodum</strong></span> <span class='ocrx_word' id='word_1_683' title='bbox 2844 2734 3332 2794; x_wconf 81' lang='lat' dir='ltr'><strong>Chalcedonensem</strong></span> <span class='ocrx_word' id='word_1_684' title='bbox 3356 2780 3371 2803; x_wconf 96' lang='lat'><strong>,</strong></span> <span class='ocrx_word' id='word_1_685' title='bbox 3408 2757 3517 2794; x_wconf 84' lang='lat' dir='ltr'><strong>me-</strong></span> 
     </span>
    </p>
   </div>
   <div class='ocr_carea' id='block_1_97' title="bbox 1954 2802 3521 2877">
    <p class='ocr_par' dir='ltr' id='par_1_97' title="bbox 1954 2802 3521 2877">
     <span class='ocr_line' id='line_1_99' title="bbox 1954 2802 3521 2877; baseline 0.004 -20"><span class='ocrx_word' id='word_1_686' title='bbox 1954 2802 2135 2877; x_wconf 81' lang='lat' dir='ltr'><strong>diante</strong></span> <span class='ocrx_word' id='word_1_687' title='bbox 2178 2806 2445 2860; x_wconf 86' lang='lat' dir='ltr'><strong>Marciano</strong></span> <span class='ocrx_word' id='word_1_688' title='bbox 2474 2802 2709 2877; x_wconf 72' lang='lat' dir='ltr'><strong>Augusto</strong></span> <span class='ocrx_word' id='word_1_689' title='bbox 2731 2848 2746 2872; x_wconf 97' lang='lat'><strong>,</strong></span> <span class='ocrx_word' id='word_1_690' title='bbox 2778 2818 2834 2862; x_wconf 88' lang='lat' dir='ltr'><strong>et.</strong></span> <span class='ocrx_word' id='word_1_691' title='bbox 2862 2810 3105 2863; x_wconf 83' lang='lat' dir='ltr'><strong>Anatolio</strong></span> <span class='ocrx_word' id='word_1_692' title='bbox 3135 2802 3521 2863; x_wconf 83' lang='lat' dir='ltr'><strong>Constantino-</strong></span> 
     </span>
    </p>
   </div>
   <div class='ocr_carea' id='block_1_98' title="bbox 1954 2874 3518 2995">
    <p class='ocr_par' dir='ltr' id='par_1_98' title="bbox 1954 2874 3518 2995">
     <span class='ocr_line' id='line_1_100' title="bbox 1954 2874 3518 2995; baseline 0.003 -69"><span class='ocrx_word' id='word_1_693' title='bbox 1954 2874 2192 2995; x_wconf 62' lang='lat' dir='ltr'><strong>Eolitano</strong></span> <span class='ocrx_word' id='word_1_694' title='bbox 2220 2877 2511 2945; x_wconf 86' lang='lat' dir='ltr'><strong>episcopo;</strong></span> <span class='ocrx_word' id='word_1_695' title='bbox 2542 2874 2593 2931; x_wconf 81' lang='lat' dir='ltr'><strong>in</strong></span> <span class='ocrx_word' id='word_1_696' title='bbox 2632 2892 2734 2945; x_wconf 91' lang='lat' dir='ltr'><strong>qua</strong></span> <span class='ocrx_word' id='word_1_697' title='bbox 2763 2878 3072 2933; x_wconf 84' lang='lat' dir='ltr'><strong>Nestoriana</strong></span> <span class='ocrx_word' id='word_1_698' title='bbox 3115 2887 3167 2931; x_wconf 91' lang='lat' dir='ltr'><strong>et</strong></span> <span class='ocrx_word' id='word_1_699' title='bbox 3194 2879 3518 2947; x_wconf 71' lang='lat' dir='ltr'><strong>Eutyi-hiana</strong></span> 
     </span>
     <span class='ocr_line' id='line_1_101' title="bbox 1992 2945 3518 2995; baseline 0 0"><span class='ocrx_word' id='word_1_700' title='bbox 1992 2945 2193 2995; x_wconf 67' lang='lat' dir='ltr'><strong>tmesis-</strong></span> <span class='ocrx_word' id='word_1_701' title='bbox 2247 2946 2404 2995; x_wconf 88' lang='lat' dir='ltr'><strong>simul</strong></span> <span class='ocrx_word' id='word_1_702' title='bbox 2442 2962 2560 2995; x_wconf 85' lang='lat' dir='ltr'><strong>cum</strong></span> <span class='ocrx_word' id='word_1_703' title='bbox 2622 2948 2873 2995; x_wconf 73' lang='lat' dir='ltr'><strong>Dioscoro</strong></span> <span class='ocrx_word' id='word_1_704' title='bbox 2922 2948 3518 2995; x_wconf 69' lang='lat' dir='ltr'><strong>eiusunecomplicibus</strong></span> 
     </span>
    </p>
   </div>
   <div class='ocr_carea' id='block_1_99' title="bbox 1992 2945 3519 3016">
    <p class='ocr_par' dir='ltr' id='par_1_99' title="bbox 1992 2945 3519 3016">
     <span class='ocr_line' id='line_1_102' title="bbox 1992 2945 3519 3016; baseline 0.003 -20"><span class='ocrx_word' id='word_1_705' title='bbox 1992 2945 2193 3011; x_wconf 78' lang='lat' dir='ltr'><strong>:eresis,</strong></span> <span class='ocrx_word' id='word_1_706' title='bbox 2247 2946 2404 2999; x_wconf 88' lang='lat' dir='ltr'><strong>simul</strong></span> <span class='ocrx_word' id='word_1_707' title='bbox 2442 2962 2560 3000; x_wconf 91' lang='lat' dir='ltr'><strong>cum</strong></span> <span class='ocrx_word' id='word_1_708' title='bbox 2621 2948 2873 3003; x_wconf 78' lang='lat' dir='ltr'><strong>Dioscoro</strong></span> <span class='ocrx_word' id='word_1_709' title='bbox 2922 2948 3141 3016; x_wconf 71' lang='lat' dir='ltr'><strong>ejusque</strong></span> <span class='ocrx_word' id='word_1_710' title='bbox 3169 2945 3519 3015; x_wconf 82' lang='lat' dir='ltr'><strong>complicibus</strong></span> 
     </span>
    </p>
   </div>
   <div class='ocr_carea' id='block_1_100' title="bbox 1952 3011 3513 3085">
    <p class='ocr_par' dir='ltr' id='par_1_100' title="bbox 1952 3011 3513 3085">
     <span class='ocr_line' id='line_1_103' title="bbox 1952 3011 3513 3085; baseline 0.004 -19"><span class='ocrx_word' id='word_1_711' title='bbox 1952 3011 2216 3085; x_wconf 65' lang='lat' dir='ltr'><strong>damnatae</strong></span> <span class='ocrx_word' id='word_1_712' title='bbox 2244 3024 2388 3085; x_wconf 87' lang='lat' dir='ltr'><strong>sunt.</strong></span> <span class='ocrx_word' id='word_1_713' title='bbox 2432 3016 2537 3070; x_wconf 86' lang='lat' dir='ltr'><strong>Sed</strong></span> <span class='ocrx_word' id='word_1_714' title='bbox 2558 3024 2612 3069; x_wconf 87' lang='lat' dir='ltr'><strong>et</strong></span> <span class='ocrx_word' id='word_1_715' title='bbox 2638 3016 2683 3069; x_wconf 92' lang='lat' dir='ltr'><strong>si</strong></span> <span class='ocrx_word' id='word_1_716' title='bbox 2707 3032 2808 3085; x_wconf 90' lang='lat' dir='ltr'><strong>qua</strong></span> <span class='ocrx_word' id='word_1_717' title='bbox 2840 3011 2965 3072; x_wconf 73' lang='lat' dir='ltr'><strong>sunt</strong></span> <span class='ocrx_word' id='word_1_718' title='bbox 2989 3011 3211 3070; x_wconf 79' lang='lat' dir='ltr'><strong>concilia</strong></span> <span class='ocrx_word' id='word_1_719' title='bbox 3256 3011 3513 3072; x_wconf 53' lang='lat' dir='ltr'><strong>a&#39;sanctis</strong></span> 
     </span>
    </p>
   </div>
   <div class='ocr_carea' id='block_1_101' title="bbox 1954 3082 3519 3155">
    <p class='ocr_par' dir='ltr' id='par_1_101' title="bbox 1954 3082 3519 3155">
     <span class='ocr_line' id='line_1_104' title="bbox 1954 3082 3519 3155; baseline 0.003 -19"><span class='ocrx_word' id='word_1_720' title='bbox 1954 3082 2198 3155; x_wconf 84' lang='lat' dir='ltr'><strong>Patribns</strong></span> <span class='ocrx_word' id='word_1_721' title='bbox 2242 3084 2499 3140; x_wconf 87' lang='lat' dir='ltr'><strong>hactenus</strong></span> <span class='ocrx_word' id='word_1_722' title='bbox 2547 3082 2822 3152; x_wconf 81' lang='lat' dir='ltr'><strong>instituta,</strong></span> <span class='ocrx_word' id='word_1_723' title='bbox 2871 3095 2993 3155; x_wconf 84' lang='lat' dir='ltr'><strong>post</strong></span> <span class='ocrx_word' id='word_1_724' title='bbox 3039 3086 3258 3140; x_wconf 89' lang='lat' dir='ltr'><strong>istorum</strong></span> <span class='ocrx_word' id='word_1_725' title='bbox 3295 3100 3519 3155; x_wconf 84' lang='lat' dir='ltr'><strong>quatuor</strong></span> 
     </span>
    </p>
   </div>
   <div class='ocr_carea' id='block_1_102' title="bbox 1949 3154 3518 3278">
    <p class='ocr_par' dir='ltr' id='par_1_102' title="bbox 1949 3154 3518 3278">
     <span class='ocr_line' id='line_1_105' title="bbox 1949 3154 3518 3278; baseline 0.005 -74"><span class='ocrx_word' id='word_1_726' title='bbox 1949 3154 2320 3208; x_wconf 87' lang='lat' dir='ltr'><strong>auctoritatem</strong></span> <span class='ocrx_word' id='word_1_727' title='bbox 2341 3163 2396 3210; x_wconf 89' lang='lat' dir='ltr'><strong>et</strong></span> <span class='ocrx_word' id='word_1_728' title='bbox 2420 3155 2766 3278; x_wconf 41' lang='lat' dir='ltr'><strong>custodienils</strong></span> <span class='ocrx_word' id='word_1_729' title='bbox 2776 3166 2830 3211; x_wconf 86' lang='lat' dir='ltr'><strong>et</strong></span> <span class='ocrx_word' id='word_1_730' title='bbox 2841 3154 3139 3224; x_wconf 80' lang='lat' dir='ltr'><strong>recipienda</strong></span> <span class='ocrx_word' id='word_1_731' title='bbox 3165 3154 3518 3212; x_wconf 83' lang='lat' dir='ltr'><strong>decrevimus.</strong></span> 
     </span>
    </p>
   </div>
   <div class='ocr_carea' id='block_1_103' title="bbox 2018 3290 3513 3362">
    <p class='ocr_par' dir='ltr' id='par_1_103' title="bbox 2018 3290 3513 3362">
     <span class='ocr_line' id='line_1_106' title="bbox 2018 3290 3513 3362; baseline 0.004 -17"><span class='ocrx_word' id='word_1_732' title='bbox 2018 3290 2136 3345; x_wconf 90' lang='lat' dir='ltr'><strong>Jam</strong></span> <span class='ocrx_word' id='word_1_733' title='bbox 2182 3306 2329 3346; x_wconf 87' lang='lat' dir='ltr'><strong>nunc</strong></span> <span class='ocrx_word' id='word_1_734' title='bbox 2358 3293 2748 3362; x_wconf 88' lang='lat' dir='ltr'><strong>subjiciendum</strong></span> <span class='ocrx_word' id='word_1_735' title='bbox 2797 3293 2865 3350; x_wconf 90' lang='lat' dir='ltr'><strong>de</strong></span> <span class='ocrx_word' id='word_1_736' title='bbox 2912 3293 3180 3362; x_wconf 87' lang='lat' dir='ltr'><strong>cpusculis</strong></span> <span class='ocrx_word' id='word_1_737' title='bbox 3208 3301 3513 3351; x_wconf 85' lang='lat' dir='ltr'><strong>sanctorum</strong></span> 
     </span>
    </p>
   </div>
   <div class='ocr_carea' id='block_1_104' title="bbox 1948 3358 3352 3432">
    <p class='ocr_par' dir='ltr' id='par_1_104' title="bbox 1948 3358 3352 3432">
     <span class='ocr_line' id='line_1_107' title="bbox 1948 3358 3352 3432; baseline 0.004 -20"><span class='ocrx_word' id='word_1_738' title='bbox 1948 3358 2195 3432; x_wconf 86' lang='lat' dir='ltr'><strong>Patrum,</strong></span> <span class='ocrx_word' id='word_1_739' title='bbox 2221 3377 2340 3430; x_wconf 62' lang='lat' dir='ltr'><strong>quae</strong></span> <span class='ocrx_word' id='word_1_740' title='bbox 2372 3364 2423 3416; x_wconf 94' lang='lat' dir='ltr'><strong>in</strong></span> <span class='ocrx_word' id='word_1_741' title='bbox 2456 3358 2690 3418; x_wconf 83' lang='lat' dir='ltr'><strong>Ecclesia</strong></span> <span class='ocrx_word' id='word_1_742' title='bbox 2713 3358 2972 3418; x_wconf 77' lang='lat' dir='ltr'><strong>catholica</strong></span> <span class='ocrx_word' id='word_1_743' title='bbox 3005 3364 3352 3432; x_wconf 89' lang='lat' dir='ltr'><strong>recipiuntur.</strong></span> 
     </span>
    </p>
   </div>
   <div class='ocr_carea' id='block_1_105' title="bbox 2016 3431 3509 3503">
    <p class='ocr_par' dir='ltr' id='par_1_105' title="bbox 2016 3431 3509 3503">
     <span class='ocr_line' id='line_1_108' title="bbox 2016 3431 3509 3503; baseline 0.003 -21"><span class='ocrx_word' id='word_1_744' title='bbox 2016 3431 2280 3503; x_wconf 82' lang='lat' dir='ltr'><strong>Opuscula</strong></span> <span class='ocrx_word' id='word_1_745' title='bbox 2308 3432 2449 3487; x_wconf 84' lang='lat' dir='ltr'><strong>beati</strong></span> <span class='ocrx_word' id='word_1_746' title='bbox 2477 3433 2677 3487; x_wconf 64' lang='lat' dir='ltr'><strong>Caecilii</strong></span> <span class='ocrx_word' id='word_1_747' title='bbox 2699 3434 2968 3502; x_wconf 85' lang='lat' dir='ltr'><strong>Cypriani,</strong></span> <span class='ocrx_word' id='word_1_748' title='bbox 2994 3431 3262 3503; x_wconf 82' lang='lat' dir='ltr'><strong>martyris,</strong></span> <span class='ocrx_word' id='word_1_749' title='bbox 3284 3432 3509 3488; x_wconf 84' lang='lat' dir='ltr'><strong>Cartha-</strong></span> 
     </span>
    </p>
   </div>
   <div class='ocr_carea' id='block_1_106' title="bbox 1944 3497 3510 3572">
    <p class='ocr_par' dir='ltr' id='par_1_106' title="bbox 1944 3497 3510 3572">
     <span class='ocr_line' id='line_1_109' title="bbox 1944 3497 3510 3572; baseline 0.004 -22"><span class='ocrx_word' id='word_1_750' title='bbox 1944 3497 2182 3572; x_wconf 80' lang='lat' dir='ltr'><strong>ginensis</strong></span> <span class='ocrx_word' id='word_1_751' title='bbox 2208 3503 2442 3572; x_wconf 71' lang='lat' dir='ltr'><strong>episcopi</strong></span> <span class='ocrx_word' id='word_1_752' title='bbox 2475 3504 2526 3555; x_wconf 92' lang='lat' dir='ltr'><strong>in</strong></span> <span class='ocrx_word' id='word_1_753' title='bbox 2557 3497 2804 3557; x_wconf 76' lang='lat' dir='ltr'><strong>omnibus</strong></span> <span class='ocrx_word' id='word_1_754' title='bbox 2835 3497 3157 3572; x_wconf 69' lang='lat' dir='ltr'><strong>recipienda.</strong></span> <span class='ocrx_word' id='word_1_755' title='bbox 3202 3502 3333 3556; x_wconf 82' lang='lat' dir='ltr'><strong>Item</strong></span> <span class='ocrx_word' id='word_1_756' title='bbox 3379 3518 3510 3572; x_wconf 89' lang='lat' dir='ltr'><strong>opu-</strong></span> 
     </span>
    </p>
   </div>
   <div class='ocr_carea' id='block_1_107' title="bbox 1944 3568 3512 3640">
    <p class='ocr_par' dir='ltr' id='par_1_107' title="bbox 1944 3568 3512 3640">
     <span class='ocr_line' id='line_1_110' title="bbox 1944 3568 3512 3640; baseline 0.004 -20"><span class='ocrx_word' id='word_1_757' title='bbox 1944 3568 2088 3640; x_wconf 84' lang='lat' dir='ltr'><strong>seula</strong></span> <span class='ocrx_word' id='word_1_758' title='bbox 2106 3568 2257 3640; x_wconf 84' lang='lat' dir='ltr'><strong>beati</strong></span> <span class='ocrx_word' id='word_1_759' title='bbox 2286 3568 2527 3639; x_wconf 74' lang='lat' dir='ltr'><strong>Gregorii</strong></span> <span class='ocrx_word' id='word_1_760' title='bbox 2560 3573 2875 3628; x_wconf 82' lang='lat' dir='ltr'><strong>Nazianzeni</strong></span> <span class='ocrx_word' id='word_1_761' title='bbox 2914 3568 3176 3640; x_wconf 73' lang='lat' dir='ltr'><strong>episcopi.</strong></span> <span class='ocrx_word' id='word_1_762' title='bbox 3210 3573 3336 3626; x_wconf 88' lang='lat' dir='ltr'><strong>Item</strong></span> <span class='ocrx_word' id='word_1_763' title='bbox 3379 3568 3512 3640; x_wconf 80' lang='lat' dir='ltr'><strong>opu-</strong></span> 
     </span>
    </p>
   </div>
   <div class='ocr_carea' id='block_1_108' title="bbox 1942 3638 3509 3711">
    <p class='ocr_par' dir='ltr' id='par_1_108' title="bbox 1942 3638 3509 3711">
     <span class='ocr_line' id='line_1_111' title="bbox 1942 3638 3509 3711; baseline 0.003 -20"><span class='ocrx_word' id='word_1_764' title='bbox 1942 3638 2085 3711; x_wconf 81' lang='lat' dir='ltr'><strong>scula</strong></span> <span class='ocrx_word' id='word_1_765' title='bbox 2102 3638 2243 3711; x_wconf 84' lang='lat' dir='ltr'><strong>beati</strong></span> <span class='ocrx_word' id='word_1_766' title='bbox 2267 3638 2444 3695; x_wconf 79' lang='lat' dir='ltr'><strong>Basilii</strong></span> <span class='ocrx_word' id='word_1_767' title='bbox 2467 3642 2816 3711; x_wconf 65' lang='lat' dir='ltr'><strong>Cappadociae</strong></span> <span class='ocrx_word' id='word_1_768' title='bbox 2833 3638 3089 3711; x_wconf 81' lang='lat' dir='ltr'><strong>episcOpi.</strong></span> <span class='ocrx_word' id='word_1_769' title='bbox 3104 3638 3233 3695; x_wconf 79' lang='lat' dir='ltr'><strong>item</strong></span> <span class='ocrx_word' id='word_1_770' title='bbox 3256 3638 3509 3709; x_wconf 82' lang='lat' dir='ltr'><strong>opuscula</strong></span> 
     </span>
    </p>
   </div>
   <div class='ocr_carea' id='block_1_109' title="bbox 1944 3706 3507 3780">
    <p class='ocr_par' dir='ltr' id='par_1_109' title="bbox 1944 3706 3507 3780">
     <span class='ocr_line' id='line_1_112' title="bbox 1944 3706 3507 3780; baseline 0.004 -21"><span class='ocrx_word' id='word_1_771' title='bbox 1944 3706 2086 3780; x_wconf 84' lang='lat' dir='ltr'><strong>beati</strong></span> <span class='ocrx_word' id='word_1_772' title='bbox 2116 3709 2390 3780; x_wconf 66' lang='lat' dir='ltr'><strong>Athanasii</strong></span> <span class='ocrx_word' id='word_1_773' title='bbox 2439 3706 2780 3765; x_wconf 66' lang='lat' dir='ltr'><strong>Aleiandrini</strong></span> <span class='ocrx_word' id='word_1_774' title='bbox 2812 3706 3066 3780; x_wconf 74' lang='lat' dir='ltr'><strong>episcopi.</strong></span> <span class='ocrx_word' id='word_1_775' title='bbox 3092 3706 3507 3780; x_wconf 15' lang='lat' dir='ltr'><strong>ltemiopuscula</strong></span> 
     </span>
    </p>
   </div>
   <div class='ocr_carea' id='block_1_110' title="bbox 1944 3776 3506 3848">
    <p class='ocr_par' dir='ltr' id='par_1_110' title="bbox 1944 3776 3506 3848">
     <span class='ocr_line' id='line_1_113' title="bbox 1944 3776 3506 3848; baseline 0.003 -18"><span class='ocrx_word' id='word_1_776' title='bbox 1944 3776 2083 3830; x_wconf 89' lang='lat' dir='ltr'><strong>beati</strong></span> <span class='ocrx_word' id='word_1_777' title='bbox 2104 3777 2326 3848; x_wconf 10' lang='lat' dir='ltr'><strong>Joannis,</strong></span> <span class='ocrx_word' id='word_1_778' title='bbox 2352 3776 2917 3848; x_wconf 81' lang='lat' dir='ltr'><strong>Constantinopolitani</strong></span> <span class='ocrx_word' id='word_1_779' title='bbox 2941 3776 3194 3848; x_wconf 85' lang='lat' dir='ltr'><strong>episcopi.</strong></span> <span class='ocrx_word' id='word_1_780' title='bbox 3225 3776 3359 3848; x_wconf 74' lang='lat' dir='ltr'><strong>item</strong></span> <span class='ocrx_word' id='word_1_781' title='bbox 3381 3794 3506 3848; x_wconf 87' lang='lat' dir='ltr'><strong>opu-</strong></span> 
     </span>
    </p>
   </div>
   <div class='ocr_carea' id='block_1_111' title="bbox 1943 3846 3505 3918">
    <p class='ocr_par' dir='ltr' id='par_1_111' title="bbox 1943 3846 3505 3918">
     <span class='ocr_line' id='line_1_114' title="bbox 1943 3846 3505 3918; baseline 0.002 -20"><span class='ocrx_word' id='word_1_782' title='bbox 1943 3848 2092 3918; x_wconf 85' lang='lat' dir='ltr'><strong>scula</strong></span> <span class='ocrx_word' id='word_1_783' title='bbox 2111 3846 2249 3918; x_wconf 85' lang='lat' dir='ltr'><strong>beati</strong></span> <span class='ocrx_word' id='word_1_784' title='bbox 2268 3847 2553 3918; x_wconf 69' lang='lat' dir='ltr'><strong>Theophili</strong></span> <span class='ocrx_word' id='word_1_785' title='bbox 2577 3846 2918 3902; x_wconf 78' lang='lat' dir='ltr'><strong>Alexandrini</strong></span> <span class='ocrx_word' id='word_1_786' title='bbox 2942 3846 3351 3918; x_wconf 78' lang='lat' dir='ltr'><strong>episcopi._ltem</strong></span> <span class='ocrx_word' id='word_1_787' title='bbox 3373 3846 3505 3916; x_wconf 86' lang='lat' dir='ltr'><strong>opu-</strong></span> 
     </span>
    </p>
   </div>
   <div class='ocr_carea' id='block_1_112' title="bbox 1940 3915 3503 3985">
    <p class='ocr_par' dir='ltr' id='par_1_112' title="bbox 1940 3915 3503 3985">
     <span class='ocr_line' id='line_1_115' title="bbox 1940 3915 3503 3985; baseline 0.003 -19"><span class='ocrx_word' id='word_1_788' title='bbox 1940 3915 2088 3985; x_wconf 87' lang='lat' dir='ltr'><strong>scula</strong></span> <span class='ocrx_word' id='word_1_789' title='bbox 2113 3916 2278 3985; x_wconf 79' lang='lat' dir='ltr'><strong>beati</strong></span> <span class='ocrx_word' id='word_1_790' title='bbox 2324 3916 2503 3985; x_wconf 88' lang='lat' dir='ltr'><strong>Cyrilli</strong></span> <span class='ocrx_word' id='word_1_791' title='bbox 2532 3919 2871 3972; x_wconf 81' lang='lat' dir='ltr'><strong>Alexandrini</strong></span> <span class='ocrx_word' id='word_1_792' title='bbox 2900 3915 3154 3985; x_wconf 83' lang='lat' dir='ltr'><strong>episcOpi.</strong></span> <span class='ocrx_word' id='word_1_793' title='bbox 3194 3916 3326 3969; x_wconf 88' lang='lat' dir='ltr'><strong>Item</strong></span> <span class='ocrx_word' id='word_1_794' title='bbox 3372 3915 3503 3983; x_wconf 83' lang='lat' dir='ltr'><strong>opu-</strong></span> 
     </span>
    </p>
   </div>
   <div class='ocr_carea' id='block_1_113' title="bbox 1941 3983 3503 4055">
    <p class='ocr_par' dir='ltr' id='par_1_113' title="bbox 1941 3983 3503 4055">
     <span class='ocr_line' id='line_1_116' title="bbox 1941 3983 3503 4055; baseline 0.002 -19"><span class='ocrx_word' id='word_1_795' title='bbox 1941 3984 2085 4055; x_wconf 84' lang='lat' dir='ltr'><strong>scula</strong></span> <span class='ocrx_word' id='word_1_796' title='bbox 2111 3983 2261 4055; x_wconf 82' lang='lat' dir='ltr'><strong>beati</strong></span> <span class='ocrx_word' id='word_1_797' title='bbox 2306 3983 2490 4055; x_wconf 84' lang='lat' dir='ltr'><strong>llilarii</strong></span> <span class='ocrx_word' id='word_1_798' title='bbox 2536 3988 2880 4041; x_wconf 83' lang='lat' dir='ltr'><strong>Pictaviensis</strong></span> <span class='ocrx_word' id='word_1_799' title='bbox 2927 3983 3180 4055; x_wconf 79' lang='lat' dir='ltr'><strong>episcopi.</strong></span> <span class='ocrx_word' id='word_1_800' title='bbox 3213 3985 3341 4039; x_wconf 87' lang='lat' dir='ltr'><strong>Item</strong></span> <span class='ocrx_word' id='word_1_801' title='bbox 3370 4000 3503 4055; x_wconf 82' lang='lat' dir='ltr'><strong>opu-</strong></span> 
     </span>
    </p>
   </div>
   <div class='ocr_carea' id='block_1_114' title="bbox 1939 4053 3497 4123">
    <p class='ocr_par' dir='ltr' id='par_1_114' title="bbox 1939 4053 3497 4123">
     <span class='ocr_line' id='line_1_117' title="bbox 1939 4053 3497 4123; baseline 0.001 -16"><span class='ocrx_word' id='word_1_802' title='bbox 1939 4053 2084 4107; x_wconf 85' lang='lat' dir='ltr'><strong>scula</strong></span> <span class='ocrx_word' id='word_1_803' title='bbox 2128 4054 2263 4107; x_wconf 87' lang='lat' dir='ltr'><strong>beati</strong></span> <span class='ocrx_word' id='word_1_804' title='bbox 2290 4054 2557 4109; x_wconf 77' lang='lat' dir='ltr'><strong>Ambrosii</strong></span> <span class='ocrx_word' id='word_1_805' title='bbox 2605 4053 3012 4111; x_wconf 85' lang='lat' dir='ltr'><strong>Mediolanensis</strong></span> <span class='ocrx_word' id='word_1_806' title='bbox 3058 4055 3313 4123; x_wconf 85' lang='lat' dir='ltr'><strong>episcopi.</strong></span> <span class='ocrx_word' id='word_1_807' title='bbox 3365 4053 3497 4109; x_wconf 86' lang='lat' dir='ltr'><strong>Item</strong></span> 
     </span>
    </p>
   </div>
   <div class='ocr_carea' id='block_1_115' title="bbox 1938 4123 3495 4193">
    <p class='ocr_par' dir='ltr' id='par_1_115' title="bbox 1938 4123 3495 4193">
     <span class='ocr_line' id='line_1_118' title="bbox 1938 4123 3495 4193; baseline 0.002 -19"><span class='ocrx_word' id='word_1_808' title='bbox 1938 4124 2193 4193; x_wconf 81' lang='lat' dir='ltr'><strong>opuscula</strong></span> <span class='ocrx_word' id='word_1_809' title='bbox 2222 4123 2358 4176; x_wconf 88' lang='lat' dir='ltr'><strong>beati</strong></span> <span class='ocrx_word' id='word_1_810' title='bbox 2386 4125 2665 4192; x_wconf 86' lang='lat' dir='ltr'><strong>Augustini</strong></span> <span class='ocrx_word' id='word_1_811' title='bbox 2698 4125 3197 4193; x_wconf 79' lang='lat' dir='ltr'><strong>llipponeregiensis</strong></span> <span class='ocrx_word' id='word_1_812' title='bbox 3237 4124 3495 4191; x_wconf 81' lang='lat' dir='ltr'><strong>episcOpi.</strong></span> 
     </span>
    </p>
   </div>
   <div class='ocr_carea' id='block_1_116' title="bbox 1939 4189 3497 4263">
    <p class='ocr_par' dir='ltr' id='par_1_116' title="bbox 1939 4189 3497 4263">
     <span class='ocr_line' id='line_1_119' title="bbox 1939 4189 3497 4263; baseline 0.002 -21"><span class='ocrx_word' id='word_1_813' title='bbox 1939 4189 2069 4263; x_wconf 89' lang='lat' dir='ltr'><strong>Item</strong></span> <span class='ocrx_word' id='word_1_814' title='bbox 2091 4193 2344 4263; x_wconf 79' lang='lat' dir='ltr'><strong>opuscula</strong></span> <span class='ocrx_word' id='word_1_815' title='bbox 2369 4189 2508 4248; x_wconf 75' lang='lat' dir='ltr'><strong>beati</strong></span> <span class='ocrx_word' id='word_1_816' title='bbox 2540 4189 2842 4263; x_wconf 80' lang='lat' dir='ltr'><strong>Hieronymi</strong></span> <span class='ocrx_word' id='word_1_817' title='bbox 2872 4189 3186 4262; x_wconf 71' lang='lat' dir='ltr'><strong>presbyteri.</strong></span> <span class='ocrx_word' id='word_1_818' title='bbox 3210 4189 3339 4246; x_wconf 79' lang='lat' dir='ltr'><strong>Item</strong></span> <span class='ocrx_word' id='word_1_819' title='bbox 3369 4210 3497 4260; x_wconf 89' lang='lat' dir='ltr'><strong>opu-</strong></span> 
     </span>
    </p>
   </div>
   <div class='ocr_carea' id='block_1_117' title="bbox 1938 4260 3500 4330">
    <p class='ocr_par' dir='ltr' id='par_1_117' title="bbox 1938 4260 3500 4330">
     <span class='ocr_line' id='line_1_120' title="bbox 1938 4260 3500 4330; baseline 0.001 -17"><span class='ocrx_word' id='word_1_820' title='bbox 1938 4260 2082 4330; x_wconf 79' lang='lat' dir='ltr'><strong>scula</strong></span> <span class='ocrx_word' id='word_1_821' title='bbox 2105 4261 2244 4315; x_wconf 86' lang='lat' dir='ltr'><strong>beati</strong></span> <span class='ocrx_word' id='word_1_822' title='bbox 2264 4262 2540 4330; x_wconf 88' lang='lat' dir='ltr'><strong>Prosperi,</strong></span> <span class='ocrx_word' id='word_1_823' title='bbox 2572 4265 2673 4317; x_wconf 89' lang='lat' dir='ltr'><strong>viri</strong></span> <span class='ocrx_word' id='word_1_824' title='bbox 2698 4260 3105 4328; x_wconf 68' lang='lat' dir='ltr'><strong>religiosissimi.</strong></span> <span class='ocrx_word' id='word_1_825' title='bbox 3132 4264 3258 4315; x_wconf 91' lang='lat' dir='ltr'><strong>Item</strong></span> <span class='ocrx_word' id='word_1_826' title='bbox 3301 4264 3500 4328; x_wconf 83' lang='lat' dir='ltr'><strong>episto-</strong></span> 
     </span>
    </p>
   </div>
   <div class='ocr_carea' id='block_1_118' title="bbox 1941 4328 3492 4399">
    <p class='ocr_par' dir='ltr' id='par_1_118' title="bbox 1941 4328 3492 4399">
     <span class='ocr_line' id='line_1_121' title="bbox 1941 4328 3492 4399; baseline 0.003 -18"><span class='ocrx_word' id='word_1_827' title='bbox 1941 4328 2046 4382; x_wconf 89' lang='lat' dir='ltr'><strong>lam</strong></span> <span class='ocrx_word' id='word_1_828' title='bbox 2091 4332 2229 4384; x_wconf 90' lang='lat' dir='ltr'><strong>beati</strong></span> <span class='ocrx_word' id='word_1_829' title='bbox 2263 4328 2410 4399; x_wconf 67' lang='lat' dir='ltr'><strong>papai</strong></span> <span class='ocrx_word' id='word_1_830' title='bbox 2438 4332 2628 4386; x_wconf 87' lang='lat' dir='ltr'><strong>Leonis</strong></span> <span class='ocrx_word' id='word_1_831' title='bbox 2655 4333 2719 4385; x_wconf 89' lang='lat' dir='ltr'><strong>ad</strong></span> <span class='ocrx_word' id='word_1_832' title='bbox 2769 4331 3077 4385; x_wconf 60' lang='lat' dir='ltr'><strong>Flavianum</strong></span> <span class='ocrx_word' id='word_1_833' title='bbox 3120 4333 3492 4386; x_wconf 60' lang='lat' dir='ltr'><strong>Constantino-</strong></span> 
     </span>
    </p>
   </div>
   <div class='ocr_carea' id='block_1_119' title="bbox 1944 4399 3493 4468">
    <p class='ocr_par' dir='ltr' id='par_1_119' title="bbox 1944 4399 3493 4468">
     <span class='ocr_line' id='line_1_122' title="bbox 1944 4399 3493 4468; baseline 0.003 -17"><span class='ocrx_word' id='word_1_834' title='bbox 1944 4399 2234 4466; x_wconf 88' lang='lat' dir='ltr'><strong>politanum</strong></span> <span class='ocrx_word' id='word_1_835' title='bbox 2284 4401 2589 4468; x_wconf 88' lang='lat' dir='ltr'><strong>episcopum</strong></span> <span class='ocrx_word' id='word_1_836' title='bbox 2636 4402 2953 4456; x_wconf 86' lang='lat' dir='ltr'><strong>destinatam</strong></span> <span class='ocrx_word' id='word_1_837' title='bbox 2990 4417 3003 4455; x_wconf 90' lang='lat'><strong>:</strong></span> <span class='ocrx_word' id='word_1_838' title='bbox 3037 4404 3103 4454; x_wconf 90' lang='lat' dir='ltr'><strong>de</strong></span> <span class='ocrx_word' id='word_1_839' title='bbox 3148 4400 3298 4468; x_wconf 88' lang='lat' dir='ltr'><strong>cujus</strong></span> <span class='ocrx_word' id='word_1_840' title='bbox 3347 4411 3493 4455; x_wconf 83' lang='lat' dir='ltr'><strong>textu</strong></span> 
     </span>
    </p>
   </div>
   <div class='ocr_carea' id='block_1_120' title="bbox 1936 4469 3495 4538">
    <p class='ocr_par' dir='ltr' id='par_1_120' title="bbox 1936 4469 3495 4538">
     <span class='ocr_line' id='line_1_123' title="bbox 1936 4469 3495 4538; baseline 0.003 -17"><span class='ocrx_word' id='word_1_841' title='bbox 1936 4469 2199 4538; x_wconf 89' lang='lat' dir='ltr'><strong>quispiam</strong></span> <span class='ocrx_word' id='word_1_842' title='bbox 2227 4470 2271 4523; x_wconf 85' lang='lat' dir='ltr'><strong>si</strong></span> <span class='ocrx_word' id='word_1_843' title='bbox 2296 4485 2460 4537; x_wconf 88' lang='lat' dir='ltr'><strong>usque</strong></span> <span class='ocrx_word' id='word_1_844' title='bbox 2482 4470 2548 4524; x_wconf 89' lang='lat' dir='ltr'><strong>ad</strong></span> <span class='ocrx_word' id='word_1_845' title='bbox 2584 4486 2742 4524; x_wconf 92' lang='lat' dir='ltr'><strong>unum</strong></span> <span class='ocrx_word' id='word_1_846' title='bbox 2770 4473 2873 4524; x_wconf 88' lang='lat' dir='ltr'><strong>iota</strong></span> <span class='ocrx_word' id='word_1_847' title='bbox 2903 4472 3277 4537; x_wconf 84' lang='lat' dir='ltr'><strong>disputaverit,</strong></span> <span class='ocrx_word' id='word_1_848' title='bbox 3309 4478 3364 4524; x_wconf 83' lang='lat' dir='ltr'><strong>et</strong></span> <span class='ocrx_word' id='word_1_849' title='bbox 3387 4487 3495 4525; x_wconf 92' lang='lat' dir='ltr'><strong>non</strong></span> 
     </span>
    </p>
   </div>
   <div class='ocr_carea' id='block_1_121' title="bbox 1936 4539 3494 4608">
    <p class='ocr_par' dir='ltr' id='par_1_121' title="bbox 1936 4539 3494 4608">
     <span class='ocr_line' id='line_1_124' title="bbox 1936 4539 3494 4608; baseline 0.003 -18"><span class='ocrx_word' id='word_1_850' title='bbox 1936 4540 2137 4608; x_wconf 73' lang='lat' dir='ltr'><strong>eamin</strong></span> <span class='ocrx_word' id='word_1_851' title='bbox 2183 4539 2427 4593; x_wconf 86' lang='lat' dir='ltr'><strong>omnibus</strong></span> <span class='ocrx_word' id='word_1_852' title='bbox 2474 4541 2849 4595; x_wconf 87' lang='lat' dir='ltr'><strong>venerabiliter</strong></span> <span class='ocrx_word' id='word_1_853' title='bbox 2886 4542 3164 4608; x_wconf 87' lang='lat' dir='ltr'><strong>receperit,</strong></span> <span class='ocrx_word' id='word_1_854' title='bbox 3213 4540 3494 4594; x_wconf 88' lang='lat' dir='ltr'><strong>anathema</strong></span> 
     </span>
    </p>
   </div>
   <div class='ocr_carea' id='block_1_122' title="bbox 1936 4606 3495 4679">
    <p class='ocr_par' dir='ltr' id='par_1_122' title="bbox 1936 4606 3495 4679">
     <span class='ocr_line' id='line_1_125' title="bbox 1936 4606 3495 4679; baseline 0.003 -19"><span class='ocrx_word' id='word_1_855' title='bbox 1936 4609 2035 4679; x_wconf 73' lang='lat' dir='ltr'><strong>sit.</strong></span> <span class='ocrx_word' id='word_1_856' title='bbox 2071 4606 2200 4661; x_wconf 88' lang='lat' dir='ltr'><strong>ltem</strong></span> <span class='ocrx_word' id='word_1_857' title='bbox 2246 4609 2499 4675; x_wconf 89' lang='lat' dir='ltr'><strong>opuscula</strong></span> <span class='ocrx_word' id='word_1_858' title='bbox 2527 4620 2686 4679; x_wconf 90' lang='lat' dir='ltr'><strong>atque</strong></span> <span class='ocrx_word' id='word_1_859' title='bbox 2713 4618 2966 4663; x_wconf 90' lang='lat' dir='ltr'><strong>tractatus</strong></span> <span class='ocrx_word' id='word_1_860' title='bbox 2996 4606 3234 4663; x_wconf 84' lang='lat' dir='ltr'><strong>omnium</strong></span> <span class='ocrx_word' id='word_1_861' title='bbox 3281 4610 3495 4664; x_wconf 82' lang='lat' dir='ltr'><strong>Patrum</strong></span> 
     </span>
    </p>
   </div>
   <div class='ocr_carea' id='block_1_123' title="bbox 1936 4677 3495 4746">
    <p class='ocr_par' dir='ltr' id='par_1_123' title="bbox 1936 4677 3495 4746">
     <span class='ocr_line' id='line_1_126' title="bbox 1936 4677 3495 4746; baseline 0.003 -17"><span class='ocrx_word' id='word_1_862' title='bbox 1936 4677 2380 4743; x_wconf 79' lang='lat' dir='ltr'><strong>orthodoxorum,</strong></span> <span class='ocrx_word' id='word_1_863' title='bbox 2415 4680 2503 4746; x_wconf 83' lang='lat' dir='ltr'><strong>qui</strong></span> <span class='ocrx_word' id='word_1_864' title='bbox 2532 4677 2777 4733; x_wconf 27' lang='lat' dir='ltr'><strong>in‘nullo</strong></span> <span class='ocrx_word' id='word_1_865' title='bbox 2805 4695 2834 4732; x_wconf 93' lang='lat' dir='ltr'><strong>a</strong></span> <span class='ocrx_word' id='word_1_866' title='bbox 2866 4689 3061 4732; x_wconf 79' lang='lat' dir='ltr'><strong>sancta:</strong></span> <span class='ocrx_word' id='word_1_867' title='bbox 3110 4680 3360 4732; x_wconf 76' lang='lat' dir='ltr'><strong>llomame</strong></span> <span class='ocrx_word' id='word_1_868' title='bbox 3394 4680 3495 4734; x_wconf 79' lang='lat' dir='ltr'><strong>Ec-</strong></span> 
     </span>
    </p>
   </div>
   <div class='ocr_carea' id='block_1_124' title="bbox 1935 4747 3497 4816">
    <p class='ocr_par' dir='ltr' id='par_1_124' title="bbox 1935 4747 3497 4816">
     <span class='ocr_line' id='line_1_127' title="bbox 1935 4747 3497 4816; baseline 0.002 -17"><span class='ocrx_word' id='word_1_869' title='bbox 1935 4747 2113 4800; x_wconf 73' lang='lat' dir='ltr'><strong>clesia:</strong></span> <span class='ocrx_word' id='word_1_870' title='bbox 2136 4754 2407 4801; x_wconf 84' lang='lat' dir='ltr'><strong>consortio</strong></span> <span class='ocrx_word' id='word_1_871' title='bbox 2427 4749 2706 4802; x_wconf 88' lang='lat' dir='ltr'><strong>deviarunt</strong></span> <span class='ocrx_word' id='word_1_872' title='bbox 2727 4789 2741 4813; x_wconf 93' lang='lat'><strong>,</strong></span> <span class='ocrx_word' id='word_1_873' title='bbox 2771 4764 2867 4802; x_wconf 90' lang='lat' dir='ltr'><strong>nec</strong></span> <span class='ocrx_word' id='word_1_874' title='bbox 2898 4750 2963 4803; x_wconf 91' lang='lat' dir='ltr'><strong>ab</strong></span> <span class='ocrx_word' id='word_1_875' title='bbox 2992 4749 3107 4816; x_wconf 86' lang='lat' dir='ltr'><strong>ejus</strong></span> <span class='ocrx_word' id='word_1_876' title='bbox 3137 4748 3239 4802; x_wconf 86' lang='lat' dir='ltr'><strong>lide</strong></span> <span class='ocrx_word' id='word_1_877' title='bbox 3270 4748 3349 4802; x_wconf 89' lang='lat' dir='ltr'><strong>vel</strong></span> <span class='ocrx_word' id='word_1_878' title='bbox 3370 4765 3497 4816; x_wconf 77' lang='lat' dir='ltr'><strong>pra:-</strong></span> 
     </span>
    </p>
   </div>
   <div class='ocr_carea' id='block_1_125' title="bbox 1934 4816 3495 4886">
    <p class='ocr_par' dir='ltr' id='par_1_125' title="bbox 1934 4816 3495 4886">
     <span class='ocr_line' id='line_1_128' title="bbox 1934 4816 3495 4886; baseline 0.003 -18"><span class='ocrx_word' id='word_1_879' title='bbox 1934 4816 2197 4870; x_wconf 77' lang='lat' dir='ltr'><strong>dicatione</strong></span> <span class='ocrx_word' id='word_1_880' title='bbox 2225 4818 2448 4884; x_wconf 84' lang='lat' dir='ltr'><strong>sejunctt</strong></span> <span class='ocrx_word' id='word_1_881' title='bbox 2496 4819 2765 4881; x_wconf 86' lang='lat' dir='ltr'><strong>sunt;sed</strong></span> <span class='ocrx_word' id='word_1_882' title='bbox 2815 4818 2979 4886; x_wconf 87' lang='lat' dir='ltr'><strong>ipsius</strong></span> <span class='ocrx_word' id='word_1_883' title='bbox 3024 4819 3495 4873; x_wconf 88' lang='lat' dir='ltr'><strong>communicationi</strong></span> 
     </span>
    </p>
   </div>
   <div class='ocr_carea' id='block_1_126' title="bbox 1937 4887 3496 4956">
    <p class='ocr_par' dir='ltr' id='par_1_126' title="bbox 1937 4887 3496 4956">
     <span class='ocr_line' id='line_1_129' title="bbox 1937 4887 3496 4956; baseline 0.003 -19"><span class='ocrx_word' id='word_1_884' title='bbox 1937 4900 2029 4953; x_wconf 89' lang='lat' dir='ltr'><strong>per</strong></span> <span class='ocrx_word' id='word_1_885' title='bbox 2055 4887 2278 4954; x_wconf 88' lang='lat' dir='ltr'><strong>gratiam</strong></span> <span class='ocrx_word' id='word_1_886' title='bbox 2315 4888 2407 4940; x_wconf 90' lang='lat' dir='ltr'><strong>Dei</strong></span> <span class='ocrx_word' id='word_1_887' title='bbox 2448 4902 2613 4956; x_wconf 82' lang='lat' dir='ltr'><strong>usque</strong></span> <span class='ocrx_word' id='word_1_888' title='bbox 2641 4890 2692 4941; x_wconf 91' lang='lat' dir='ltr'><strong>in</strong></span> <span class='ocrx_word' id='word_1_889' title='bbox 2744 4889 2983 4941; x_wconf 89' lang='lat' dir='ltr'><strong>ultimum</strong></span> <span class='ocrx_word' id='word_1_890' title='bbox 3030 4888 3170 4941; x_wconf 90' lang='lat' dir='ltr'><strong>diem</strong></span> <span class='ocrx_word' id='word_1_891' title='bbox 3218 4887 3338 4941; x_wconf 74' lang='lat' dir='ltr'><strong>vitae</strong></span> <span class='ocrx_word' id='word_1_892' title='bbox 3386 4901 3496 4943; x_wconf 73' lang='lat' dir='ltr'><strong>sua:</strong></span> 
     </span>
    </p>
   </div>
   <div class='ocr_carea' id='block_1_127' title="bbox 202 4956 1845 5050">
    <p class='ocr_par' dir='ltr' id='par_1_127' title="bbox 202 4956 1820 5050">
     <span class='ocr_line' id='line_1_130' title="bbox 202 4956 1820 5050; baseline 0 -38"><span class='ocrx_word' id='word_1_893' title='bbox 202 5004 219 5035; x_wconf 50' lang='grc' dir='ltr'><strong>ε</strong></span> <span class='ocrx_word' id='word_1_894' title='bbox 385 4956 612 5050; x_wconf 40' lang='lat' dir='ltr'><strong>‘s&#39;oi&#39;veris</strong></span> <span class='ocrx_word' id='word_1_895' title='bbox 653 4956 1072 5050; x_wconf 42' lang='lat' dir='ltr'><strong>sn‘pernterram&#39;,</strong></span> <span class='ocrx_word' id='word_1_896' title='bbox 1129 4963 1481 5050; x_wconf 57' lang='lat' dir='ltr'><strong>et&#39;ttiit_soluta</strong></span> <span class='ocrx_word' id='word_1_897' title='bbox 1528 4962 1655 5050; x_wconf 48' lang='lat' dir='ltr'><strong>etin</strong></span> <span class='ocrx_word' id='word_1_898' title='bbox 1699 4967 1820 5050; x_wconf 52' lang='lat' dir='ltr'><strong>{telo</strong></span> 
     </span>
    </p>
   </div>
   <div class='ocr_carea' id='block_1_128' title="bbox 1954 4956 3493 5050">
    <p class='ocr_par' dir='ltr' id='par_1_128' title="bbox 1954 4956 3493 5050">
     <span class='ocr_line' id='line_1_131' title="bbox 1954 4956 3493 5050; baseline 0.002 -43"><span class='ocrx_word' id='word_1_899' title='bbox 1954 4957 2082 5035; x_wconf 77' lang='lat' dir='ltr'><strong>uere</strong></span> <span class='ocrx_word' id='word_1_900' title='bbox 2126 4956 2279 5050; x_wconf 37' lang='lat'><strong>1:53</strong></span> <span class='ocrx_word' id='word_1_901' title='bbox 2316 4957 2619 5050; x_wconf 63' lang='lat' dir='ltr'><strong>participes,</strong></span> <span class='ocrx_word' id='word_1_902' title='bbox 2674 4958 3316 5050; x_wconf 56' lang='lat' dir='ltr'><strong>legendosdecernimus1</strong></span> <span class='ocrx_word' id='word_1_903' title='bbox 3366 4957 3493 5037; x_wconf 85' lang='lat' dir='ltr'><strong>Item</strong></span> 
     </span>
    </p>
   </div>
   <div class='ocr_carea' id='block_1_129' title="bbox 1925 5026 3492 5095">
    <p class='ocr_par' dir='ltr' id='par_1_129' title="bbox 1925 5026 3492 5095">
     <span class='ocr_line' id='line_1_132' title="bbox 1925 5026 3492 5095; baseline 0.003 -20"><span class='ocrx_word' id='word_1_904' title='bbox 1925 5027 2221 5078; x_wconf 83' lang='lat' dir='ltr'><strong>decretales</strong></span> <span class='ocrx_word' id='word_1_905' title='bbox 2244 5026 2523 5093; x_wconf 86' lang='lat' dir='ltr'><strong>epistolas,</strong></span> <span class='ocrx_word' id='word_1_906' title='bbox 2559 5042 2690 5094; x_wconf 90' lang='lat' dir='ltr'><strong>quas</strong></span> <span class='ocrx_word' id='word_1_907' title='bbox 2734 5026 3029 5082; x_wconf 85' lang='lat' dir='ltr'><strong>beatissimi</strong></span> <span class='ocrx_word' id='word_1_908' title='bbox 3072 5042 3219 5095; x_wconf 73' lang='lat' dir='ltr'><strong>papa:</strong></span> <span class='ocrx_word' id='word_1_909' title='bbox 3268 5028 3492 5081; x_wconf 69' lang='lat' dir='ltr'><strong>diversis</strong></span> 
     </span>
    </p>
   </div>
   <div class='ocr_carea' id='block_1_130' title="bbox 1924 5095 3489 5163">
    <p class='ocr_par' dir='ltr' id='par_1_130' title="bbox 1924 5095 3489 5163">
     <span class='ocr_line' id='line_1_133' title="bbox 1924 5095 3489 5163; baseline 0.001 -16"><span class='ocrx_word' id='word_1_910' title='bbox 1924 5098 2250 5160; x_wconf 75' lang='lat' dir='ltr'><strong>temporibus</strong></span> <span class='ocrx_word' id='word_1_911' title='bbox 2277 5097 2343 5147; x_wconf 88' lang='lat' dir='ltr'><strong>ab</strong></span> <span class='ocrx_word' id='word_1_912' title='bbox 2373 5097 2501 5148; x_wconf 88' lang='lat' dir='ltr'><strong>urbe</strong></span> <span class='ocrx_word' id='word_1_913' title='bbox 2551 5096 2714 5148; x_wconf 64' lang='lat' dir='ltr'><strong>R&#39;mta</strong></span> <span class='ocrx_word' id='word_1_914' title='bbox 2769 5113 2863 5163; x_wconf 89' lang='lat' dir='ltr'><strong>pro</strong></span> <span class='ocrx_word' id='word_1_915' title='bbox 2911 5097 3238 5150; x_wconf 87' lang='lat' dir='ltr'><strong>diversorum</strong></span> <span class='ocrx_word' id='word_1_916' title='bbox 3272 5095 3489 5148; x_wconf 73' lang='lat' dir='ltr'><strong>Patrum</strong></span> 
     </span>
    </p>
   </div>
   <div class='ocr_carea' id='block_1_131' title="bbox 1922 5164 3481 5230">
    <p class='ocr_par' dir='ltr' id='par_1_131' title="bbox 1922 5164 3481 5230">
     <span class='ocr_line' id='line_1_134' title="bbox 1922 5164 3481 5230; baseline -0.001 -14"><span class='ocrx_word' id='word_1_917' title='bbox 1922 5165 2315 5217; x_wconf 88' lang='lat' dir='ltr'><strong>consultatione</strong></span> <span class='ocrx_word' id='word_1_918' title='bbox 2354 5164 2651 5229; x_wconf 85' lang='lat' dir='ltr'><strong>dederunt,</strong></span> <span class='ocrx_word' id='word_1_919' title='bbox 2688 5168 3068 5220; x_wconf 74' lang='lat' dir='ltr'><strong>venerabiliter</strong></span> <span class='ocrx_word' id='word_1_920' title='bbox 3098 5165 3481 5230; x_wconf 84' lang='lat' dir='ltr'><strong>suscipiendas.</strong></span> 
     </span>
    </p>
   </div>
   <div class='ocr_carea' id='block_1_132' title="bbox 1924 5232 3485 5306">
    <p class='ocr_par' dir='ltr' id='par_1_132' title="bbox 1924 5232 3485 5306">
     <span class='ocr_line' id='line_1_135' title="bbox 1924 5232 3485 5306; baseline 0 -21"><span class='ocrx_word' id='word_1_921' title='bbox 1924 5233 2052 5287; x_wconf 80' lang='lat' dir='ltr'><strong>item</strong></span> <span class='ocrx_word' id='word_1_922' title='bbox 2085 5232 2243 5287; x_wconf 85' lang='lat' dir='ltr'><strong>Gesta</strong></span> <span class='ocrx_word' id='word_1_923' title='bbox 2272 5244 2577 5287; x_wconf 86' lang='lat' dir='ltr'><strong>sanctorum</strong></span> <span class='ocrx_word' id='word_1_924' title='bbox 2610 5247 2933 5306; x_wconf 83' lang='lat' dir='ltr'><strong>martyrum,</strong></span> <span class='ocrx_word' id='word_1_925' title='bbox 2963 5252 3080 5304; x_wconf 72' lang='lat' dir='ltr'><strong>qua:</strong></span> <span class='ocrx_word' id='word_1_926' title='bbox 3108 5234 3485 5306; x_wconf 71' lang='lat' dir='ltr'><strong>multiplicibus</strong></span> 
     </span>
    </p>
   </div>
   <div class='ocr_carea' id='block_1_133' title="bbox 1926 5301 3485 5371">
    <p class='ocr_par' dir='ltr' id='par_1_133' title="bbox 1926 5301 3485 5371">
     <span class='ocr_line' id='line_1_136' title="bbox 1926 5301 3485 5371; baseline -0.004 -15"><span class='ocrx_word' id='word_1_927' title='bbox 1926 5313 2311 5357; x_wconf 85' lang='lat' dir='ltr'><strong>tormentorum</strong></span> <span class='ocrx_word' id='word_1_928' title='bbox 2355 5306 2702 5371; x_wconf 90' lang='lat' dir='ltr'><strong>cruciatibus,</strong></span> <span class='ocrx_word' id='word_1_929' title='bbox 2739 5301 2789 5359; x_wconf 82' lang='lat' dir='ltr'><strong>et</strong></span> <span class='ocrx_word' id='word_1_930' title='bbox 2825 5301 3152 5359; x_wconf 78' lang='lat' dir='ltr'><strong>mirabilibus</strong></span> <span class='ocrx_word' id='word_1_931' title='bbox 3189 5301 3485 5356; x_wconf 81' lang='lat' dir='ltr'><strong>confessio-</strong></span> 
     </span>
    </p>
   </div>
   <div class='ocr_carea' id='block_1_134' title="bbox 1923 5372 3483 5442">
    <p class='ocr_par' dir='ltr' id='par_1_134' title="bbox 1923 5372 3483 5442">
     <span class='ocr_line' id='line_1_137' title="bbox 1923 5372 3483 5442; baseline -0.004 -16"><span class='ocrx_word' id='word_1_932' title='bbox 1923 5390 2047 5426; x_wconf 92' lang='lat' dir='ltr'><strong>num</strong></span> <span class='ocrx_word' id='word_1_933' title='bbox 2079 5374 2356 5442; x_wconf 85' lang='lat' dir='ltr'><strong>triumphis</strong></span> <span class='ocrx_word' id='word_1_934' title='bbox 2384 5375 2552 5428; x_wconf 79' lang='lat' dir='ltr'><strong>inratli</strong></span> <span class='ocrx_word' id='word_1_935' title='bbox 2573 5386 2667 5429; x_wconf 76' lang='lat' dir='ltr'><strong>int.</strong></span> <span class='ocrx_word' id='word_1_936' title='bbox 2702 5377 2831 5441; x_wconf 82' lang='lat' dir='ltr'><strong>Quis</strong></span> <span class='ocrx_word' id='word_1_937' title='bbox 2854 5378 2948 5428; x_wconf 85' lang='lat' dir='ltr'><strong>ista</strong></span> <span class='ocrx_word' id='word_1_938' title='bbox 2971 5374 3351 5427; x_wconf 67' lang='grc' dir='ltr'><strong>οιιιΙιυΙίυυιυιιι</strong></span> <span class='ocrx_word' id='word_1_939' title='bbox 3386 5372 3483 5421; x_wconf 87' lang='lat' dir='ltr'><strong>du-</strong></span> 
     </span>
    </p>
   </div>
   <div class='ocr_carea' id='block_1_135' title="bbox 1926 5442 3485 5513">
    <p class='ocr_par' dir='ltr' id='par_1_135' title="bbox 1926 5442 3485 5513">
     <span class='ocr_line' id='line_1_138' title="bbox 1926 5442 3485 5513; baseline -0.003 -18"><span class='ocrx_word' id='word_1_940' title='bbox 1926 5445 2079 5507; x_wconf 88' lang='lat' dir='ltr'><strong>bitet,</strong></span> <span class='ocrx_word' id='word_1_941' title='bbox 2121 5455 2175 5496; x_wconf 89' lang='lat' dir='ltr'><strong>et</strong></span> <span class='ocrx_word' id='word_1_942' title='bbox 2223 5444 2421 5511; x_wconf 81' lang='lat' dir='ltr'><strong>majora</strong></span> <span class='ocrx_word' id='word_1_943' title='bbox 2461 5460 2555 5499; x_wconf 88' lang='lat' dir='ltr'><strong>eos</strong></span> <span class='ocrx_word' id='word_1_944' title='bbox 2589 5448 2639 5498; x_wconf 91' lang='lat' dir='ltr'><strong>in</strong></span> <span class='ocrx_word' id='word_1_945' title='bbox 2668 5447 2924 5513; x_wconf 74' lang='lat' dir='ltr'><strong>agonibus</strong></span> <span class='ocrx_word' id='word_1_946' title='bbox 2953 5444 3112 5513; x_wconf 71' lang='lat' dir='ltr'><strong>fuisse</strong></span> <span class='ocrx_word' id='word_1_947' title='bbox 3163 5442 3485 5513; x_wconf 81' lang='lat' dir='ltr'><strong>perpesSoS&#39;!</strong></span> 
     </span>
    </p>
   </div>
   <div class='ocr_carea' id='block_1_136' title="bbox 1924 5510 3485 5582">
    <p class='ocr_par' dir='ltr' id='par_1_136' title="bbox 1924 5510 3485 5582">
     <span class='ocr_line' id='line_1_139' title="bbox 1924 5510 3485 5582; baseline -0.002 -16"><span class='ocrx_word' id='word_1_948' title='bbox 1924 5527 2022 5566; x_wconf 85' lang='lat' dir='ltr'><strong>nec</strong></span> <span class='ocrx_word' id='word_1_949' title='bbox 2053 5514 2161 5565; x_wconf 85' lang='lat' dir='ltr'><strong>suis</strong></span> <span class='ocrx_word' id='word_1_950' title='bbox 2178 5510 2398 5578; x_wconf 79' lang='lat' dir='ltr'><strong>viribus,</strong></span> <span class='ocrx_word' id='word_1_951' title='bbox 2427 5516 2519 5568; x_wconf 59' lang='lat' dir='ltr'><strong>Sed</strong></span> <span class='ocrx_word' id='word_1_952' title='bbox 2555 5516 2646 5569; x_wconf 89' lang='lat' dir='ltr'><strong>Dei</strong></span> <span class='ocrx_word' id='word_1_953' title='bbox 2668 5510 2835 5582; x_wconf 75' lang='lat' dir='ltr'><strong>gratia</strong></span> <span class='ocrx_word' id='word_1_954' title='bbox 2858 5524 2910 5566; x_wconf 89' lang='lat' dir='ltr'><strong>et</strong></span> <span class='ocrx_word' id='word_1_955' title='bbox 2941 5512 3203 5579; x_wconf 81' lang='lat' dir='ltr'><strong>adjutorio</strong></span> <span class='ocrx_word' id='word_1_956' title='bbox 3238 5510 3485 5582; x_wconf 74' lang='lat' dir='ltr'><strong>universa</strong></span> 
     </span>
    </p>
   </div>
   <div class='ocr_carea' id='block_1_137' title="bbox 1926 5580 3483 5638">
    <p class='ocr_par' dir='ltr' id='par_1_137' title="bbox 1926 5580 3483 5638">
     <span class='ocr_line' id='line_1_140' title="bbox 1926 5580 3483 5638; baseline -0.004 -2"><span class='ocrx_word' id='word_1_957' title='bbox 1926 5586 2221 5637; x_wconf 75' lang='lat' dir='ltr'><strong>tolerasse?</strong></span> <span class='ocrx_word' id='word_1_958' title='bbox 2246 5584 2349 5637; x_wconf 83' lang='lat' dir='ltr'><strong>Sed</strong></span> <span class='ocrx_word' id='word_1_959' title='bbox 2388 5585 2505 5638; x_wconf 86' lang='lat' dir='ltr'><strong>ideo</strong></span> <span class='ocrx_word' id='word_1_960' title='bbox 2531 5580 2821 5638; x_wconf 81' lang='lat' dir='ltr'><strong>secundum</strong></span> <span class='ocrx_word' id='word_1_961' title='bbox 2849 5582 3115 5638; x_wconf 78' lang='lat' dir='ltr'><strong>antiquam</strong></span> <span class='ocrx_word' id='word_1_962' title='bbox 3143 5580 3483 5631; x_wconf 52' lang='lat' dir='ltr'><strong>consuetudb</strong></span> 
     </span>
    </p>
   </div>
   <div class='ocr_carea' id='block_1_138' title="bbox 1933 5649 3487 5723">
    <p class='ocr_par' dir='ltr' id='par_1_138' title="bbox 1933 5649 3487 5723">
     <span class='ocr_line' id='line_1_141' title="bbox 1933 5649 3487 5723; baseline -0.001 -16"><span class='ocrx_word' id='word_1_963' title='bbox 1933 5670 2079 5722; x_wconf 55' lang='lat' dir='ltr'><strong>11cm,</strong></span> <span class='ocrx_word' id='word_1_964' title='bbox 2118 5654 2372 5723; x_wconf 80' lang='lat' dir='ltr'><strong>singulari</strong></span> <span class='ocrx_word' id='word_1_965' title='bbox 2416 5656 2620 5709; x_wconf 80' lang='lat' dir='ltr'><strong>cautela</strong></span> <span class='ocrx_word' id='word_1_966' title='bbox 2661 5654 2715 5706; x_wconf 89' lang='lat' dir='ltr'><strong>in</strong></span> <span class='ocrx_word' id='word_1_967' title='bbox 2762 5659 2941 5706; x_wconf 78' lang='lat' dir='ltr'><strong>sancta</strong></span> <span class='ocrx_word' id='word_1_968' title='bbox 2982 5649 3219 5703; x_wconf 78' lang='lat' dir='ltr'><strong>Romana</strong></span> <span class='ocrx_word' id='word_1_969' title='bbox 3252 5649 3487 5705; x_wconf 72' lang='lat' dir='ltr'><strong>Ecclesia</strong></span> 
     </span>
    </p>
   </div>
  </div>
