3962 6178
523 308 629 363 bi?)

655 420 780 488 l’ag.
807 416 931 473 529.
967 414 1193 469 Nomina
1220 413 1570 482 episcoporum
1608 410 1696 480 qui
1729 410 1950 465 subscri-

596 558 719 611 Ilzec
747 555 980 618 nomina,
1010 570 1129 624 qua:
1153 492 1528 624 diz’ziadgi'iintur
1540 549 1595 624 in
1617 549 1863 624 vulgatis,
1890 563 2085 618 seque-

522 628 714 681 bantur
744 628 796 680 in
824 626 1010 678 codice
1030 619 1337 676 Divionensi
1364 621 1671 691 synodicam
1698 620 1763 673 ad
1792 619 2084 688 imperato-

1659 294 1926 352 RUSTICI
1967 292 2255 351 HELPIDII
2293 292 2614 352 CARMINA.

2110 414 2161 474 Λ
2190 412 2412 481 perioris
2430 414 2508 467 uti
2534 420 2588 467 et
2613 410 2802 468 Siscia.
2827 410 3086 481 Eventius
3107 409 3444 475 Ticiniensis,
3473 411 3758 468 Abundan-

3658 300 3758 354 εει

2190 480 2294 536 tius
2320 482 2684 545 Tridentinus,
2711 482 2979 536 Pbilaster
3004 480 3305 546 Brixianus,
3337 482 3652 536 Ileliodorus
3676 487 3759 539 Al-

2188 552 2448 624 t_iniensis,
2480 553 2628 607 Felix
2656 550 2982 624 .lgadertinus:
3016 549 3139 624 (Est
3154 552 3347 624 Jadera
3372 552 3421 624 in
3452 552 3757 624 Dalmatia.)

2185 622 2498 676 Theodorus
2521 620 2924 685 Octodorensis,
2950 619 3208 673 Proculus
3231 621 3594 685 Massiliensis,
3623 619 3757 678 Con-

521 710 608 751 res
631 712 649 751 :
676 710 793 763 qua:
815 694 1062 763 quoniam
1088 694 1243 815 $61
1268 689 1513 745 videntur.
1532 703 1772 758 magnam
1796 698 1997 757 partem
2019 706 2086 745 ex
2184 691 2411 745 stantius
2440 692 2727 745 Arausicus
2756 690 2961 815 legatus
2991 689 3289 755 Gallorum,
3322 690 3596 746 Limenius
3625 691 3757 747 Ver-

521 769 662 815 veris
690 765 819 815 iosis
844 764 977 815 actis
1016 777 1044 815 a
1140 764 1281 815 ittilio
1311 762 1545 815 traducta
1576 759 1630 813 in
1672 760 2082 815 disoutationem
2182 760 2450 815 eellensis.
2485 761 2775 815 llomninus
2850 760 3340 815 ratianouolitanus.
3365 759 3629 815 Diogenes
3652 762 3757 815 Ge-

521 769 662 818 veris
690 759 819 831 ipsis
833 759 977 815 actis
1016 777 1044 815 a
1088 759 1281 831 Vigilio
1311 762 1545 815 traducta
1576 759 1630 813 in
1672 760 2082 831 disputationem

522 828 774 887 adversus
823 831 1139 897 Palladium,
1161 828 1381 886 'idcirco
1419 831 1635 899 propius
1661 842 1692 882 a
1722 828 1874 899 nobis
1894 829 2083 899 finspi-

519 902 704 957 cienda
754 910 899 969 sunt,
939 910 1098 970 atque
1128 902 1265 955 inter
1304 898 1429 955 sese
1469 898 1845 970 eumparautla.
1888 898 2081 970 Tribus

520 973 660 1046 enim
685 972 819 1046 locis
836 968 893 1026 in
912 968 1191 1046 boeopere
1206 971 1539 1046 appella-utut-
1559 968 1831 1046 episcopi:
1854 969 2080 1046 primum

519 1041 638 1109 ipso
683 1041 855 1105 initio,
903 1037 1097 1095 deinde
1124 1042 1175 1094 in
1207 1037 1430 1095 decursu
1474 1037 1855 1103 altercationis,
1889 1039 2080 1109 ultimo

518 1106 583 1164 a‘d
602 1110 756 1165 tinem
776 1112 1040 1180 synodica:
1059 1112 1121 1163 ad
1152 1111 1501 1177 imperatores
1516 1122 1652 1180 zenon
1676 1117 1852 1180 tamen
1880 1106 2077 1180 ubique

518 1195 703 1235 omnes
727 1190 780 1235 et
795 1177 976 1234 iidem.
1004 1182 1199 1235 Deesse
1221 1181 1431 1249 quidem
1450 1179 1724 1249 Acholium
1741 1177 1855 1249 sive
1871 1178 2077 1249 Asello-

518 1250 647 1303 lium
676 1246 1360 1317 Thessalonicensemfjam
1386 1249 1686 1302 monuimus
1708 1247 1758 1299 in
1784 1246 2038 1317 Vindiciis
2058 1288 2074 1313 ,

513 1321 755 1384 quamvis
777 1322 827 1375 in
851 1320 1103 1389 synodico
1125 1316 1313 1388 Pappi,
1338 1334 1469 1389 vero
1492 1317 1589 1385 ipsi
1611 1316 1931 1389 Aquileiensi
1948 1331 2077 1370 eon-

512 1389 639 1443 eilio
666 1404 769 1442 non
800 1386 956 1443 modo
987 1386 1307 1454 interfuisse,
1338 1386 1430 1442 sed
1461 1396 1515 1441 et
1540 1387 1817 1456 prmfuisse
1840 1386 2076 1456 affirme-

515 1466 622 1511 tur.
656 1460 790 1523 Quid
834 1468 1008 1511 autem
1044 1458 1285 1526 Vigilium
1320 1459 1571 1521 moverit,
1604 1466 1661 1509 ut
1708 1470 1803 1525 pro
1850 1455 2073 1509 Acholio

516 1526 851 1597 Valerianum
883 1528 1275 1597 Aquileiensem
1308 1529 1612 1594 episcopum
1650 1526 1870 1597 concilii
1891 1528 2073 1597 praesi-

512 1595 635 1650 dem
663 1595 971 1662 inculcaret,
1006 1599 1211 1652 vidctur
1235 1598 1411 1665 colligi
1453 1612 1517 1651 ex
1552 1598 1809 1663 rescripto
1834 1596 2070 1650 Gratiani

510 1681 609 1737 pro
633 1668 866 1737 cogenda
898 1670 1131 1737 synodo,
1164 1669 1304 1736 quod
1334 1684 1453 1721 cum
1488 1666 1665 1720 datum
1694 1668 1764 1720 sit
1790 1665 1855 1719 ad
1881 1679 2066 1733 quem-

2182 760 2450 824 eellensis,
2485 761 2775 815 llomninus
2801 759 3340 830 Gratianopolitanus,
3365 759 3629 830 Diogenes
3652 762 3758 818 Ge-

2183 832 2457 894 navensis,
2491 830 2774 885 Bassianus
2797 829 3089 884 Laudensis
3118 830 3169 883 in
3200 840 3451 883 contextu
3475 829 3603 884 etin
3627 835 3755 887 sub-

2181 901 2581 969 scriptiouibus,
2611 901 2701 964 qui
2728 899 2865 954 forte
2893 900 3146 953 mendose
3177 900 3226 952 in
3256 900 3407 952 initio
3431 901 3747 959 Basilianus.

2181 970 2274 1026 Est
2306 969 2445 1024 Laus
2475 970 2724 1038 Pompeia
2769 970 2821 1023 in
2863 969 3092 1036 Liguria.
3146 969 3533 1033 Exuperantius
3564 971 3753 1026 Derto-

2180 1040 2380 1094 nensis.
2412 1041 2691 1093 Amantius
2722 1040 2774 1093 in
2815 1039 3038 1106 vulgatis
3066 1039 3351 1106 episcopus
3379 1040 3638 1105 Nicensis,
3670 1043 3752 1097 di-

2178 1112 2317 1163 citur
2339 1113 2390 1164 in
2421 1126 2518 1163 ms.
2540 1108 3167 1177 episcopusJovienst‘um.
3192 1107 3273 1161 An
3299 1110 3530 1164 .lovavize
3561 1112 3612 1164 in
3640 1112 3750 1165 No-

2177 1179 2309 1243 rico,
2336 1196 2454 1246 qua:
2485 1195 2623 1233 nunc
2668 1178 3073 1247 Salisburgum?
3118 1177 3390 1232 Joviacum
3419 1188 3473 1233 et
3500 1180 3748 1237 Jovavitn

2178 1249 2326 1317 ponit
2356 1249 2689 1303 ltinerariutn
2720 1250 2773 1302 iu
2801 1248 3015 1301 Norico.
3050 1248 3119 1301 At
3143 1248 3294 1303 Jovis
3322 1248 3543 1303 Par-vam
3572 1261 3625 1303 et
3654 1253 3752 1305 .lo-

2175 1320 2255 1374 vis
2278 1319 2519 1388 Magnam
2551 1318 2793 1388 civitates
2831 1320 2985 1387 162
3008 1317 3331 1386 (Diospoles)
3364 1332 3543 1372 censet
3565 1320 3747 1376 Ptole-

2175 1403 2341 1443 maeus
2367 1387 2417 1442 in
2442 1389 2616 1441 tabula
2643 1404 2692 1442 iv
2714 1387 2903 1440 Africa:
2930 1407 2941 1440 :
2967 1403 3067 1455 qua
3093 1403 3159 1441 ex
3185 1388 3362 1441 Africa
3395 1388 3446 1442 in
3473 1391 3573 1443 hoc
3598 1402 3747 1448 easta

2175 1459 2514 1528 reperiuntur
2540 1457 2688 1512 Felix
2712 1466 2765 1511 et
2786 1458 3061 1528 Numidius
3088 1457 3243 1525 legati
3270 1460 3533 1513 Afrorum.
3560 1459 3745 1516 Justus

2174 1527 2378 1597 legatus
2402 1529 2707 1590 Gallorum,
2745 1527 2977 1580 creditur
3008 1528 3167 1599 fuisse
3207 1528 3487 1595 episcopus
3528 1531 3747 1599 Lugdu-

2176 1600 2355 1651 nensis
2380 1637 2396 1659 ,
2428 1606 2732 1652 sanctorum
2767 1598 2955 1651 canoni
2994 1598 3258 1665 ascriptus
3287 1616 3298 1649 :
3330 1601 3482 1664 cujus
3519 1600 3571 1652 in
3616 1598 3744 1656 Vita

2172 1669 2311 1736 apud
2338 1668 2551 1723 Surium
2580 1668 2791 1734 legitur,
2824 1667 2961 1733 quod
2985 1666 3050 1719 ad
3080 1667 3241 1721 Italiae
3267 1669 3532 1735 quoddam
3555 1674 3744 1725 conci-

506 1735 629 1789 dam
650 1735 1155 1827 excellentiaititulo
1168 1735 1236 1827 alb
1256 1736 1570 1820 imperatore
1586 1737 2070 1827 ornatumuconje.
2106 1771 2145 1827 Β
2176 1735 2303 1827 liutn
2330 1750 2549 1827 vocatus
2568 1780 2582 1803 ,
2626 1737 2821 1827 exinde
2854 1736 3741 1827 nunquam.Lugdunumjredierit;

502 1815 655 1859 etura
671 1816 753 1861 est
770 1806 932 1862 fuisse
954 1807 1093 1861 hunc
1117 1806 1450 1860 Valerianum
1473 1806 1801 1873 praefectum,
1822 1806 1885 1858 ad
1908 1820 2065 1873 quem

504 1888 599 1945 sex
626 1876 844 1929 omnino
886 1878 1139 1943 rescripta
1180 1876 1421 1930 Caesarea
1468 1875 1569 1929 hoc
1613 1877 1727 1944 ipso
1778 1875 1983 1945 Syagrii
2012 1884 2066 1929 et

504 1944 747 2013 Eucherii
797 1946 1105 2013 consulatu,
1151 1947 1387 2013 adeoque
1432 1947 1572 1998 anno
1601 1960 1722 1998 acra:
1750 1944 2065 1999 Christianae

502 2012 629 2082 58l,
653 2029 758 2080 quo
782 2024 835 2067 et
856 2016 1138 2068 concilium
1168 2012 1421 2082 Aquileiae
1442 2016 1767 2069 celebratum
1786 2022 1889 2079 est,
1920 2013 2061 2068 edita

502 2081 666 2153 refert
686 2084 852 2136 codex
875 2081 1295 2151 'l‘hcodosianus,
1325 2100 1420 2152 pro
1441 2098 1545 2153 quo
1567 2087 1875 2152 episcOpum
1903 2085 2064 2153 Aqui-

503 2150 755 2222 leienscm
784 2155 1149 2220 cognominem
1186 2150 1416 2221 prudens
1444 2150 1555 2208 sive
1586 2150 1895 2222 imprudens
1926 2150 2060 2208 licti-

501 2220 574 2273 tio
602 2235 701 2274 suo
740 2224 963 2275 concilio
1002 2220 1299 2290 patefecerit
1336 2224 1575 2290 Vigilius.
1611 2220 1753 2276 Inter
1782 2225 2061 2291 episcopos

498 2297 637 2343 nota:
657 2298 779 2343 sunt
803 2293 945 2346 sedis
965 2294 1273 2346 Ambrosius
1295 2293 1721 2357 Mediolanensis,
1748 2294 2062 2349 Valerianus

496 2359 881 2429 Aquileiensis,
913 2363 1167 2415 Anemius
1197 2363 1532 2429 Sirmieusis,
1578 2364 1839 2417 Eusebius
1880 2364 2057 2417 Bono-

497 2428 717 2497 Iliensis,
746 2431 970 2484 Sabinus
998 2433 1353 2497 Placentinus,
1381 2428 1719 2487 Ceustantius
1747 2435 2052 2488 Siscianen-

496 2496 591 2571 sis,
619 2497 952 2571 Maximinus
1001 2496 1419 2556 Etnoneusis'iu
1469 2519 1567 2556 ms.
1624 2507 1712 2570 qui
1754 2504 1805 2557 in
1836 2501 2059 2571 vulgatis

495 2566 771 2620 Maximus.
810 2571 901 2624 Est
935 2571 1132 2622 Emona
1168 2572 1452 2624 Ptolemaeo
1490 2574 1614 2625 urbs
1643 2566 2055 2626 I’annen‘aisu-

2173 1810 2267 1861 sed
2308 1823 2428 1861 cum
2459 1807 2697 1862 Turnoui
2725 1807 2801 1875 (in
2833 1807 3020 1872 patria)
3060 1807 3422 1872 substitisset,
3450 1808 3593 1863 dicto
3624 1813 3744 1867 vale

2172 1878 2357 1933 amicis
2382 1893 2444 1932 ac
2474 1878 2642 1941 notis,
2671 1876 2794 1930 inde
2813 1876 3118 1942 Massiliam,
3142 1884 3252 1931 tum
3274 1892 3570 1932 conscenso
3599 1882 3741 1935 navi-

2169 1949 2255 2016 gio
2285 1949 2337 2001 in
2368 1947 2654 2017 {Egyptum
2687 1948 3009 2017 secesserit:
3039 1954 3198 2017 atque
3226 1946 3297 2000 ibi
3333 1950 3471 2001 inter
3498 1951 3739 2004 anacho-

2171 2015 2314 2073 retas
2342 2015 2501 2072 vitam
2525 2016 2781 2084 exegerit,
2813 2030 2934 2087 cum
2968 2015 3212 2087 ministro
3241 2032 3337 2070 suo
3364 2017 3575 2072 Viatore
3596 2062 3610 2081 ,
3644 2021 3741 2087 qui

2167 2088 2341 2141 officio
2370 2087 2625 2142 duntaxat
2650 2087 2837 2149 lector,
2865 2086 3108 2139 diversus
3131 2086 3294 2141 fuisse
3318 2090 3525 2142 videtur
3547 2089 3616 2141 ab
3644 2086 3739 2142 illo

2173 2158 2383 2211 Viatore
2410 2158 2501 2226 qui
2545 2157 2814 2227 synodicae
2843 2156 3169 2227 Aquileiensi
3214 2157 3545 2225 subscriptus
3596 2158 3739 2213 inter

2166 2225 2448 2306 episcupos
2476 2225 2689 2306 legitur.
2869 2226 3551 2306 “hieoturbaviLVigilius;
3595 2230 3737 2306 apud

2166 2295 2512 2365 quem'etiam
2537 2295 2832 2359 'Artemius,
2864 2295 3149 2349 Cassianus
3173 2335 3191 2361 ,
3240 2296 3518 2353 Marcellus
3545 2306 3600 2352 et
3629 2300 3738 2352 Eu—

2166 2365 2390 2437 statl'ii'us
2413 2367 2522 2437 (qui
2546 2366 2599 2420 in
2619 2380 2721 2420 ms.
2748 2365 3039 2437 Eustosius)
3068 2366 3217 2437 initio
3238 2368 3530 2434 prmuotati,
3561 2382 3737 2436 neque

2163 2436 2217 2489 in
2246 2445 2500 2491 contextu
2525 2436 2909 2501 altercationis,
2937 2450 3107 2502 neque
3126 2436 3185 2488 in
3207 2437 3472 2506 synodica:
3502 2438 3736 2491 subscri-

2164 2507 2431 2573 ptionibus
2450 2508 2785 2573 reperiuntur
2810 2523 2821 2557 :
2842 2516 2896 2560 et
2916 2506 3334 2573 subscriptorum
3366 2522 3395 2558 a
3424 2510 3735 2575 prtenotatis

2160 2576 2405 2630 diversus
2429 2586 2511 2630 est
2536 2576 2689 2629 ordo.

502 2666 3738 2715 Μ

1802 2777 1971 2823 ANNO
1999 2776 2226 2823 DOMINI
2250 2778 2409 2821 DXX.

706 2793 3418 3131 RUSTICUsmiiELPIDIUS
3464 3064 3528 3172 ,

981 3220 1121 3333 V.
1220 3219 1345 3332 Ο.
1442 3218 2166 3333 lLLUSTRIS
2248 3216 3170 3354 EXQU/ESTOR.

1826 3398 2277 3424 __

1918 3471 2273 3533 NOTITIA.

1767 3589 1863 3651 (qu
1896 3589 2020 3640 Bibl.
2064 3592 2197 3643 Patr.
2232 3592 2414 3655 Lugd.)

541 3714 786 3767 Rusticus
817 3712 1087 3781 Ilclpidius
1126 3712 1256 3766 vixit
1294 3712 1621 3780 temporibus
1646 3712 1950 3781 Symmachi
1981 3721 2035 3767 et
2063 3720 2108 3781 ο
2143 3715 2367 3782 Scripsit
2393 3716 2811 3772 consolationem
2856 3720 2936 3773 sui
2976 3720 3175 3777 doloris
3196 3764 3209 3788 ,
3242 3726 3394 3793 cujus
3422 3728 3671 3783 meminit
3704 3748 3717 3784 :

469 3805 670 3870 Boctii,
719 3806 993 3859 Anastasio
1048 3804 1377 3873 imperante,
1426 3804 1663 3858 medicus
1714 3804 2036 3859 Theoderici

467 3899 603 3965 rogis
648 3896 997 3964 (iuttliorum,
1048 3898 1127 3951 vir
1178 3898 1343 3965 stirpe
1391 3897 1553 3951 nobili
1609 3906 1662 3950 et
1711 3905 2031 3965 exquazstor.

2140 3806 2279 3859 Hinc
2306 3807 2455 3860 etiam
2487 3818 2659 3862 nostro
2692 3821 2886 3880 nugala
2922 3821 2993 3866 est
3019 3813 3221 3869 schenta
3249 3817 3442 3883 dolori,
3474 3826 3578 3873 etc.
3616 3821 3715 3888 Qui

2138 3896 2274 3951 liber
2302 3912 2408 3952 non
2430 3906 2623 3953 exstat.

463 4044 3687 4075 ...___._____.__________________________________

1268 4162 1891 4266 RUSTICI
1975 4160 2685 4263 HELPIDII

571 4350 700 4452 1N
767 4347 1467 4455 HISTORIAM
1531 4348 2356 4455 TESTAMENTI
2412 4350 2965 4457 VETERIS
3023 4358 3188 4460 ET
3242 4322 3551 4463 N’OVI

1931 4540 2494 4629 CARMINA.

2024 4683 2315 4702 υ--ι-ιι

868 4758 966 4797 ενΑ
1006 4760 1037 4797 Α
1077 4758 1297 4800 ωηοιο
1342 4761 1597 4801 εευυοτλ.

525 4828 680 4893 Ενω,
708 4829 918 4897 viperea
937 4872 952 4896 ,
983 4834 1203 4887 vetitum
1235 4835 1524 4903 decerpere
1546 4850 1757 4905 pomum

448 4917 691 4985 Invidus,
720 4931 833 4975 arte
862 4931 1042 4990 parat,
1075 4932 1237 4979 tanta:
1265 4940 1385 4995 qua:
1416 4928 1591 4981 nescia
1624 4926 1823 4982 fraudis

446 5009 681 5064 Credidit
702 5010 881 5065 infelix
908 5014 1054 5067 socio
1083 5016 1315 5082 peritura
1346 5018 1555 5072 marito.

2128 4748 2354 4819 Semper
2380 4749 2551 4802 amica
2584 4750 2684 4819 piis
2709 4762 2989 4822 peccantes
3016 4759 3219 4826 respuit
3248 4761 3385 4815 aula.

2392 4854 2561 4893 LATRO
2599 4856 2652 4895 IN
2690 4859 2982 4899 PARADISUI
3022 4863 3430 4906 INTRODUCITUR.

2192 4926 2392 4982 Sacrati
2423 4931 2685 4994 nemoris,
2721 4934 2940 4990 Domino
2970 4951 3064 5003 per
3093 4953 3302 4993 amoena
3325 4942 3488 4997 vireta

2123 5016 2267 5070 Felix
2297 5018 2432 5072 latro
2451 5060 2467 5083 ,
2497 5020 2652 5091 duce,
2687 5022 2972 5092 hospitium
3002 5025 3160 5082 vitale
3192 5040 3444 5099 meretur,

2117 5107 2420 5163 Furtiftcata
2452 5111 2582 5165 fides
2610 5114 2774 5169 vincit
2802 5123 2879 5169 tot
2905 5118 3131 5171 crimina
3160 5119 3304 5172 vitae.

2203 5216 2305 5255 NOE
2344 5218 2526 5270 ABG/E3,
2568 5220 2850 5262 PBECEPTO
2889 5224 3104 5274 DOHINI,
3146 5225 3389 5264 INCLUDIT
3425 5226 3608 5266 OINIA.

2194 5292 2288 5347 Hic
2311 5296 2577 5359 volucres,
2604 5306 2863 5364 armenta,
2891 5301 3053 5365 viros,
3078 5315 3245 5368 genus
3264 5316 3423 5357 omne
3441 5303 3701 5369 ferarum,

2117 5382 2193 5437 Nc
2221 5383 2344 5451 quid
2368 5385 2555 5439 diluvii
2580 5387 2764 5454 perdat
2785 5386 3062 5453 violentia,
3092 5390 3204 5445 Noe

2114 5472 2356 5542 Colligit,
2405 5484 2561 5543 atque
2593 5491 2747 5530 unam
2768 5518 2785 5543 ,
2819 5486 2895 5531 tot
2920 5480 3161 5544 condita,
3192 5480 3369 5534 condit
3400 5482 3451 5535 in
3490 5497 3698 5535 arcam.

2391 5580 2561 5621 PETRO
2598 5581 2732 5621 VISIO
2772 5585 2837 5621 DE
2876 5584 3033 5623 (ΚΕιο
3069 5586 3417 5625 OSTENDITUR.

2187 5651 2474 5723 Reptilium
2498 5657 2867 5728 pecudumque
2888 5674 3075 5729 genus,
3098 5670 3421 5733 cunctasque
3441 5663 3701 5719 volucres

794 5118 978 5157 ANGELI
1028 5120 1092 5157 AD
1126 5122 1323 5160 MARIAM
1365 5122 1654 5163 ADVENTUS.

514 5190 745 5259 Angelus
776 5193 995 5247 illmsum
1024 5196 1199 5250 Maria:
1224 5213 1316 5265 per
1346 5200 1548 5253 smnnia
1579 5198 1773 5267 JOScpli

441 5284 774 5337 Conuubium
805 5300 1019 5340 servare
1048 5298 1229 5339 monet
1260 5304 1275 5340 :
1309 5288 1394 5341 hic
1422 5290 1547 5343 dote
1574 5291 1775 5357 repleta

440 5376 667 5445 Spiritus
698 5377 796 5430 hoc
826 5378 966 5445 quod
998 5379 1065 5431 sit
1094 5380 1350 5449 flagrans,
1380 5381 1615 5436 salvatur
1640 5385 1860 5437 lmnnre.

662 5483 800 5519 ADAM
842 5483 907 5519 ΕΤ
947 5484 1041 5521 EVA
1083 5485 1147 5521 DE
1187 5485 1435 5525 I'AIMDISO
1473 5487 1798 5525 FELLUNTUR.

511 5555 741 5610 Pellibus
779 5558 1023 5622 accincti,
1054 5559 1252 5626 peccati
1290 5558 1437 5625 signa
1461 5560 1693 5615 ferentes
1715 5601 1727 5624 ,

442 5642 728 5707 Pinarum
751 5648 928 5704 famuli
954 5650 1195 5719 linquuut
1224 5648 1398 5719 felicia
1429 5665 1589 5721 regna
1610 5693 1622 5717 ,
