  <div class='ocr_page' id='page_1' title='image "/cluster/home/n/w/nwhite01/storage/ocr_20150623/62/hvd.32044054758693/278.png"; bbox 0 0 3956 6180; ppageno 0'>
   <div class='ocr_carea' id='block_1_1' title="bbox 269 298 377 352">
    <p class='ocr_par' dir='ltr' id='par_1_1' title="bbox 269 298 377 352">
     <span class='ocr_line' id='line_1_1' title="bbox 269 298 377 352; baseline -0.019 0"><span class='ocrx_word' id='word_1_1' title='bbox 269 298 377 352; x_wconf 64' lang='grc'><strong>545</strong></span> 
     </span>
    </p>
   </div>
   <div class='ocr_carea' id='block_1_2' title="bbox 1415 288 3528 352">
    <p class='ocr_par' dir='ltr' id='par_1_2' title="bbox 1415 288 3528 352">
     <span class='ocr_line' id='line_1_2' title="bbox 1415 288 3528 352; baseline 0.002 -7"><span class='ocrx_word' id='word_1_2' title='bbox 1415 289 1682 349; x_wconf 86' lang='lat' dir='ltr'><strong>RUSTICI</strong></span> <span class='ocrx_word' id='word_1_3' title='bbox 1723 288 2011 345; x_wconf 74' lang='lat' dir='ltr'><strong>HELPIDII</strong></span> <span class='ocrx_word' id='word_1_4' title='bbox 2048 289 2352 347; x_wconf 72' lang='lat' dir='ltr'><strong>CARMINA</strong></span> <span class='ocrx_word' id='word_1_5' title='bbox 3424 295 3528 352; x_wconf 64' lang='grc' dir='ltr'><strong>εςιθ</strong></span> 
     </span>
    </p>
   </div>
   <div class='ocr_carea' id='block_1_3' title="bbox 276 392 3311 470">
    <p class='ocr_par' dir='ltr' id='par_1_3' title="bbox 276 392 3311 470">
     <span class='ocr_line' id='line_1_3' title="bbox 276 392 3311 470; baseline -0.001 -10"><span class='ocrx_word' id='word_1_6' title='bbox 276 408 461 461; x_wconf 83' lang='lat' dir='ltr'><strong>Discus</strong></span> <span class='ocrx_word' id='word_1_7' title='bbox 490 404 681 467; x_wconf 89' lang='lat' dir='ltr'><strong>habet,</strong></span> <span class='ocrx_word' id='word_1_8' title='bbox 708 415 825 470; x_wconf 62' lang='lat' dir='ltr'><strong>qua!</strong></span> <span class='ocrx_word' id='word_1_9' title='bbox 848 409 1039 456; x_wconf 90' lang='lat' dir='ltr'><strong>cuncta</strong></span> <span class='ocrx_word' id='word_1_10' title='bbox 1060 400 1210 470; x_wconf 86' lang='lat' dir='ltr'><strong>jubet</strong></span> <span class='ocrx_word' id='word_1_11' title='bbox 1250 407 1400 470; x_wconf 89' lang='lat' dir='ltr'><strong>pater</strong></span> <span class='ocrx_word' id='word_1_12' title='bbox 1420 401 1581 455; x_wconf 89' lang='lat' dir='ltr'><strong>edere</strong></span> <span class='ocrx_word' id='word_1_13' title='bbox 1610 398 1841 465; x_wconf 88' lang='lat' dir='ltr'><strong>Petrum,</strong></span> <span class='ocrx_word' id='word_1_14' title='bbox 1872 403 1923 461; x_wconf 82' lang='grc' dir='ltr'>Α</span> <span class='ocrx_word' id='word_1_15' title='bbox 1948 392 2077 466; x_wconf 71' lang='lat' dir='ltr'><strong>Qua:</strong></span> <span class='ocrx_word' id='word_1_16' title='bbox 2104 413 2345 456; x_wconf 89' lang='lat' dir='ltr'><strong>summus</strong></span> <span class='ocrx_word' id='word_1_17' title='bbox 2373 401 2577 455; x_wconf 89' lang='lat' dir='ltr'><strong>cunctis</strong></span> <span class='ocrx_word' id='word_1_18' title='bbox 2601 415 2739 456; x_wconf 80' lang='lat' dir='ltr'><strong>unus</strong></span> <span class='ocrx_word' id='word_1_19' title='bbox 2767 402 2839 457; x_wconf 90' lang='lat' dir='ltr'><strong>sit</strong></span> <span class='ocrx_word' id='word_1_20' title='bbox 2865 412 3038 458; x_wconf 86' lang='lat' dir='ltr'><strong>rector</strong></span> <span class='ocrx_word' id='word_1_21' title='bbox 3061 412 3114 459; x_wconf 91' lang='lat' dir='ltr'><strong>ct</strong></span> <span class='ocrx_word' id='word_1_22' title='bbox 3144 404 3279 459; x_wconf 88' lang='lat' dir='ltr'><strong>idem</strong></span> <span class='ocrx_word' id='word_1_23' title='bbox 3298 446 3311 469; x_wconf 83' lang='lat'><strong>,</strong></span> 
     </span>
    </p>
   </div>
   <div class='ocr_carea' id='block_1_4' title="bbox 272 489 1841 557">
    <p class='ocr_par' dir='ltr' id='par_1_4' title="bbox 272 489 1841 557">
     <span class='ocr_line' id='line_1_4' title="bbox 272 489 1841 557; baseline -0.005 -7"><span class='ocrx_word' id='word_1_24' title='bbox 272 495 352 550; x_wconf 85' lang='lat' dir='ltr'><strong>Nil</strong></span> <span class='ocrx_word' id='word_1_25' title='bbox 384 506 668 548; x_wconf 85' lang='lat' dir='ltr'><strong>commune</strong></span> <span class='ocrx_word' id='word_1_26' title='bbox 696 500 918 557; x_wconf 88' lang='lat' dir='ltr'><strong>putans,</strong></span> <span class='ocrx_word' id='word_1_27' title='bbox 946 490 1086 557; x_wconf 92' lang='lat' dir='ltr'><strong>quod</strong></span> <span class='ocrx_word' id='word_1_28' title='bbox 1114 490 1367 544; x_wconf 85' lang='lat' dir='ltr'><strong>mundum</strong></span> <span class='ocrx_word' id='word_1_29' title='bbox 1403 489 1601 545; x_wconf 88' lang='lat' dir='ltr'><strong>fecerat</strong></span> <span class='ocrx_word' id='word_1_30' title='bbox 1638 500 1841 544; x_wconf 92' lang='lat' dir='ltr'><strong>auctor.</strong></span> 
     </span>
    </p>
   </div>
   <div class='ocr_carea' id='block_1_5' title="bbox 589 594 1534 637">
    <p class='ocr_par' dir='ltr' id='par_1_5' title="bbox 589 594 1534 637">
     <span class='ocr_line' id='line_1_5' title="bbox 589 594 1534 637; baseline -0.003 -2"><span class='ocrx_word' id='word_1_31' title='bbox 589 596 776 637; x_wconf 80' lang='lat' dir='ltr'><strong>TURRIS</strong></span> <span class='ocrx_word' id='word_1_32' title='bbox 814 594 1147 636; x_wconf 69' lang='lat' dir='ltr'><strong>CONFUSIONIS</strong></span> <span class='ocrx_word' id='word_1_33' title='bbox 1184 595 1512 635; x_wconf 79' lang='lat' dir='ltr'><strong>DESTRUITUR</strong></span> <span class='ocrx_word' id='word_1_34' title='bbox 1522 618 1534 632; x_wconf 84' lang='lat'><strong>.</strong></span> 
     </span>
    </p>
   </div>
   <div class='ocr_carea' id='block_1_6' title="bbox 346 671 1612 740">
    <p class='ocr_par' dir='ltr' id='par_1_6' title="bbox 346 671 1612 740">
     <span class='ocr_line' id='line_1_6' title="bbox 346 671 1612 740; baseline -0.007 -7"><span class='ocrx_word' id='word_1_35' title='bbox 346 677 589 733; x_wconf 72' lang='lat' dir='ltr'><strong>Exstruit</strong></span> <span class='ocrx_word' id='word_1_36' title='bbox 616 674 885 728; x_wconf 88' lang='lat' dir='ltr'><strong>immensis</strong></span> <span class='ocrx_word' id='word_1_37' title='bbox 910 672 1100 740; x_wconf 91' lang='lat' dir='ltr'><strong>opibus</strong></span> <span class='ocrx_word' id='word_1_38' title='bbox 1142 672 1355 726; x_wconf 80' lang='lat' dir='ltr'><strong>vesania</strong></span> <span class='ocrx_word' id='word_1_39' title='bbox 1382 671 1571 725; x_wconf 89' lang='lat' dir='ltr'><strong>turrim</strong></span> <span class='ocrx_word' id='word_1_40' title='bbox 1598 711 1612 735; x_wconf 94' lang='lat'><strong>,</strong></span> 
     </span>
    </p>
   </div>
   <div class='ocr_carea' id='block_1_7' title="bbox 274 762 1633 829">
    <p class='ocr_par' dir='ltr' id='par_1_7' title="bbox 274 762 1633 829">
     <span class='ocr_line' id='line_1_7' title="bbox 274 762 1633 829; baseline -0.007 -6"><span class='ocrx_word' id='word_1_41' title='bbox 274 768 380 823; x_wconf 89' lang='lat' dir='ltr'><strong>Sed</strong></span> <span class='ocrx_word' id='word_1_42' title='bbox 412 768 536 821; x_wconf 81' lang='lat' dir='ltr'><strong>facit</strong></span> <span class='ocrx_word' id='word_1_43' title='bbox 562 780 657 818; x_wconf 90' lang='lat' dir='ltr'><strong>ora</strong></span> <span class='ocrx_word' id='word_1_44' title='bbox 687 767 853 829; x_wconf 86' lang='lat' dir='ltr'><strong>Deus,</strong></span> <span class='ocrx_word' id='word_1_45' title='bbox 884 777 1124 818; x_wconf 89' lang='lat' dir='ltr'><strong>summus</strong></span> <span class='ocrx_word' id='word_1_46' title='bbox 1144 762 1406 816; x_wconf 80' lang='lat' dir='ltr'><strong>discordia</strong></span> <span class='ocrx_word' id='word_1_47' title='bbox 1436 769 1633 816; x_wconf 91' lang='lat' dir='ltr'><strong>rector.</strong></span> 
     </span>
    </p>
   </div>
   <div class='ocr_carea' id='block_1_8' title="bbox 277 853 1623 925">
    <p class='ocr_par' dir='ltr' id='par_1_8' title="bbox 277 853 1623 925">
     <span class='ocr_line' id='line_1_8' title="bbox 277 853 1623 925; baseline -0.006 -14"><span class='ocrx_word' id='word_1_48' title='bbox 277 860 350 911; x_wconf 80' lang='lat' dir='ltr'><strong>Ne</strong></span> <span class='ocrx_word' id='word_1_49' title='bbox 380 857 504 925; x_wconf 85' lang='lat' dir='ltr'><strong>quid</strong></span> <span class='ocrx_word' id='word_1_50' title='bbox 529 856 691 911; x_wconf 86' lang='lat' dir='ltr'><strong>stulta</strong></span> <span class='ocrx_word' id='word_1_51' title='bbox 725 868 910 908; x_wconf 88' lang='lat' dir='ltr'><strong>manus</strong></span> <span class='ocrx_word' id='word_1_52' title='bbox 937 868 1096 921; x_wconf 85' lang='lat' dir='ltr'><strong>supra</strong></span> <span class='ocrx_word' id='word_1_53' title='bbox 1126 866 1218 905; x_wconf 90' lang='lat' dir='ltr'><strong>sua</strong></span> <span class='ocrx_word' id='word_1_54' title='bbox 1243 853 1360 921; x_wconf 83' lang='lat' dir='ltr'><strong>jura</strong></span> <span class='ocrx_word' id='word_1_55' title='bbox 1389 858 1623 921; x_wconf 76' lang='lat' dir='ltr'><strong>pararet.</strong></span> 
     </span>
    </p>
   </div>
   <div class='ocr_carea' id='block_1_9' title="bbox 344 954 1775 1005">
    <p class='ocr_par' dir='ltr' id='par_1_9' title="bbox 344 954 1775 1005">
     <span class='ocr_line' id='line_1_9' title="bbox 344 954 1775 1005; baseline -0.005 -5"><span class='ocrx_word' id='word_1_56' title='bbox 344 963 545 1001; x_wconf 78' lang='lat' dir='ltr'><strong>PETRUS</strong></span> <span class='ocrx_word' id='word_1_57' title='bbox 583 963 651 1000; x_wconf 74' lang='lat' dir='ltr'><strong>ET</strong></span> <span class='ocrx_word' id='word_1_58' title='bbox 692 959 938 999; x_wconf 73' lang='grc' dir='ltr'><strong>Αιιοετοιι</strong></span> <span class='ocrx_word' id='word_1_59' title='bbox 978 958 1152 997; x_wconf 74' lang='lat' dir='ltr'><strong>VARIIS</strong></span> <span class='ocrx_word' id='word_1_60' title='bbox 1196 957 1503 1005; x_wconf 76' lang='lat' dir='ltr'><strong>LOQUUNTUR</strong></span> <span class='ocrx_word' id='word_1_61' title='bbox 1552 954 1775 995; x_wconf 71' lang='lat' dir='ltr'><strong>LINGUIS.</strong></span> 
     </span>
    </p>
   </div>
   <div class='ocr_carea' id='block_1_10' title="bbox 346 1033 1598 1101">
    <p class='ocr_par' dir='ltr' id='par_1_10' title="bbox 346 1033 1598 1101">
     <span class='ocr_line' id='line_1_10' title="bbox 346 1033 1598 1101; baseline -0.007 -9"><span class='ocrx_word' id='word_1_62' title='bbox 346 1038 595 1092; x_wconf 87' lang='lat' dir='ltr'><strong>Consona</strong></span> <span class='ocrx_word' id='word_1_63' title='bbox 624 1037 864 1090; x_wconf 88' lang='lat' dir='ltr'><strong>diversas</strong></span> <span class='ocrx_word' id='word_1_64' title='bbox 896 1034 1066 1087; x_wconf 87' lang='lat' dir='ltr'><strong>fundit</strong></span> <span class='ocrx_word' id='word_1_65' title='bbox 1096 1034 1329 1086; x_wconf 86' lang='lat' dir='ltr'><strong>narratio</strong></span> <span class='ocrx_word' id='word_1_66' title='bbox 1364 1033 1598 1101; x_wconf 82' lang='lat' dir='ltr'><strong>l:nguas,</strong></span> 
     </span>
    </p>
   </div>
   <div class='ocr_carea' id='block_1_11' title="bbox 284 1120 1640 1194">
    <p class='ocr_par' dir='ltr' id='par_1_11' title="bbox 284 1120 1640 1194">
     <span class='ocr_line' id='line_1_11' title="bbox 284 1120 1640 1194; baseline -0.005 -13"><span class='ocrx_word' id='word_1_67' title='bbox 284 1128 509 1182; x_wconf 83' lang='lat' dir='ltr'><strong>Barbara</strong></span> <span class='ocrx_word' id='word_1_68' title='bbox 535 1138 759 1194; x_wconf 83' lang='lat' dir='ltr'><strong>quaeque</strong></span> <span class='ocrx_word' id='word_1_69' title='bbox 780 1138 928 1178; x_wconf 88' lang='lat' dir='ltr'><strong>suam</strong></span> <span class='ocrx_word' id='word_1_70' title='bbox 951 1120 1221 1190; x_wconf 80' lang='lat' dir='ltr'><strong>cognoscit</strong></span> <span class='ocrx_word' id='word_1_71' title='bbox 1250 1122 1394 1175; x_wconf 86' lang='lat' dir='ltr'><strong>natio</strong></span> <span class='ocrx_word' id='word_1_72' title='bbox 1420 1134 1603 1175; x_wconf 91' lang='lat' dir='ltr'><strong>vocem</strong></span> <span class='ocrx_word' id='word_1_73' title='bbox 1623 1159 1640 1187; x_wconf 88' lang='lat'><strong>,</strong></span> 
     </span>
    </p>
   </div>
   <div class='ocr_carea' id='block_1_12' title="bbox 284 1212 1546 1286">
    <p class='ocr_par' dir='ltr' id='par_1_12' title="bbox 284 1212 1546 1286">
     <span class='ocr_line' id='line_1_12' title="bbox 284 1212 1546 1286; baseline -0.007 -14"><span class='ocrx_word' id='word_1_74' title='bbox 284 1218 447 1286; x_wconf 86' lang='lat' dir='ltr'><strong>Quam</strong></span> <span class='ocrx_word' id='word_1_75' title='bbox 475 1230 629 1271; x_wconf 88' lang='lat' dir='ltr'><strong>sacer</strong></span> <span class='ocrx_word' id='word_1_76' title='bbox 658 1214 892 1268; x_wconf 89' lang='lat' dir='ltr'><strong>humano</strong></span> <span class='ocrx_word' id='word_1_77' title='bbox 918 1213 1168 1282; x_wconf 63' lang='lat' dir='ltr'><strong>praafatur</strong></span> <span class='ocrx_word' id='word_1_78' title='bbox 1191 1212 1407 1279; x_wconf 84' lang='lat' dir='ltr'><strong>spiritus</strong></span> <span class='ocrx_word' id='word_1_79' title='bbox 1432 1226 1546 1265; x_wconf 91' lang='lat' dir='ltr'><strong>ore.</strong></span> 
     </span>
    </p>
   </div>
   <div class='ocr_carea' id='block_1_13' title="bbox 618 1317 1521 1360">
    <p class='ocr_par' dir='ltr' id='par_1_13' title="bbox 618 1317 1521 1360">
     <span class='ocr_line' id='line_1_13' title="bbox 618 1317 1521 1360; baseline -0.004 -1"><span class='ocrx_word' id='word_1_80' title='bbox 618 1322 807 1360; x_wconf 78' lang='lat' dir='ltr'><strong>JOSEI&#39;II</strong></span> <span class='ocrx_word' id='word_1_81' title='bbox 845 1322 875 1359; x_wconf 79' lang='grc' dir='ltr'><strong>Δ</strong></span> <span class='ocrx_word' id='word_1_82' title='bbox 917 1317 1202 1358; x_wconf 75' lang='lat' dir='ltr'><strong>FRATRIRUS</strong></span> <span class='ocrx_word' id='word_1_83' title='bbox 1238 1318 1521 1356; x_wconf 70' lang='lat' dir='ltr'><strong>VENDITUR.</strong></span> 
     </span>
    </p>
   </div>
   <div class='ocr_carea' id='block_1_14' title="bbox 358 1393 1556 1465">
    <p class='ocr_par' dir='ltr' id='par_1_14' title="bbox 358 1393 1556 1465">
     <span class='ocr_line' id='line_1_14' title="bbox 358 1393 1556 1465; baseline -0.003 -13"><span class='ocrx_word' id='word_1_84' title='bbox 358 1398 453 1453; x_wconf 90' lang='lat' dir='ltr'><strong>llic</strong></span> <span class='ocrx_word' id='word_1_85' title='bbox 476 1395 739 1465; x_wconf 72' lang='lat' dir='ltr'><strong>coniurati</strong></span> <span class='ocrx_word' id='word_1_86' title='bbox 768 1410 1076 1465; x_wconf 90' lang='lat' dir='ltr'><strong>germanum</strong></span> <span class='ocrx_word' id='word_1_87' title='bbox 1105 1394 1337 1449; x_wconf 83' lang='lat' dir='ltr'><strong>vendere</strong></span> <span class='ocrx_word' id='word_1_88' title='bbox 1366 1393 1556 1448; x_wconf 82' lang='lat' dir='ltr'><strong>fratres</strong></span> 
     </span>
    </p>
   </div>
   <div class='ocr_carea' id='block_1_15' title="bbox 288 1484 1555 1557">
    <p class='ocr_par' dir='ltr' id='par_1_15' title="bbox 288 1484 1555 1557">
     <span class='ocr_line' id='line_1_15' title="bbox 288 1484 1555 1557; baseline -0.003 -15"><span class='ocrx_word' id='word_1_89' title='bbox 288 1486 437 1557; x_wconf 88' lang='lat' dir='ltr'><strong>Cogit</strong></span> <span class='ocrx_word' id='word_1_90' title='bbox 464 1487 602 1541; x_wconf 83' lang='lat' dir='ltr'><strong>livor</strong></span> <span class='ocrx_word' id='word_1_91' title='bbox 628 1486 766 1541; x_wconf 84' lang='lat' dir='ltr'><strong>edax</strong></span> <span class='ocrx_word' id='word_1_92' title='bbox 790 1529 804 1551; x_wconf 88' lang='lat'><strong>,</strong></span> <span class='ocrx_word' id='word_1_93' title='bbox 837 1493 1060 1554; x_wconf 81' lang='lat' dir='ltr'><strong>prosunt</strong></span> <span class='ocrx_word' id='word_1_94' title='bbox 1086 1485 1353 1539; x_wconf 86' lang='lat' dir='ltr'><strong>contraria</strong></span> <span class='ocrx_word' id='word_1_95' title='bbox 1378 1484 1555 1552; x_wconf 89' lang='lat' dir='ltr'><strong>jnstis,</strong></span> 
     </span>
    </p>
   </div>
   <div class='ocr_carea' id='block_1_16' title="bbox 290 1575 1820 1646">
    <p class='ocr_par' dir='ltr' id='par_1_16' title="bbox 290 1575 1820 1646">
     <span class='ocr_line' id='line_1_16' title="bbox 290 1575 1820 1646; baseline -0.001 -16"><span class='ocrx_word' id='word_1_96' title='bbox 290 1581 395 1633; x_wconf 79' lang='lat' dir='ltr'><strong>Hoc</strong></span> <span class='ocrx_word' id='word_1_97' title='bbox 419 1592 557 1646; x_wconf 87' lang='lat' dir='ltr'><strong>opus</strong></span> <span class='ocrx_word' id='word_1_98' title='bbox 585 1587 668 1632; x_wconf 89' lang='lat' dir='ltr'><strong>est</strong></span> <span class='ocrx_word' id='word_1_99' title='bbox 694 1577 930 1631; x_wconf 89' lang='lat' dir='ltr'><strong>divinum</strong></span> <span class='ocrx_word' id='word_1_100' title='bbox 948 1615 964 1641; x_wconf 91' lang='lat'><strong>,</strong></span> <span class='ocrx_word' id='word_1_101' title='bbox 996 1586 1054 1631; x_wconf 93' lang='lat' dir='ltr'><strong>ut</strong></span> <span class='ocrx_word' id='word_1_102' title='bbox 1077 1576 1168 1645; x_wconf 89' lang='lat' dir='ltr'><strong>qui</strong></span> <span class='ocrx_word' id='word_1_103' title='bbox 1194 1576 1352 1630; x_wconf 88' lang='lat' dir='ltr'><strong>modo</strong></span> <span class='ocrx_word' id='word_1_104' title='bbox 1377 1576 1587 1642; x_wconf 82' lang='lat' dir='ltr'><strong>vendit,</strong></span> <span class='ocrx_word' id='word_1_105' title='bbox 1616 1575 1820 1632; x_wconf 85' lang='lat' dir='ltr'><strong>adoret.</strong></span> 
     </span>
    </p>
   </div>
   <div class='ocr_carea' id='block_1_17' title="bbox 673 1683 1471 1724">
    <p class='ocr_par' dir='ltr' id='par_1_17' title="bbox 673 1683 1471 1724">
     <span class='ocr_line' id='line_1_17' title="bbox 673 1683 1471 1724; baseline -0.004 0"><span class='ocrx_word' id='word_1_106' title='bbox 673 1683 923 1724; x_wconf 72' lang='lat' dir='ltr'><strong>CHRISTUS</strong></span> <span class='ocrx_word' id='word_1_107' title='bbox 962 1686 992 1722; x_wconf 78' lang='grc' dir='ltr'><strong>Α</strong></span> <span class='ocrx_word' id='word_1_108' title='bbox 1028 1685 1155 1723; x_wconf 73' lang='lat' dir='ltr'><strong>JUDA</strong></span> <span class='ocrx_word' id='word_1_109' title='bbox 1191 1683 1471 1723; x_wconf 76' lang='lat' dir='ltr'><strong>VENDITUR.</strong></span> 
     </span>
    </p>
   </div>
   <div class='ocr_carea' id='block_1_18' title="bbox 355 1758 1691 1829">
    <p class='ocr_par' dir='ltr' id='par_1_18' title="bbox 355 1758 1691 1829">
     <span class='ocr_line' id='line_1_18' title="bbox 355 1758 1691 1829; baseline -0.001 -13"><span class='ocrx_word' id='word_1_110' title='bbox 355 1761 569 1816; x_wconf 81' lang='lat' dir='ltr'><strong>Nummi</strong></span> <span class='ocrx_word' id='word_1_111' title='bbox 596 1762 710 1815; x_wconf 89' lang='lat' dir='ltr'><strong>dira</strong></span> <span class='ocrx_word' id='word_1_112' title='bbox 744 1760 910 1814; x_wconf 88' lang='lat' dir='ltr'><strong>fames</strong></span> <span class='ocrx_word' id='word_1_113' title='bbox 940 1760 1213 1829; x_wconf 86' lang='lat' dir='ltr'><strong>compellit</strong></span> <span class='ocrx_word' id='word_1_114' title='bbox 1244 1760 1475 1815; x_wconf 86' lang='lat' dir='ltr'><strong>vendere</strong></span> <span class='ocrx_word' id='word_1_115' title='bbox 1503 1758 1691 1814; x_wconf 79' lang='lat' dir='ltr'><strong>Iudam</strong></span> 
     </span>
    </p>
   </div>
   <div class='ocr_carea' id='block_1_19' title="bbox 292 1850 1515 1923">
    <p class='ocr_par' dir='ltr' id='par_1_19' title="bbox 292 1850 1515 1923">
     <span class='ocr_line' id='line_1_19' title="bbox 292 1850 1515 1923; baseline -0.003 -18"><span class='ocrx_word' id='word_1_116' title='bbox 292 1852 347 1905; x_wconf 91' lang='lat' dir='ltr'><strong>lu</strong></span> <span class='ocrx_word' id='word_1_117' title='bbox 374 1867 585 1923; x_wconf 63' lang='lat' dir='ltr'><strong>poznam</strong></span> <span class='ocrx_word' id='word_1_118' title='bbox 609 1851 785 1919; x_wconf 80' lang='lat' dir='ltr'><strong>regale</strong></span> <span class='ocrx_word' id='word_1_119' title='bbox 813 1859 969 1918; x_wconf 91' lang='lat' dir='ltr'><strong>caput</strong></span> <span class='ocrx_word' id='word_1_120' title='bbox 990 1891 1005 1915; x_wconf 91' lang='lat'><strong>,</strong></span> <span class='ocrx_word' id='word_1_121' title='bbox 1036 1850 1353 1902; x_wconf 89' lang='lat' dir='ltr'><strong>commercia</strong></span> <span class='ocrx_word' id='word_1_122' title='bbox 1385 1850 1515 1901; x_wconf 91' lang='lat' dir='ltr'><strong>tanti</strong></span> 
     </span>
    </p>
   </div>
   <div class='ocr_carea' id='block_1_20' title="bbox 292 1939 1712 2010">
    <p class='ocr_par' dir='ltr' id='par_1_20' title="bbox 292 1939 1712 2010">
     <span class='ocr_line' id='line_1_20' title="bbox 292 1939 1712 2010; baseline -0.001 -17"><span class='ocrx_word' id='word_1_123' title='bbox 292 1939 572 2010; x_wconf 79' lang='lat' dir='ltr'><strong>Sanguinis</strong></span> <span class='ocrx_word' id='word_1_124' title='bbox 592 1979 606 2003; x_wconf 86' lang='lat'><strong>,</strong></span> <span class='ocrx_word' id='word_1_125' title='bbox 638 1939 827 2008; x_wconf 83' lang='lat' dir='ltr'><strong>exiguo</strong></span> <span class='ocrx_word' id='word_1_126' title='bbox 859 1940 1061 2007; x_wconf 82' lang='lat' dir='ltr'><strong>peragit</strong></span> <span class='ocrx_word' id='word_1_127' title='bbox 1089 1953 1240 1993; x_wconf 87' lang='lat' dir='ltr'><strong>mens</strong></span> <span class='ocrx_word' id='word_1_128' title='bbox 1270 1939 1508 2006; x_wconf 89' lang='lat' dir='ltr'><strong>improba</strong></span> <span class='ocrx_word' id='word_1_129' title='bbox 1546 1939 1712 1993; x_wconf 91' lang='lat' dir='ltr'><strong>lucro.</strong></span> 
     </span>
    </p>
   </div>
   <div class='ocr_carea' id='block_1_21' title="bbox 496 2044 1647 2084">
    <p class='ocr_par' dir='ltr' id='par_1_21' title="bbox 496 2044 1647 2084">
     <span class='ocr_line' id='line_1_21' title="bbox 496 2044 1647 2084; baseline 0 -1"><span class='ocrx_word' id='word_1_130' title='bbox 496 2044 743 2083; x_wconf 70' lang='lat' dir='ltr'><strong>ABRAIIAI</strong></span> <span class='ocrx_word' id='word_1_131' title='bbox 782 2044 960 2082; x_wconf 75' lang='lat' dir='ltr'><strong>FILIUM</strong></span> <span class='ocrx_word' id='word_1_132' title='bbox 999 2045 1067 2082; x_wconf 81' lang='lat' dir='ltr'><strong>AD</strong></span> <span class='ocrx_word' id='word_1_133' title='bbox 1103 2045 1439 2084; x_wconf 71' lang='lat' dir='ltr'><strong>IMMOLANDUII</strong></span> <span class='ocrx_word' id='word_1_134' title='bbox 1473 2044 1647 2084; x_wconf 82' lang='lat' dir='ltr'><strong>DUCIT.</strong></span> 
     </span>
    </p>
   </div>
   <div class='ocr_carea' id='block_1_22' title="bbox 356 2120 1719 2193">
    <p class='ocr_par' dir='ltr' id='par_1_22' title="bbox 356 2120 1719 2193">
     <span class='ocr_line' id='line_1_22' title="bbox 356 2120 1719 2193; baseline 0 -18"><span class='ocrx_word' id='word_1_135' title='bbox 356 2120 518 2175; x_wconf 88' lang='lat' dir='ltr'><strong>Cedis</strong></span> <span class='ocrx_word' id='word_1_136' title='bbox 546 2120 598 2174; x_wconf 92' lang='lat' dir='ltr'><strong>in</strong></span> <span class='ocrx_word' id='word_1_137' title='bbox 622 2135 884 2190; x_wconf 78' lang='lat' dir='ltr'><strong>expensas</strong></span> <span class='ocrx_word' id='word_1_138' title='bbox 912 2120 1014 2176; x_wconf 90' lang='lat' dir='ltr'><strong>fert</strong></span> <span class='ocrx_word' id='word_1_139' title='bbox 1043 2121 1214 2176; x_wconf 87' lang='lat' dir='ltr'><strong>hostia</strong></span> <span class='ocrx_word' id='word_1_140' title='bbox 1244 2124 1454 2193; x_wconf 87' lang='lat' dir='ltr'><strong>propria</strong></span> <span class='ocrx_word' id='word_1_141' title='bbox 1488 2123 1719 2191; x_wconf 81' lang='lat' dir='ltr'><strong>lignum,</strong></span> 
     </span>
    </p>
   </div>
   <div class='ocr_carea' id='block_1_23' title="bbox 294 2211 1592 2283">
    <p class='ocr_par' dir='ltr' id='par_1_23' title="bbox 294 2211 1592 2283">
     <span class='ocr_line' id='line_1_23' title="bbox 294 2211 1592 2283; baseline 0.001 -17"><span class='ocrx_word' id='word_1_142' title='bbox 294 2211 418 2266; x_wconf 84' lang='lat' dir='ltr'><strong>Nam</strong></span> <span class='ocrx_word' id='word_1_143' title='bbox 447 2227 631 2266; x_wconf 91' lang='lat' dir='ltr'><strong>carum</strong></span> <span class='ocrx_word' id='word_1_144' title='bbox 663 2213 870 2282; x_wconf 77' lang='lat' dir='ltr'><strong>genitor</strong></span> <span class='ocrx_word' id='word_1_145' title='bbox 895 2213 1083 2283; x_wconf 89' lang='lat' dir='ltr'><strong>pignus</strong></span> <span class='ocrx_word' id='word_1_146' title='bbox 1114 2222 1346 2268; x_wconf 89' lang='lat' dir='ltr'><strong>mactare</strong></span> <span class='ocrx_word' id='word_1_147' title='bbox 1375 2223 1592 2282; x_wconf 89' lang='lat' dir='ltr'><strong>paratus</strong></span> 
     </span>
    </p>
   </div>
   <div class='ocr_carea' id='block_1_24' title="bbox 296 2302 1861 2374">
    <p class='ocr_par' dir='ltr' id='par_1_24' title="bbox 296 2302 1861 2374">
     <span class='ocr_line' id='line_1_24' title="bbox 296 2302 1861 2374; baseline 0.003 -17"><span class='ocrx_word' id='word_1_148' title='bbox 296 2302 443 2359; x_wconf 90' lang='lat' dir='ltr'><strong>Ducit</strong></span> <span class='ocrx_word' id='word_1_149' title='bbox 467 2303 737 2358; x_wconf 79' lang='lat' dir='ltr'><strong>Abraham</strong></span> <span class='ocrx_word' id='word_1_150' title='bbox 765 2321 776 2356; x_wconf 92' lang='lat'>:</span> <span class='ocrx_word' id='word_1_151' title='bbox 805 2303 927 2357; x_wconf 88' lang='lat' dir='ltr'><strong>fidei</strong></span> <span class='ocrx_word' id='word_1_152' title='bbox 953 2304 1198 2358; x_wconf 89' lang='lat' dir='ltr'><strong>meritum</strong></span> <span class='ocrx_word' id='word_1_153' title='bbox 1220 2312 1330 2367; x_wconf 88' lang='lat' dir='ltr'><strong>est,</strong></span> <span class='ocrx_word' id='word_1_154' title='bbox 1356 2320 1453 2359; x_wconf 92' lang='lat' dir='ltr'><strong>nec</strong></span> <span class='ocrx_word' id='word_1_155' title='bbox 1476 2318 1695 2374; x_wconf 85' lang='lat' dir='ltr'><strong>parcere</strong></span> <span class='ocrx_word' id='word_1_156' title='bbox 1718 2314 1861 2361; x_wconf 88' lang='lat' dir='ltr'><strong>nato.</strong></span> 
     </span>
    </p>
   </div>
   <div class='ocr_carea' id='block_1_25' title="bbox 589 2408 1567 2451">
    <p class='ocr_par' dir='ltr' id='par_1_25' title="bbox 589 2408 1567 2451">
     <span class='ocr_line' id='line_1_25' title="bbox 589 2408 1567 2451; baseline 0.001 -2"><span class='ocrx_word' id='word_1_157' title='bbox 589 2408 839 2449; x_wconf 72' lang='lat' dir='ltr'><strong>CHRISTUS</strong></span> <span class='ocrx_word' id='word_1_158' title='bbox 876 2409 1105 2448; x_wconf 85' lang='lat' dir='ltr'><strong>DUCITUR</strong></span> <span class='ocrx_word' id='word_1_159' title='bbox 1142 2410 1567 2451; x_wconf 75' lang='lat' dir='ltr'><strong>CRUCIFIGENDUS.</strong></span> 
     </span>
    </p>
   </div>
   <div class='ocr_carea' id='block_1_26' title="bbox 360 2484 1833 2559">
    <p class='ocr_par' dir='ltr' id='par_1_26' title="bbox 360 2484 1833 2559">
     <span class='ocr_line' id='line_1_26' title="bbox 360 2484 1833 2559; baseline 0.001 -18"><span class='ocrx_word' id='word_1_160' title='bbox 360 2486 534 2541; x_wconf 89' lang='lat' dir='ltr'><strong>Gestit</strong></span> <span class='ocrx_word' id='word_1_161' title='bbox 565 2484 933 2540; x_wconf 85' lang='lat' dir='ltr'><strong>honorandum</strong></span> <span class='ocrx_word' id='word_1_162' title='bbox 962 2488 1168 2542; x_wconf 90' lang='lat' dir='ltr'><strong>cunctis</strong></span> <span class='ocrx_word' id='word_1_163' title='bbox 1194 2503 1383 2542; x_wconf 90' lang='lat' dir='ltr'><strong>manus</strong></span> <span class='ocrx_word' id='word_1_164' title='bbox 1411 2489 1603 2559; x_wconf 67' lang='lat' dir='ltr'><strong>inclyta</strong></span> <span class='ocrx_word' id='word_1_165' title='bbox 1636 2489 1833 2559; x_wconf 84' lang='lat' dir='ltr'><strong>lignum</strong></span> 
     </span>
    </p>
   </div>
   <div class='ocr_carea' id='block_1_27' title="bbox 294 2577 1617 2646">
    <p class='ocr_par' dir='ltr' id='par_1_27' title="bbox 294 2577 1617 2646">
     <span class='ocr_line' id='line_1_27' title="bbox 294 2577 1617 2646; baseline 0.002 -15"><span class='ocrx_word' id='word_1_166' title='bbox 294 2578 405 2645; x_wconf 89' lang='lat' dir='ltr'><strong>Quo</strong></span> <span class='ocrx_word' id='word_1_167' title='bbox 424 2591 484 2632; x_wconf 91' lang='lat' dir='ltr'><strong>se</strong></span> <span class='ocrx_word' id='word_1_168' title='bbox 512 2586 695 2631; x_wconf 88' lang='lat' dir='ltr'><strong>sancta</strong></span> <span class='ocrx_word' id='word_1_169' title='bbox 726 2577 853 2630; x_wconf 85' lang='lat' dir='ltr'><strong>sinit</strong></span> <span class='ocrx_word' id='word_1_170' title='bbox 880 2578 1131 2646; x_wconf 89' lang='lat' dir='ltr'><strong>suspendi</strong></span> <span class='ocrx_word' id='word_1_171' title='bbox 1161 2579 1369 2633; x_wconf 87' lang='lat' dir='ltr'><strong>victima</strong></span> <span class='ocrx_word' id='word_1_172' title='bbox 1404 2580 1617 2634; x_wconf 89' lang='lat' dir='ltr'><strong>mundi!</strong></span> 
     </span>
    </p>
   </div>
   <div class='ocr_carea' id='block_1_28' title="bbox 292 2665 1654 2733">
    <p class='ocr_par' dir='ltr' id='par_1_28' title="bbox 292 2665 1654 2733">
     <span class='ocr_line' id='line_1_28' title="bbox 292 2665 1654 2733; baseline 0.002 -14"><span class='ocrx_word' id='word_1_173' title='bbox 292 2666 543 2733; x_wconf 82' lang='lat' dir='ltr'><strong>Tollitur,</strong></span> <span class='ocrx_word' id='word_1_174' title='bbox 570 2673 629 2719; x_wconf 91' lang='lat' dir='ltr'><strong>ut</strong></span> <span class='ocrx_word' id='word_1_175' title='bbox 653 2665 862 2721; x_wconf 88' lang='lat' dir='ltr'><strong>miseris</strong></span> <span class='ocrx_word' id='word_1_176' title='bbox 892 2666 1078 2722; x_wconf 89' lang='lat' dir='ltr'><strong>reddat</strong></span> <span class='ocrx_word' id='word_1_177' title='bbox 1103 2683 1249 2724; x_wconf 89' lang='lat' dir='ltr'><strong>mors</strong></span> <span class='ocrx_word' id='word_1_178' title='bbox 1281 2684 1382 2723; x_wconf 91' lang='lat' dir='ltr'><strong>una</strong></span> <span class='ocrx_word' id='word_1_179' title='bbox 1408 2669 1654 2724; x_wconf 86' lang='lat' dir='ltr'><strong>salutem.</strong></span> 
     </span>
    </p>
   </div>
   <div class='ocr_carea' id='block_1_29' title="bbox 525 2790 1629 2835">
    <p class='ocr_par' dir='ltr' id='par_1_29' title="bbox 525 2790 1629 2835">
     <span class='ocr_line' id='line_1_29' title="bbox 525 2790 1629 2835; baseline 0.001 -4"><span class='ocrx_word' id='word_1_180' title='bbox 525 2790 849 2831; x_wconf 79' lang='lat' dir='ltr'><strong>COTURNICES</strong></span> <span class='ocrx_word' id='word_1_181' title='bbox 888 2793 954 2831; x_wconf 76' lang='lat' dir='ltr'><strong>ET</strong></span> <span class='ocrx_word' id='word_1_182' title='bbox 993 2794 1169 2833; x_wconf 73' lang='grc' dir='ltr'><strong>ΙΙᾹΝΝΑ</strong></span> <span class='ocrx_word' id='word_1_183' title='bbox 1208 2795 1379 2834; x_wconf 76' lang='lat' dir='ltr'><strong>DATUR</strong></span> <span class='ocrx_word' id='word_1_184' title='bbox 1416 2795 1629 2835; x_wconf 60' lang='lat' dir='ltr'><strong>JUDEIS.</strong></span> 
     </span>
    </p>
   </div>
   <div class='ocr_carea' id='block_1_30' title="bbox 366 2865 1694 2940">
    <p class='ocr_par' dir='ltr' id='par_1_30' title="bbox 366 2865 1694 2940">
     <span class='ocr_line' id='line_1_30' title="bbox 366 2865 1694 2940; baseline 0.005 -21"><span class='ocrx_word' id='word_1_185' title='bbox 366 2865 464 2920; x_wconf 89' lang='lat' dir='ltr'><strong>llic</strong></span> <span class='ocrx_word' id='word_1_186' title='bbox 486 2866 673 2921; x_wconf 89' lang='lat' dir='ltr'><strong>avidos</strong></span> <span class='ocrx_word' id='word_1_187' title='bbox 698 2867 873 2922; x_wconf 89' lang='lat' dir='ltr'><strong>carnis</strong></span> <span class='ocrx_word' id='word_1_188' title='bbox 900 2866 1059 2922; x_wconf 89' lang='lat' dir='ltr'><strong>missa</strong></span> <span class='ocrx_word' id='word_1_189' title='bbox 1090 2877 1447 2940; x_wconf 86' lang='lat' dir='ltr'><strong>ortygometra</strong></span> <span class='ocrx_word' id='word_1_190' title='bbox 1476 2870 1694 2935; x_wconf 88' lang='lat' dir='ltr'><strong>refecit,</strong></span> 
     </span>
    </p>
   </div>
   <div class='ocr_carea' id='block_1_31' title="bbox 298 2955 1566 3028">
    <p class='ocr_par' dir='ltr' id='par_1_31' title="bbox 298 2955 1566 3028">
     <span class='ocr_line' id='line_1_31' title="bbox 298 2955 1566 3028; baseline 0.002 -19"><span class='ocrx_word' id='word_1_191' title='bbox 298 2955 704 3025; x_wconf 89' lang='lat' dir='ltr'><strong>lmmeritosque</strong></span> <span class='ocrx_word' id='word_1_192' title='bbox 727 2958 899 3025; x_wconf 89' lang='lat' dir='ltr'><strong>replet</strong></span> <span class='ocrx_word' id='word_1_193' title='bbox 921 2958 1157 3013; x_wconf 66' lang='lat' dir='ltr'><strong>caelestis</strong></span> <span class='ocrx_word' id='word_1_194' title='bbox 1186 2960 1338 3028; x_wconf 89' lang='lat' dir='ltr'><strong>copia</strong></span> <span class='ocrx_word' id='word_1_195' title='bbox 1368 2960 1518 3027; x_wconf 90' lang='lat' dir='ltr'><strong>panis</strong></span> <span class='ocrx_word' id='word_1_196' title='bbox 1554 2976 1566 3011; x_wconf 89' lang='lat'>:</span> 
     </span>
    </p>
   </div>
   <div class='ocr_carea' id='block_1_32' title="bbox 297 3047 1870 3123">
    <p class='ocr_par' dir='ltr' id='par_1_32' title="bbox 297 3047 1870 3123">
     <span class='ocr_line' id='line_1_32' title="bbox 297 3047 1870 3123; baseline 0.004 -22"><span class='ocrx_word' id='word_1_197' title='bbox 297 3048 426 3102; x_wconf 80' lang='lat' dir='ltr'><strong>Nam</strong></span> <span class='ocrx_word' id='word_1_198' title='bbox 448 3047 623 3116; x_wconf 80' lang='lat' dir='ltr'><strong>dignis</strong></span> <span class='ocrx_word' id='word_1_199' title='bbox 638 3088 650 3110; x_wconf 91' lang='lat'><strong>,</strong></span> <span class='ocrx_word' id='word_1_200' title='bbox 674 3064 828 3116; x_wconf 86' lang='lat' dir='ltr'><strong>quem</strong></span> <span class='ocrx_word' id='word_1_201' title='bbox 850 3050 1074 3118; x_wconf 85' lang='lat' dir='ltr'><strong>quisque</strong></span> <span class='ocrx_word' id='word_1_202' title='bbox 1094 3051 1255 3116; x_wconf 83' lang='lat' dir='ltr'><strong>velit,</strong></span> <span class='ocrx_word' id='word_1_203' title='bbox 1276 3050 1365 3104; x_wconf 89' lang='lat' dir='ltr'><strong>dat</strong></span> <span class='ocrx_word' id='word_1_204' title='bbox 1389 3065 1577 3104; x_wconf 90' lang='lat' dir='ltr'><strong>manna</strong></span> <span class='ocrx_word' id='word_1_205' title='bbox 1600 3065 1870 3123; x_wconf 89' lang='lat' dir='ltr'><strong>saporem.</strong></span> 
     </span>
    </p>
   </div>
   <div class='ocr_carea' id='block_1_33' title="bbox 368 3174 1798 3224">
    <p class='ocr_par' dir='ltr' id='par_1_33' title="bbox 368 3174 1798 3224">
     <span class='ocr_line' id='line_1_33' title="bbox 368 3174 1798 3224; baseline 0.004 -11"><span class='ocrx_word' id='word_1_206' title='bbox 368 3174 568 3214; x_wconf 71' lang='lat' dir='ltr'><strong>SEPTEI</strong></span> <span class='ocrx_word' id='word_1_207' title='bbox 608 3175 820 3214; x_wconf 60' lang='lat' dir='ltr'><strong>PARIBUS</strong></span> <span class='ocrx_word' id='word_1_208' title='bbox 865 3174 1113 3215; x_wconf 82' lang='lat' dir='ltr'><strong>CIIRISTUS</strong></span> <span class='ocrx_word' id='word_1_209' title='bbox 1150 3176 1393 3224; x_wconf 73' lang='lat' dir='ltr'><strong>QUATUOR</strong></span> <span class='ocrx_word' id='word_1_210' title='bbox 1429 3178 1605 3219; x_wconf 71' lang='lat' dir='ltr'><strong>MILLIA</strong></span> <span class='ocrx_word' id='word_1_211' title='bbox 1644 3178 1798 3219; x_wconf 75' lang='lat' dir='ltr'><strong>IIOII°</strong></span> 
     </span>
    </p>
   </div>
   <div class='ocr_carea' id='block_1_34' title="bbox 915 3266 1266 3305">
    <p class='ocr_par' dir='ltr' id='par_1_34' title="bbox 915 3266 1266 3305">
     <span class='ocr_line' id='line_1_34' title="bbox 915 3266 1266 3305; baseline 0.003 -1"><span class='ocrx_word' id='word_1_212' title='bbox 915 3266 1023 3305; x_wconf 73' lang='lat' dir='ltr'><strong>NUI</strong></span> <span class='ocrx_word' id='word_1_213' title='bbox 1063 3266 1266 3305; x_wconf 79' lang='lat' dir='ltr'><strong>PASCIT.</strong></span> 
     </span>
    </p>
   </div>
   <div class='ocr_carea' id='block_1_35' title="bbox 376 3339 1684 3411">
    <p class='ocr_par' dir='ltr' id='par_1_35' title="bbox 376 3339 1684 3411">
     <span class='ocr_line' id='line_1_35' title="bbox 376 3339 1684 3411; baseline 0.005 -19"><span class='ocrx_word' id='word_1_214' title='bbox 376 3339 604 3394; x_wconf 81' lang='lat' dir='ltr'><strong>Panibus</strong></span> <span class='ocrx_word' id='word_1_215' title='bbox 635 3339 722 3394; x_wconf 87' lang='lat' dir='ltr'><strong>hic</strong></span> <span class='ocrx_word' id='word_1_216' title='bbox 747 3349 947 3409; x_wconf 90' lang='lat' dir='ltr'><strong>septem</strong></span> <span class='ocrx_word' id='word_1_217' title='bbox 979 3344 1291 3411; x_wconf 86' lang='lat' dir='ltr'><strong>populorum</strong></span> <span class='ocrx_word' id='word_1_218' title='bbox 1324 3341 1486 3397; x_wconf 88' lang='lat' dir='ltr'><strong>millia</strong></span> <span class='ocrx_word' id='word_1_219' title='bbox 1517 3344 1684 3411; x_wconf 89' lang='lat' dir='ltr'><strong>pascit</strong></span> 
     </span>
    </p>
   </div>
   <div class='ocr_carea' id='block_1_36' title="bbox 304 3430 1592 3503">
    <p class='ocr_par' dir='ltr' id='par_1_36' title="bbox 304 3430 1592 3503">
     <span class='ocr_line' id='line_1_36' title="bbox 304 3430 1592 3503; baseline 0.003 -20"><span class='ocrx_word' id='word_1_220' title='bbox 304 3430 567 3496; x_wconf 85' lang='lat' dir='ltr'><strong>Quattuor</strong></span> <span class='ocrx_word' id='word_1_221' title='bbox 594 3439 650 3485; x_wconf 91' lang='lat' dir='ltr'><strong>ct</strong></span> <span class='ocrx_word' id='word_1_222' title='bbox 678 3430 830 3499; x_wconf 88' lang='lat' dir='ltr'><strong>pauci</strong></span> <span class='ocrx_word' id='word_1_223' title='bbox 858 3442 1096 3488; x_wconf 87' lang='lat' dir='ltr'><strong>saturant</strong></span> <span class='ocrx_word' id='word_1_224' title='bbox 1116 3433 1355 3487; x_wconf 86' lang='lat' dir='ltr'><strong>convivia</strong></span> <span class='ocrx_word' id='word_1_225' title='bbox 1390 3434 1592 3503; x_wconf 89' lang='lat' dir='ltr'><strong>pisces:</strong></span> 
     </span>
    </p>
   </div>
   <div class='ocr_carea' id='block_1_37' title="bbox 302 3522 1707 3596">
    <p class='ocr_par' dir='ltr' id='par_1_37' title="bbox 302 3522 1707 3596">
     <span class='ocr_line' id='line_1_37' title="bbox 302 3522 1707 3596; baseline 0.001 -17"><span class='ocrx_word' id='word_1_226' title='bbox 302 3524 436 3579; x_wconf 80' lang='lat' dir='ltr'><strong>Nam</strong></span> <span class='ocrx_word' id='word_1_227' title='bbox 461 3522 544 3580; x_wconf 90' lang='lat' dir='ltr'><strong>bis</strong></span> <span class='ocrx_word' id='word_1_228' title='bbox 566 3538 661 3579; x_wconf 83' lang='lat' dir='ltr'><strong>sex</strong></span> <span class='ocrx_word' id='word_1_229' title='bbox 680 3533 889 3593; x_wconf 90' lang='lat' dir='ltr'><strong>sportas</strong></span> <span class='ocrx_word' id='word_1_230' title='bbox 911 3526 1065 3593; x_wconf 89' lang='lat' dir='ltr'><strong>panis</strong></span> <span class='ocrx_word' id='word_1_231' title='bbox 1086 3525 1380 3596; x_wconf 88' lang='lat' dir='ltr'><strong>fragmenta</strong></span> <span class='ocrx_word' id='word_1_232' title='bbox 1414 3526 1707 3595; x_wconf 89' lang='lat' dir='ltr'><strong>replerunt.</strong></span> 
     </span>
    </p>
   </div>
   <div class='ocr_carea' id='block_1_38' title="bbox 674 3648 1581 3694">
    <p class='ocr_par' dir='ltr' id='par_1_38' title="bbox 674 3648 1581 3694">
     <span class='ocr_line' id='line_1_38' title="bbox 674 3648 1581 3694; baseline 0.003 -3"><span class='ocrx_word' id='word_1_233' title='bbox 674 3652 836 3693; x_wconf 73' lang='lat' dir='ltr'><strong>IOSES</strong></span> <span class='ocrx_word' id='word_1_234' title='bbox 877 3652 1129 3692; x_wconf 74' lang='grc' dir='ltr'><strong>Αεεειωιτ</strong></span> <span class='ocrx_word' id='word_1_235' title='bbox 1172 3654 1224 3693; x_wconf 75' lang='grc' dir='ltr'><strong>ΙΝ</strong></span> <span class='ocrx_word' id='word_1_236' title='bbox 1265 3654 1503 3694; x_wconf 73' lang='lat' dir='ltr'><strong>MONTEH.</strong></span> <span class='ocrx_word' id='word_1_237' title='bbox 1577 3648 1581 3655; x_wconf 68' lang='grc'><strong>’</strong></span> 
     </span>
    </p>
   </div>
   <div class='ocr_carea' id='block_1_39' title="bbox 312 3725 1503 3799">
    <p class='ocr_par' dir='ltr' id='par_1_39' title="bbox 312 3725 1503 3799">
     <span class='ocr_line' id='line_1_39' title="bbox 312 3725 1503 3799; baseline 0.004 -20"><span class='ocrx_word' id='word_1_238' title='bbox 312 3726 569 3782; x_wconf 72' lang='lat' dir='ltr'><strong>\‘eridica:</strong></span> <span class='ocrx_word' id='word_1_239' title='bbox 606 3725 779 3784; x_wconf 86' lang='lat' dir='ltr'><strong>Moses</strong></span> <span class='ocrx_word' id='word_1_240' title='bbox 809 3728 993 3799; x_wconf 88' lang='lat' dir='ltr'><strong>pandit</strong></span> <span class='ocrx_word' id='word_1_241' title='bbox 1016 3728 1307 3798; x_wconf 89' lang='lat' dir='ltr'><strong>penetralia</strong></span> <span class='ocrx_word' id='word_1_242' title='bbox 1338 3729 1503 3799; x_wconf 80' lang='lat' dir='ltr'><strong>legis,</strong></span> 
     </span>
    </p>
   </div>
   <div class='ocr_carea' id='block_1_40' title="bbox 1899 3119 1946 3183">
    <p class='ocr_par' dir='ltr' id='par_1_40' title="bbox 1899 3119 1946 3183">
     <span class='ocr_line' id='line_1_40' title="bbox 1899 3119 1946 3183; baseline 0 0"><span class='ocrx_word' id='word_1_243' title='bbox 1899 3119 1946 3183; x_wconf 89' lang='lat' dir='ltr'><strong>C</strong></span> 
     </span>
    </p>
   </div>
   <div class='ocr_carea' id='block_1_41' title="bbox 1954 488 3287 562">
    <p class='ocr_par' dir='ltr' id='par_1_41' title="bbox 1954 488 3287 562">
     <span class='ocr_line' id='line_1_41' title="bbox 1954 488 3287 562; baseline 0.002 -18"><span class='ocrx_word' id='word_1_244' title='bbox 1954 488 2065 544; x_wconf 84' lang='lat' dir='ltr'><strong>Nec</strong></span> <span class='ocrx_word' id='word_1_245' title='bbox 2084 488 2250 544; x_wconf 88' lang='lat' dir='ltr'><strong>divisa</strong></span> <span class='ocrx_word' id='word_1_246' title='bbox 2280 490 2414 559; x_wconf 85' lang='lat' dir='ltr'><strong>regit</strong></span> <span class='ocrx_word' id='word_1_247' title='bbox 2441 490 2729 555; x_wconf 90' lang='lat' dir='ltr'><strong>mundum,</strong></span> <span class='ocrx_word' id='word_1_248' title='bbox 2759 493 2855 546; x_wconf 90' lang='lat' dir='ltr'><strong>sed</strong></span> <span class='ocrx_word' id='word_1_249' title='bbox 2886 494 2997 547; x_wconf 89' lang='lat' dir='ltr'><strong>sola</strong></span> <span class='ocrx_word' id='word_1_250' title='bbox 3030 502 3287 562; x_wconf 87' lang='lat' dir='ltr'><strong>potestas.</strong></span> 
     </span>
    </p>
   </div>
   <div class='ocr_carea' id='block_1_42' title="bbox 2345 594 3137 637">
    <p class='ocr_par' dir='ltr' id='par_1_42' title="bbox 2345 594 3137 637">
     <span class='ocr_line' id='line_1_42' title="bbox 2345 594 3137 637; baseline 0.004 -3"><span class='ocrx_word' id='word_1_251' title='bbox 2345 594 2598 635; x_wconf 74' lang='lat' dir='ltr'><strong>CHRISTUS</strong></span> <span class='ocrx_word' id='word_1_252' title='bbox 2641 596 2691 634; x_wconf 74' lang='lat' dir='ltr'><strong>IN</strong></span> <span class='ocrx_word' id='word_1_253' title='bbox 2736 596 2915 636; x_wconf 74' lang='lat' dir='ltr'><strong>IONTE</strong></span> <span class='ocrx_word' id='word_1_254' title='bbox 2953 597 3137 637; x_wconf 79' lang='lat' dir='ltr'><strong>DOCBT.</strong></span> 
     </span>
    </p>
   </div>
   <div class='ocr_carea' id='block_1_43' title="bbox 2027 668 3527 740">
    <p class='ocr_par' dir='ltr' id='par_1_43' title="bbox 2027 668 3527 740">
     <span class='ocr_line' id='line_1_43' title="bbox 2027 668 3527 740; baseline 0.003 -17"><span class='ocrx_word' id='word_1_255' title='bbox 2027 668 2217 724; x_wconf 79' lang='lat' dir='ltr'><strong>Montis</strong></span> <span class='ocrx_word' id='word_1_256' title='bbox 2246 670 2384 725; x_wconf 89' lang='lat' dir='ltr'><strong>valle</strong></span> <span class='ocrx_word' id='word_1_257' title='bbox 2412 670 2606 724; x_wconf 85' lang='lat' dir='ltr'><strong>sedens</strong></span> <span class='ocrx_word' id='word_1_258' title='bbox 2626 713 2641 737; x_wconf 88' lang='lat'><strong>,</strong></span> <span class='ocrx_word' id='word_1_259' title='bbox 2675 686 2835 740; x_wconf 87' lang='lat' dir='ltr'><strong>grave</strong></span> <span class='ocrx_word' id='word_1_260' title='bbox 2869 682 2922 727; x_wconf 91' lang='lat' dir='ltr'><strong>et</strong></span> <span class='ocrx_word' id='word_1_261' title='bbox 2953 672 3281 728; x_wconf 86' lang='lat' dir='ltr'><strong>immutabile</strong></span> <span class='ocrx_word' id='word_1_262' title='bbox 3308 674 3527 728; x_wconf 88' lang='lat' dir='ltr'><strong>verbum</strong></span> 
     </span>
    </p>
   </div>
   <div class='ocr_carea' id='block_1_44' title="bbox 1956 759 3173 831">
    <p class='ocr_par' dir='ltr' id='par_1_44' title="bbox 1956 759 3173 831">
     <span class='ocr_line' id='line_1_44' title="bbox 1956 759 3173 831; baseline 0.002 -18"><span class='ocrx_word' id='word_1_263' title='bbox 1956 759 2023 813; x_wconf 85' lang='lat' dir='ltr'><strong>Et</strong></span> <span class='ocrx_word' id='word_1_264' title='bbox 2048 760 2129 828; x_wconf 89' lang='lat' dir='ltr'><strong>pia</strong></span> <span class='ocrx_word' id='word_1_265' title='bbox 2152 759 2371 828; x_wconf 71' lang='lat' dir='ltr'><strong>iustitiae</strong></span> <span class='ocrx_word' id='word_1_266' title='bbox 2387 761 2593 829; x_wconf 90' lang='lat' dir='ltr'><strong>populis</strong></span> <span class='ocrx_word' id='word_1_267' title='bbox 2621 771 2884 831; x_wconf 84' lang='lat' dir='ltr'><strong>praecepta</strong></span> <span class='ocrx_word' id='word_1_268' title='bbox 2911 763 3173 831; x_wconf 86' lang='lat' dir='ltr'><strong>profatur,</strong></span> 
     </span>
    </p>
   </div>
   <div class='ocr_carea' id='block_1_45' title="bbox 1956 849 3369 920">
    <p class='ocr_par' dir='ltr' id='par_1_45' title="bbox 1956 849 3369 920">
     <span class='ocr_line' id='line_1_45' title="bbox 1956 849 3369 920; baseline 0.001 -18"><span class='ocrx_word' id='word_1_269' title='bbox 1956 849 2176 919; x_wconf 88' lang='lat' dir='ltr'><strong>Quaque</strong></span> <span class='ocrx_word' id='word_1_270' title='bbox 2206 852 2273 916; x_wconf 90' lang='lat' dir='ltr'><strong>it,</strong></span> <span class='ocrx_word' id='word_1_271' title='bbox 2303 864 2404 918; x_wconf 91' lang='lat' dir='ltr'><strong>qua</strong></span> <span class='ocrx_word' id='word_1_272' title='bbox 2438 850 2631 919; x_wconf 88' lang='lat' dir='ltr'><strong>pergit,</strong></span> <span class='ocrx_word' id='word_1_273' title='bbox 2662 866 2783 907; x_wconf 86' lang='lat' dir='ltr'><strong>sese</strong></span> <span class='ocrx_word' id='word_1_274' title='bbox 2809 852 3063 920; x_wconf 85' lang='lat' dir='ltr'><strong>sapientia</strong></span> <span class='ocrx_word' id='word_1_275' title='bbox 3094 861 3369 908; x_wconf 88' lang='lat' dir='ltr'><strong>monstrat.</strong></span> 
     </span>
    </p>
   </div>
   <div class='ocr_carea' id='block_1_46' title="bbox 2469 956 3016 996">
    <p class='ocr_par' dir='ltr' id='par_1_46' title="bbox 2469 956 3016 996">
     <span class='ocr_line' id='line_1_46' title="bbox 2469 956 3016 996; baseline 0.004 -3"><span class='ocrx_word' id='word_1_276' title='bbox 2469 956 2685 995; x_wconf 73' lang='lat' dir='ltr'><strong>IARTIIA</strong></span> <span class='ocrx_word' id='word_1_277' title='bbox 2725 957 2791 994; x_wconf 77' lang='lat' dir='ltr'><strong>ET</strong></span> <span class='ocrx_word' id='word_1_278' title='bbox 2835 958 2993 995; x_wconf 73' lang='lat' dir='ltr'><strong>IIARIA</strong></span> <span class='ocrx_word' id='word_1_279' title='bbox 3003 982 3016 996; x_wconf 87' lang='lat'><strong><em>.</em></strong></span> 
     </span>
    </p>
   </div>
   <div class='ocr_carea' id='block_1_47' title="bbox 2028 1028 3387 1100">
    <p class='ocr_par' dir='ltr' id='par_1_47' title="bbox 2028 1028 3387 1100">
     <span class='ocr_line' id='line_1_47' title="bbox 2028 1028 3387 1100; baseline 0 -17"><span class='ocrx_word' id='word_1_280' title='bbox 2028 1028 2215 1098; x_wconf 68' lang='lat' dir='ltr'><strong>Arguit</strong></span> <span class='ocrx_word' id='word_1_281' title='bbox 2242 1028 2524 1083; x_wconf 89' lang='lat' dir='ltr'><strong>immeritis</strong></span> <span class='ocrx_word' id='word_1_282' title='bbox 2552 1039 2855 1085; x_wconf 86' lang='lat' dir='ltr'><strong>consortem</strong></span> <span class='ocrx_word' id='word_1_283' title='bbox 2887 1032 3088 1085; x_wconf 80' lang='lat' dir='ltr'><strong>Martha</strong></span> <span class='ocrx_word' id='word_1_284' title='bbox 3118 1033 3345 1100; x_wconf 86' lang='lat' dir='ltr'><strong>querelis</strong></span> <span class='ocrx_word' id='word_1_285' title='bbox 3373 1073 3387 1097; x_wconf 94' lang='lat'><strong>,</strong></span> 
     </span>
    </p>
   </div>
   <div class='ocr_carea' id='block_1_48' title="bbox 1957 1118 3288 1192">
    <p class='ocr_par' dir='ltr' id='par_1_48' title="bbox 1957 1118 3288 1192">
     <span class='ocr_line' id='line_1_48' title="bbox 1957 1118 3288 1192; baseline 0.003 -19"><span class='ocrx_word' id='word_1_286' title='bbox 1957 1120 2105 1187; x_wconf 89' lang='lat' dir='ltr'><strong>Quod</strong></span> <span class='ocrx_word' id='word_1_287' title='bbox 2138 1127 2288 1174; x_wconf 87' lang='lat' dir='ltr'><strong>vacet</strong></span> <span class='ocrx_word' id='word_1_288' title='bbox 2315 1118 2524 1185; x_wconf 85' lang='lat' dir='ltr'><strong>officio,</strong></span> <span class='ocrx_word' id='word_1_289' title='bbox 2558 1121 2640 1174; x_wconf 92' lang='lat' dir='ltr'><strong>cui</strong></span> <span class='ocrx_word' id='word_1_290' title='bbox 2671 1135 2831 1175; x_wconf 85' lang='lat' dir='ltr'><strong>verax</strong></span> <span class='ocrx_word' id='word_1_291' title='bbox 2862 1123 3086 1188; x_wconf 87' lang='lat' dir='ltr'><strong>arbiter,</strong></span> <span class='ocrx_word' id='word_1_292' title='bbox 3118 1124 3288 1192; x_wconf 89' lang='lat' dir='ltr'><strong>inquit</strong></span> 
     </span>
    </p>
   </div>
   <div class='ocr_carea' id='block_1_49' title="bbox 1956 1209 3288 1280">
    <p class='ocr_par' dir='ltr' id='par_1_49' title="bbox 1956 1209 3288 1280">
     <span class='ocr_line' id='line_1_49' title="bbox 1956 1209 3288 1280; baseline 0.002 -18"><span class='ocrx_word' id='word_1_293' title='bbox 1956 1209 2093 1264; x_wconf 83' lang='lat' dir='ltr'><strong>Cura</strong></span> <span class='ocrx_word' id='word_1_294' title='bbox 2126 1210 2218 1264; x_wconf 88' lang='lat' dir='ltr'><strong>Dei</strong></span> <span class='ocrx_word' id='word_1_295' title='bbox 2242 1250 2258 1275; x_wconf 91' lang='lat'><strong>,</strong></span> <span class='ocrx_word' id='word_1_296' title='bbox 2288 1209 2477 1264; x_wconf 92' lang='lat' dir='ltr'><strong>melior</strong></span> <span class='ocrx_word' id='word_1_297' title='bbox 2501 1210 2724 1276; x_wconf 87' lang='lat' dir='ltr'><strong>domus,</strong></span> <span class='ocrx_word' id='word_1_298' title='bbox 2747 1220 2801 1265; x_wconf 92' lang='lat' dir='ltr'><strong>et</strong></span> <span class='ocrx_word' id='word_1_299' title='bbox 2829 1213 2994 1280; x_wconf 86' lang='lat' dir='ltr'><strong>magis</strong></span> <span class='ocrx_word' id='word_1_300' title='bbox 3020 1212 3164 1267; x_wconf 90' lang='lat' dir='ltr'><strong>utilis</strong></span> <span class='ocrx_word' id='word_1_301' title='bbox 3193 1214 3288 1267; x_wconf 93' lang='lat' dir='ltr'><strong>illi.</strong></span> 
     </span>
    </p>
   </div>
   <div class='ocr_carea' id='block_1_50' title="bbox 2398 1292 3087 1355">
    <p class='ocr_par' dir='ltr' id='par_1_50' title="bbox 2398 1292 3087 1355">
     <span class='ocr_line' id='line_1_50' title="bbox 2398 1292 3087 1355; baseline 0.003 -2"><span class='ocrx_word' id='word_1_302' title='bbox 2398 1314 2666 1354; x_wconf 77' lang='lat' dir='ltr'><strong>CENTURIO</strong></span> <span class='ocrx_word' id='word_1_303' title='bbox 2701 1318 2767 1354; x_wconf 68' lang='lat' dir='ltr'><strong>ao</strong></span> <span class='ocrx_word' id='word_1_304' title='bbox 2794 1292 3087 1355; x_wconf 36' lang='lat' dir='ltr'><strong>‘cnntsruu.</strong></span> 
     </span>
    </p>
   </div>
   <div class='ocr_carea' id='block_1_51' title="bbox 1961 1388 3248 1454">
    <p class='ocr_par' dir='ltr' id='par_1_51' title="bbox 1961 1388 3248 1454">
     <span class='ocr_line' id='line_1_51' title="bbox 1961 1388 3248 1454; baseline 0.003 -12"><span class='ocrx_word' id='word_1_305' title='bbox 1961 1388 2072 1442; x_wconf 92' lang='lat' dir='ltr'><strong>Ileu</strong></span> <span class='ocrx_word' id='word_1_306' title='bbox 2098 1388 2251 1453; x_wconf 88' lang='lat' dir='ltr'><strong>mihi,</strong></span> <span class='ocrx_word' id='word_1_307' title='bbox 2275 1388 2532 1454; x_wconf 84' lang='lat' dir='ltr'><strong>salvator,</strong></span> <span class='ocrx_word' id='word_1_308' title='bbox 2556 1391 2747 1444; x_wconf 88' lang='lat' dir='ltr'><strong>salvari</strong></span> <span class='ocrx_word' id='word_1_309' title='bbox 2773 1405 2958 1446; x_wconf 89' lang='lat' dir='ltr'><strong>servus</strong></span> <span class='ocrx_word' id='word_1_310' title='bbox 2987 1393 3202 1446; x_wconf 88' lang='lat' dir='ltr'><strong>anhelat</strong></span> <span class='ocrx_word' id='word_1_311' title='bbox 3233 1409 3248 1447; x_wconf 91' lang='lat'><strong>:</strong></span> 
     </span>
    </p>
   </div>
   <div class='ocr_carea' id='block_1_52' title="bbox 1959 1482 3336 1552">
    <p class='ocr_par' dir='ltr' id='par_1_52' title="bbox 1959 1482 3336 1552">
     <span class='ocr_line' id='line_1_52' title="bbox 1959 1482 3336 1552; baseline 0.004 -17"><span class='ocrx_word' id='word_1_312' title='bbox 1959 1482 2072 1536; x_wconf 78' lang='lat' dir='ltr'><strong>Nan</strong></span> <span class='ocrx_word' id='word_1_313' title='bbox 2103 1497 2203 1551; x_wconf 85' lang='lat' dir='ltr'><strong>ego</strong></span> <span class='ocrx_word' id='word_1_314' title='bbox 2228 1497 2344 1536; x_wconf 90' lang='lat' dir='ltr'><strong>sum</strong></span> <span class='ocrx_word' id='word_1_315' title='bbox 2371 1483 2591 1551; x_wconf 85' lang='lat' dir='ltr'><strong>dignus,</strong></span> <span class='ocrx_word' id='word_1_316' title='bbox 2623 1482 2775 1552; x_wconf 85' lang='lat' dir='ltr'><strong>cujus</strong></span> <span class='ocrx_word' id='word_1_317' title='bbox 2801 1491 2856 1536; x_wconf 93' lang='lat' dir='ltr'><strong>tu</strong></span> <span class='ocrx_word' id='word_1_318' title='bbox 2888 1492 3025 1538; x_wconf 89' lang='lat' dir='ltr'><strong>tecta</strong></span> <span class='ocrx_word' id='word_1_319' title='bbox 3052 1499 3336 1552; x_wconf 89' lang='lat' dir='ltr'><strong>capessas,</strong></span> 
     </span>
    </p>
   </div>
   <div class='ocr_carea' id='block_1_53' title="bbox 1963 1570 3325 1640">
    <p class='ocr_par' dir='ltr' id='par_1_53' title="bbox 1963 1570 3325 1640">
     <span class='ocr_line' id='line_1_53' title="bbox 1963 1570 3325 1640; baseline 0 -14"><span class='ocrx_word' id='word_1_320' title='bbox 1963 1570 2069 1626; x_wconf 86' lang='lat' dir='ltr'><strong>Sed</strong></span> <span class='ocrx_word' id='word_1_321' title='bbox 2100 1571 2264 1626; x_wconf 90' lang='lat' dir='ltr'><strong>verbo</strong></span> <span class='ocrx_word' id='word_1_322' title='bbox 2292 1586 2483 1625; x_wconf 91' lang='lat' dir='ltr'><strong>sanare</strong></span> <span class='ocrx_word' id='word_1_323' title='bbox 2508 1582 2693 1640; x_wconf 89' lang='lat' dir='ltr'><strong>potes,</strong></span> <span class='ocrx_word' id='word_1_324' title='bbox 2724 1586 2845 1626; x_wconf 89' lang='lat' dir='ltr'><strong>nam</strong></span> <span class='ocrx_word' id='word_1_325' title='bbox 2886 1573 3085 1627; x_wconf 86' lang='lat' dir='ltr'><strong>sufﬁcis</strong></span> <span class='ocrx_word' id='word_1_326' title='bbox 3115 1576 3325 1629; x_wconf 87' lang='lat' dir='ltr'><strong>absens.</strong></span> 
     </span>
    </p>
   </div>
   <div class='ocr_carea' id='block_1_54' title="bbox 2314 1675 3256 1724">
    <p class='ocr_par' dir='ltr' id='par_1_54' title="bbox 2314 1675 3256 1724">
     <span class='ocr_line' id='line_1_54' title="bbox 2314 1675 3256 1724; baseline 0.002 -10"><span class='ocrx_word' id='word_1_327' title='bbox 2314 1676 2379 1714; x_wconf 72' lang='lat' dir='ltr'><strong>EX</strong></span> <span class='ocrx_word' id='word_1_328' title='bbox 2426 1676 2559 1724; x_wconf 75' lang='lat' dir='ltr'><strong>AQUA</strong></span> <span class='ocrx_word' id='word_1_329' title='bbox 2593 1675 2845 1716; x_wconf 76' lang='lat' dir='ltr'><strong>CHRISTUS</strong></span> <span class='ocrx_word' id='word_1_330' title='bbox 2885 1678 3045 1716; x_wconf 67' lang='lat' dir='ltr'><strong>VINUM</strong></span> <span class='ocrx_word' id='word_1_331' title='bbox 3082 1678 3256 1717; x_wconf 79' lang='lat' dir='ltr'><strong>FACIT.</strong></span> 
     </span>
    </p>
   </div>
   <div class='ocr_carea' id='block_1_55' title="bbox 2036 1751 3370 1822">
    <p class='ocr_par' dir='ltr' id='par_1_55' title="bbox 2036 1751 3370 1822">
     <span class='ocr_line' id='line_1_55' title="bbox 2036 1751 3370 1822; baseline 0.002 -19"><span class='ocrx_word' id='word_1_332' title='bbox 2036 1751 2252 1819; x_wconf 91' lang='lat' dir='ltr'><strong>lnsipidi</strong></span> <span class='ocrx_word' id='word_1_333' title='bbox 2283 1752 2549 1818; x_wconf 90' lang='lat' dir='ltr'><strong>quondam</strong></span> <span class='ocrx_word' id='word_1_334' title='bbox 2582 1752 2766 1806; x_wconf 89' lang='lat' dir='ltr'><strong>latices</strong></span> <span class='ocrx_word' id='word_1_335' title='bbox 2791 1754 3053 1807; x_wconf 87' lang='lat' dir='ltr'><strong>elementa</strong></span> <span class='ocrx_word' id='word_1_336' title='bbox 3080 1792 3095 1818; x_wconf 96' lang='lat'><strong>,</strong></span> <span class='ocrx_word' id='word_1_337' title='bbox 3125 1767 3370 1822; x_wconf 86' lang='lat' dir='ltr'><strong>saporem</strong></span> 
     </span>
    </p>
   </div>
   <div class='ocr_carea' id='block_1_56' title="bbox 1966 1843 3403 1915">
    <p class='ocr_par' dir='ltr' id='par_1_56' title="bbox 1966 1843 3403 1915">
     <span class='ocr_line' id='line_1_56' title="bbox 1966 1843 3403 1915; baseline 0.004 -18"><span class='ocrx_word' id='word_1_338' title='bbox 1966 1843 2260 1912; x_wconf 86' lang='lat' dir='ltr'><strong>Flagrantis</strong></span> <span class='ocrx_word' id='word_1_339' title='bbox 2289 1856 2567 1912; x_wconf 88' lang='lat' dir='ltr'><strong>sumpsere</strong></span> <span class='ocrx_word' id='word_1_340' title='bbox 2598 1845 2767 1912; x_wconf 89' lang='lat' dir='ltr'><strong>meri,</strong></span> <span class='ocrx_word' id='word_1_341' title='bbox 2798 1861 2917 1899; x_wconf 90' lang='lat' dir='ltr'><strong>nam</strong></span> <span class='ocrx_word' id='word_1_342' title='bbox 2944 1847 3196 1915; x_wconf 90' lang='lat' dir='ltr'><strong>providus</strong></span> <span class='ocrx_word' id='word_1_343' title='bbox 3218 1857 3403 1903; x_wconf 88' lang='lat' dir='ltr'><strong>auctor</strong></span> 
     </span>
    </p>
   </div>
   <div class='ocr_carea' id='block_1_57' title="bbox 1964 1934 3139 2001">
    <p class='ocr_par' dir='ltr' id='par_1_57' title="bbox 1964 1934 3139 2001">
     <span class='ocr_line' id='line_1_57' title="bbox 1964 1934 3139 2001; baseline 0.003 -14"><span class='ocrx_word' id='word_1_344' title='bbox 1964 1934 2177 1988; x_wconf 82' lang='lat' dir='ltr'><strong>Munera</strong></span> <span class='ocrx_word' id='word_1_345' title='bbox 2209 1935 2439 2001; x_wconf 64' lang='lat' dir='ltr'><strong>lzetitias,</strong></span> <span class='ocrx_word' id='word_1_346' title='bbox 2468 1936 2721 1989; x_wconf 91' lang='lat' dir='ltr'><strong>virtutum</strong></span> <span class='ocrx_word' id='word_1_347' title='bbox 2750 1936 2964 1990; x_wconf 83' lang='lat' dir='ltr'><strong>exordia</strong></span> <span class='ocrx_word' id='word_1_348' title='bbox 2995 1937 3139 1991; x_wconf 89' lang='lat' dir='ltr'><strong>fecit.</strong></span> 
     </span>
    </p>
   </div>
   <div class='ocr_carea' id='block_1_58' title="bbox 2332 2045 3170 2087">
    <p class='ocr_par' dir='ltr' id='par_1_58' title="bbox 2332 2045 3170 2087">
     <span class='ocr_line' id='line_1_58' title="bbox 2332 2045 3170 2087; baseline 0.002 -3"><span class='ocrx_word' id='word_1_349' title='bbox 2332 2046 2527 2084; x_wconf 74' lang='lat' dir='ltr'><strong>IIULIER</strong></span> <span class='ocrx_word' id='word_1_350' title='bbox 2571 2047 2602 2085; x_wconf 76' lang='grc' dir='ltr'><strong>Α</strong></span> <span class='ocrx_word' id='word_1_351' title='bbox 2646 2045 2870 2085; x_wconf 78' lang='lat' dir='ltr'><strong>CRRISTO</strong></span> <span class='ocrx_word' id='word_1_352' title='bbox 2908 2046 3170 2087; x_wconf 80' lang='lat' dir='ltr'><strong>CURATUR.</strong></span> 
     </span>
    </p>
   </div>
   <div class='ocr_carea' id='block_1_59' title="bbox 2036 2120 3505 2189">
    <p class='ocr_par' dir='ltr' id='par_1_59' title="bbox 2036 2120 3505 2189">
     <span class='ocr_line' id='line_1_59' title="bbox 2036 2120 3505 2189; baseline 0.003 -16"><span class='ocrx_word' id='word_1_353' title='bbox 2036 2120 2133 2174; x_wconf 85' lang='lat' dir='ltr'><strong>Dat</strong></span> <span class='ocrx_word' id='word_1_354' title='bbox 2161 2120 2408 2175; x_wconf 79' lang='lat' dir='ltr'><strong>dextram</strong></span> <span class='ocrx_word' id='word_1_355' title='bbox 2440 2122 2678 2186; x_wconf 88' lang='lat' dir='ltr'><strong>miseris,</strong></span> <span class='ocrx_word' id='word_1_356' title='bbox 2712 2122 3077 2189; x_wconf 80' lang='lat' dir='ltr'><strong>miseransque</strong></span> <span class='ocrx_word' id='word_1_357' title='bbox 3103 2121 3297 2177; x_wconf 87' lang='lat' dir='ltr'><strong>attollit</strong></span> <span class='ocrx_word' id='word_1_358' title='bbox 3336 2122 3505 2178; x_wconf 80' lang='lat' dir='ltr'><strong>amico</strong></span> 
     </span>
    </p>
   </div>
   <div class='ocr_carea' id='block_1_60' title="bbox 1966 2213 3370 2283">
    <p class='ocr_par' dir='ltr' id='par_1_60' title="bbox 1966 2213 3370 2283">
     <span class='ocr_line' id='line_1_60' title="bbox 1966 2213 3370 2283; baseline 0.003 -20"><span class='ocrx_word' id='word_1_359' title='bbox 1966 2214 2134 2279; x_wconf 89' lang='lat' dir='ltr'><strong>Quam</strong></span> <span class='ocrx_word' id='word_1_360' title='bbox 2169 2214 2452 2283; x_wconf 90' lang='lat' dir='ltr'><strong>longinqua</strong></span> <span class='ocrx_word' id='word_1_361' title='bbox 2485 2213 2565 2266; x_wconf 89' lang='lat' dir='ltr'><strong>sui</strong></span> <span class='ocrx_word' id='word_1_362' title='bbox 2594 2222 2880 2267; x_wconf 86' lang='lat' dir='ltr'><strong>curvarant</strong></span> <span class='ocrx_word' id='word_1_363' title='bbox 2911 2214 3137 2268; x_wconf 90' lang='lat' dir='ltr'><strong>tormina</strong></span> <span class='ocrx_word' id='word_1_364' title='bbox 3162 2215 3370 2279; x_wconf 89' lang='lat' dir='ltr'><strong>morbi,</strong></span> 
     </span>
    </p>
   </div>
   <div class='ocr_carea' id='block_1_61' title="bbox 1967 2302 3432 2374">
    <p class='ocr_par' dir='ltr' id='par_1_61' title="bbox 1967 2302 3432 2374">
     <span class='ocr_line' id='line_1_61' title="bbox 1967 2302 3432 2374; baseline -0.001 -14"><span class='ocrx_word' id='word_1_365' title='bbox 1967 2304 2146 2374; x_wconf 85' lang='lat' dir='ltr'><strong>Surgit</strong></span> <span class='ocrx_word' id='word_1_366' title='bbox 2174 2315 2314 2358; x_wconf 87' lang='lat' dir='ltr'><strong>recta</strong></span> <span class='ocrx_word' id='word_1_367' title='bbox 2345 2302 2505 2369; x_wconf 88' lang='lat' dir='ltr'><strong>fides,</strong></span> <span class='ocrx_word' id='word_1_368' title='bbox 2536 2303 2801 2357; x_wconf 90' lang='lat' dir='ltr'><strong>credentis</strong></span> <span class='ocrx_word' id='word_1_369' title='bbox 2831 2304 3133 2373; x_wconf 85' lang='lat' dir='ltr'><strong>mundaque</strong></span> <span class='ocrx_word' id='word_1_370' title='bbox 3158 2318 3307 2359; x_wconf 90' lang='lat' dir='ltr'><strong>mens</strong></span> <span class='ocrx_word' id='word_1_371' title='bbox 3332 2312 3432 2359; x_wconf 87' lang='lat' dir='ltr'><strong>est.</strong></span> 
     </span>
    </p>
   </div>
   <div class='ocr_carea' id='block_1_62' title="bbox 2316 2407 3189 2448">
    <p class='ocr_par' dir='ltr' id='par_1_62' title="bbox 2316 2407 3189 2448">
     <span class='ocr_line' id='line_1_62' title="bbox 2316 2407 3189 2448; baseline -0.001 -1"><span class='ocrx_word' id='word_1_372' title='bbox 2316 2409 2511 2447; x_wconf 68' lang='lat' dir='ltr'><strong>MULIER</strong></span> <span class='ocrx_word' id='word_1_373' title='bbox 2544 2410 2575 2447; x_wconf 83' lang='grc' dir='ltr'><strong>Δ</strong></span> <span class='ocrx_word' id='word_1_374' title='bbox 2604 2407 2891 2448; x_wconf 65' lang='grc' dir='ltr'><strong>Ριῑοηυνιο</strong></span> <span class='ocrx_word' id='word_1_375' title='bbox 2930 2408 3189 2448; x_wconf 73' lang='lat' dir='ltr'><strong>SANATUR.</strong></span> 
     </span>
    </p>
   </div>
   <div class='ocr_carea' id='block_1_63' title="bbox 2040 2482 3365 2548">
    <p class='ocr_par' dir='ltr' id='par_1_63' title="bbox 2040 2482 3365 2548">
     <span class='ocr_line' id='line_1_63' title="bbox 2040 2482 3365 2548; baseline -0.004 -9"><span class='ocrx_word' id='word_1_376' title='bbox 2040 2484 2164 2539; x_wconf 66' lang='lat' dir='ltr'><strong>llaec</strong></span> <span class='ocrx_word' id='word_1_377' title='bbox 2200 2483 2391 2538; x_wconf 91' lang='lat' dir='ltr'><strong>mulier</strong></span> <span class='ocrx_word' id='word_1_378' title='bbox 2429 2491 2572 2537; x_wconf 91' lang='lat' dir='ltr'><strong>tactu</strong></span> <span class='ocrx_word' id='word_1_379' title='bbox 2604 2483 2767 2538; x_wconf 87' lang='lat' dir='ltr'><strong>vestis</strong></span> <span class='ocrx_word' id='word_1_380' title='bbox 2797 2482 2966 2538; x_wconf 89' lang='lat' dir='ltr'><strong>furata</strong></span> <span class='ocrx_word' id='word_1_381' title='bbox 2996 2484 3222 2537; x_wconf 89' lang='lat' dir='ltr'><strong>salutem</strong></span> <span class='ocrx_word' id='word_1_382' title='bbox 3252 2492 3365 2548; x_wconf 88' lang='lat' dir='ltr'><strong>est,</strong></span> 
     </span>
    </p>
   </div>
   <div class='ocr_carea' id='block_1_64' title="bbox 1972 2575 3410 2646">
    <p class='ocr_par' dir='ltr' id='par_1_64' title="bbox 1972 2575 3410 2646">
     <span class='ocr_line' id='line_1_64' title="bbox 1972 2575 3410 2646; baseline -0.004 -13"><span class='ocrx_word' id='word_1_383' title='bbox 1972 2578 2305 2646; x_wconf 87' lang='lat' dir='ltr'><strong>Siccavitque</strong></span> <span class='ocrx_word' id='word_1_384' title='bbox 2334 2575 2467 2630; x_wconf 83' lang='lat' dir='ltr'><strong>fides</strong></span> <span class='ocrx_word' id='word_1_385' title='bbox 2493 2589 2682 2640; x_wconf 86' lang='lat' dir='ltr'><strong>venas,</strong></span> <span class='ocrx_word' id='word_1_386' title='bbox 2714 2576 3036 2645; x_wconf 79' lang='lat' dir='ltr'><strong>fluviumque</strong></span> <span class='ocrx_word' id='word_1_387' title='bbox 3068 2575 3366 2644; x_wconf 91' lang='lat' dir='ltr'><strong>pudendum</strong></span> <span class='ocrx_word' id='word_1_388' title='bbox 3400 2591 3410 2627; x_wconf 90' lang='lat'><strong>:</strong></span> 
     </span>
    </p>
   </div>
   <div class='ocr_carea' id='block_1_65' title="bbox 1974 2668 3429 2738">
    <p class='ocr_par' dir='ltr' id='par_1_65' title="bbox 1974 2668 3429 2738">
     <span class='ocr_line' id='line_1_65' title="bbox 1974 2668 3429 2738; baseline -0.002 -15"><span class='ocrx_word' id='word_1_389' title='bbox 1974 2668 2199 2724; x_wconf 83' lang='lat' dir='ltr'><strong>Pulchra</strong></span> <span class='ocrx_word' id='word_1_390' title='bbox 2227 2671 2387 2734; x_wconf 87' lang='lat' dir='ltr'><strong>fides,</strong></span> <span class='ocrx_word' id='word_1_391' title='bbox 2418 2669 2500 2725; x_wconf 91' lang='lat' dir='ltr'><strong>cui</strong></span> <span class='ocrx_word' id='word_1_392' title='bbox 2528 2671 2610 2723; x_wconf 88' lang='lat' dir='ltr'><strong>vis</strong></span> <span class='ocrx_word' id='word_1_393' title='bbox 2638 2670 2861 2738; x_wconf 86' lang='lat' dir='ltr'><strong>cogendi</strong></span> <span class='ocrx_word' id='word_1_394' title='bbox 2893 2684 3078 2737; x_wconf 87' lang='lat' dir='ltr'><strong>magna</strong></span> <span class='ocrx_word' id='word_1_395' title='bbox 3110 2668 3429 2722; x_wconf 87' lang='lat' dir='ltr'><strong>Tonantem.</strong></span> 
     </span>
    </p>
   </div>
   <div class='ocr_carea' id='block_1_66' title="bbox 2258 2772 3261 2821">
    <p class='ocr_par' dir='ltr' id='par_1_66' title="bbox 2258 2772 3261 2821">
     <span class='ocr_line' id='line_1_66' title="bbox 2258 2772 3261 2821; baseline -0.002 -8"><span class='ocrx_word' id='word_1_396' title='bbox 2258 2774 2511 2813; x_wconf 77' lang='lat' dir='ltr'><strong>CHRISTUS</strong></span> <span class='ocrx_word' id='word_1_397' title='bbox 2534 2773 2849 2813; x_wconf 65' lang='lat' dir='ltr'><strong>RESUSCI‘I‘AT</strong></span> <span class='ocrx_word' id='word_1_398' title='bbox 2874 2774 3045 2811; x_wconf 68' lang='grc' dir='ltr'><strong>νιοῠιε.</strong></span> <span class='ocrx_word' id='word_1_399' title='bbox 3062 2772 3261 2821; x_wconf 60' lang='grc' dir='ltr'><strong>ξιωυιι.</strong></span> 
     </span>
    </p>
   </div>
   <div class='ocr_carea' id='block_1_67' title="bbox 2044 2850 3246 2920">
    <p class='ocr_par' dir='ltr' id='par_1_67' title="bbox 2044 2850 3246 2920">
     <span class='ocr_line' id='line_1_67' title="bbox 2044 2850 3246 2920; baseline -0.001 -16"><span class='ocrx_word' id='word_1_400' title='bbox 2044 2850 2301 2905; x_wconf 69' lang='lat' dir='ltr'><strong>Maerebat</strong></span> <span class='ocrx_word' id='word_1_401' title='bbox 2329 2852 2556 2920; x_wconf 72' lang='lat' dir='ltr'><strong>genitrix</strong></span> <span class='ocrx_word' id='word_1_402' title='bbox 2587 2851 2767 2917; x_wconf 88' lang='lat' dir='ltr'><strong>ignara</strong></span> <span class='ocrx_word' id='word_1_403' title='bbox 2796 2858 2971 2904; x_wconf 88' lang='lat' dir='ltr'><strong>mente</strong></span> <span class='ocrx_word' id='word_1_404' title='bbox 3000 2850 3246 2913; x_wconf 86' lang='lat' dir='ltr'><strong>cadaver,</strong></span> 
     </span>
    </p>
   </div>
   <div class='ocr_carea' id='block_1_68' title="bbox 1974 2938 3375 3007">
    <p class='ocr_par' dir='ltr' id='par_1_68' title="bbox 1974 2938 3375 3007">
     <span class='ocr_line' id='line_1_68' title="bbox 1974 2938 3375 3007; baseline -0.001 -14"><span class='ocrx_word' id='word_1_405' title='bbox 1974 2938 2068 2993; x_wconf 89' lang='lat' dir='ltr'><strong>Cui</strong></span> <span class='ocrx_word' id='word_1_406' title='bbox 2097 2940 2383 3006; x_wconf 75' lang='lat' dir='ltr'><strong>mundique</strong></span> <span class='ocrx_word' id='word_1_407' title='bbox 2412 2939 2682 2992; x_wconf 87' lang='lat' dir='ltr'><strong>hominum</strong></span> <span class='ocrx_word' id='word_1_408' title='bbox 2713 2939 2888 3004; x_wconf 89' lang='lat' dir='ltr'><strong>salus,</strong></span> <span class='ocrx_word' id='word_1_409' title='bbox 2918 2939 2969 2992; x_wconf 90' lang='lat' dir='ltr'><strong>in</strong></span> <span class='ocrx_word' id='word_1_410' title='bbox 3002 2938 3182 2992; x_wconf 91' lang='lat' dir='ltr'><strong>limine</strong></span> <span class='ocrx_word' id='word_1_411' title='bbox 3209 2946 3375 3007; x_wconf 63' lang='lat' dir='ltr'><strong>portat</strong></span> 
     </span>
    </p>
   </div>
   <div class='ocr_carea' id='block_1_69' title="bbox 1975 3028 3187 3097">
    <p class='ocr_par' dir='ltr' id='par_1_69' title="bbox 1975 3028 3187 3097">
     <span class='ocr_line' id='line_1_69' title="bbox 1975 3028 3187 3097; baseline -0.003 -13"><span class='ocrx_word' id='word_1_412' title='bbox 1975 3030 2137 3085; x_wconf 86' lang='lat' dir='ltr'><strong>Obvia</strong></span> <span class='ocrx_word' id='word_1_413' title='bbox 2160 3046 2278 3084; x_wconf 90' lang='lat' dir='ltr'><strong>cum</strong></span> <span class='ocrx_word' id='word_1_414' title='bbox 2307 3030 2487 3094; x_wconf 89' lang='lat' dir='ltr'><strong>venit,</strong></span> <span class='ocrx_word' id='word_1_415' title='bbox 2513 3029 2683 3083; x_wconf 91' lang='lat' dir='ltr'><strong>luctus</strong></span> <span class='ocrx_word' id='word_1_416' title='bbox 2712 3029 2762 3082; x_wconf 94' lang='lat' dir='ltr'><strong>in</strong></span> <span class='ocrx_word' id='word_1_417' title='bbox 2792 3028 2978 3097; x_wconf 87' lang='lat' dir='ltr'><strong>gaudia</strong></span> <span class='ocrx_word' id='word_1_418' title='bbox 3006 3028 3187 3081; x_wconf 87' lang='lat' dir='ltr'><strong>vertit.</strong></span> 
     </span>
    </p>
   </div>
   <div class='ocr_carea' id='block_1_70' title="bbox 2218 3132 3306 3174">
    <p class='ocr_par' dir='ltr' id='par_1_70' title="bbox 2218 3132 3306 3174">
     <span class='ocr_line' id='line_1_70' title="bbox 2218 3132 3306 3174; baseline -0.001 -2"><span class='ocrx_word' id='word_1_419' title='bbox 2218 3134 2474 3174; x_wconf 61' lang='lat' dir='ltr'><strong>ZACIIEUM</strong></span> <span class='ocrx_word' id='word_1_420' title='bbox 2518 3133 2772 3173; x_wconf 81' lang='lat' dir='ltr'><strong>CHRISTUS</strong></span> <span class='ocrx_word' id='word_1_421' title='bbox 2809 3133 2965 3172; x_wconf 75' lang='lat' dir='ltr'><strong>VIDET</strong></span> <span class='ocrx_word' id='word_1_422' title='bbox 3006 3133 3055 3171; x_wconf 80' lang='lat' dir='ltr'><strong>IN</strong></span> <span class='ocrx_word' id='word_1_423' title='bbox 3083 3132 3306 3171; x_wconf 72' lang='lat' dir='ltr'><strong>ARBORE.</strong></span> 
     </span>
    </p>
   </div>
   <div class='ocr_carea' id='block_1_71' title="bbox 2057 3207 3339 3270">
    <p class='ocr_par' dir='ltr' id='par_1_71' title="bbox 2057 3207 3339 3270">
     <span class='ocr_line' id='line_1_71' title="bbox 2057 3207 3339 3270; baseline -0.002 -5"><span class='ocrx_word' id='word_1_424' title='bbox 2057 3210 2239 3265; x_wconf 89' lang='lat' dir='ltr'><strong>Dulcis</strong></span> <span class='ocrx_word' id='word_1_425' title='bbox 2268 3210 2437 3263; x_wconf 90' lang='lat' dir='ltr'><strong>honor</strong></span> <span class='ocrx_word' id='word_1_426' title='bbox 2467 3209 2673 3263; x_wconf 93' lang='lat' dir='ltr'><strong>Domini</strong></span> <span class='ocrx_word' id='word_1_427' title='bbox 2703 3207 2925 3262; x_wconf 67' lang='lat' dir='ltr'><strong>Zachato</strong></span> <span class='ocrx_word' id='word_1_428' title='bbox 2955 3207 3096 3261; x_wconf 84' lang='lat' dir='ltr'><strong>fulsit</strong></span> <span class='ocrx_word' id='word_1_429' title='bbox 3134 3207 3339 3270; x_wconf 89' lang='lat' dir='ltr'><strong>amico,</strong></span> 
     </span>
    </p>
   </div>
   <div class='ocr_carea' id='block_1_72' title="bbox 1985 3296 3373 3369">
    <p class='ocr_par' dir='ltr' id='par_1_72' title="bbox 1985 3296 3373 3369">
     <span class='ocr_line' id='line_1_72' title="bbox 1985 3296 3373 3369; baseline -0.003 -16"><span class='ocrx_word' id='word_1_430' title='bbox 1985 3300 2257 3369; x_wconf 84' lang='lat' dir='ltr'><strong>Majestate</strong></span> <span class='ocrx_word' id='word_1_431' title='bbox 2285 3312 2482 3352; x_wconf 89' lang='lat' dir='ltr'><strong>sonans</strong></span> <span class='ocrx_word' id='word_1_432' title='bbox 2514 3314 2529 3350; x_wconf 89' lang='lat'><strong>:</strong></span> <span class='ocrx_word' id='word_1_433' title='bbox 2563 3298 2720 3352; x_wconf 89' lang='lat' dir='ltr'><strong>hodie</strong></span> <span class='ocrx_word' id='word_1_434' title='bbox 2745 3296 2871 3350; x_wconf 92' lang='lat' dir='ltr'><strong>mihi</strong></span> <span class='ocrx_word' id='word_1_435' title='bbox 2904 3296 3116 3365; x_wconf 89' lang='lat' dir='ltr'><strong>proficis</strong></span> <span class='ocrx_word' id='word_1_436' title='bbox 3148 3296 3373 3366; x_wconf 85' lang='lat' dir='ltr'><strong>hospes,</strong></span> 
     </span>
    </p>
   </div>
   <div class='ocr_carea' id='block_1_73' title="bbox 1986 3384 3244 3459">
    <p class='ocr_par' dir='ltr' id='par_1_73' title="bbox 1986 3384 3244 3459">
     <span class='ocr_line' id='line_1_73' title="bbox 1986 3384 3244 3459; baseline -0.006 -15"><span class='ocrx_word' id='word_1_437' title='bbox 1986 3391 2064 3444; x_wconf 86' lang='lat' dir='ltr'><strong>Ad</strong></span> <span class='ocrx_word' id='word_1_438' title='bbox 2095 3390 2295 3459; x_wconf 87' lang='lat' dir='ltr'><strong>majora</strong></span> <span class='ocrx_word' id='word_1_439' title='bbox 2325 3389 2516 3442; x_wconf 87' lang='lat' dir='ltr'><strong>dehinc</strong></span> <span class='ocrx_word' id='word_1_440' title='bbox 2542 3388 2706 3441; x_wconf 89' lang='lat' dir='ltr'><strong>ramis</strong></span> <span class='ocrx_word' id='word_1_441' title='bbox 2735 3385 2997 3440; x_wconf 88' lang='lat' dir='ltr'><strong>descende</strong></span> <span class='ocrx_word' id='word_1_442' title='bbox 3026 3384 3244 3439; x_wconf 75' lang='lat' dir='ltr'><strong>relictis.</strong></span> 
     </span>
    </p>
   </div>
   <div class='ocr_carea' id='block_1_74' title="bbox 2335 3490 3199 3534">
    <p class='ocr_par' dir='ltr' id='par_1_74' title="bbox 2335 3490 3199 3534">
     <span class='ocr_line' id='line_1_74' title="bbox 2335 3490 3199 3534; baseline -0.005 -2"><span class='ocrx_word' id='word_1_443' title='bbox 2335 3493 2567 3534; x_wconf 75' lang='lat' dir='ltr'><strong>LAZARUS</strong></span> <span class='ocrx_word' id='word_1_444' title='bbox 2603 3495 2635 3532; x_wconf 66' lang='grc' dir='ltr'><strong>λ</strong></span> <span class='ocrx_word' id='word_1_445' title='bbox 2668 3493 2844 3531; x_wconf 81' lang='lat' dir='ltr'><strong>IIORTE</strong></span> <span class='ocrx_word' id='word_1_446' title='bbox 2872 3490 3199 3530; x_wconf 71' lang='lat' dir='ltr'><strong>REVOCATUS.</strong></span> 
     </span>
    </p>
   </div>
   <div class='ocr_carea' id='block_1_75' title="bbox 2059 3568 3376 3639">
    <p class='ocr_par' dir='ltr' id='par_1_75' title="bbox 2059 3568 3376 3639">
     <span class='ocr_line' id='line_1_75' title="bbox 2059 3568 3376 3639; baseline -0.005 -13"><span class='ocrx_word' id='word_1_447' title='bbox 2059 3572 2289 3627; x_wconf 86' lang='lat' dir='ltr'><strong>Lazarus</strong></span> <span class='ocrx_word' id='word_1_448' title='bbox 2318 3572 2403 3625; x_wconf 87' lang='lat' dir='ltr'><strong>hic</strong></span> <span class='ocrx_word' id='word_1_449' title='bbox 2430 3572 2620 3625; x_wconf 92' lang='lat' dir='ltr'><strong>iterum</strong></span> <span class='ocrx_word' id='word_1_450' title='bbox 2655 3571 2884 3639; x_wconf 87' lang='lat' dir='ltr'><strong>projecta</strong></span> <span class='ocrx_word' id='word_1_451' title='bbox 2914 3585 3017 3623; x_wconf 81' lang='lat' dir='ltr'><strong>met</strong></span> <span class='ocrx_word' id='word_1_452' title='bbox 3032 3578 3084 3623; x_wconf 91' lang='lat' dir='ltr'><strong>te</strong></span> <span class='ocrx_word' id='word_1_453' title='bbox 3117 3568 3376 3638; x_wconf 80' lang='lat' dir='ltr'><strong>resurgit,</strong></span> 
     </span>
    </p>
   </div>
   <div class='ocr_carea' id='block_1_76' title="bbox 1994 3659 3210 3728">
    <p class='ocr_par' dir='ltr' id='par_1_76' title="bbox 1994 3659 3210 3728">
     <span class='ocr_line' id='line_1_76' title="bbox 1994 3659 3210 3728; baseline -0.002 -15"><span class='ocrx_word' id='word_1_454' title='bbox 1994 3661 2057 3713; x_wconf 84' lang='lat' dir='ltr'><strong>Et</strong></span> <span class='ocrx_word' id='word_1_455' title='bbox 2088 3661 2297 3727; x_wconf 83' lang='lat' dir='ltr'><strong>pariunt</strong></span> <span class='ocrx_word' id='word_1_456' title='bbox 2323 3661 2529 3714; x_wconf 90' lang='lat' dir='ltr'><strong>animas</strong></span> <span class='ocrx_word' id='word_1_457' title='bbox 2562 3669 2759 3713; x_wconf 89' lang='lat' dir='ltr'><strong>mutata</strong></span> <span class='ocrx_word' id='word_1_458' title='bbox 2792 3660 2906 3727; x_wconf 86' lang='lat' dir='ltr'><strong>lege</strong></span> <span class='ocrx_word' id='word_1_459' title='bbox 2933 3659 3171 3728; x_wconf 88' lang='lat' dir='ltr'><strong>sepulcra</strong></span> <span class='ocrx_word' id='word_1_460' title='bbox 3195 3700 3210 3723; x_wconf 91' lang='lat'><strong>,</strong></span> 
     </span>
    </p>
   </div>
   <div class='ocr_carea' id='block_1_77' title="bbox 1990 3748 3353 3815">
    <p class='ocr_par' dir='ltr' id='par_1_77' title="bbox 1990 3748 3353 3815">
     <span class='ocr_line' id='line_1_77' title="bbox 1990 3748 3353 3815; baseline 0 -16"><span class='ocrx_word' id='word_1_461' title='bbox 1990 3750 2090 3815; x_wconf 85' lang='lat' dir='ltr'><strong>Qui</strong></span> <span class='ocrx_word' id='word_1_462' title='bbox 2118 3752 2273 3805; x_wconf 76' lang='lat' dir='ltr'><strong>\itam</strong></span> <span class='ocrx_word' id='word_1_463' title='bbox 2303 3750 2499 3805; x_wconf 63' lang='lat' dir='ltr'><strong>funrtis</strong></span> <span class='ocrx_word' id='word_1_464' title='bbox 2524 3752 2627 3805; x_wconf 89' lang='lat' dir='ltr'><strong>scit</strong></span> <span class='ocrx_word' id='word_1_465' title='bbox 2651 3751 2814 3804; x_wconf 88' lang='lat' dir='ltr'><strong>verbo</strong></span> <span class='ocrx_word' id='word_1_466' title='bbox 2837 3749 3062 3804; x_wconf 88' lang='lat' dir='ltr'><strong>reddere</strong></span> <span class='ocrx_word' id='word_1_467' title='bbox 3080 3791 3093 3815; x_wconf 93' lang='lat'><strong>,</strong></span> <span class='ocrx_word' id='word_1_468' title='bbox 3121 3748 3228 3801; x_wconf 86' lang='lat' dir='ltr'><strong>vita</strong></span> <span class='ocrx_word' id='word_1_469' title='bbox 3255 3755 3353 3800; x_wconf 91' lang='lat' dir='ltr'><strong>est.</strong></span> 
     </span>
    </p>
   </div>
   <div class='ocr_carea' id='block_1_78' title="bbox 1216 4004 2624 4123">
    <p class='ocr_par' dir='ltr' id='par_1_78' title="bbox 1216 4004 2624 4123">
     <span class='ocr_line' id='line_1_78' title="bbox 1216 4004 2624 4123; baseline 0 -17"><span class='ocrx_word' id='word_1_470' title='bbox 1216 4004 1839 4109; x_wconf 81' lang='lat' dir='ltr'><strong>RUSTICI</strong></span> <span class='ocrx_word' id='word_1_471' title='bbox 1912 4005 2624 4123; x_wconf 83' lang='lat' dir='ltr'><strong>HELPIDII</strong></span> 
     </span>
    </p>
   </div>
   <div class='ocr_carea' id='block_1_79' title="bbox 577 4198 3267 4316">
    <p class='ocr_par' dir='ltr' id='par_1_79' title="bbox 577 4198 3267 4316">
     <span class='ocr_line' id='line_1_79' title="bbox 577 4198 3267 4316; baseline -0.002 -4"><span class='ocrx_word' id='word_1_472' title='bbox 577 4200 774 4312; x_wconf 66' lang='lat' dir='ltr'><strong>DE~</strong></span> <span class='ocrx_word' id='word_1_473' title='bbox 814 4199 1374 4314; x_wconf 82' lang='lat' dir='ltr'><strong>CHRISTI</strong></span> <span class='ocrx_word' id='word_1_474' title='bbox 1430 4199 1754 4313; x_wconf 89' lang='lat' dir='ltr'><strong>JESU</strong></span> <span class='ocrx_word' id='word_1_475' title='bbox 1823 4200 2606 4315; x_wconf 82' lang='lat' dir='ltr'><strong>BENEFICIlS</strong></span> <span class='ocrx_word' id='word_1_476' title='bbox 2663 4198 3267 4316; x_wconf 84' lang='lat' dir='ltr'><strong>CARMEN.</strong></span> 
     </span>
    </p>
   </div>
   <div class='ocr_carea' id='block_1_80' title="bbox 383 4483 3430 4553">
    <p class='ocr_par' dir='ltr' id='par_1_80' title="bbox 383 4483 3430 4553">
     <span class='ocr_line' id='line_1_80' title="bbox 383 4483 3430 4553; baseline -0.003 -7"><span class='ocrx_word' id='word_1_477' title='bbox 383 4487 640 4546; x_wconf 89' lang='lat' dir='ltr'><strong>Conditor</strong></span> <span class='ocrx_word' id='word_1_478' title='bbox 666 4484 1002 4553; x_wconf 89' lang='lat' dir='ltr'><strong>omnipotens</strong></span> <span class='ocrx_word' id='word_1_479' title='bbox 1028 4498 1235 4549; x_wconf 89' lang='lat' dir='ltr'><strong>rerum,</strong></span> <span class='ocrx_word' id='word_1_480' title='bbox 1267 4497 1417 4537; x_wconf 89' lang='lat' dir='ltr'><strong>mens</strong></span> <span class='ocrx_word' id='word_1_481' title='bbox 1443 4483 1595 4538; x_wconf 91' lang='lat' dir='ltr'><strong>unica</strong></span> <span class='ocrx_word' id='word_1_482' title='bbox 1618 4485 1811 4539; x_wconf 91' lang='lat' dir='ltr'><strong>summi</strong></span> <span class='ocrx_word' id='word_1_483' title='bbox 1906 4491 1958 4552; x_wconf 76' lang='grc' dir='ltr'><strong>Β</strong></span> <span class='ocrx_word' id='word_1_484' title='bbox 1988 4490 2087 4540; x_wconf 81' lang='lat' dir='ltr'><strong>Aut</strong></span> <span class='ocrx_word' id='word_1_485' title='bbox 2116 4484 2286 4539; x_wconf 87' lang='lat' dir='ltr'><strong>Patris</strong></span> <span class='ocrx_word' id='word_1_486' title='bbox 2313 4484 2430 4553; x_wconf 90' lang='lat' dir='ltr'><strong>plus</strong></span> <span class='ocrx_word' id='word_1_487' title='bbox 2456 4498 2575 4539; x_wconf 64' lang='lat' dir='ltr'><strong>esse</strong></span> <span class='ocrx_word' id='word_1_488' title='bbox 2600 4493 2751 4553; x_wconf 85' lang='lat' dir='ltr'><strong>potes</strong></span> <span class='ocrx_word' id='word_1_489' title='bbox 2770 4527 2783 4552; x_wconf 93' lang='lat'><strong>,</strong></span> <span class='ocrx_word' id='word_1_490' title='bbox 2817 4485 3009 4553; x_wconf 89' lang='lat' dir='ltr'><strong>quibus</strong></span> <span class='ocrx_word' id='word_1_491' title='bbox 3040 4484 3190 4538; x_wconf 89' lang='lat' dir='ltr'><strong>unica</strong></span> <span class='ocrx_word' id='word_1_492' title='bbox 3219 4497 3430 4552; x_wconf 87' lang='lat' dir='ltr'><strong>semper</strong></span> 
     </span>
    </p>
   </div>
   <div class='ocr_carea' id='block_1_81' title="bbox 318 4574 1539 4650">
    <p class='ocr_par' dir='ltr' id='par_1_81' title="bbox 318 4574 1539 4650">
     <span class='ocr_line' id='line_1_81' title="bbox 318 4574 1539 4650; baseline -0.007 -13"><span class='ocrx_word' id='word_1_493' title='bbox 318 4582 383 4637; x_wconf 81' lang='lat' dir='ltr'><strong>Et</strong></span> <span class='ocrx_word' id='word_1_494' title='bbox 406 4579 581 4650; x_wconf 89' lang='lat' dir='ltr'><strong>proles</strong></span> <span class='ocrx_word' id='word_1_495' title='bbox 608 4584 802 4631; x_wconf 61' lang='lat' dir='ltr'><strong>atterna</strong></span> <span class='ocrx_word' id='word_1_496' title='bbox 830 4575 918 4629; x_wconf 90' lang='lat' dir='ltr'><strong>Dei</strong></span> <span class='ocrx_word' id='word_1_497' title='bbox 950 4590 964 4627; x_wconf 90' lang='lat'><strong>:</strong></span> <span class='ocrx_word' id='word_1_498' title='bbox 995 4574 1115 4644; x_wconf 90' lang='lat' dir='ltr'><strong>quia</strong></span> <span class='ocrx_word' id='word_1_499' title='bbox 1144 4574 1308 4643; x_wconf 87' lang='lat' dir='ltr'><strong>gloria</strong></span> <span class='ocrx_word' id='word_1_500' title='bbox 1340 4575 1539 4639; x_wconf 87' lang='lat' dir='ltr'><strong>Patris,</strong></span> 
     </span>
    </p>
   </div>
   <div class='ocr_carea' id='block_1_82' title="bbox 318 4664 1612 4734">
    <p class='ocr_par' dir='ltr' id='par_1_82' title="bbox 318 4664 1612 4734">
     <span class='ocr_line' id='line_1_82' title="bbox 318 4664 1612 4734; baseline -0.005 -8"><span class='ocrx_word' id='word_1_501' title='bbox 318 4676 394 4728; x_wconf 86' lang='lat' dir='ltr'><strong>Ac</strong></span> <span class='ocrx_word' id='word_1_502' title='bbox 422 4669 580 4724; x_wconf 80' lang='lat' dir='ltr'><strong>Verbi</strong></span> <span class='ocrx_word' id='word_1_503' title='bbox 612 4665 867 4722; x_wconf 83' lang='lat' dir='ltr'><strong>fecundus</strong></span> <span class='ocrx_word' id='word_1_504' title='bbox 893 4667 1082 4729; x_wconf 90' lang='lat' dir='ltr'><strong>honor,</strong></span> <span class='ocrx_word' id='word_1_505' title='bbox 1108 4678 1215 4733; x_wconf 90' lang='lat' dir='ltr'><strong>quo</strong></span> <span class='ocrx_word' id='word_1_506' title='bbox 1242 4664 1434 4719; x_wconf 64' lang='lat' dir='ltr'><strong>caerula</strong></span> <span class='ocrx_word' id='word_1_507' title='bbox 1467 4667 1612 4734; x_wconf 90' lang='lat' dir='ltr'><strong>ponti</strong></span> 
     </span>
    </p>
   </div>
   <div class='ocr_carea' id='block_1_83' title="bbox 320 4753 1742 4825">
    <p class='ocr_par' dir='ltr' id='par_1_83' title="bbox 320 4753 1742 4825">
     <span class='ocr_line' id='line_1_83' title="bbox 320 4753 1742 4825; baseline -0.004 -11"><span class='ocrx_word' id='word_1_508' title='bbox 320 4760 563 4825; x_wconf 83' lang='lat' dir='ltr'><strong>Diffudit,</strong></span> <span class='ocrx_word' id='word_1_509' title='bbox 595 4756 837 4811; x_wconf 87' lang='lat' dir='ltr'><strong>solidavit</strong></span> <span class='ocrx_word' id='word_1_510' title='bbox 865 4756 1115 4815; x_wconf 83' lang='lat' dir='ltr'><strong>humum,</strong></span> <span class='ocrx_word' id='word_1_511' title='bbox 1148 4753 1423 4821; x_wconf 88' lang='lat' dir='ltr'><strong>suspendit</strong></span> <span class='ocrx_word' id='word_1_512' title='bbox 1451 4755 1742 4824; x_wconf 88' lang='lat' dir='ltr'><strong>olympum.</strong></span> 
     </span>
    </p>
   </div>
   <div class='ocr_carea' id='block_1_84' title="bbox 318 4844 1639 4918">
    <p class='ocr_par' dir='ltr' id='par_1_84' title="bbox 318 4844 1639 4918">
     <span class='ocr_line' id='line_1_84' title="bbox 318 4844 1639 4918; baseline -0.002 -15"><span class='ocrx_word' id='word_1_513' title='bbox 318 4852 449 4918; x_wconf 66' lang='lat' dir='ltr'><strong>Quae</strong></span> <span class='ocrx_word' id='word_1_514' title='bbox 473 4850 589 4904; x_wconf 88' lang='lat' dir='ltr'><strong>loca</strong></span> <span class='ocrx_word' id='word_1_515' title='bbox 608 4849 754 4917; x_wconf 88' lang='lat' dir='ltr'><strong>jussa</strong></span> <span class='ocrx_word' id='word_1_516' title='bbox 783 4854 964 4901; x_wconf 91' lang='lat' dir='ltr'><strong>tenent</strong></span> <span class='ocrx_word' id='word_1_517' title='bbox 991 4862 1004 4899; x_wconf 89' lang='lat'><strong>:</strong></span> <span class='ocrx_word' id='word_1_518' title='bbox 1033 4847 1192 4900; x_wconf 88' lang='lat' dir='ltr'><strong>etiam</strong></span> <span class='ocrx_word' id='word_1_519' title='bbox 1216 4844 1479 4900; x_wconf 87' lang='lat' dir='ltr'><strong>discordia</strong></span> <span class='ocrx_word' id='word_1_520' title='bbox 1508 4844 1639 4901; x_wconf 89' lang='lat' dir='ltr'><strong>fidas</strong></span> 
     </span>
    </p>
   </div>
   <div class='ocr_carea' id='block_1_85' title="bbox 319 4937 1673 5005">
    <p class='ocr_par' dir='ltr' id='par_1_85' title="bbox 319 4937 1673 5005">
     <span class='ocr_line' id='line_1_85' title="bbox 319 4937 1673 5005; baseline -0.003 -10"><span class='ocrx_word' id='word_1_521' title='bbox 319 4943 649 4995; x_wconf 84' lang='lat' dir='ltr'><strong>Conservam</strong></span> <span class='ocrx_word' id='word_1_522' title='bbox 677 4939 939 4992; x_wconf 90' lang='lat' dir='ltr'><strong>elementa</strong></span> <span class='ocrx_word' id='word_1_523' title='bbox 968 4937 1112 4991; x_wconf 89' lang='lat' dir='ltr'><strong>vices</strong></span> <span class='ocrx_word' id='word_1_524' title='bbox 1131 4975 1147 5000; x_wconf 89' lang='lat'><strong>,</strong></span> <span class='ocrx_word' id='word_1_525' title='bbox 1177 4947 1433 5005; x_wconf 88' lang='lat' dir='ltr'><strong>paretque</strong></span> <span class='ocrx_word' id='word_1_526' title='bbox 1458 4945 1673 5005; x_wconf 89' lang='lat' dir='ltr'><strong>recepto</strong></span> 
     </span>
    </p>
   </div>
   <div class='ocr_carea' id='block_1_86' title="bbox 322 5026 1637 5095">
    <p class='ocr_par' dir='ltr' id='par_1_86' title="bbox 322 5026 1637 5095">
     <span class='ocr_line' id='line_1_86' title="bbox 322 5026 1637 5095; baseline -0.007 -6"><span class='ocrx_word' id='word_1_527' title='bbox 322 5034 448 5089; x_wconf 90' lang='lat' dir='ltr'><strong>Sole</strong></span> <span class='ocrx_word' id='word_1_528' title='bbox 473 5031 590 5086; x_wconf 90' lang='lat' dir='ltr'><strong>dies</strong></span> <span class='ocrx_word' id='word_1_529' title='bbox 608 5070 622 5095; x_wconf 93' lang='lat'><strong>,</strong></span> <span class='ocrx_word' id='word_1_530' title='bbox 652 5029 937 5095; x_wconf 91' lang='lat' dir='ltr'><strong>lunamque</strong></span> <span class='ocrx_word' id='word_1_531' title='bbox 963 5026 1075 5081; x_wconf 91' lang='lat' dir='ltr'><strong>dies</strong></span> <span class='ocrx_word' id='word_1_532' title='bbox 1103 5028 1374 5094; x_wconf 86' lang='lat' dir='ltr'><strong>patiuntur</strong></span> <span class='ocrx_word' id='word_1_533' title='bbox 1402 5028 1453 5081; x_wconf 91' lang='lat' dir='ltr'><strong>in</strong></span> <span class='ocrx_word' id='word_1_534' title='bbox 1489 5038 1637 5081; x_wconf 91' lang='lat' dir='ltr'><strong>ortus</strong></span> 
     </span>
    </p>
   </div>
   <div class='ocr_carea' id='block_1_87' title="bbox 322 5118 1613 5191">
    <p class='ocr_par' dir='ltr' id='par_1_87' title="bbox 322 5118 1613 5191">
     <span class='ocr_line' id='line_1_87' title="bbox 322 5118 1613 5191; baseline -0.005 -14"><span class='ocrx_word' id='word_1_535' title='bbox 322 5124 497 5191; x_wconf 76' lang='lat' dir='ltr'><strong>Atque</strong></span> <span class='ocrx_word' id='word_1_536' title='bbox 521 5121 694 5175; x_wconf 89' lang='lat' dir='ltr'><strong>obitus</strong></span> <span class='ocrx_word' id='word_1_537' title='bbox 719 5132 959 5173; x_wconf 87' lang='lat' dir='ltr'><strong>remeare</strong></span> <span class='ocrx_word' id='word_1_538' title='bbox 989 5132 1141 5184; x_wconf 88' lang='lat' dir='ltr'><strong>suos,</strong></span> <span class='ocrx_word' id='word_1_539' title='bbox 1176 5132 1273 5171; x_wconf 92' lang='lat' dir='ltr'><strong>nec</strong></span> <span class='ocrx_word' id='word_1_540' title='bbox 1297 5118 1487 5171; x_wconf 90' lang='lat' dir='ltr'><strong>cedere</strong></span> <span class='ocrx_word' id='word_1_541' title='bbox 1511 5118 1613 5172; x_wconf 89' lang='lat' dir='ltr'><strong>luci</strong></span> 
     </span>
    </p>
   </div>
   <div class='ocr_carea' id='block_1_88' title="bbox 323 5208 1825 5279">
    <p class='ocr_par' dir='ltr' id='par_1_88' title="bbox 323 5208 1825 5279">
     <span class='ocr_line' id='line_1_88' title="bbox 323 5208 1825 5279; baseline -0.003 -12"><span class='ocrx_word' id='word_1_542' title='bbox 323 5216 478 5268; x_wconf 82' lang='lat' dir='ltr'><strong>Astra</strong></span> <span class='ocrx_word' id='word_1_543' title='bbox 506 5218 737 5279; x_wconf 86' lang='lat' dir='ltr'><strong>negant:</strong></span> <span class='ocrx_word' id='word_1_544' title='bbox 767 5208 1114 5278; x_wconf 88' lang='lat' dir='ltr'><strong>propriosque</strong></span> <span class='ocrx_word' id='word_1_545' title='bbox 1140 5209 1315 5263; x_wconf 90' lang='lat' dir='ltr'><strong>ferunt</strong></span> <span class='ocrx_word' id='word_1_546' title='bbox 1340 5208 1611 5276; x_wconf 81' lang='lat' dir='ltr'><strong>ignescere</strong></span> <span class='ocrx_word' id='word_1_547' title='bbox 1638 5222 1825 5264; x_wconf 90' lang='lat' dir='ltr'><strong>cursus</strong></span> 
     </span>
    </p>
   </div>
   <div class='ocr_carea' id='block_1_89' title="bbox 325 5298 1545 5357">
    <p class='ocr_par' dir='ltr' id='par_1_89' title="bbox 325 5298 1545 5357">
     <span class='ocr_line' id='line_1_89' title="bbox 325 5298 1545 5357; baseline -0.007 0"><span class='ocrx_word' id='word_1_548' title='bbox 325 5304 392 5357; x_wconf 87' lang='lat' dir='ltr'><strong>Et</strong></span> <span class='ocrx_word' id='word_1_549' title='bbox 410 5308 653 5357; x_wconf 90' lang='lat' dir='ltr'><strong>contenta</strong></span> <span class='ocrx_word' id='word_1_550' title='bbox 685 5300 802 5353; x_wconf 67' lang='lat' dir='ltr'><strong>citae</strong></span> <span class='ocrx_word' id='word_1_551' title='bbox 830 5299 1140 5354; x_wconf 85' lang='lat' dir='ltr'><strong>decrescere</strong></span> <span class='ocrx_word' id='word_1_552' title='bbox 1166 5312 1365 5352; x_wconf 89' lang='lat' dir='ltr'><strong>cornua</strong></span> <span class='ocrx_word' id='word_1_553' title='bbox 1391 5298 1545 5352; x_wconf 62' lang='lat' dir='ltr'><strong>Ionas.</strong></span> 
     </span>
    </p>
   </div>
   <div class='ocr_carea' id='block_1_90' title="bbox 398 5388 1750 5459">
    <p class='ocr_par' dir='ltr' id='par_1_90' title="bbox 398 5388 1750 5459">
     <span class='ocr_line' id='line_1_90' title="bbox 398 5388 1750 5459; baseline -0.003 -12"><span class='ocrx_word' id='word_1_554' title='bbox 398 5393 507 5447; x_wconf 85' lang='lat' dir='ltr'><strong>lloc</strong></span> <span class='ocrx_word' id='word_1_555' title='bbox 533 5391 700 5446; x_wconf 87' lang='lat' dir='ltr'><strong>verbo</strong></span> <span class='ocrx_word' id='word_1_556' title='bbox 724 5405 843 5459; x_wconf 73' lang='lat' dir='ltr'><strong>qua:</strong></span> <span class='ocrx_word' id='word_1_557' title='bbox 867 5397 1007 5443; x_wconf 86' lang='lat' dir='ltr'><strong>tanta</strong></span> <span class='ocrx_word' id='word_1_558' title='bbox 1034 5389 1191 5444; x_wconf 91' lang='lat' dir='ltr'><strong>Sator</strong></span> <span class='ocrx_word' id='word_1_559' title='bbox 1218 5388 1319 5443; x_wconf 89' lang='lat' dir='ltr'><strong>sibi</strong></span> <span class='ocrx_word' id='word_1_560' title='bbox 1340 5402 1499 5457; x_wconf 83' lang='lat' dir='ltr'><strong>regna</strong></span> <span class='ocrx_word' id='word_1_561' title='bbox 1528 5389 1750 5457; x_wconf 89' lang='lat' dir='ltr'><strong>paravit.</strong></span> 
     </span>
    </p>
   </div>
   <div class='ocr_carea' id='block_1_91' title="bbox 324 5481 1786 5551">
    <p class='ocr_par' dir='ltr' id='par_1_91' title="bbox 324 5481 1786 5551">
     <span class='ocr_line' id='line_1_91' title="bbox 324 5481 1786 5551; baseline -0.003 -14"><span class='ocrx_word' id='word_1_562' title='bbox 324 5484 405 5537; x_wconf 88' lang='lat' dir='ltr'><strong>Te</strong></span> <span class='ocrx_word' id='word_1_563' title='bbox 432 5496 641 5551; x_wconf 90' lang='lat' dir='ltr'><strong>quoque</strong></span> <span class='ocrx_word' id='word_1_564' title='bbox 667 5496 951 5551; x_wconf 84' lang='lat' dir='ltr'><strong>regnorum</strong></span> <span class='ocrx_word' id='word_1_565' title='bbox 981 5482 1182 5535; x_wconf 88' lang='lat' dir='ltr'><strong>socium</strong></span> <span class='ocrx_word' id='word_1_566' title='bbox 1214 5490 1496 5549; x_wconf 90' lang='lat' dir='ltr'><strong>natumque</strong></span> <span class='ocrx_word' id='word_1_567' title='bbox 1527 5481 1786 5549; x_wconf 87' lang='lat' dir='ltr'><strong>probavit.</strong></span> 
     </span>
    </p>
   </div>
   <div class='ocr_carea' id='block_1_92' title="bbox 324 5576 1853 5644">
    <p class='ocr_par' dir='ltr' id='par_1_92' title="bbox 324 5576 1853 5644">
     <span class='ocr_line' id='line_1_92' title="bbox 324 5576 1853 5644; baseline -0.001 -17"><span class='ocrx_word' id='word_1_568' title='bbox 324 5578 495 5641; x_wconf 88' lang='lat' dir='ltr'><strong>Quem</strong></span> <span class='ocrx_word' id='word_1_569' title='bbox 526 5576 721 5644; x_wconf 87' lang='lat' dir='ltr'><strong>pariter</strong></span> <span class='ocrx_word' id='word_1_570' title='bbox 741 5587 977 5628; x_wconf 80' lang='lat' dir='ltr'><strong>connexa</strong></span> <span class='ocrx_word' id='word_1_571' title='bbox 1001 5581 1256 5639; x_wconf 90' lang='lat' dir='ltr'><strong>tremunt,</strong></span> <span class='ocrx_word' id='word_1_572' title='bbox 1281 5587 1594 5642; x_wconf 85' lang='lat' dir='ltr'><strong>semperque</strong></span> <span class='ocrx_word' id='word_1_573' title='bbox 1621 5583 1853 5641; x_wconf 87' lang='lat' dir='ltr'><strong>paratam</strong></span> 
     </span>
    </p>
   </div>
   <div class='ocr_carea' id='block_1_93' title="bbox 326 5664 1890 5733">
    <p class='ocr_par' dir='ltr' id='par_1_93' title="bbox 326 5664 1890 5733">
     <span class='ocr_line' id='line_1_93' title="bbox 326 5664 1890 5733; baseline -0.003 -13"><span class='ocrx_word' id='word_1_574' title='bbox 326 5667 434 5721; x_wconf 88' lang='lat' dir='ltr'><strong>Ter</strong></span> <span class='ocrx_word' id='word_1_575' title='bbox 458 5666 689 5721; x_wconf 88' lang='lat' dir='ltr'><strong>celebrat</strong></span> <span class='ocrx_word' id='word_1_576' title='bbox 707 5667 826 5719; x_wconf 73' lang='lat' dir='ltr'><strong>&#39;laus</strong></span> <span class='ocrx_word' id='word_1_577' title='bbox 849 5676 1027 5721; x_wconf 89' lang='lat' dir='ltr'><strong>nostra</strong></span> <span class='ocrx_word' id='word_1_578' title='bbox 1054 5664 1241 5728; x_wconf 85' lang='lat' dir='ltr'><strong>fidem,</strong></span> <span class='ocrx_word' id='word_1_579' title='bbox 1269 5665 1392 5733; x_wconf 89' lang='lat' dir='ltr'><strong>quia</strong></span> <span class='ocrx_word' id='word_1_580' title='bbox 1420 5665 1677 5732; x_wconf 89' lang='lat' dir='ltr'><strong>temporis</strong></span> <span class='ocrx_word' id='word_1_581' title='bbox 1700 5676 1890 5731; x_wconf 87' lang='lat' dir='ltr'><strong>expers</strong></span> 
     </span>
    </p>
   </div>
   <div class='ocr_carea' id='block_1_94' title="bbox 328 5756 1849 5829">
    <p class='ocr_par' dir='ltr' id='par_1_94' title="bbox 328 5756 1849 5829">
     <span class='ocr_line' id='line_1_94' title="bbox 328 5756 1849 5829; baseline -0.001 -16"><span class='ocrx_word' id='word_1_582' title='bbox 328 5758 464 5814; x_wconf 87' lang='lat' dir='ltr'><strong>Cum</strong></span> <span class='ocrx_word' id='word_1_583' title='bbox 491 5758 737 5815; x_wconf 87' lang='lat' dir='ltr'><strong>Genitore</strong></span> <span class='ocrx_word' id='word_1_584' title='bbox 760 5759 913 5815; x_wconf 87' lang='lat' dir='ltr'><strong>sedes</strong></span> <span class='ocrx_word' id='word_1_585' title='bbox 942 5774 955 5816; x_wconf 76' lang='grc' dir='ltr'><em>τ</em></span> <span class='ocrx_word' id='word_1_586' title='bbox 986 5758 1112 5829; x_wconf 88' lang='lat' dir='ltr'><strong>quid</strong></span> <span class='ocrx_word' id='word_1_587' title='bbox 1134 5757 1278 5813; x_wconf 87' lang='lat' dir='ltr'><strong>enim</strong></span> <span class='ocrx_word' id='word_1_588' title='bbox 1307 5757 1399 5813; x_wconf 89' lang='lat' dir='ltr'><strong>tibi</strong></span> <span class='ocrx_word' id='word_1_589' title='bbox 1427 5756 1593 5815; x_wconf 85' lang='lat' dir='ltr'><strong>defuit</strong></span> <span class='ocrx_word' id='word_1_590' title='bbox 1620 5772 1849 5826; x_wconf 90' lang='lat' dir='ltr'><strong>unquam</strong></span> 
     </span>
    </p>
   </div>
   <div class='ocr_carea' id='block_1_95' title="bbox 1986 4574 3325 4642">
    <p class='ocr_par' dir='ltr' id='par_1_95' title="bbox 1986 4574 3325 4642">
     <span class='ocr_line' id='line_1_95' title="bbox 1986 4574 3325 4642; baseline -0.003 -13"><span class='ocrx_word' id='word_1_591' title='bbox 1986 4576 2157 4629; x_wconf 83' lang='lat' dir='ltr'><strong>Patria</strong></span> <span class='ocrx_word' id='word_1_592' title='bbox 2181 4574 2432 4642; x_wconf 85' lang='lat' dir='ltr'><strong>tnajestas</strong></span> <span class='ocrx_word' id='word_1_593' title='bbox 2463 4574 2789 4641; x_wconf 83' lang='lat' dir='ltr'><strong>dominatur,</strong></span> <span class='ocrx_word' id='word_1_594' title='bbox 2823 4575 3035 4628; x_wconf 90' lang='lat' dir='ltr'><strong>nomina</strong></span> <span class='ocrx_word' id='word_1_595' title='bbox 3067 4574 3325 4642; x_wconf 84' lang='lat' dir='ltr'><strong>regnant?</strong></span> 
     </span>
    </p>
   </div>
   <div class='ocr_carea' id='block_1_96' title="bbox 1983 4664 3369 4733">
    <p class='ocr_par' dir='ltr' id='par_1_96' title="bbox 1983 4664 3369 4733">
     <span class='ocr_line' id='line_1_96' title="bbox 1983 4664 3369 4733; baseline -0.004 -12"><span class='ocrx_word' id='word_1_596' title='bbox 1983 4665 2204 4733; x_wconf 89' lang='lat' dir='ltr'><strong>Semper</strong></span> <span class='ocrx_word' id='word_1_597' title='bbox 2228 4666 2371 4719; x_wconf 89' lang='lat' dir='ltr'><strong>enim</strong></span> <span class='ocrx_word' id='word_1_598' title='bbox 2399 4667 2546 4718; x_wconf 90' lang='lat' dir='ltr'><strong>socio</strong></span> <span class='ocrx_word' id='word_1_599' title='bbox 2574 4667 2718 4719; x_wconf 82' lang='lat' dir='ltr'><strong>cultu</strong></span> <span class='ocrx_word' id='word_1_600' title='bbox 2750 4664 3099 4718; x_wconf 82' lang='lat' dir='ltr'><strong>celebrandus</strong></span> <span class='ocrx_word' id='word_1_601' title='bbox 3129 4666 3369 4728; x_wconf 81' lang='lat' dir='ltr'><strong>habetur,</strong></span> 
     </span>
    </p>
   </div>
   <div class='ocr_carea' id='block_1_97' title="bbox 1985 4756 3488 4827">
    <p class='ocr_par' dir='ltr' id='par_1_97' title="bbox 1985 4756 3488 4827">
     <span class='ocr_line' id='line_1_97' title="bbox 1985 4756 3488 4827; baseline -0.001 -15"><span class='ocrx_word' id='word_1_602' title='bbox 1985 4758 2244 4827; x_wconf 87' lang='lat' dir='ltr'><strong>Spiritus,</strong></span> <span class='ocrx_word' id='word_1_603' title='bbox 2278 4757 2665 4825; x_wconf 89' lang='lat' dir='ltr'><strong>imperiumque</strong></span> <span class='ocrx_word' id='word_1_604' title='bbox 2693 4770 2912 4825; x_wconf 87' lang='lat' dir='ltr'><strong>gerens,</strong></span> <span class='ocrx_word' id='word_1_605' title='bbox 2943 4756 3089 4826; x_wconf 84' lang='lat' dir='ltr'><strong>viget</strong></span> <span class='ocrx_word' id='word_1_606' title='bbox 3118 4772 3218 4810; x_wconf 91' lang='lat' dir='ltr'><strong>una</strong></span> <span class='ocrx_word' id='word_1_607' title='bbox 3251 4766 3488 4827; x_wconf 87' lang='lat' dir='ltr'><strong>potestas</strong></span> 
     </span>
    </p>
   </div>
   <div class='ocr_carea' id='block_1_98' title="bbox 1985 4847 3488 4918">
    <p class='ocr_par' dir='ltr' id='par_1_98' title="bbox 1985 4847 3488 4918">
     <span class='ocr_line' id='line_1_98' title="bbox 1985 4847 3488 4918; baseline 0.001 -15"><span class='ocrx_word' id='word_1_608' title='bbox 1985 4850 2113 4903; x_wconf 86' lang='lat' dir='ltr'><strong>Tant</strong></span> <span class='ocrx_word' id='word_1_609' title='bbox 2142 4859 2318 4918; x_wconf 71' lang='lat' dir='ltr'><strong>empto</strong></span> <span class='ocrx_word' id='word_1_610' title='bbox 2338 4864 2493 4916; x_wconf 77' lang='lat' dir='ltr'><strong>quam</strong></span> <span class='ocrx_word' id='word_1_611' title='bbox 2520 4852 2622 4901; x_wconf 87' lang='lat' dir='ltr'><strong>fine</strong></span> <span class='ocrx_word' id='word_1_612' title='bbox 2650 4862 2839 4901; x_wconf 90' lang='lat' dir='ltr'><strong>carens</strong></span> <span class='ocrx_word' id='word_1_613' title='bbox 2860 4887 2875 4912; x_wconf 95' lang='lat'><strong>,</strong></span> <span class='ocrx_word' id='word_1_614' title='bbox 2906 4847 3153 4917; x_wconf 89' lang='lat' dir='ltr'><strong>idemque</strong></span> <span class='ocrx_word' id='word_1_615' title='bbox 3183 4864 3274 4917; x_wconf 89' lang='lat' dir='ltr'><strong>per</strong></span> <span class='ocrx_word' id='word_1_616' title='bbox 3301 4863 3488 4903; x_wconf 80' lang='lat' dir='ltr'><strong>omnes</strong></span> 
     </span>
    </p>
   </div>
   <div class='ocr_carea' id='block_1_99' title="bbox 1986 4939 3383 5003">
    <p class='ocr_par' dir='ltr' id='par_1_99' title="bbox 1986 4939 3383 5003">
     <span class='ocr_line' id='line_1_99' title="bbox 1986 4939 3383 5003; baseline 0 -9"><span class='ocrx_word' id='word_1_617' title='bbox 1986 4940 2051 4994; x_wconf 89' lang='lat' dir='ltr'><strong>Et</strong></span> <span class='ocrx_word' id='word_1_618' title='bbox 2080 4942 2377 4994; x_wconf 92' lang='lat' dir='ltr'><strong>communis</strong></span> <span class='ocrx_word' id='word_1_619' title='bbox 2409 4940 2579 4993; x_wconf 89' lang='lat' dir='ltr'><strong>bonos</strong></span> <span class='ocrx_word' id='word_1_620' title='bbox 2610 4940 2830 5003; x_wconf 90' lang='lat' dir='ltr'><strong>merito,</strong></span> <span class='ocrx_word' id='word_1_621' title='bbox 2860 4939 2996 4993; x_wconf 90' lang='lat' dir='ltr'><strong>inter</strong></span> <span class='ocrx_word' id='word_1_622' title='bbox 3025 4940 3193 4992; x_wconf 82' lang='lat' dir='ltr'><strong>triStia</strong></span> <span class='ocrx_word' id='word_1_623' title='bbox 3225 4947 3383 4994; x_wconf 71' lang='lat' dir='ltr'><strong>terra:</strong></span> 
     </span>
    </p>
   </div>
   <div class='ocr_carea' id='block_1_100' title="bbox 1989 5031 3241 5100">
    <p class='ocr_par' dir='ltr' id='par_1_100' title="bbox 1989 5031 3241 5100">
     <span class='ocr_line' id='line_1_100' title="bbox 1989 5031 3241 5100; baseline -0.002 -12"><span class='ocrx_word' id='word_1_624' title='bbox 1989 5032 2208 5088; x_wconf 85' lang='lat' dir='ltr'><strong>Gessisti</strong></span> <span class='ocrx_word' id='word_1_625' title='bbox 2243 5032 2459 5087; x_wconf 80' lang='lat' dir='ltr'><strong>caeleste</strong></span> <span class='ocrx_word' id='word_1_626' title='bbox 2488 5031 2648 5085; x_wconf 88' lang='lat' dir='ltr'><strong>decus</strong></span> <span class='ocrx_word' id='word_1_627' title='bbox 2668 5070 2682 5094; x_wconf 93' lang='lat'><strong>,</strong></span> <span class='ocrx_word' id='word_1_628' title='bbox 2716 5031 2962 5099; x_wconf 87' lang='lat' dir='ltr'><strong>dignatus</strong></span> <span class='ocrx_word' id='word_1_629' title='bbox 2991 5041 3241 5100; x_wconf 89' lang='lat' dir='ltr'><strong>utrasque</strong></span> 
     </span>
    </p>
   </div>
   <div class='ocr_carea' id='block_1_101' title="bbox 1990 5122 3253 5192">
    <p class='ocr_par' dir='ltr' id='par_1_101' title="bbox 1990 5122 3253 5192">
     <span class='ocr_line' id='line_1_101' title="bbox 1990 5122 3253 5192; baseline -0.002 -13"><span class='ocrx_word' id='word_1_630' title='bbox 1990 5124 2267 5179; x_wconf 86' lang='lat' dir='ltr'><strong>Ostentare</strong></span> <span class='ocrx_word' id='word_1_631' title='bbox 2291 5124 2470 5177; x_wconf 89' lang='lat' dir='ltr'><strong>vices:</strong></span> <span class='ocrx_word' id='word_1_632' title='bbox 2500 5122 2571 5175; x_wconf 89' lang='lat' dir='ltr'><strong>nil</strong></span> <span class='ocrx_word' id='word_1_633' title='bbox 2604 5122 2788 5177; x_wconf 88' lang='lat' dir='ltr'><strong>matris</strong></span> <span class='ocrx_word' id='word_1_634' title='bbox 2818 5138 3041 5192; x_wconf 89' lang='lat' dir='ltr'><strong>corpore</strong></span> <span class='ocrx_word' id='word_1_635' title='bbox 3064 5123 3253 5190; x_wconf 89' lang='lat' dir='ltr'><strong>major,</strong></span> 
     </span>
    </p>
   </div>
   <div class='ocr_carea' id='block_1_102' title="bbox 1988 5212 3550 5285">
    <p class='ocr_par' dir='ltr' id='par_1_102' title="bbox 1988 5212 3550 5285">
     <span class='ocr_line' id='line_1_102' title="bbox 1988 5212 3550 5285; baseline -0.004 -16"><span class='ocrx_word' id='word_1_636' title='bbox 1988 5216 2071 5269; x_wconf 84' lang='lat' dir='ltr'><strong>Nil</strong></span> <span class='ocrx_word' id='word_1_637' title='bbox 2106 5215 2275 5268; x_wconf 87' lang='lat' dir='ltr'><strong>Patris</strong></span> <span class='ocrx_word' id='word_1_638' title='bbox 2306 5213 2495 5268; x_wconf 86' lang='lat' dir='ltr'><strong>virtute</strong></span> <span class='ocrx_word' id='word_1_639' title='bbox 2528 5215 2720 5279; x_wconf 89' lang='lat' dir='ltr'><strong>minor,</strong></span> <span class='ocrx_word' id='word_1_640' title='bbox 2759 5230 3027 5285; x_wconf 88' lang='lat' dir='ltr'><strong>nunquam</strong></span> <span class='ocrx_word' id='word_1_641' title='bbox 3078 5214 3289 5268; x_wconf 66' lang='lat' dir='ltr'><strong>aetheris</strong></span> <span class='ocrx_word' id='word_1_642' title='bbox 3327 5212 3550 5276; x_wconf 76' lang='lat' dir='ltr'><strong>absens,</strong></span> 
     </span>
    </p>
   </div>
   <div class='ocr_carea' id='block_1_103' title="bbox 1990 5304 3571 5375">
    <p class='ocr_par' dir='ltr' id='par_1_103' title="bbox 1990 5304 3571 5375">
     <span class='ocr_line' id='line_1_103' title="bbox 1990 5304 3571 5375; baseline -0.002 -16"><span class='ocrx_word' id='word_1_643' title='bbox 1990 5306 2270 5374; x_wconf 83' lang='lat' dir='ltr'><strong>Nunquam</strong></span> <span class='ocrx_word' id='word_1_644' title='bbox 2292 5316 2500 5373; x_wconf 85' lang='lat' dir='ltr'><strong>sumpta</strong></span> <span class='ocrx_word' id='word_1_645' title='bbox 2520 5306 2687 5361; x_wconf 89' lang='lat' dir='ltr'><strong>semel</strong></span> <span class='ocrx_word' id='word_1_646' title='bbox 2711 5320 2806 5375; x_wconf 88' lang='lat' dir='ltr'><strong>pro</strong></span> <span class='ocrx_word' id='word_1_647' title='bbox 2829 5306 2981 5359; x_wconf 89' lang='lat' dir='ltr'><strong>nobis</strong></span> <span class='ocrx_word' id='word_1_648' title='bbox 2999 5305 3231 5357; x_wconf 89' lang='lat' dir='ltr'><strong>membra</strong></span> <span class='ocrx_word' id='word_1_649' title='bbox 3252 5304 3571 5369; x_wconf 87' lang='lat' dir='ltr'><strong>relinquens,</strong></span> 
     </span>
    </p>
   </div>
   <div class='ocr_carea' id='block_1_104' title="bbox 1992 5391 3560 5467">
    <p class='ocr_par' dir='ltr' id='par_1_104' title="bbox 1992 5391 3560 5467">
     <span class='ocr_line' id='line_1_104' title="bbox 1992 5391 3560 5467; baseline -0.005 -15"><span class='ocrx_word' id='word_1_650' title='bbox 1992 5397 2214 5466; x_wconf 89' lang='lat' dir='ltr'><strong>Semper</strong></span> <span class='ocrx_word' id='word_1_651' title='bbox 2249 5398 2441 5467; x_wconf 87' lang='lat' dir='ltr'><strong>ubique</strong></span> <span class='ocrx_word' id='word_1_652' title='bbox 2484 5408 2671 5466; x_wconf 90' lang='lat' dir='ltr'><strong>potens</strong></span> <span class='ocrx_word' id='word_1_653' title='bbox 2691 5441 2704 5465; x_wconf 94' lang='lat'><strong>,</strong></span> <span class='ocrx_word' id='word_1_654' title='bbox 2735 5397 2877 5450; x_wconf 88' lang='lat' dir='ltr'><strong>adsis</strong></span> <span class='ocrx_word' id='word_1_655' title='bbox 2908 5411 3114 5465; x_wconf 87' lang='lat' dir='ltr'><strong>precor,</strong></span> <span class='ocrx_word' id='word_1_656' title='bbox 3145 5403 3197 5447; x_wconf 92' lang='lat' dir='ltr'><strong>et</strong></span> <span class='ocrx_word' id='word_1_657' title='bbox 3224 5407 3339 5445; x_wconf 87' lang='lat' dir='ltr'><strong>mea</strong></span> <span class='ocrx_word' id='word_1_658' title='bbox 3369 5391 3560 5445; x_wconf 81' lang='lat' dir='ltr'><strong>ductor</strong></span> 
     </span>
    </p>
   </div>
   <div class='ocr_carea' id='block_1_105' title="bbox 1991 5482 3416 5556">
    <p class='ocr_par' dir='ltr' id='par_1_105' title="bbox 1991 5482 3416 5556">
     <span class='ocr_line' id='line_1_105' title="bbox 1991 5482 3416 5556; baseline -0.005 -13"><span class='ocrx_word' id='word_1_659' title='bbox 1991 5488 2161 5543; x_wconf 88' lang='lat' dir='ltr'><strong>Corda</strong></span> <span class='ocrx_word' id='word_1_660' title='bbox 2187 5502 2341 5556; x_wconf 78' lang='lat' dir='ltr'><strong>regas</strong></span> <span class='ocrx_word' id='word_1_661' title='bbox 2363 5529 2376 5551; x_wconf 91' lang='lat'><strong>,</strong></span> <span class='ocrx_word' id='word_1_662' title='bbox 2406 5490 2703 5556; x_wconf 66' lang='lat' dir='ltr'><strong>animatque</strong></span> <span class='ocrx_word' id='word_1_663' title='bbox 2732 5489 2909 5539; x_wconf 89' lang='lat' dir='ltr'><strong>animo</strong></span> <span class='ocrx_word' id='word_1_664' title='bbox 2938 5496 2989 5539; x_wconf 92' lang='lat' dir='ltr'><strong>et</strong></span> <span class='ocrx_word' id='word_1_665' title='bbox 3010 5484 3193 5553; x_wconf 85' lang='lat' dir='ltr'><strong>gaudia</strong></span> <span class='ocrx_word' id='word_1_666' title='bbox 3218 5482 3416 5549; x_wconf 88' lang='lat' dir='ltr'><strong>dones,</strong></span> 
     </span>
    </p>
   </div>
   <div class='ocr_carea' id='block_1_106' title="bbox 1992 5570 3322 5649">
    <p class='ocr_par' dir='ltr' id='par_1_106' title="bbox 1992 5570 3322 5649">
     <span class='ocr_line' id='line_1_106' title="bbox 1992 5570 3322 5649; baseline -0.008 -14"><span class='ocrx_word' id='word_1_667' title='bbox 1992 5581 2313 5649; x_wconf 74' lang='lat' dir='ltr'><strong>Expugnare</strong></span> <span class='ocrx_word' id='word_1_668' title='bbox 2341 5580 2479 5633; x_wconf 93' lang='lat' dir='ltr'><strong>lucm</strong></span> <span class='ocrx_word' id='word_1_669' title='bbox 2510 5579 2756 5633; x_wconf 90' lang='lat' dir='ltr'><strong>vitiorum</strong></span> <span class='ocrx_word' id='word_1_670' title='bbox 2787 5585 2842 5631; x_wconf 90' lang='lat' dir='ltr'><strong>et</strong></span> <span class='ocrx_word' id='word_1_671' title='bbox 2870 5576 3079 5629; x_wconf 88' lang='lat' dir='ltr'><strong>vincere</strong></span> <span class='ocrx_word' id='word_1_672' title='bbox 3109 5570 3322 5625; x_wconf 87' lang='lat' dir='ltr'><strong>tandem</strong></span> 
     </span>
    </p>
   </div>
   <div class='ocr_carea' id='block_1_107' title="bbox 1995 5666 3488 5743">
    <p class='ocr_par' dir='ltr' id='par_1_107' title="bbox 1995 5666 3488 5743">
     <span class='ocr_line' id='line_1_107' title="bbox 1995 5666 3488 5743; baseline -0.006 -14"><span class='ocrx_word' id='word_1_673' title='bbox 1995 5674 2050 5730; x_wconf 91' lang='lat' dir='ltr'><strong>Si</strong></span> <span class='ocrx_word' id='word_1_674' title='bbox 2081 5675 2203 5743; x_wconf 89' lang='lat' dir='ltr'><strong>quid</strong></span> <span class='ocrx_word' id='word_1_675' title='bbox 2233 5689 2426 5742; x_wconf 88' lang='lat' dir='ltr'><strong>pravus</strong></span> <span class='ocrx_word' id='word_1_676' title='bbox 2454 5688 2623 5736; x_wconf 88' lang='lat' dir='ltr'><strong>amor,</strong></span> <span class='ocrx_word' id='word_1_677' title='bbox 2655 5671 2701 5726; x_wconf 89' lang='lat' dir='ltr'><strong>si</strong></span> <span class='ocrx_word' id='word_1_678' title='bbox 2730 5669 2853 5737; x_wconf 89' lang='lat' dir='ltr'><strong>quid</strong></span> <span class='ocrx_word' id='word_1_679' title='bbox 2882 5668 3021 5721; x_wconf 89' lang='lat' dir='ltr'><strong>ferus</strong></span> <span class='ocrx_word' id='word_1_680' title='bbox 3050 5666 3279 5733; x_wconf 84' lang='lat' dir='ltr'><strong>imperat</strong></span> <span class='ocrx_word' id='word_1_681' title='bbox 3306 5666 3488 5720; x_wconf 86' lang='lat' dir='ltr'><strong>ardor.</strong></span> 
     </span>
    </p>
   </div>
   <div class='ocr_carea' id='block_1_108' title="bbox 1994 5757 3551 5834">
    <p class='ocr_par' dir='ltr' id='par_1_108' title="bbox 1994 5757 3551 5834">
     <span class='ocr_line' id='line_1_108' title="bbox 1994 5757 3551 5834; baseline -0.005 -15"><span class='ocrx_word' id='word_1_682' title='bbox 1994 5764 2258 5834; x_wconf 87' lang='lat' dir='ltr'><strong>Quidquid</strong></span> <span class='ocrx_word' id='word_1_683' title='bbox 2296 5774 2447 5833; x_wconf 87' lang='lat' dir='ltr'><strong>turpe</strong></span> <span class='ocrx_word' id='word_1_684' title='bbox 2476 5763 2649 5832; x_wconf 89' lang='lat' dir='ltr'><strong>loqui,</strong></span> <span class='ocrx_word' id='word_1_685' title='bbox 2680 5758 2931 5829; x_wconf 88' lang='lat' dir='ltr'><strong>quidquid</strong></span> <span class='ocrx_word' id='word_1_686' title='bbox 2957 5757 3293 5815; x_wconf 84' lang='lat' dir='ltr'><strong>committere</strong></span> <span class='ocrx_word' id='word_1_687' title='bbox 3326 5775 3551 5821; x_wconf 68' lang='lat' dir='ltr'><strong>smvutu,</strong></span> 
     </span>
    </p>
   </div>
  </div>
