3962 6178
477 238 579 292 547

482 439 769 503 Vinctaquc
793 436 1060 503 perpetuis
1088 433 1325 502 captivet
1348 439 1564 499 pectora
1594 432 1766 499 pmnis

477 528 734 598 Lapsibus
759 525 1034 593 indulgens
1058 526 1211 579 venia
1230 563 1244 589 ,
1273 537 1406 592 quos
1431 523 1631 591 primus
1654 523 1706 577 in
1731 536 1943 576 onmem

476 615 735 672 Servandi
768 614 913 683 leges
932 653 947 679 ,
976 622 1034 667 et
1062 614 1183 666 vita;
1210 611 1463 680 providus
1489 620 1695 676 auctor,

478 707 684 762 Judicio
710 705 996 760 miserante
1026 703 1171 757 leves
1190 742 1205 765 ,
1234 710 1292 755 ut
1320 701 1499 755 mitius
1528 715 1691 770 angar
1722 717 1735 753 :

482 796 740 851 Pceniteat
769 807 1017 861 peccasse
1046 792 1163 861 tibi,
1194 799 1251 847 et
1275 792 1369 846 tibi
1399 791 1635 860 corrigar
1659 790 1834 847 obses.

478 884 731 940 Parcendi
758 884 988 945 vindicta
1016 896 1132 936 reos
1156 894 1541 950 eapemunera,
1565 893 1767 949 quaeso,

474 978 595 1031 Oris
621 990 789 1044 egena
817 975 952 1041 mei,
987 975 1060 1029 nil
1091 973 1307 1044 dignum
1336 971 1490 1027 laude
1515 972 1787 1037 canentis,

479 1066 609 1119 Vota
637 1065 805 1134 magis
831 1079 986 1131 quam
1018 1065 1155 1117 dona
1186 1064 1411 1132 probes,
1443 1075 1543 1116 nec
1568 1061 1773 1114 vatibus
1800 1062 1927 1115 istas

478 1155 843 1216 Annumeres,
879 1151 1022 1205 fandi
1049 1152 1233 1205 doctas
1262 1150 1536 1204 erroribus
1566 1157 1707 1203 artes
1726 1189 1741 1213 ,

476 1247 620 1311 Quas
649 1244 970 1314 Aganippes:
1001 1242 1330 1298 Permessius
1360 1240 1538 1295 accola
1568 1238 1828 1309 lympha),

478 1337 679 1391 llausto
707 1334 853 1389 fonte
880 1335 1058 1397 ciens,
1091 1347 1223 1386 vana
1246 1330 1528 1385 dulcedine
1553 1336 1722 1397 captae

478 1427 674 1481 Pabula
698 1425 889 1481 mentis
914 1424 1069 1479 habet
1095 1437 1317 1492 seseque
1347 1422 1576 1475 oblectat
1606 1421 1748 1475 inani

477 1516 773 1581 Murmure,
814 1529 918 1582 quo
948 1513 1127 1574 blandi
1151 1515 1225 1569 sit
1251 1512 1457 1582 pollens
1484 1510 1735 1567 carminis
1762 1523 1877 1565 ore.

549 1606 683 1660 Hinc
710 1607 869 1665 etiam
901 1613 1084 1659 nostro
1113 1614 1304 1673 uugata
1329 1611 1412 1657 est
1436 1603 1651 1657 schema
1681 1600 1887 1667 dolori,

478 1692 701 1749 Garrula
728 1694 998 1752 mendosis
1029 1694 1233 1762 ﬁngens
1258 1703 1580 1765 satyromata
1607 1694 1790 1748 Musis.

479 1785 711 1841 Falleret
736 1792 794 1839 ut
822 1784 1057 1853 trepidos
1086 1786 1347 1839 cantatrix
1376 1785 1564 1854 pagina
1592 1792 1841 1854 questus,

478 1874 547 1927 At
566 1874 661 1928 tibi
683 1889 833 1929 mens
860 1874 1102 1929 cenfessa
1127 1882 1300 1942 patet,
1332 1874 1425 1927 tibi
1453 1874 1625 1928 fundit
1652 1872 1911 1928 anhelans

477 1963 631 2017 Seria
661 1963 836 2032 lingua
867 1977 1087 2031 preces,
1117 1971 1172 2017 et
1197 1961 1375 2018 sobria
1400 1963 1561 2019 verba
1590 1964 1802 2033 fatigat,

478 2052 557 2113 Tu
588 2053 881 2118 Dominus,
913 2063 966 2107 tu
999 2067 1157 2108 verus
1188 2053 1358 2108 bonos
1390 2069 1454 2109 ac
1479 2054 1647 2124 gloria
1678 2068 1901 2123 perpes,

479 2146 654 2211 Atque
686 2143 859 2211 opifex
889 2158 1067 2198 rerum
1086 2184 1101 2209 ,
1135 2153 1191 2198 tu
1217 2158 1339 2211 spes
1369 2145 1645 2200 manifesta
1675 2145 1906 2200 reducta:

483 2231 903 2300 Exemplumque
926 2247 1089 2301 capax
1117 2234 1308 2287 animae
1334 2249 1354 2288 :
1389 2244 1441 2288 tu
1469 2237 1638 2289 victor
1663 2241 1718 2289 et
1747 2234 1920 2295 heres

478 2317 732 2388 Corporis
754 2320 991 2386 occidui,
1024 2332 1144 2391 post
1167 2322 1305 2377 idem
1332 2332 1387 2378 et
1417 2324 1653 2379 membra
1676 2333 1946 2393 superstes
1966 2366 1983 2390 ,

482 2410 610 2464 Post
638 2408 842 2464 inferna
875 2409 1013 2464 Deus
1033 2452 1047 2476 ,
1087 2420 1141 2466 et
1184 2423 1300 2480 post
1331 2413 1572 2468 mortalia
1602 2414 1775 2473 vivus,

482 2505 563 2559 Tu
592 2505 769 2560 divina
800 2506 971 2572 salus,
1003 2506 1256 2576 strepitus
1283 2508 1565 2563 miseratus
1594 2520 1807 2563 amaros

406 2662 409 2665 γ
484 2599 560 2649 Ac
588 2596 804 2651 morbos
835 2596 1101 2667 furiasque
1128 2598 1348 2664 dolens,
1378 2608 1433 2653 et
1457 2598 1678 2653 erimina
1707 2600 1820 2654 laesi

484 2685 800 2755 Sanguinis,
834 2688 887 2747 in
920 2699 1131 2742 nostros
1162 2703 1349 2758 passus
1380 2688 1705 2744 descendere
1735 2692 1878 2745 visus
1897 2730 1914 2756 ,

486 2777 657 2847 Atque
687 2777 955 2831 hominem
983 2778 1208 2832 miscere
1238 2778 1379 2845 Deo,
1408 2794 1530 2833 mox
1560 2780 1775 2835 conscia
1800 2780 1916 2835 veri

489 2865 735 2919 Exhibuit
762 2866 1080 2921 documenta
1111 2868 1242 2923 ﬁdes
1263 2909 1278 2936 ,
1305 2870 1662 2939 praedictaque
1692 2870 1882 2939 priscis

486 2957 869 3026 Temporibus,
900 2962 1101 3028 stupuit
1126 2962 1380 3015 miracula
1411 2962 1653 3017 subditus
1677 2962 1843 3017 orbis.

485 3044 553 3101 Et
581 3047 664 3101 cui
696 3056 837 3102 terra
865 3046 1006 3116 jacet
1036 3050 1253 3120 pelagus
1282 3051 1431 3116 silet,
1462 3060 1619 3119 atque
1645 3051 1881 3107 coruscis

482 3134 770 3203 Obsequiis
793 3138 998 3192 servire
1028 3137 1199 3192 minor
1218 3138 1301 3191 vix
1329 3137 1524 3192 sufﬁcit
1552 3138 1741 3203 aether,

485 3225 823 3295 Calcatisque
846 3228 989 3282 celer
1017 3228 1298 3283 famulatur
1327 3229 1555 3289 nubibus
1583 3230 1697 3287 axis
1721 3246 1735 3282 :

489 3315 641 3370 llunc
664 3316 977 3384 gravidante
1010 3318 1116 3372 Deo
1147 3319 1386 3377 mortalis
1417 3320 1592 3373 nescia
1622 3318 1780 3385 fetus,

494 3408 776 3477 Virginitas
802 3409 1026 3464 fecunda
1053 3410 1205 3478 tulit,
1228 3418 1487 3479 partuque
1517 3410 1707 3479 pudico

493 3499 771 3567 Expletum
802 3506 886 3554 est
913 3500 1123 3569 pietatis
1152 3516 1283 3568 opus
1302 3542 1316 3564 ,
1344 3516 1441 3555 nec
1469 3502 1613 3555 enim
1638 3501 1823 3556 ederet
1850 3508 2023 3555 ortum

494 3590 734 3659 Vulgaris
762 3600 947 3645 natura
977 3606 1167 3646 novum
1189 3631 1206 3656 ,
1236 3606 1520 3660 coramque
1545 3600 1753 3661 pateret

494 3679 782 3747 llajestatis
808 3694 944 3749 apex
965 3721 981 3745 ,
1012 3680 1056 3739 si
1083 3682 1152 3745 nil
1180 3681 1425 3737 mirabile
1456 3682 1640 3746 terris,
1720 3738 1723 3739 ν

494 3769 839 3838 Ignotumque
869 3769 1049 3839 daret,
1076 3784 1173 3823 nec
1202 3771 1331 3824 tanti
1358 3770 1577 3839 pignora
1609 3769 1748 3827 fetus

496 3861 745 3915 l-Znituere
770 3861 926 3914 simul
951 3902 964 3924 ,
995 3875 1115 3915 nam
1144 3862 1287 3915 claro
1315 3862 1490 3917 sidere
1516 3861 1764 3918 mundus.

493 3952 753 4006 lrradians
787 3952 962 4006 rutilae
1004 3952 1137 4005 lucis
1174 3954 1423 4021 cognovit
1452 3953 1707 4007 honorem

494 4043 777 4095 Auctorem
811 4040 1014 4108 perisse
1043 4055 1228 4105 suum,
1259 4042 1346 4111 qui
1381 4042 1574 4096 nobilis
1608 4042 1706 4095 :cvi

493 4129 865 4183 luchoamenta
889 4143 1102 4197 gerens,
1132 4129 1346 4199 fragiles
1378 4132 1636 4199 processit
1663 4131 1716 4183 in
1741 4139 1907 4195 artus.

566 4218 812 4273 Protinus
829 4221 1114 4288 assumptis
1136 4220 1370 4274 tolerans
1392 4219 1511 4273 data
1530 4226 1766 4287 tempora
1789 4218 2040 4273 membris

494 4309 661 4375 Quem
690 4309 765 4362 nil
795 4317 917 4368 ante
945 4308 1073 4378 fuit,
1100 4324 1200 4364 nec
1228 4310 1369 4365 enim
1401 4319 1576 4365 exstat
1603 4310 1749 4379 origo
1774 4309 1939 4364 creati

497 4401 743 4470 Principii
768 4443 783 4467 ,
812 4400 957 4456 nasci
984 4401 1123 4470 quod
1155 4410 1273 4470 post
1303 4401 1443 4456 Deus
1472 4401 1646 4454 omnia
1678 4411 1850 4469 posset
1879 4440 1893 4465 ,

495 4493 622 4554 Quze
651 4492 831 4558 genuit
859 4505 977 4544 cum
1015 4500 1195 4558 patre,
1227 4499 1280 4544 et
1309 4505 1427 4544 cum
1458 4489 1748 4558 spiramine
1778 4502 1989 4561 magno.

499 4578 565 4632 Et
591 4580 781 4647 triplex
810 4580 861 4633 in
891 4578 1045 4634 laude
1080 4579 1252 4647 viget,
1281 4592 1597 4648 semperque
1625 4579 1849 4653 vigebit,

502 4670 742 4724 Excoluit
776 4669 948 4725 divina
974 4671 1077 4740 piis
1103 4670 1361 4729 cunabula
1390 4679 1604 4739 sancta,

500 4759 806 4827 Fulgentem
838 4775 999 4828 super
1027 4771 1168 4814 astra
1197 4759 1386 4815 videns
1405 4801 1420 4827 ,
1451 4775 1606 4830 quem
1635 4768 1775 4827 terra
1814 4761 2025 4818 levavit.

500 4848 641 4903 Gens
666 4849 911 4914 Chalan
946 4849 1109 4904 Deum
1136 4865 1256 4905 cum
1286 4861 1482 4905 sancta:
1511 4850 1730 4920 praedita
1762 4848 1985 4915 ﬁammze

501 4940 752 5003 Lumine,
780 4950 1237 5010 monstratumque
1269 4942 1403 5010 polis
1427 4952 1705 5011 prosecuta
1735 4942 1958 4999 nitorem
1983 4982 1999 5009 ,

481 5031 802 5089 Promeruit
829 5040 879 5085 te
903 5046 1059 5087 nosse
1087 5034 1229 5101 prior
1254 5043 1474 5089 ventura
1501 5034 1716 5099 dicatis,

501 5120 602 5176 Per
623 5122 853 5189 Speciem
883 5121 1199 5178 documenta
1240 5124 1417 5179 ferens
1436 5165 1452 5193 ,
1483 5125 1573 5179 dat
1605 5138 1855 5199 munera,
1883 5125 1995 5194 regi

502 5212 773 5277 Divinitas,
793 5213 883 5266 dat
912 5212 1064 5268 thura
1096 5216 1225 5277 Deo,
1250 5216 1623 5284 myrrhamque
1653 5200 1920 5284 sepulcro,

502 5302 610 5357 illic
632 5304 919 5373 omniparis
948 5305 1209 5358 succrevit
1232 5304 1396 5373 gloria
1429 5305 1606 5367 verbi,

502 5394 748 5463 Laetaque
778 5397 897 5448 vina
930 5395 1125 5462 thoris,
1159 5404 1212 5448 et
1242 5394 1442 5449 fercula
1471 5394 1676 5448 reddita
1706 5394 1903 5449 mensis
1942 5411 1954 5448 :

503 5482 784 5551 Obstupuit
813 5485 1035 5551 populus
1057 5483 1338 5537 cumulatis
1366 5484 1604 5538 lancibus
1630 5483 1853 5552 hospes,

505 5567 745 5625 Pronuba
771 5575 1038 5642 congestis
1063 5573 1285 5643 dapibus
1307 5575 1544 5628 convivia
1575 5573 1795 5629 ducens.

509 5654 588 5710 Tu
614 5659 756 5712 tenui
786 5669 925 5716 tactu
956 5664 1246 5721 tenebrosa:
1277 5664 1463 5723 frontis
1491 5664 1677 5727 inanes

1637 227 1905 284 RUSTICI
1947 228 2238 287 HELPIDII
2274 229 2600 288 CARMINA.

485 344 636 415 Quod
666 341 797 399 mihi
817 342 899 398 vel
922 341 1166 411 cuiquam
1189 348 1410 408 noceat,
1435 340 1575 411 quod
1598 342 1833 396 moribus
1858 342 2050 405 obstet,

3601 230 3692 286 εις

2080 348 2132 406 Α
2157 344 2365 399 iussisti
2394 344 2575 398 lucere
2612 340 2760 396 sinus
2785 380 2797 407 ,
2825 337 3095 409 ruptisque
3118 338 3340 396 latebris

2150 434 2453 503 Conceptos
2488 432 2721 503 gaudere
2747 431 2861 485 dies
2884 470 2899 495 ,
2931 445 2995 485 ae
3023 440 3175 485 nocte
3198 429 3372 499 fugata

2152 522 2461 577 Monstriﬁei
2490 522 2667 576 vultus
2688 560 2703 586 ,
2739 520 2909 574 fecisti
2940 519 3138 573 lumina
3167 534 3336 573 cmco.

2222 613 2322 668 Per
2344 622 2414 681 te,
2443 626 2650 667 summe
2679 612 2858 678 Pater,
2886 610 3053 665 vulsis
3083 609 3423 678 compagibus
3444 624 3577 678 :eger

2152 701 2251 756 Vix
2285 703 2462 755 anima
2488 701 2758 756 residente
2781 699 2950 764 redit,
2980 699 3106 767 quin
3133 707 3344 753 mortua
3376 698 3527 753 funus

2150 792 2283 847 Ossa
2316 792 2535 847 trahens
2557 791 2707 846 verbi
2735 806 2922 845 sanum
2954 789 3181 855 virtute,
3217 790 3449 857 receptis

2154 881 2368 936 Viribus
2390 881 2576 937 exiluit
2604 898 2617 935 :
2649 896 2767 934 nam
2786 880 2894 949 jam
2921 878 3043 948 quia
3069 880 3213 947 lapsa
3245 892 3461 932 manere

2151 970 2266 1024 Non
2297 979 2537 1039 poterat,
2560 969 2697 1026 duro
2716 969 2943 1037 subjecit
2967 968 3102 1021 colla
3133 967 3378 1035 grabato.

2152 1059 2229 1112 Tu
2257 1060 2476 1118 morbos
2504 1058 2759 1114 cohibere
2791 1066 3011 1126 potens,
3043 1058 3319 1126 pulsisque
3353 1060 3574 1126 sepulcri

2152 1148 2434 1216 Luctibus,
2462 1158 2621 1218 atque
2650 1148 2841 1202 animis
2866 1148 2988 1203 vita:
3017 1162 3273 1203 revocare
3298 1148 3536 1219 cadaver,

2151 1236 2526 1306 Confraetique
2553 1236 2717 1292 trucis
2741 1236 2951 1291 calcare
2990 1234 3242 1305 repagula
3276 1237 3432 1306 lethi,

2155 1326 2318 1385 Unius
2348 1335 2407 1381 ut
2432 1328 2574 1382 vultu
2604 1327 2892 1393 redeunte,
2934 1337 3242 1396 capesseret
3270 1328 3445 1393 orbis,

2151 1417 2288 1484 Quid
2316 1418 2522 1472 cunctis
2546 1417 2790 1473 conferre
2813 1418 2923 1472 suis
2953 1428 3039 1473 tua
3075 1417 3263 1472 dextra
3298 1421 3511 1488 pararit.

2152 1507 2261 1560 Nec
2286 1506 2440 1562 nobis
2465 1506 2719 1561 fundasse
2744 1507 2917 1562 solum
2945 1508 3224 1577 gravidare
3251 1509 3494 1574 novales,

2156 1596 2414 1651 Elfudisse
2439 1610 2621 1654 eomas
2646 1597 2792 1652 silvis
2808 1638 2824 1665 ,
2853 1605 2907 1653 et
2926 1598 3163 1667 gramina
3189 1600 3377 1667 pratis.

2083 1702 2126 1757 Β
2154 1688 2461 1755 Subjecisse
2489 1686 2632 1743 feras
2663 1688 2836 1743 varios
2864 1702 3122 1744 renovare
3154 1688 3422 1758 liquores,

2154 1776 2387 1831 Alitibus
2416 1791 2657 1832 reserare
2686 1790 2872 1842 auras,
2902 1787 2957 1832 et
2982 1778 3219 1848 piscibus
3247 1778 3415 1833 undas

2152 1868 2448 1923 Contentus
2474 1875 2823 1938 nostrumque
2844 1882 3012 1938 genus
3034 1869 3248 1925 ratione
3274 1869 3446 1939 sagaci

2155 1959 2224 2015 Et
2247 1959 2372 2014 forti
2400 1959 2637 2017 munisse
2661 1973 2823 2015 manu
2842 2000 2857 2026 ,
2884 1974 3085 2031 perque
3112 1971 3258 2015 astra
3290 1960 3515 2019 levatum

2155 2050 2401 2109 Erexisse
2420 2059 2579 2121 caput
2598 2091 2614 2116 ,
2644 2060 2820 2111 motus
2847 2050 3187 2108 manantibus
3212 2052 3349 2113 olim

2159 2143 2427 2205 Subvenis
2447 2184 2462 2211 ,
2488 2150 2546 2199 et
2573 2142 2729 2213 primi
2759 2142 3017 2198 medicata
3047 2142 3166 2202 labe
3192 2150 3406 2208 reatus,

2122 2230 2125 2235 “
2156 2233 2461 2295 Exstinctas
2489 2233 2722 2299 animas,
2754 2243 2808 2288 et
2834 2246 3059 2302 corpora
3091 2231 3274 2287 functa
3303 2231 3511 2295 reducis

2156 2325 2213 2379 in
2237 2325 2453 2392 malum,
2478 2324 2726 2394 legesque
2748 2323 2860 2394 pias
2888 2339 2901 2377 :
2932 2338 3039 2384 non
3065 2323 3320 2382 suavibus
3348 2321 3519 2378 herbis

2160 2416 2351 2471 Messis
2373 2423 2428 2470 et
2449 2416 2686 2469 emeritae
2702 2456 2718 2481 ,
2741 2429 2841 2470 nec
2862 2406 3036 2468 mollis
3062 2413 3227 2470 vestis
3258 2412 3458 2469 honore
3473 2452 3487 2476 ,

2164 2505 2381 2576 Fulgida
2406 2506 2610 2559 Sidonii
2636 2520 2795 2575 quam
2824 2504 3011 2574 polluit
3032 2505 3170 2559 unda
3203 2504 3433 2571 veneni,

2166 2598 2403 2659 Pellibus
2432 2607 2522 2653 aut
2549 2597 2764 2667 Libycis
2797 2596 3068 2652 redimens
3088 2638 3104 2665 ,
3137 2608 3231 2651 aut
3260 2596 3519 2651 mercibus
3552 2595 3697 2661 Indis.

2096 2760 2105 2763 ὶ
2159 2687 2478 2757 Progeniem
2504 2688 2830 2757 stirpemque
2862 2696 3002 2742 tuam
3022 2728 3036 2750 ,
3065 2687 3160 2742 sed
3188 2687 3447 2758 sanguine
3477 2700 3613 2741 sacro

2164 2778 2226 2833 Et
2250 2780 2421 2847 pretio
2449 2792 2641 2849 magno
2671 2776 2868 2842 donas,
2898 2779 2987 2847 qui
3009 2777 3210 2832 lubrica
3240 2792 3419 2832 mores

2168 2871 2312 2926 Inter
2336 2872 2573 2926 membra
2595 2871 2821 2936 docens,
2844 2878 2904 2924 ut
2927 2872 3087 2924 vitam
3109 2869 3339 2925 reddere
3368 2883 3541 2940 posses
3556 2906 3570 2934 ,

2162 2960 2347 3015 Vicisti
2371 2961 2556 3029 culpas
2584 2960 2783 3015 merita:
2812 2974 2909 3028 pro
2930 2958 3151 3037 crimine
3178 2961 3388 3027 carnis,

2085 3060 2131 3122 ο
2160 3050 2392 3105 Laudem
2421 3051 2596 3105 carnis
2623 3066 2813 3120 agens,
2848 3065 2942 3119 per
2973 3059 3048 3104 tot
3074 3053 3324 3127 contagia
3356 3064 3531 3115 purus,

2161 3139 2385 3209 Praeque
2413 3140 2629 3196 homine
2656 3141 2957 3207 exsultans,
2988 3140 3219 3196 hominis
3254 3142 3490 3211 perferre
3518 3138 3704 3194 dolores

2160 3227 2226 3283 Et
2250 3238 2474 3284 mortem
2503 3244 2599 3298 pro
2622 3239 2795 3285 morte
2826 3232 2967 3309 pati,
3001 3231 3306 3300 persolvere
3332 3233 3531 3301 signum

2098 3346 2111 3353 —
2158 3319 2419 3375 Culminis
2444 3321 2664 3381 aetherei
2690 3362 2706 3388 ,
2735 3338 2830 3392 pro
2858 3325 3028 3397 nostri
3058 3323 3243 3379 funere
3272 3325 3419 3394 ligni.

2163 3413 2240 3466 Ex
2271 3429 2376 3485 quo
2408 3431 2561 3483 poena
2591 3416 2736 3485 prior
2766 3425 2966 3471 natura:
2990 3416 3108 3486 jura
3138 3416 3452 3484 momordit,

2169 3501 2485 3572 Rumpcntis
2511 3506 2780 3571 monitus,
2811 3515 2862 3560 et
2888 3508 3039 3576 jussa
3067 3506 3303 3562 verenda
3334 3506 3556 3576 parentis

2162 3596 2499 3665 Artiﬁcisque
2526 3597 2645 3662 sui,
2673 3597 2757 3652 cui
2776 3598 2971 3667 jugitcr
2992 3611 3109 3653 esse
3132 3599 3456 3666 precandum

2164 3687 2406 3740 Exteusis
2434 3688 2674 3741 manibus
2694 3730 2709 3756 ,
2742 3688 2967 3743 merenti
2997 3690 3046 3742 in
3081 3689 3265 3743 funere
3296 3699 3456 3743 tensae

2163 3776 2523 3837 Monstravere
2544 3792 2735 3836 manus
2755 3817 2771 3842 ,
2804 3787 2861 3832 ut
2886 3778 3040 3834 viyax
3072 3778 3240 3848 gloria
3274 3779 3431 3834 terris

2164 3868 2471 3931 Assereret,
2507 3877 2770 3924 tormenta
2798 3870 2968 3924 crucis
2996 3885 3093 3925 nec
3120 3871 3348 3939 quisque
3370 3878 3568 3925 recuset

2164 3956 2268 4019 Pro
2296 3957 2519 4012 Domino
2544 3960 2772 4015 tolerare
2802 3960 3000 4025 libens,
3031 3962 3408 4019 cunctantibus
3435 3960 3596 4022 ulnis,

2165 4047 2313 4113 Quod
2345 4049 2595 4103 Dominus
2622 4065 2716 4119 pro
2741 4051 2896 4120 plebe
2926 4051 3044 4105 tulit
3074 4067 3089 4105 :
3122 4067 3217 4107 nec
3246 4052 3427 4107 dicere
3455 4051 3531 4104 fas
3556 4057 3631 4107 est

2164 4141 2420 4195 Sensibus
2442 4143 2685 4211 exiguis,
2712 4152 2914 4212 quanto
2941 4143 3241 4209 celebratur
3281 4143 3482 4199 honore

2165 4231 2343 4286 Gratia
2362 4275 2377 4295 ,
2399 4248 2517 4301 qua:
2542 4235 2680 4288 sacri
2706 4250 2951 4290 reserans
2978 4235 3264 4303 penetralia
3293 4236 3483 4299 fontis,

2165 4317 2421 4374 Provocat
2442 4321 2508 4375 ad
2535 4322 2742 4375 veniam
2772 4333 2988 4377 cunctos
3015 4339 3030 4377 :
3064 4324 3358 4393 meliusque
3387 4322 3582 4378 renasci

2091 4402 2138 4461 D
2165 4406 2327 4465 Posse
2354 4408 2528 4474 dedit,
2560 4424 2884 4480 superasque
2907 4412 3049 4468 fores
3070 4426 3122 4467 et
3152 4414 3333 4466 limina
3358 4411 3568 4481 pandit,

2166 4499 2248 4553 Ad
2278 4502 2455 4555 mundi
2486 4502 2705 4571 potioris
2732 4504 2851 4570 iter,
2881 4519 3206 4574 regnumque
3237 4518 3470 4573 perenne

2166 4589 2408 4647 Caelestis
2434 4594 2615 4662 patria:
2644 4612 2653 4645 :
2676 4593 2785 4663 jam
2812 4610 2915 4649 non
2944 4595 3027 4649 hic
3051 4597 3199 4651 arida
3222 4596 3413 4658 febris,

2169 4680 2280 4734 Non
2309 4682 2455 4749 sitis,
2484 4692 2573 4737 aut
2601 4683 2831 4738 violenta
2863 4684 3063 4751 fames,
3096 4700 3200 4740 non
3236 4685 3445 4747 ﬂamma
3485 4676 3702 4744 timoris:

2167 4771 2276 4825 Nec
2305 4771 2499 4827 bellum
2518 4813 2531 4839 ,
2562 4788 2659 4828 nec
2689 4773 2905 4835 morbus
2928 4776 3059 4842 erit,
3093 4790 3191 4830 nec
3221 4777 3395 4844 iniqua
3429 4777 3649 4842 potestas

2169 4859 2394 4926 Saeviet,
2424 4872 2515 4917 aut
2540 4863 2683 4917 ferro
2710 4864 2985 4934 quisquam
3013 4867 3282 4927 exercebit
3310 4865 3554 4927 adempto

2164 4952 2260 5009 Jus
2286 4954 2534 5019 sceleris,
2559 4965 2807 5023 raptorve
2836 4970 3033 5011 nocens
3058 4956 3412 5011 dominabitur
3437 4954 3571 5008 ullus

2165 5044 2357 5098 Sancta
2383 5044 2540 5113 sede,
2572 5045 2641 5112 pii
2674 5046 2955 5115 portabunt
2982 5048 3197 5115 praemia
3236 5060 3446 5109 mores,

2168 5132 2385 5189 Etfidus
2412 5133 2712 5202 splendebit
2742 5149 2911 5202 amor,
2942 5134 3226 5205 viiidisque
3251 5137 3514 5205 juventus.

2167 5223 2284 5279 Non
2313 5234 2526 5294 reptans
2556 5227 2743 5285 tacitos
2770 5227 2985 5285 infantia
3010 5237 3253 5282 conseret
3276 5240 3442 5282 annos
3463 5266 3476 5287 ,

2168 5314 2334 5369 Curva
2362 5330 2460 5369 nec
2484 5325 2669 5370 exusto
2697 5316 2987 5377 sulcabuutr
3014 5331 3107 5371 ore
3136 5326 3382 5371 senectus
3411 5332 3422 5368 :

2169 5406 2293 5460 Sola
2322 5408 2472 5473 quies
2502 5406 2619 5460 laeta
2651 5406 2884 5460 instabili
2919 5407 3179 5461 laetabitur
3209 5422 3345 5461 :evo.

2168 5497 2445 5552 Credimus
2470 5507 2521 5552 et
2549 5498 2751 5566 placida
2781 5499 2987 5553 Domini
3016 5500 3209 5567 pietate
3236 5498 3267 5553 fi
3285 5510 3464 5553 ucmur

2171 5588 2270 5647 llic
2298 5605 2507 5662 quoque
2533 5590 2775 5660 iustitiae,
2808 5599 2863 5644 et
2888 5600 3162 5658 sperantes
3197 5605 3411 5648 munera
3438 5589 3571 5652 vim.
