3962 6178
668 249 2523 276 m

425 261 2077 287 Mm

2082 268 3505 304 mm

1600 373 1766 418 ANNO
1811 376 2284 424 CONTROVEBSO.

921 490 2945 844 EUGYPPIUS,

1145 868 1645 999 ABBAS
1758 872 2698 1012 AFRICANUS.

1340 1156 1865 1264 TOMUS
1993 1160 2535 1270 PRIOR.

1578 1414 2264 1485 PROLEGOMENA.

1769 1337 2107 1351 ﬂ

1813 1521 2060 1534 ᾑ-

1800 1585 2072 1642 NOTITIA
2084 1628 2098 1643 .

1110 1693 1205 1758 (Ex
1230 1694 1360 1747 libro
1380 1694 1641 1747 Trithemii
1665 1698 1870 1760 abbatis,
1895 1701 1961 1750 de
1983 1702 2313 1762 Scriptoribus
2336 1702 2738 1769 Ecclesiasticis).

358 1798 667 1870 Eugyppius
696 1800 978 1871 presbyter
1006 1807 1061 1854 et
1085 1799 1250 1890 abbas
1281 1799 1358 1870 (a)
1384 1817 1398 1854 :
1430 1800 1482 1855 in
1512 1801 1802 1869 Scripturis
1830 1806 2032 1859 sanctis
2060 1806 2321 1873 eruditus,
2351 1819 2404 1864 et
2434 1809 2484 1863 in
2518 1812 2746 1867 lectione
2776 1813 3033 1871 librorum
3074 1820 3244 1873 sancti
3273 1819 3557 1890 AuguSIini

283 1891 623 1959 singulariter
654 1891 879 1945 devotus
904 1910 917 1943 :
949 1898 1108 1959 atque
1138 1890 1190 1945 in
1221 1889 1415 1947 litteris
1460 1891 1798 1946 sazcularium
1827 1896 2022 1949 artium
2065 1897 2396 1953 sufﬁcienter
2426 1902 2717 1958 instructus
2744 1921 2756 1956 :
2806 1906 2914 1959 vita
2944 1922 3154 1977 quoque
3184 1921 3238 1964 et
3266 1889 3555 1969 conversa-

284 1985 426 2036 tione
455 1984 770 2037 mnnaSticae
800 1982 1151 2037 institutionis
1200 1982 1524 2052 praaclarus:
1575 1983 1641 2037 ad
1692 1997 1849 2053 quem
1883 1985 2052 2040 sancti
2078 1986 2345 2058 Fulgentii
2379 1990 2673 2058 Ruspensis
2705 1995 2976 2049 nonnulla:
3023 1996 3265 2052 feruntur
3293 2001 3555 2069 epistolae.

283 2074 502 2142 Scripsit
533 2074 774 2143 qutedam
804 2075 1102 2129 necessaria
1134 2073 1414 2143 opuscula.
1457 2073 1533 2128 De
1560 2075 1753 2143 quibus
1783 2090 1883 2143 ego
1914 2084 2115 2132 tantum
2147 2082 2320 2148 reperi
2354 2080 2594 2151 subjecta
2634 2102 2646 2137 :
2677 2083 2934 2141 Volumen
2966 2088 3166 2157 grande
3194 2091 3424 2158 capitula
3456 2091 3556 2151 ha-

280 2164 409 2218 bens
440 2174 679 2220 trecenta
704 2180 770 2221 ex
799 2165 949 2220 libris
978 2165 1121 2220 beati
1151 2165 1431 2235 Augustini
1463 2167 1698 2235 epiSCOpi
1728 2167 2031 2235 deﬂoravit,
2062 2172 2128 2225 ad
2159 2172 2412 2242 Probam,
2452 2177 2604 2245 cujus
2634 2176 2713 2231 sic
2748 2178 2932 2248 incipit
2961 2176 3211 2253 prelogus
3237 2200 3249 2235 :
3291 2182 3462 2253 Epist.
3495 2200 3509 2239 t
3537 2201 3553 2238 :

282 2260 498 2312 Domine
542 2260 722 2314 merito
751 2257 1081 2323 venerabilis;
1131 2258 1266 2313 liber
1294 2268 1471 2315 autem
1513 2261 1590 2315 sic
1618 2278 1631 2315 :
1658 2261 1774 2317 Lib.
1808 2280 1862 2317 t:
1901 2266 2052 2328 Quod
2097 2266 2165 2318 ad
2204 2276 2252 2320 te
2279 2269 2495 2339 scripsi,
2529 2272 2857 2340 honorande;
2902 2274 3075 2329 Vitam
3107 2279 3273 2332 sancti
3306 2279 3551 2337 Severini

280 2353 567 2419 monachi;
602 2353 854 2421 Regulam
888 2355 1276 2406 monachorum
1301 2355 1419 2422 ejus
1445 2354 1549 2423 (b).
1602 2354 1811 2410 Claruit
1836 2358 1936 2412 sub
1962 2359 2247 2414 Anastasio
2293 2362 2965 2430 impcratorc,,socundum
3000 2368 3290 2425 Honorium
3320 2374 3545 2442 presby~

278 2458 473 2504 terum.
516 2448 621 2504 Sed
651 2446 942 2502 secundum
974 2445 1311 2515 Sigebertum
1347 2454 1472 2501 tunc
1503 2446 1693 2502 claruit
1724 2447 1827 2505 sub
1850 2448 2065 2505 Tiberio
2095 2450 2449 2508 Constantino
2470 2493 2485 2521 ,
2536 2456 2867 2527 temporibus
2898 2458 3094 2529 Pelagii
3127 2475 3279 2530 papa:
3311 2462 3374 2528 ll,
3405 2477 3547 2521 anno

280 2541 486 2595 Dotttitti
520 2539 644 2595 580.

347 2703 519 2781 ςδῌιι
555 2701 866 2774 Biograpltia
900 2702 1093 2757 Fclleri
1124 2702 1339 2771 dicitur,
1382 2702 1713 2774 Eugyppittm
1744 2704 1987 2760 abbatem
2034 2706 2196 2761 fuisse
2240 2709 2550 2763 monasterii
2597 2708 3003 2765 Lueullanensis
3052 2725 3217 2781 prope
3269 2712 3547 2781 Neapolim

303 2775 383 2827 'i.
429 2775 579 2826 Eutr.
3053 2775 3068 2779 “
3154 2775 3167 2781 ’
3387 2775 3396 2781 ’

277 2785 430 2966 mab)
470 2844 590 2897 Ilaec
635 2842 812 2907 regula
845 2857 946 2895 non
978 2852 1171 2897 exstat.
1214 2844 1541 2900 Tribuuntur
1567 2845 1725 2899 etiam
1766 2846 2037 2914 Eugyppio
2072 2863 2086 2899 :
2124 2846 2176 2900 l°
2202 2844 2317 2899 Vita
2342 2848 2400 2903 S.
2432 2848 2708 2917 Augustini
2738 2849 3119 2915 Flavianensis,
3156 2850 3374 2920 legenda
3407 2855 3545 2923 apud

278 2910 345 2966 Bt.
376 2914 616 2966 laudum:
661 2914 719 2966 2"
751 2914 809 2966 S.
841 2912 1079 2966 Severini
1111 2915 1250 2966 Vita.
1284 2930 1403 2966 (tua:
1431 2927 1566 2966 mter
1589 2930 1750 2966 onera
1786 2917 1942 2966 Maret
1980 2916 2177 2966 Velseri
2208 2922 2508 2966 reperitur:
2553 2918 2609 2966 3'
2641 2919 2868 2966 epistola
2895 2921 2958 2966 ad
2994 2921 3333 2966 Paschasinm
3367 2924 3544 2966 dtzmn.

278 2910 617 3025 Bullattt'laum;
661 2914 719 2966 2‘
751 2914 809 2969 S.
841 2912 1079 2971 Severini
1111 2915 1251 2981 Vita,
1284 2930 1403 2985 qua:
1431 2927 1566 2971 mter
1589 2930 1750 2989 opera
1786 2910 2177 2971 itaret—Velseri
2208 2922 2472 2985 reperitur
2495 2910 2609 2985 f3“
2641 2919 2869 2988 epistola
2895 2921 2962 2974 ad
2992 2910 3333 3025 i‘asehas'iuttt
3367 2910 3544 2978 dta'coé

278 2999 421 3025 nnm_
495 3001 595 3025 .nI'I'

276 2999 422 3037 num.
464 2985 618 3039 EDIT.

2746 3119 3029 3133 ———..

874 3252 1657 3358 EPISTOLA
1774 3254 2922 3361 DEDICATORIA.

1160 3445 1863 3507 REVERENDISSIMO
1907 3447 1985 3507 IN
2032 3447 2376 3509 CHRISTO
2418 3449 2655 3510 PATRI

1072 3586 1142 3630 AC
1187 3587 1565 3631 ILLUSTRISS.
1613 3586 1885 3630 PRINCIPI
1934 3587 1995 3626 Ι).
2043 3586 2094 3626 J.
2145 3587 2483 3629 BUDOIPHO
2530 3588 2748 3647 STOER,

275 3694 492 3759 Abbati
521 3696 1045 3756 monasteriorum
1077 3694 1513 3756 Murbacenst's
1541 3711 1611 3753 ac
1644 3694 1973 3755 Lutrenst‘s
2000 3692 2392 3770 pientisst'mo
2418 3739 2433 3767 ,
2477 3694 2835 3755 litterarum
2866 3695 3199 3758 chenati
3226 3696 3544 3759 liberalis-

1366 3793 1518 3852 sima
1545 3837 1561 3866 ,
1590 3801 1865 3870 patrono
1900 3812 2010 3852 suo
2047 3792 2454 3865 observando,

1152 3919 1435 3972 JOANNES
1477 3918 1735 3969 HEROLD
1778 3917 2201 3980 ACROPOLITA,
2245 3917 2410 3967 BENE
2443 3916 2671 3967 AGEBE.

331 4033 552 4088 Tertius
583 4032 969 4103 propemodum
1000 4030 1109 4101 jam
1140 4030 1298 4085 nobis
1325 4030 1518 4086 teritur
1539 4042 1730 4094 annus,
1767 4028 2017 4095 princeps
2046 4024 2429 4088 illustrissime,
2464 4024 2605 4094 quod
2637 4032 2830 4093 praeter
2853 4024 2929 4087 rei
2961 4026 3238 4080 familiaris
3266 4034 3319 4081 et
3348 4040 3541 4084 census

271 4130 439 4182 nostri
472 4128 588 4199 (qui
635 4145 699 4183 ex
749 4128 879 4182 solis
922 4128 1223 4182 studiorum
1253 4126 1450 4197 vigiliis
1479 4127 1710 4193 constat)
1733 4124 1997 4194 jacturam
2030 4121 2318 4176 maximam
2340 4161 2355 4185 ,
2386 4131 2440 4176 et
2468 4120 2609 4175 taedii
2635 4131 2691 4176 et
2716 4120 2917 4174 laboris
2950 4119 3175 4173 multum
3204 4118 3540 4173 deeoximus.

269 4221 482 4277 Interim
513 4223 653 4275 enim
686 4223 811 4275 dum
845 4221 1302 4290 Strategematum
1347 4219 1619 4275 Chiliadas
1665 4219 1857 4273 Carolo
1902 4218 2030 4286 imp.
2083 4218 2431 4286 paciﬁcatori,
2486 4217 2797 4271 Austriadas
2825 4216 3169 4275 Fcrdinando
3201 4214 3356 4269 Rom.
3390 4215 3538 4269 Ca-s.

267 4313 623 4379 elementiss.,
674 4312 1089 4387 δεισιδαιμονίαν,
1121 4315 1253 4368 ritus
1280 4327 1343 4367 ac
1368 4313 1543 4366 cultus
1569 4326 1598 4364 a
1623 4310 1912 4381 gentilibus
1941 4308 2192 4362 omnibus
2218 4307 2377 4361 idolis
2407 4307 2533 4361 olim
2563 4307 2839 4363 exhibitos
2863 4346 2878 4372 ,
2917 4307 3012 4360 tibi
3041 4304 3323 4361 Maaeenati
3348 4317 3533 4358 neStro

268 4406 642 4459 liberalissimo
667 4409 1032 4474 congerimus,
1075 4405 1330 4476 quidquid
1366 4403 1699 4473 benignitate
1727 4403 1990 4456 bonorum
2024 4400 2178 4455 nobis
2210 4400 2559 4469 impenditur,
2591 4399 2849 4472 quidquid
2880 4401 2947 4455 ad
2975 4400 3248 4457 lucernam
3278 4397 3534 4454 corradi-

270 4510 365 4567 tur,
399 4504 450 4556 in
481 4502 856 4570 comparandis
888 4499 1368 4571 praeparandisque
1398 4497 1706 4553 auctoribus
1732 4494 1887 4549 bonis
1915 4492 2214 4549 absumitur
2239 4508 2254 4547 :
2284 4492 2419 4547 adeo
2448 4501 2506 4546 ut
2544 4499 2855 4571 paupertate
2887 4491 3039 4549 libris
3077 4505 3139 4544 ac
3174 4489 3357 4545 liberis
3380 4488 3532 4546 dem-

267 4591 385 4657 ptis,
410 4589 545 4644 nihil
574 4590 637 4645 sit
671 4591 811 4659 quod
854 4570 975 4644 cum
1028 4589 1111 4645 Itis
1163 4588 1332 4643 tribus
1373 4584 1735 4642 voluminibus
1766 4584 1977 4654 tugurio
2018 4586 2071 4638 in
2096 4592 2281 4638 nostro
2303 4591 2574 4638 accrescat
2599 4570 2633 4636 ἶ
2647 4583 2787 4653 quod
2820 4583 3033 4653 quidem
3060 4582 3145 4637 vel
3178 4581 3527 4637 fortissimum

265 4694 605 4751 quemquam,
639 4683 682 4735 si
717 4681 809 4735 Dei
839 4682 963 4749 Opt.
998 4680 1137 4734 Max.
1165 4680 1575 4748 litterarumque
1601 4684 1753 4731 extra
1780 4674 2031 4735 solatium
2064 4674 2264 4745 aliquid
2295 4676 2560 4731 arrideret
2582 4717 2598 4743 ,
2632 4691 2699 4731 ne
2728 4677 2887 4730 modo
2912 4677 3160 4746 juvenem
3205 4690 3288 4728 me
3315 4672 3523 4729 deliciis

264 4772 363 4843 bis,
397 4778 564 4832 Musis
597 4777 889 4840 videlicet,
937 4775 1252 4829 abstrahere
1299 4780 1502 4843 posset.
1545 4772 1802 4830 Liberum
1829 4770 2026 4827 etenim
2068 4784 2189 4824 cum
2220 4769 2490 4825 hominem
2522 4767 2606 4823 ba:
2635 4778 2861 4837 poscunt
2896 4768 3060 4838 (unde
3091 4768 3253 4822 etiam
3288 4766 3393 4821 illis
3424 4780 3524 4823 no-

262 4884 379 4924 men
410 4868 637 4923 inditum
669 4866 890 4937 quidam
926 4865 1307 4933 contendunt),
1340 4862 1534 4931 quibus
1581 4862 1843 4932 angustiis
1887 4856 2273 4931 paterfamilias
2300 4865 2594 4927 prematur,
2624 4872 2783 4928 quam
2816 4858 2976 4913 variis
3009 4858 3270 4913 inservire
3297 4856 3528 4927 negotiis

262 4973 502 5031 cogatur,
533 4965 619 5033 qui
648 4965 852 5018 nesciat
881 4973 1007 5032 puto
1046 4975 1169 5017 esse
1195 4959 1490 5015 neminem.
1531 4960 1599 5011 At
1628 4956 1833 5012 eaedem
1861 4955 2003 5026 quod
2054 4952 2183 5007 nihil
2212 4952 2320 5021 jam
2365 4960 2583 5021 gravate
2612 4950 2941 5006 subscribam
2969 4950 3219 5006 Ciceroni
3264 4950 3526 5017 efﬁciunt,

260 5055 344 5121 qui
380 5055 585 5108 litteras
614 5054 779 5108 bonas
811 5055 934 5107 vitae
966 5052 1132 5108 totius
1164 5048 1466 5120 prolugium
1499 5048 1743 5111 unicum,
1775 5044 2189 5102 delectationem
2217 5042 2573 5097 secundarum
2597 5081 2612 5105 ,
2642 5055 2823 5096 rerum
2846 5056 2976 5096 vero
3004 5041 3354 5097 adversarum
3378 5042 3529 5095 salu-

261 5156 363 5201 tettt
396 5164 519 5203 esse
541 5148 793 5217 afﬁrmat,
843 5163 964 5201 cum
993 5156 1046 5202 et
1070 5146 1185 5201 hate
1213 5159 1298 5199 me
1327 5144 1611 5208 devorare,
1643 5140 1874 5209 denique
1899 5147 1952 5194 et
1985 5137 2190 5206 majora
2221 5149 2285 5189 ac
2313 5133 2531 5189 saniora
2562 5145 2778 5202 sperare
2806 5132 3053 5199 doceant,
3086 5148 3206 5188 cum
3234 5130 3375 5187 omni
3415 5144 3530 5184 mo-

261 5254 460 5307 mento,
491 5243 632 5311 quod
666 5244 748 5295 vel
779 5240 935 5295 bonis
959 5239 1276 5311 jucundum,
1301 5237 1383 5291 vel
1417 5234 1734 5305 reipublica
1764 5233 1895 5289 utile
1919 5233 2315 5295 demonstrant,
2347 5226 2598 5281 adferunt
2635 5236 2797 5297 atque
2844 5228 3186 5295 investigant,
3233 5240 3352 5279 cum
3383 5222 3520 5277 anti-

259 5352 352 5390 eos
380 5336 519 5405 pios,
552 5335 740 5390 doctos
761 5344 815 5389 et
846 5335 1014 5388 bonos
1044 5332 1198 5387 nobis
1227 5330 1373 5386 omni
1406 5330 1459 5385 in
1492 5330 1610 5385 loco
1640 5328 1955 5384 conciliant.
1998 5325 2177 5392 Quare
2206 5336 2327 5375 cum
2355 5320 2409 5374 in
2441 5320 2542 5374 hac
2570 5321 2700 5388 vita,
2733 5320 2876 5374 bono
2902 5318 3187 5388 jucundius
3210 5330 3330 5371 esse
3362 5314 3528 5385 possit

259 5429 412 5491 nihil,
442 5426 606 5496 probe
634 5436 687 5479 et
715 5441 923 5480 mecum
957 5435 1133 5479 actum
1160 5431 1264 5485 est,
1298 5421 1515 5475 biennio
1551 5428 1787 5487 peracto.
1835 5414 2315 5470 Verumenimvero
2354 5410 2412 5464 S.
2461 5410 2520 5464 P.
2555 5410 2621 5477 Q.
2656 5408 3041 5465 Colmariensis
3073 5420 3205 5475 quos
3238 5422 3331 5473 per
3360 5405 3527 5466 multa

259 5525 450 5580 sarcula
480 5520 779 5575 asservavit
809 5520 1094 5572 thesauros
1124 5531 1186 5570 ex
1216 5515 1278 5568 D.
1313 5510 1589 5581 AuguStini
1619 5510 1901 5580 cperibus,
1932 5522 2028 5578 per
2054 5506 2116 5560 D.
2147 5505 2480 5575 Eugyppium
2521 5504 2768 5557 abbatem
2797 5502 3103 5555 Africanum
3135 5509 3438 5566 congestos,
3471 5498 3524 5552 in

148 5616 167 5627 ⁵
259 5626 493 5673 nostram
524 5612 831 5683 redegimus
875 5617 1192 5680 potestatem
1239 5606 1568 5673 Hieronymo
1608 5602 1773 5661 Fabio
1799 5641 1813 5664 ,
1860 5596 2093 5668 Georgio
2142 5595 2450 5666 Wiekgram
2480 5608 2622 5650 coss.
2656 5607 2736 5683 cc.
2770 5604 2925 5683 opem
2955 5587 3379 5683 fcr_etttibus,uae
3409 5587 3522 5642 col-

264 5717 421 5786 legio,
451 5710 534 5770 cui
564 5726 595 5767 a
622 5677 898 5767 Dominico
921 5719 1140 5771 nomen,
1174 5700 1225 5756 id
1257 5700 1474 5769 largiter
1522 5698 1574 5751 in
1620 5706 1960 5751 communem
2002 5703 2161 5745 usum
2191 5687 2470 5745 oil‘erente.
2513 5681 2756 5740 Accessit
2783 5680 2850 5735 ad
2878 5679 2991 5737 htec
3021 5677 3239 5734 Joannis
3270 5679 3521 5750 llofmey-
