3962 6178
430 255 529 310 551
836 214 847 225 ’
1463 256 1522 316 s.
1564 255 1954 315 Ettcrrrtus
1992 257 2212 315 ABBAS
2247 255 2659 314 armemus.
3595 258 3694 316 532

431 370 583 435 steti,
614 366 714 423 viri
743 367 811 422 ab
834 368 1030 439 ingenii
1055 369 1298 425 acumine
1323 384 1648 441 magnopere
1679 370 1918 436 laudati,
1967 386 2029 426 ac
2073 372 2344 443 vigilantia
2393 372 2519 442 (qua
2549 369 2991 441 Augustinianam
3040 368 3380 424 sodalitatem
3422 369 3610 426 eadem
3640 372 3694 425 in

436 463 568 517 urbe
598 460 754 531 regit)
786 462 1039 517 celebrati
1072 463 1403 532 suffragium.
1447 463 1647 517 Horum
1691 464 2013 519 liberalitate
2036 506 2051 531 ,
2085 474 2144 521 ut
2181 478 2459 519 sacrarum
2493 464 2795 519 litterarum
2825 462 3101 519 studiosos
3131 476 3189 515 se
3210 460 3321 529 jam
3352 459 3543 515 ditatos
3573 474 3696 531 pro-

432 553 683 608 culdubio
730 554 1050 620 fatebuntur,
1100 554 1176 611 sic
1226 572 1399 611 meam
1451 557 1767 613 tenuitatem
1816 558 2101 626 deplorare
2150 572 2334 629 cogor,
2384 572 2507 613 cum
2554 555 2879 611 sacrosancti
2914 553 3137 611 Romani
3186 552 3401 622 imperii
3432 552 3697 621 tribules,

432 644 738 712 prteclarem
770 645 1061 711 civitatem,
1094 645 1270 717 dignis
1302 653 1359 701 ut
1389 646 1639 702 laudibus
1665 647 1911 711 evcltam,
1946 647 2076 702 mihi
2105 646 2237 703 defit
2267 644 2564 717 ingenium.
2606 645 2821 702 Etenim
2853 660 2975 703 eum
3021 644 3364 699 Macedonem
3395 641 3546 698 illum
3590 644 3698 699 Ma-

431 753 614 805 gnum,
643 737 712 790 ob
743 736 960 792 Homeri
985 736 1236 804 Carmen,
1268 738 1409 807 quod
1442 738 1832 807 pretiosissimo
1863 738 1915 792 in
1948 738 2232 795 Persarum
2261 736 2405 807 regis
2430 736 2687 793 scriniolo
2708 734 3138 802 circumferebat,
3170 733 3286 801 plus
3310 733 3515 804 gloriaz,
3541 751 3698 805 quam

432 834 523 879 aut
555 825 714 879 Dario
740 837 831 878 aut
866 828 1002 880 Poro
1028 827 1264 892 devicto,
1296 828 1646 882 emolumenti
1682 828 1955 896 accepisse
1986 829 2204 898 quidam
2235 828 2587 894 contendunt,
2619 828 2736 897 quis
2765 842 2934 882 sacrm
2974 823 3236 895 dogmatis
3272 826 3569 880 mstimator
3596 842 3699 880 non

435 915 649 985 iniquus
669 954 684 979 ,
737 917 998 973 minorem
1030 920 1272 988 plausum
1295 920 1443 975 dabit
1472 920 1781 990 reipublicae
1812 928 1993 987 tantm,
2024 937 2056 977 e
2083 922 2236 990 cujus
2266 922 2479 977 scriniis
2504 921 2571 976 ab
2593 921 2801 991 injuriis
2828 927 2909 975 tot
2936 926 3237 986 temporum
3268 919 3475 974 defensi
3500 934 3701 973 eruun-

442 1019 531 1064 tur
579 1010 835 1077 thesauri,
890 1013 1084 1082 quibus
1128 1014 1396 1069 neminem
1450 1018 1853 1085 comparatione
1902 1017 2004 1071 ulla
2056 1022 2227 1086 poetas
2255 1016 2416 1069 etiam
2465 1014 2811 1069 vetustissimi
2857 1024 3018 1083 atque
3045 1026 3313 1081 nunquam
3343 1012 3473 1067 satis
3503 1012 3701 1067 laudati

434 1112 681 1170 poemata
700 1105 883 1172 (modo
910 1106 1252 1162 humaniores
1279 1108 1584 1179 disciplinas
1607 1111 1800 1165 animae
1827 1110 2052 1165 medelis
2081 1127 2185 1165 non
2214 1118 2339 1165 ante
2366 1110 2521 1178 ferat)
2543 1124 2755 1178 requare
2773 1108 2910 1163 Velle
2936 1106 3118 1162 credo.
3144 1105 3215 1161 Ut
3244 1114 3421 1159 autem
3448 1102 3701 1173 ingenuis

438 1196 659 1261 animis,
690 1198 928 1253 candore
951 1199 1148 1267 ingenii
1171 1201 1329 1256 citius
1357 1204 1690 1257 satisfactum
1720 1214 1826 1271 est,
1856 1218 2015 1272 quam
2046 1202 2133 1259 vel
2164 1217 2365 1273 Operm,
2398 1202 2484 1257 vel
2514 1217 2673 1271 opum
2702 1200 2992 1271 impendio,
3026 1199 3105 1253 sic
3151 1196 3545 1253 liberalissimae
3572 1196 3704 1251 civi-

435 1285 530 1340 tati
556 1288 782 1353 gratiam
808 1289 1058 1344 retulisse
1090 1306 1176 1345 me
1203 1293 1729 1359 maximam-confido
1754 1336 1769 1360 ,
1806 1293 1854 1347 si
1882 1293 2204 1364 dignissimo
2234 1294 2456 1363 dignum
2489 1295 2589 1348 hoc
2616 1293 2867 1348 volumen
2899 1280 3269 1347 inscriberem.
3309 1288 3464 1355 Quod
3487 1287 3701 1358 quidem

434 1380 652 1447 egregie
680 1393 745 1433 ac
771 1377 1072 1448 opportune
1102 1382 1421 1438 observasse
1447 1400 1533 1439 me
1559 1385 1810 1449 arbitror,
1828 1385 1927 1440 sub
1954 1384 2031 1438 tui
2057 1384 2291 1442 nominis
2319 1384 2580 1454 auSpicio,
2612 1383 2862 1452 princeps
2890 1380 3269 1443 illustrissime,
3304 1378 3401 1433 hos
3424 1378 3705 1431 thesauros

435 1472 771 1541 evulgando,
823 1488 959 1541 quos
1001 1473 1222 1543 jamjam
1270 1475 1365 1530 tibi
1412 1477 1627 1543 dedico,
1677 1492 1934 1533 consecro
1974 1492 2037 1533 ac
2066 1478 2251 1533 offero.
2297 1478 2429 1531 Nam
2470 1478 2514 1531 si
2541 1490 2771 1545 unquam
2794 1475 2945 1540 alias,
2971 1485 3213 1529 veterum
3242 1468 3480 1539 vestigiis
3507 1467 3596 1523 hic
3619 1482 3706 1524 me

437 1564 589 1617 inniti
614 1604 629 1629 ,
677 1574 732 1617 ut
780 1564 1049 1621 laudabile
1074 1607 1088 1630 ,
1134 1568 1211 1622 sic
1240 1580 1387 1623 certe
1424 1570 1819 1639 apertissimum
1848 1582 1929 1626 est
1954 1587 1970 1626 :
2000 1571 2247 1626 solebant
2290 1569 2431 1624 enim
2466 1568 2501 1623 ii
2525 1566 2719 1636 vigiliis
2740 1565 2874 1632 suis,
2897 1581 3031 1636 quos
3052 1575 3109 1621 et
3126 1565 3295 1619 bonos
3322 1572 3378 1619 et
3403 1562 3705 1618 celebratos

436 1651 669 1719 denique
697 1653 1014 1710 auctoritate
1054 1664 1109 1710 et
1153 1658 1322 1726 gratia
1358 1660 1737 1730 praeponentes
1777 1661 2000 1726 scirent,
2051 1670 2306 1727 patronos
2348 1660 2649 1725 instituere,
2698 1672 2798 1714 nec
2830 1656 2933 1725 ipsi
2960 1656 3234 1712 incondite
3264 1668 3593 1725 quemquam
3620 1661 3707 1707 aut

437 1741 629 1797 alienis
656 1743 849 1797 studiis
879 1760 1127 1801 onerare.
1170 1746 1429 1804 Rationes
1457 1750 1615 1819 igitur
1650 1750 1703 1805 in
1730 1752 1963 1806 medium
1994 1750 2235 1817 afferam,
2269 1752 2521 1821 princeps
2568 1750 2955 1811 illustrissime,
3006 1748 3215 1805 docebo
3254 1750 3458 1818 absque
3498 1745 3706 1816 piaculo

440 1831 715 1886 hominum
737 1833 831 1886 ulli
858 1835 959 1889 hoc
984 1836 1232 1892 volumen
1264 1846 1413 1892 extra
1441 1848 1493 1893 te
1524 1840 1794 1895 ascribere
1819 1856 1905 1894 me
1952 1855 2188 1911 unquam
2222 1840 2549 1908 nequivisse.
2608 1841 2753 1896 Inter
2779 1839 3005 1895 Romani
3042 1839 3251 1908 imperii
3278 1852 3535 1907 proceres
3563 1835 3707 1906 equi-

441 1922 563 1977 dem
610 1923 751 1979 haud
795 1926 1037 1980 infimum
1090 1928 1266 1983 locum
1312 1940 1363 1985 te
1407 1931 1653 1988 obtinere
1700 1936 1787 2003 qui
1838 1934 2047 1989 nesciat
2070 1945 2198 2004 puto
2230 1935 2519 1989 neminem.
2580 1934 2685 1989 Sed
2737 1932 3037 2002 principatu
3091 1946 3262 2001 nuper
3289 1931 3608 1999 inaugurato
3634 1944 3704 1993 te,

441 2016 630 2083 quibus
661 2018 972 2073 muneribus
999 2035 1094 2087 pro
1118 2035 1267 2075 more
1297 2022 1390 2077 tibi
1416 2026 1715 2093 gratularer
1735 2028 2094 2095 commodius,
2119 2042 2278 2097 quam
2303 2026 2493 2081 iisdem
2516 2025 2866 2096 ipsis,quibus
2896 2023 3148 2093 princeps
3175 2023 3421 2092 pientiss.
3458 2021 3705 2089 quisque,

442 2116 492 2161 et
516 2110 762 2181 religioni
796 2128 938 2166 verae
965 2130 1070 2168 non
1103 2115 1351 2171 inimicus
1390 2118 1727 2174 subditorum
1759 2134 1818 2175 se
1846 2135 2155 2191 praeparare
2178 2121 2483 2190 exemplum
2516 2118 2973 2189 probatissimum,
3002 2116 3236 2184 denique
3282 2129 3417 2185 quos
3465 2114 3606 2182 regit
3644 2111 3707 2173 ad

442 2202 607 2270 pacis,
640 2205 968 2274 concordiae,
1019 2208 1221 2264 amoris
1242 2218 1298 2263 et
1338 2212 1741 2282 tranquillitatis
1768 2214 2109 2270 dulcedinem
2161 2228 2420 2270 revocare
2453 2211 2675 2282 poteSt‘l
2713 2210 2845 2277 Qum
2868 2207 3082 2278 quidem
3113 2206 3307 2262 divinis
3329 2204 3572 2260 oraculis
3598 2212 3707 2258 tan,

446 2302 556 2347 tum
592 2296 849 2353 imbiliere
888 2314 951 2353 ac
978 2300 1224 2357 ediscere
1250 2317 1425 2371 posse,
1459 2306 1560 2359 nisi
1591 2306 1701 2362 Deo
1730 2308 1851 2376 Opt.
1885 2307 2022 2362 Max.
2054 2308 2294 2378 ingratus
2337 2306 2501 2373 velit,
2536 2307 2711 2377 quivis
2743 2305 2993 2360 fatebitur
3028 2304 3278 2371 ingenue,
3315 2315 3379 2356 ac
3406 2306 3561 2353 tanto
3600 2310 3707 2350 ma-

446 2387 547 2453 gis,
596 2398 798 2458 quanto
846 2392 1051 2460 piorum
1109 2396 1289 2450 studio
1332 2397 1418 2467 pie
1460 2396 1808 2467 interpretata
1838 2415 1903 2454 ac
1934 2400 2200 2455 illustrata
2231 2407 2355 2456 sunt
2382 2414 2501 2470 qum
2530 2399 2581 2451 in
2632 2397 2832 2451 divinis
2858 2397 3051 2453 litteris
3081 2394 3410 2450 subobscura
3440 2389 3706 2445 videntur.

444 2478 614 2544 Adde,
648 2482 789 2548 quod
836 2484 1143 2552 imperatori
1190 2488 1373 2558 aliquo
1423 2488 1714 2545 fortissimo
1745 2491 1947 2546 alienas
1975 2490 2304 2561 disciplinas,
2356 2498 2414 2544 ut
2442 2498 2570 2560 puta
2597 2487 2851 2558 pingendi
2878 2496 3071 2551 artem,
3105 2484 3206 2538 nisi
3234 2483 3285 2537 in
3312 2482 3423 2537 otio
3453 2481 3559 2537 rite
3582 2494 3708 2534 nun-i

448 2582 604 2636 quam
636 2571 935 2628 ascribercs
959 2617 975 2639 ,
1029 2590 1150 2630 cum
1198 2579 1445 2634 militaris
1495 2581 1776 2651 disciplina
1804 2582 2074 2638 reddenda
2114 2592 2292 2638 esset:
2344 2582 2438 2637 sed
2468 2581 2675 2637 abbatis
2708 2580 2779 2649 pii
2805 2579 2978 2634 studia
3027 2577 3207 2633 abbati
3261 2576 3523 2630 dedicare
3556 2577 3708 2641 bono,

447 2658 736 2714 absurdum
765 2662 882 2731 quis
917 2665 1058 2719 dicat
1088 2682 1322 2736 unquam
1351 2685 1364 2721 :
1394 2668 1564 2734 Quam
1598 2672 1796 2727 nostris
1828 2673 1972 2727 enim
1994 2662 2108 2729 non
2138 2671 2326 2726 alienis
2356 2671 2691 2741 temporibus
2722 2669 3033 2741 Eugyppius
3065 2667 3151 2723 hic
3170 2708 3184 2733 ,
3217 2667 3299 2721 his
3332 2664 3608 2721 laboribus
3634 2666 3709 2719 in-

447 2749 696 2816 sudavit,
747 2768 817 2806 ex
850 2753 964 2809 Vita
1008 2771 1168 2825 quam
1214 2759 1451 2814 secundo
1473 2759 1644 2815 Tomo
1671 2760 1829 2830 hujus
1855 2762 2055 2830 operis,
2089 2760 2415 2831 praefationis
2441 2763 2560 2817 loco
2590 2761 2949 2825 exaravimus,
2978 2758 3166 2815 videre
3196 2756 3320 2811 licet
3342 2756 3444 2828 (a).
3496 2755 3711 2812 Verum.

446 2844 722 2898 enimvero
746 2860 865 2914 quae
895 2857 1021 2902 tunc
1050 2849 1308 2917 temporis
1354 2848 1649 2907 Ecclesiam
1694 2852 1751 2905 in
1799 2853 2097 2907 maximum
2141 2852 2410 2907 ducebant
2446 2850 2737 2906 discrimen
2780 2848 3075 2920 tragmdize,
3106 2849 3152 2903 si
3183 2846 3469 2916 diligenter
3500 2860 3713 2916 perpen-

451 2935 670 3003 dantur,
704 2937 807 2993 hoc
848 2942 1049 2995 saeculo
1074 2941 1445 2999 infelicissimo
1485 2944 1808 3000 exhibentur
1838 2953 2094 3000 strenue:
2144 2944 2339 3003 iisdem
2369 2958 2497 3014 ergo
2523 2943 2839 3013 plerumque
2868 2939 3138 3005 remediis,
3169 2940 3362 3008 quibus
3396 2938 3513 2993 DD.
3546 2938 3714 3005 Augu-

453 3029 652 3083 stinum
688 3044 751 3085 ac
779 3030 1111 3102 Eugyppium
1145 3049 1267 3087 usos
1296 3050 1419 3089 esse
1448 3034 1697 3101 vidimus,
1723 3035 2140 3091 succurrendum
2169 3035 2293 3105 quis
2320 3033 2519 3104 neget?
2562 3033 2632 3087 At
2655 3030 2878 3087 difficile
2901 3039 3013 3085 ~est
3056 3039 3315 3099 mgrotum
3348 3029 3505 3099 gravi
3539 3024 3717 3081 morbo

451 3131 698 3176 curatum
726 3123 816 3189 iri,
849 3127 893 3177 si
919 3126 1188 3181 medicum
1218 3126 1304 3182 cui
1329 3127 1471 3181 nulla
1504 3129 1640 3183 inest
1669 3128 1962 3183 auctoritas
1993 3127 2215 3194 habeat,
2250 3142 2407 3196 quam
2438 3128 2652 3199 generis
2676 3140 2738 3181 ac
2761 3124 3019 3180 natalium
3042 3123 3298 3195 splendor
3324 3121 3451 3175 viris
3485 3118 3719 3189 probatis

452 3216 668 3273 deferre
699 3218 838 3272 solet
870 3220 1179 3274 maximam.
1223 3220 1367 3275 Scite
1394 3221 1555 3291 igitur
1584 3222 1796 3290 vigilias
1822 3220 1920 3276 has
1947 3220 2321 3277 commendavi
2358 3220 2473 3286 tibi,
2507 3219 2758 3288 princeps
2787 3217 3083 3282 lllustriss.,
3116 3215 3205 3284 qui
3238 3213 3451 3267 familia:
3506 3225 3572 3266 ac
3599 3210 3717 3265 stir-

454 3307 538 3373 pis
570 3317 673 3362 tua:
720 3310 1146 3378 generosissima:
1195 3312 1462 3381 majestati
1506 3328 1830 3385 magnopere
1874 3312 2014 3369 inter
2045 3312 2324 3382 Sequanos
2357 3311 2619 3381 prmcellis
2643 3329 2658 3367 :
2685 3309 2917 3381 quandiu
2946 3310 3087 3364 enim
3122 3304 3538 3365 Sanctiamerini
3562 3306 3721 3373 impe-

456 3401 595 3453 rium
627 3398 863 3469 majores
907 3402 982 3455 tui
1024 3403 1305 3459 obtinuere
1331 3446 1345 3469 ,
1394 3404 1539 3459 baud
1586 3406 1835 3476 ignorant
1861 3405 2093 3461 Austrim
2124 3405 2393 3475 principes
2421 3404 2781 3477 serenissimi,
2810 3403 2901 3473 qui
2932 3415 3093 3471 opera
3120 3399 3448 3458 difficillimis
3472 3399 3532 3454 in
3569 3398 3720 3452 rebus

456 3489 641 3557 proavi
674 3489 746 3543 tul
775 3490 939 3558 adjuti
972 3503 1119 3559 sunt,
1146 3493 1284 3549 bello
1312 3495 1406 3549 illo
1436 3495 1762 3551 Armeniaco
1787 3513 1799 3550 :
1825 3495 2055 3565 denique
2090 3494 2339 3549 omnibus
2371 3503 2477 3548 tam
2513 3503 2637 3548 nota
2667 3503 2783 3559 est,
2811 3508 2971 3564 quam
2994 3491 3202 3548 liberali
3232 3491 3562 3562 ingenuitate
3589 3489 3722 3545 Geb-

457 3579 626 3648 wyler
654 3579 907 3647 oppidum
943 3582 1190 3650 illustrat,
1225 3598 1287 3639 ac
1317 3594 1608 3654 egestatem
1658 3586 1800 3643 fovet
1840 3588 2041 3643 civium
2091 3589 2476 3659 benignissime
2518 3588 2697 3647 Sroen
2728 3588 2926 3643 familia
2957 3587 3292 3647 celebratiss.
3337 3586 3529 3641 Tantis
3559 3594 3722 3653 lepa-

458 3672 702 3727 rcntibus
732 3682 910 3729 autem
940 3686 1122 3731 natum
1148 3692 1269 3732 esse
1294 3719 1307 3744 ,
1359 3693 1479 3733 cum
1511 3693 1617 3733 non
1649 3679 1926 3734 minimum
1959 3680 2190 3735 fortunae
2219 3694 2416 3735 munus
2444 3680 2717 3735 aestimare
2743 3679 2937 3747 possis,
2970 3677 3113 3748 quod
3139 3692 3171 3735 a
3198 3676 3503 3743 cunabulis,
3537 3675 3723 3746 quibus

457 3763 720 3833 ignobiles
750 3765 965 3836 ingenui
1011 3768 1330 3838 redduntur,
1382 3785 1476 3825 eas
1523 3782 1669 3825 artes
1699 3769 1938 3825 didicere
1972 3778 2023 3826 te
2051 3771 2353 3835 voluerunt,
2397 3770 2590 3841 quibus
2620 3769 2672 3823 in
2703 3785 2911 3826 summo
2940 3769 3056 3824 viro
3083 3766 3413 3839 Splendidius
3441 3779 3570 3819 esse
3598 3761 3723 3818 nihil

463 3865 662 3925 potest,
694 3858 901 3914 litteras
928 3859 1130 3915 scilicet
1157 3861 1322 3916 bonas
1343 3901 1360 3927 ,
1414 3864 1515 3918 hoc
1542 3876 1750 3917 summa
1782 3860 1940 3916 laude
1964 3861 2301 3917 evehendum
2333 3871 2461 3931 puto
2486 3878 2498 3914 :
2532 3863 2654 3931 quis
2682 3861 2824 3917 enim
2853 3859 3021 3915 nescit
3042 3873 3108 3914 eo
3135 3858 3190 3914 in
3215 3858 3515 3912 litterarum
3553 3852 3724 3908 studio

461 3949 791 4017 processisse
822 3961 871 4003 te
891 3988 905 4014 ,
953 3960 1010 4004 ut
1053 3952 1097 4005 si
1128 3952 1194 4006 ad
1223 3953 1457 4020 reliquos
1487 3955 1575 4023 qui
1610 3952 1733 4009 hinc
1758 3953 1881 4008 inde
1905 3952 2141 4023 collegiis
2168 3953 2438 4023 imperant
2484 3953 2817 4020 compararis
2847 3952 3012 4023 (absit
3042 3951 3206 4004 verbo
3233 3946 3489 4013 invidia),
3523 3946 3725 4015 pleros-

456 4053 561 4107 que
586 4040 735 4109 quasi
764 4041 1059 4107 litterarum
1090 4044 1311 4098 omnino
1342 4044 1557 4114 ignaros
1582 4044 1879 4114 relinquas.
1939 4043 2075 4098 Hinc
2120 4044 2282 4098 ardor
2309 4051 2363 4099 et
2394 4042 2447 4098 in
2492 4043 2762 4099 studiosos
2792 4046 3089 4110 propensus
3117 4048 3239 4093 tuus
3286 4051 3457 4101 amor,
3492 4035 3620 4089 hinc
3646 4031 3725 4085 in-

456 4129 741 4198 explebilis
766 4139 889 4185 tuus
917 4133 1127 4188 animus
1157 4133 1440 4189 doctorum
1470 4134 1831 4191 voluminibus
1858 4134 2094 4200 inhians,
2122 4149 2352 4204 quorum
2380 4133 2654 4190 laboribus
2701 4131 3080 4188 bibliothecam
3112 4143 3269 4199 quam
3320 4127 3547 4183 instruis
3579 4124 3725 4179 ditis-

460 4225 648 4278 simam
681 4225 830 4293 cupis
856 4242 872 4292 ;
925 4226 1048 4281 hinc
1091 4228 1332 4282 omnium
1361 4239 1481 4283 vota
1504 4268 1520 4294 ,
1568 4228 1658 4298 qui
1707 4228 2053 4283 Mmcenatem
2085 4236 2137 4281 te
2163 4226 2266 4282 sibi
2297 4227 2596 4297 litterisque
2623 4226 2712 4281 diu
2741 4225 3083 4293 superstitem
3114 4228 3390 4291 expetunt,
3423 4235 3484 4275 ac
3533 4220 3646 4292 jam
3675 4216 3724 4269 in

460 4321 734 4389 procinctu
767 4329 930 4388 sunt,
980 4329 1038 4375 ut
1066 4322 1488 4378 illustrissimum
1518 4333 1669 4379 tuum
1714 4337 1907 4379 nomen
1933 4321 2221 4377 aeternitati
2246 4320 2644 4378 commendent.
2685 4320 2813 4373 Tam
2838 4317 3017 4373 multis
3045 4315 3188 4371 enim
3217 4314 3506 4369 virtutibus
3540 4310 3728 4382 prmdi-

461 4421 573 4466 tum
601 4422 651 4466 te
679 4422 944 4468 noverunt
966 4428 1188 4481 omnes,
1221 4425 1279 4470 ut
1316 4429 1606 4485 paucorum
1646 4416 1856 4486 ingenia
1886 4430 1995 4484 pra‘.
2024 4413 2282 4485 dignitate
2308 4422 2363 4469 te
2389 4414 2664 4470 celebrare
2695 4414 2775 4467 vix
2810 4426 2968 4482 posse
2991 4419 3227 4479 sperent.
3271 4410 3418 4463 llanc
3449 4408 3616 4463 etiam
3649 4406 3728 4459 in-

461 4506 637 4560 dolem
668 4521 788 4560 cum
822 4509 873 4562 in
908 4514 958 4563 te
985 4506 1112 4562 olim
1136 4516 1466 4577 cognoverat
1491 4509 1919 4577 consanguineus
1948 4507 2184 4564 tuus-vir
2211 4517 2264 4562 et
2296 4506 2431 4575 ipse,
2464 4505 2509 4560 si
2540 4505 2660 4575 quis
2688 4503 2844 4569 alius,
2883 4503 2935 4557 in
2968 4503 3135 4556 bonas
3166 4502 3369 4557 litteras
3402 4512 3725 4568 propensus,

464 4613 654 4667 magna
682 4614 809 4653 cura
833 4641 846 4662 ,
896 4609 955 4653 ut
1003 4600 1056 4653 in
1105 4600 1206 4655 hoc
1247 4599 1519 4669 dignitatis
1543 4600 1709 4669 gradu
1738 4600 1814 4655 illi
1841 4598 2182 4662 succederes,
2218 4597 2498 4662 laboravit,
2550 4610 2649 4651 nec
2677 4612 2761 4650 me
2791 4594 2971 4650 hercle
2992 4595 3197 4665 judicio
3223 4603 3315 4649 aut
3343 4592 3602 4660 Trajano,
3636 4599 3725 4643 aut

461 4689 733 4744 Antonino
764 4690 930 4761 impp.
957 4691 1198 4757 inferior,
1231 4708 1440 4747 morum
1473 4694 1617 4748 enim
1647 4693 1987 4762 elegantiam,
2018 4689 2181 4745 animi
2210 4689 2601 4757 fortitudinem,
2632 4704 2756 4744 cum
2786 4688 2839 4743 in
2873 4699 2925 4744 te
2956 4690 3302 4758 perSpiceret,
3338 4686 3492 4742 facile
3524 4686 3727 4753 reliqua

461 4794 581 4847 quae
606 4789 738 4835 tetas
770 4784 1029 4837 maturior
1050 4782 1293 4844 adderet,
1319 4791 1499 4839 mente
1543 4782 1931 4854 deprehendit,
1974 4795 2038 4837 ac
2063 4797 2130 4838 ex
2168 4782 2414 4837 convictu
2444 4779 2801 4850 frugalitatem
2832 4788 2975 4833 tuam
3005 4778 3216 4847 didicit,
3248 4793 3367 4849 qua
3397 4792 3500 4832 una
3533 4778 3727 4848 (quan-

462 4886 623 4937 quam
676 4872 859 4926 multae
903 4874 1013 4927 sint
1057 4872 1281 4929 virtutes
1331 4890 1450 4945 quae
1502 4875 1803 4944 principum
1836 4888 2034 4931 nomen
2065 4871 2377 4942 honestant)
2404 4872 2755 4930 celebriorem
2781 4880 2833 4926 te
2860 4871 3088 4927 reddere
3111 4872 3412 4942 potuisset;
3443 4871 3556 4925 sola
3586 4868 3728 4923 enim

462 4976 525 5015 ea
558 4960 813 5020 miraculo
835 4964 1054 5032 propius
1076 4962 1317 5027 accedit,
1337 4977 1459 5017 cum
1490 4964 1756 5020 hominem
1798 4965 1901 5019 sibi
1931 4965 2164 5020 devincit
2190 4965 2402 5019 cmteris
2439 4963 2718 5033 majorem.
2763 4962 2971 5017 Etenim
2999 4977 3118 5016 cum
3147 4964 3418 5032 principes
3443 4964 3724 5033 imaginem

461 5053 746 5125 quamdam
775 5055 1012 5109 referunt
1043 5056 1133 5109 Dei
1165 5097 1180 5120 ,
1232 5060 1400 5127 magis
1431 5073 1546 5112 eam
1579 5060 1765 5126 exprin
1793 5060 1805 5113 i
1836 5057 1931 5130 [F.
1962 5057 2289 5130 exprimere]
2322 5073 2589 5127 nunquam
2620 5068 2843 5127 possunt
2869 5075 3027 5128 quam
3070 5058 3181 5125 ipsa
3210 5058 3449 5128 justitia,
3484 5074 3605 5123 qua:
3628 5068 3723 5111 ceu

462 5145 761 5200 membrum
789 5160 1054 5200 summurn
1081 5145 1367 5215 frugalitati
1400 5148 1637 5204 adhaeret
1664 5167 1676 5200 :
1706 5164 1767 5203 ea
1793 5148 1998 5217 justilia
2026 5162 2202 5204 autem
2236 5149 2448 5218 preprie
2470 5149 2790 5204 Christianis
2813 5151 2938 5206 viris
2972 5165 3074 5206 non
3103 5152 3278 5219 appell
3300 5161 3398 5205 itur
3422 5151 3470 5205 id
3502 5150 3644 5220 quod
3672 5149 3721 5203 iu

460 5238 710 5292 omnibus
739 5240 1034 5306 perlectum
1066 5237 1135 5290 sit
1169 5238 1329 5307 (quod
1355 5240 1581 5294 soliDeo
1606 5239 2051 5308 attribuendum),
2079 5242 2292 5296 habitus
2324 5254 2497 5295 tamen
2527 5241 2688 5295 animi
2719 5250 2820 5307 est,
2853 5258 2958 5308 quo
2982 5229 3185 5297 naturae
3211 5243 3433 5299 affectus
3456 5244 3518 5298 ad
3548 5243 3721 5296 divina

460 5347 525 5388 ac
564 5331 792 5387 humana
835 5332 954 5398 jura
986 5336 1153 5403 magis
1184 5332 1361 5387 idonei
1400 5334 1712 5389 reddantur.
1756 5336 1824 5388 At
1851 5349 1970 5388 cum
2006 5335 2197 5403 injuria
2224 5334 2403 5388 smculi
2436 5332 2595 5403 hujus
2616 5335 2783 5389 nostri
2810 5376 2823 5399 ,
2858 5334 2996 5389 inter
3024 5345 3216 5389 cattera
3242 5378 3255 5401 ,
3287 5346 3341 5390 et
3363 5337 3497 5390 hanc
3524 5346 3723 5403 peetem

460 5425 693 5491 induxit,
716 5436 771 5481 ut
794 5428 911 5482 sine
942 5426 1140 5481 offensa
1176 5426 1427 5495 pluriutn,
1447 5441 1545 5482 nec
1573 5428 1779 5498 absque
1809 5430 2096 5483 multorum
2126 5426 2385 5482 invidiosa
2411 5427 2736 5496 suspicione.
2767 5428 2924 5483 ullius
2953 5428 3139 5499 religio
3166 5429 3248 5482 vel
3277 5428 3486 5497 probari
3511 5427 3593 5481 vel
3620 5427 3720 5481 im-

534 5622 810 5699 (s)._llanc_
835 5624 1009 5699 Vitam
1034 5665 1049 5689 ,
1096 5625 1148 5679 iu
1177 5625 1410 5699 editione
1440 5624 1733 5699 Bas_ileensi
1764 5624 2049 5695 posteriori
2084 5635 2228 5684 tomo
2256 5625 2517 5684 Thesauri
2551 5625 2871 5699 Eugippiani
2903 5626 3255 5699 praemissam,
3289 5628 3412 5696 huc,
3442 5638 3561 5697 quia
3592 5622 3719 5679 ordo

464 5693 735 5761 postulare
764 5695 1059 5763 videbatur,
1094 5698 1480 5752 revocavimus.
1527 5695 1683 5754 EDIT.
