1978 3090
121 179 176 208 553
815 175 1067 205 PROLEGOMENA
1072 195 1078 201 .
1703 171 1716 196 ἷ
1720 170 1753 199 51

122 234 231 269 [ποὴυί
254 235 359 269 possit,
384 234 461 262 mitto
483 233 708 269 magniﬁcentiam
730 232 803 260 illam
825 240 877 267 qua
900 233 1030 261 hactenus
1043 230 1125 260 divini
1152 231 1268 260 uomitus
1281 230 1383 260 cultum
1398 229 1587 265 protusissimis
1611 229 1755 263 impendas

121 280 213 307 ditaSti
226 300 236 313 ,
259 271 347 307 solum
362 279 477 315 ingenue
498 280 584 307 dicam
597 300 604 312 ,
620 279 753 314 ingratum
775 283 801 305 te
825 278 879 305 Deo
901 278 962 313 Opt.
979 278 1048 305 Max.
1065 285 1118 304 non
1133 284 1212 306 esse:
1229 281 1258 304 ut
1270 277 1350 305 audio
1363 276 1446 309 enim,
1461 274 1592 311 quidquid
1606 274 1639 303 ad
1655 274 1756 302 Christi

123 327 237 361 gloriam
251 326 388 361 pertinere
413 326 571 360 arbitraris,
596 326 622 353 id
642 325 738 353 sedulo
763 331 920 359 promovere
935 332 966 351 ac
979 324 1107 359 adjuvare
1125 324 1224 359 pergis.
1245 324 1273 351 in
1289 328 1414 358 parentes
1427 331 1459 351 ac
1473 323 1637 358 propinquos
1649 330 1708 357 quas
1721 323 1758 349 sit

124 377 169 398 tua
185 372 273 406 pietas
285 392 293 404 ,
320 371 422 398 utinam
446 371 553 406 quidatn
578 371 695 404 expetiri
718 370 846 402 mallent,
860 377 939 404 quant
954 369 1092 404 invigilare
1105 369 1239 404 quomodo
1264 369 1492 403 longanimitatem
1508 373 1579 396 tuam
1593 367 1758 395 exacerbare

124 417 230 451 possint
247 417 254 444 ε
275 416 339 449 Quis
364 417 436 443 cnim
460 424 539 451 quem
563 424 577 443 a
599 424 681 451 puero
696 416 729 442 ad
743 423 822 443 omne
850 415 911 442 vita:
926 415 1077 442 institutum
1093 418 1233 448 parentum
1251 412 1379 441 volunta'ti
1393 414 1520 445 cessisse,
1533 421 1566 440 ac
1577 413 1682 440 caeteris
1696 420 1758 447 pro-

123 464 233 499 pinquis
247 469 301 492 tam
316 463 485 492 obedientem
502 464 572 491 norit
583 484 591 496 ,
614 463 669 498 jam
683 463 717 491 de
733 469 758 491 te
773 463 848 496 viro,
863 470 895 490 ac
912 462 1009 490 ferocia
1023 461 1134 496 juvenili
1149 461 1285 496 deposita,
1296 468 1348 488 non
1362 468 1494 488 sumntum
1505 460 1676 487 clementiam
1691 466 1758 486 con—

123 510 216 544 cipere
229 511 336 544 potest?
349 509 567 545 quandoquidem
583 510 654 536 enitn
668 508 694 535 in
710 513 833 542 parentes
846 507 963 535 crudelis
982 507 1108 534 omnibus
1130 506 1292 534 inhumanus
1316 510 1436 540 apparet,
1463 507 1570 539 oportet
1584 510 1648 539 erga
1671 503 1757 538 tnajo-

126 563 170 583 res
186 556 338 583 reverentia
359 556 551 583 humanitatem
575 554 714 588 promittat
741 561 773 581 ac
799 553 990 581 amabilitatem
1015 552 1086 580 haud
1104 552 1253 579 minimam.
1281 551 1309 579 in
1325 552 1437 587 patriam
1452 558 1529 585 quam
1542 551 1581 578 sis
1596 557 1757 585 propertius.

128 602 202 629 cives
217 601 268 634 tui,
284 608 344 628 cum
366 608 415 628 ceu
437 608 535 627 nutnen
551 600 683 635 quoddam
706 604 732 626 te
750 599 908 634 suspiciunt,
920 599 987 626 satis
1000 599 1140 626 declarant
1153 607 1159 624 :
1174 603 1201 626 et
1215 605 1294 633 quam
1312 598 1436 631 princeps
1451 598 1533 630 utilis,
1550 604 1626 624 amor
1638 597 1759 624 omnium

127 647 172 682 qui
188 648 240 674 tuis
261 646 388 680 auspiciis
402 647 503 681 absque
525 646 615 672 servili
640 647 736 672 timore
750 645 805 672 ullo
815 645 1015 679 gubernantur,
1031 648 1070 671 tot
1083 644 1229 671 instaurata
1249 651 1280 671 ac
1299 652 1315 671 e
1330 644 1511 682 fundamentis
1523 649 1657 672 exstructa
1674 644 1759 670 ferme

128 681 222 718 insana
234 691 346 718 aedilicia
361 690 499 722 indicant;
516 690 667 724 Augustum
681 689 752 716 enim
766 697 827 716 cum
842 689 977 716 annularis
990 709 997 722 ,
1014 697 1162 716 marmorea
1178 690 1268 716 omnia
1282 697 1342 723 qua:
1357 681 1470 716 lateri'tia
1496 690 1630 719 invenisti.
1646 690 1760 716 reddere

126 728 204 772 cupis
220 744 227 762 :
243 743 275 764 ac
289 735 330 763 sic
344 735 467 770 Spartam
484 740 587 762 nactam
603 735 748 766 adornans,
771 734 896 769 principis
909 734 971 762 boni
987 740 1013 762 et
1029 734 1167 769 prudentis
1182 738 1272 769 partes
1286 735 1393 769 egregie
1407 734 1453 761 tibi
1468 734 1597 761 vindicas.
1620 734 1761 761 Fortitudo

126 788 218 810 autem
233 802 241 815 ,
263 782 347 809 altera
363 781 524 816 frugalitatis
538 788 599 815 pars
610 801 618 813 ,
633 788 695 808 cum
710 782 736 807 in
754 786 779 808 le
792 788 904 815 regnum
918 780 1017 807 habeat
1029 780 1200 812 latissimum,
1216 780 1299 807 animi
1314 780 1541 814 magnanimitate,
1556 787 1635 814 quam
1651 781 1760 814 sangui-

127 829 241 855 nolenta
254 827 381 862 iactantia
397 827 423 854 in
438 832 464 854 te
477 826 640 860 splendescit
654 826 738 862 magis
755 827 838 854 multo
851 835 858 853 :
873 834 934 854 nam
949 832 975 854 ut
987 827 1049 855 belli
1064 835 1146 854 onera
1157 834 1192 854 ex
1206 826 1372 861 proiessione
1385 826 1432 853 tibi
1447 830 1603 861 repugnant,
1620 827 1659 854 sic
1673 826 1758 854 hostis

127 872 304 900 infensissimi
317 872 419 899 insidia:
429 872 455 899 in
465 871 522 899 dies
531 878 614 898 novos
627 871 674 898 tibi
682 871 818 898 concitant
831 872 969 899 tumultua.
981 871 1040 900 Jam
1053 878 1209 906 pmsperum
1224 871 1266 906 [Β.
1278 870 1394 906 prosper]
1402 878 1542 899 successus
1553 872 1597 898 tibi
1614 873 1757 899 calcandus

126 920 216 951 venit,
225 918 288 944 dein
298 916 442 944 multorum
453 916 543 943 odium
556 915 681 950 patientia
690 915 873 943 suiferendnm
886 925 893 943 :
904 917 1023 950 domum,
1033 917 1060 943 in
1069 924 1121 951 quo
1131 921 1159 943 et
1170 916 1337 950 imperatoris
1346 921 1373 943 et
1384 917 1476 944 militis
1486 918 1587 944 strenui
1601 916 1720 945 officium
1730 923 1756 944 te

128 963 224 990 dicunt
238 967 367 997 praestare
381 962 496 994 fortiter,
513 966 542 989 ut
556 963 679 996 exemplo
693 962 732 990 sis
746 963 809 990 viris
825 962 877 991 illis
891 963 989 997 quibus
1003 971 1086 1001 precs
1101 965 1362 1000 integerrimis,quot
1375 964 1457 990 animi
1470 964 1582 991 all'cctus
1598 964 1646 991 tibi
1663 965 1755 991 interi-

130 1009 240 1036 mendi!
256 1008 388 1036 Caeterum
409 1015 487 1042 quant
510 1007 624 1034 infracto
637 1008 674 1035 sis
701 1007 766 1034 alias
787 1007 877 1035 animo
888 1028 895 1040 ,
915 1013 944 1035 et
957 1009 1000 1044 qui
1025 1009 1146 1036 habitum
1161 1009 1244 1036 animi
1260 1009 1296 1036 tui
1309 1012 1418 1041 norunt,
1433 1008 1599 1042 pradicant:
1615 1009 1670 1036 imo
1686 1016 1759 1036 sum-

130 1061 203 1081 mam
215 1053 393 1080 constantiam
415 1057 518 1079 natura:
532 1052 697 1087 benignitate
711 1052 835 1080 sortitum
859 1057 886 1080 te
900 1061 960 1080 esse
975 1054 1145 1082 confitentur.
1161 1054 1246 1082 Venio
1258 1055 1291 1081 ad
1304 1054 1470 1089 prudentiain
1484 1062 1535 1088 qua
1549 1055 1607 1082 sine
1623 1055 1690 1090 fingi
1705 1055 1762 1083 dici

131 1100 175 1126 vix
190 1103 279 1133 potest
291 1098 400 1133 aliquis.
415 1099 463 1126 ιω
476 1097 635 1125 canonicum
653 1097 728 1132 (utar
742 1097 878 1125 vocabulis
890 1099 1047 1134 consuetis)
1070 1099 1189 1134 praelatis
1201 1099 1270 1127 hanc
1283 1106 1363 1126 unam
1379 1107 1434 1134 pra:
1448 1100 1507 1127 aliis
1520 1100 1663 1127 virtutibus
1675 1101 1762 1128 omni-

132 1146 182 1173 bus
194 1144 407 1179 amp'ectendam
430 1144 562 1179 praecipit,
587 1148 615 1171 ut
629 1151 705 1179 atque
720 1143 872 1172 litterarum
886 1145 912 1172 in
923 1145 1025 1180 judicio
1038 1145 1144 1173 valeant
1156 1153 1188 1173 ac
1203 1146 1285 1174 rebus
1295 1144 1475 1181 gubernandis
1488 1146 1603 1175 solertes
1617 1147 1681 1174 sint.
1704 1148 1763 1182 Ipse

131 1193 250 1227 denique
271 1191 393 1219 Christus
415 1192 581 1226 simplicitati
604 1199 664 1219 eam
688 1191 871 1226 conjungere,
895 1192 1026 1227 nobisque
1051 1191 1123 1220 illam
1148 1192 1276 1227 adaptare
1302 1192 1388 1228 jubet.
1410 1192 1474 1227 Quis
1485 1198 1574 1220 autem
1592 1199 1618 1222 te
1632 1193 1660 1221 in
1675 1201 1704 1221 re
1719 1196 1761 1222 rei

134 1240 239 1274 privata
253 1239 296 1267 vel
314 1239 418 1274 publica
434 1238 643 1266 administranda
657 1238 808 1266 cculatior?
820 1238 885 1272 Quis
895 1237 922 1265 in
933 1237 1110 1266 observandis
1125 1238 1305 1273 temporibus,
1319 1238 1401 1271 locis,
1417 1239 1538 1273 personis
1548 1259 1557 1272 ,
1573 1240 1663 1274 rebus,
1679 1247 1763 1275 nego-

135 1288 179 1313 tiis
193 1286 280 1321 magis
296 1285 434 1313 intentus?
453 1285 530 1318 Quod
553 1292 606 1312 non
632 1290 778 1319 maturum,
801 1284 847 1312 diu
862 1283 1028 1319 multumque
1046 1291 1099 1312 non
1113 1284 1311 1312 consideratum
1327 1284 1436 1312 verbum
1449 1283 1495 1311 tibi
1509 1292 1624 1320 unquam
1641 1286 1763 1314 excidit?

136 1337 165 1359 ut
178 1331 287 1358 interim
303 1335 406 1358 taceam
420 1338 500 1366 quam
516 1335 543 1358 te
556 1331 740 1365 perspicacem
754 1329 881 1357 ostendas
893 1329 921 1358 in
948 1330 981 1357 iis
1002 1330 1121 1360 moribus
1133 1330 1230 1365 quibus
1245 1338 1341 1357 nomen
1359 1330 1515 1364 praeclarum
1528 1331 1661 1358 demereri
1681 1331 1761 1359 solet.

137 1377 165 1405 Si
180 1376 367 1403 liberalitatem
382 1380 453 1403 tuam
473 1380 583 1403 attentat
609 1376 736 1410 temporis
758 1374 843 1410 ratio,
855 1375 915 1410 quis
937 1376 980 1404 cui
995 1375 1059 1411 quid
1073 1380 1120 1403 aut
1133 1380 1260 1410 quantum
1276 1375 1390 1403 dandum
1420 1377 1455 1403 sit
1481 1376 1565 1411 magis
1588 1377 1765 1405 considerat?

137 1422 165 1451 Si
179 1421 404 1456 magniﬁcentiam
416 1443 425 1456 ,
448 1424 577 1456 quantum
588 1421 622 1448 de
637 1420 750 1449 utilitate
762 1425 843 1456 atque
862 1425 959 1448 ornatu
974 1420 1080 1456 publico
1092 1420 1222 1448 sollicitus
1236 1421 1286 1449 es?
1314 1420 1366 1448 Sed
1381 1428 1433 1456 quo
1447 1428 1490 1447 me
1503 1421 1639 1449 deduxere
1653 1423 1765 1452 virtutes

137 1472 191 1494 tam
204 1471 260 1493 tam
273 1465 411 1498 amabiles,
429 1469 485 1492 tam
499 1465 635 1499 jucunda,
650 1465 775 1501 princeps
794 1464 994 1493 iitustrissime?
1007 1473 1102 1493 vereor
1115 1472 1149 1493 ne
1161 1464 1277 1501 Scyllam
1291 1466 1408 1494 devitarc
1420 1466 1540 1501 cupiens,
1550 1466 1690 1502 Carybdim
1700 1469 1765 1496 inci-

137 1512 199 1540 dam
217 1519 300 1544 ;eum
313 1511 384 1538 enim
399 1517 452 1538 non
469 1511 559 1541 inepte
572 1510 618 1538 tibi
634 1510 684 1538 hoc
698 1518 765 1546 opus
780 1510 948 1544 inscripsisse
961 1510 1110 1543 contendo.
1126 1518 1219 1545 parum
1233 1511 1308 1538 abest
1325 1511 1388 1547 quin
1403 1511 1519 1546 plurium
1531 1511 1641 1546 judicio,
1657 1513 1701 1547 qui
1716 1522 1766 1541 suo

138 1558 249 1593 ingenio
261 1557 395 1584 aestimant
408 1563 538 1591 quosque,
555 1557 781 1585 assentatinncula
797 1557 910 1592 quadam
924 1557 1050 1591 aucupari
1065 1562 1135 1583 tuam
1149 1557 1265 1593 gratiam
1283 1557 1384 1589 videar,
1405 1557 1476 1592 quod
1489 1557 1581 1585 vitium
1599 1566 1613 1584 a
1628 1560 1706 1593 genio
1717 1567 1767 1586 no-

138 1611 208 1636 ςιιο,
223 1606 246 1631 si
262 1602 326 1638 quid
348 1603 417 1630 aliud
428 1624 435 1636 ,
453 1603 579 1630 abhorret
600 1603 728 1631 maxime.
749 1603 789 1630 Tu
801 1611 866 1630 Vcro
882 1610 931 1638 pro
945 1603 1027 1630 animi
1041 1603 1077 1629 tui
1092 1602 1233 1630 clementia
1246 1610 1278 1630 ac
1291 1604 1449 1630 auctoritate
1462 1608 1505 1631 tua
1522 1607 1613 1632 tueare
1628 1604 1765 1637 volumen.

141 1651 192 1676 hoc
205 1648 333 1681 defende,
347 1652 376 1675 et
389 1648 461 1674 hunc
476 1652 596 1675 nostrum
613 1648 639 1675 in
660 1653 687 1675 te
700 1648 817 1675 animum
840 1647 1105 1675 observantissimum
1118 1648 1178 1675 boni
1194 1648 1322 1676 consule:
1338 1656 1400 1676 nam
1416 1649 1465 1676 etsi
1479 1655 1572 1678 auctor
1588 1650 1631 1679 hic
1645 1651 1769 1686 dignissi-

144 1703 206 1722 mus
233 1695 269 1721 sit
291 1694 335 1729 qui
351 1695 403 1722 tuis
415 1694 541 1729 auspiciis
555 1694 713 1722 diutissimis
736 1702 768 1721 ac
791 1693 962 1728 deplorandis
978 1694 1095 1721 tenebris
1110 1699 1228 1726 eruatur,
1248 1701 1301 1721 non
1316 1701 1407 1728 patum
1421 1694 1522 1722 laboris
1537 1693 1564 1721 in
1577 1702 1610 1722 eo
1624 1703 1673 1722 nos
1687 1695 1769 1723 devo-

142 1748 219 1768 rasse
232 1739 280 1767 tibi
295 1740 456 1774 persuadeas
467 1740 538 1767 volo.
561 1740 656 1774 Augeat
671 1739 803 1767 stabulum
820 1743 945 1775 repurgat
967 1740 1086 1774 quisquis
1112 1745 1201 1766 vetera
1224 1739 1385 1774 exemplaria
1400 1740 1543 1767 emendare
1556 1741 1639 1775 cupii,
1656 1742 1672 1768 ιι
1686 1749 1706 1768 ιε
1719 1750 1769 1774 pro

142 1790 218 1813 certo
228 1785 363 1812 aillrmare
377 1792 494 1820 possum.
516 1785 644 1820 Equidem
662 1789 758 1819 pra-ter
773 1785 854 1812 multa
865 1791 927 1819 quae
942 1784 1019 1812 Delio
1034 1788 1154 1811 natatoie
1166 1791 1233 1819 opus
1247 1783 1355 1817 habent,
1366 1792 1424 1818 qua:
1437 1785 1525 1812 blattis
1536 1790 1563 1812 et
1574 1786 1653 1814 tineis
1665 1794 1768 1820 amna,

142 1839 205 1866 qste
220 1831 387 1858 librariorum
404 1829 499 1864 injuria
515 1837 562 1857 seu
579 1829 683 1856 inscitia
697 1830 840 1864 depravata
855 1850 862 1863 ,
879 1829 928 1857 hoc
942 1829 1073 1857 molestia:
1085 1829 1166 1856 etiam
1180 1828 1294 1861 accedit,
1309 1834 1336 1855 ut
1348 1830 1513 1858 characteris
1525 1831 1642 1858 inusitati
1659 1822 1774 1865 formas,

142 1885 196 1905 ceu
208 1876 408 1911 alphabetarius
422 1883 497 1910 puer,
513 1875 617 1903 discere
640 1875 746 1911 cogeris
768 1881 976 1909 noanunqnam:
994 1874 1048 1901 imo
1070 1881 1212 1908 operarum
1231 1881 1280 1901 ceu
1295 1876 1447 1910 peiagogus
1463 1875 1654 1903 indocilitatem
1669 1897 1676 1908 ,
1699 1885 1772 1912 sape

145 1930 207 1951 cum
222 1921 348 1956 patientia
361 1921 402 1956 (ut
413 1927 476 1948 sunt
490 1920 609 1956 morosa)
622 1920 735 1947 sufferre
749 1925 777 1947 et
790 1921 897 1947 docere.
917 1919 968 1953 Qui
983 1924 1072 1946 autem
1093 1919 1174 1945 animi
1191 1918 1226 1945 tui
1242 1919 1411 1946 clementiam
1426 1926 1457 1947 ac
1472 1927 1632 1954 propensam
1643 1929 1706 1956 erga
1722 1931 1772 1949 nos

145 1968 321 1996 hulnan'ttatis
336 1972 389 1995 tute
404 1968 567 1995 voluntatem
588 1968 727 2002 pra-dicat,
743 1972 784 1994 est
799 1967 922 1994 omnibus
939 1966 1068 1994 virtutum
1086 1965 1168 1992 titulis
1181 1970 1291 1992 ornatus
1305 1964 1349 1993 ille
1362 1965 1479 1993 Joannes
1500 1967 1637 2000 Huberus,
1652 1973 1679 1995 et
1690 1970 1774 1998 animi

147 2014 311 2040 amabilitalc
323 2019 349 2040 et
362 2013 527 2048 professione
538 2022 617 2041 verus
632 2014 751 2042 medicus
763 2035 771 2047 ,
796 2013 861 2041 nulli
887 2014 959 2048 (cum
985 2012 1075 2039 multis
1089 2012 1257 2046 prtnfcratur)
1272 2011 1471 2046 postponondus
1485 2012 1511 2039 in
1525 2020 1557 2040 ea
1580 2018 1638 2040 arte
1653 2022 1704 2048 qua
1721 2016 1774 2043 hu-

148 2059 220 2087 mani
234 2059 341 2094 generis
361 2059 564 2086 necessitatibus
588 2067 603 2086 a
622 2060 759 2087 clementia
783 2060 826 2085 div
839 2066 872 2085 na
895 2063 947 2086 tant
963 2059 1045 2094 probe
1068 2058 1218 2085 consultum
1234 2063 1285 2085 est.
1308 2058 1346 2085 De
1360 2065 1414 2092 quo
1436 2058 1517 2086 ctiam
1531 2066 1610 2094 quam
1626 2060 1722 2088 Nestor
1739 2063 1774 2089 de

148 2112 205 2134 tota
224 2105 388 2134 medicorum
402 2106 478 2134 turba
494 2106 561 2133 ltaud
573 2106 655 2140 magis
671 2107 758 2140 inepte
772 2106 829 2140 quis
844 2105 923 2138 dicat,

697 2207 702 2217 Α
721 2173 785 2203 ἰατρὸς
793 2180 826 2204 γὰρ
834 2179 878 2204 ἀνήρ
889 2179 959 2199 tam"
969 2177 1052 2201 ἀντάίνος
1063 2178 1136 2202 eam;

150 2257 214 2276 nam
226 2249 250 2275 is
261 2253 388 2282 quantum
403 2247 430 2274 in
445 2247 575 2275 medicina
589 2247 672 2281 possit
686 2247 744 2281 quis
759 2247 880 2282 ignorat?
896 2246 935 2274 'fu
951 2247 1018 2281 ipse,
1035 2247 1157 2282 princeps
1172 2247 1363 2281 illustrissiine,
1382 2247 1475 2280 testis,
1496 2251 1578 2274 testes
1594 2254 1654 2274 csse
1668 2254 1780 2282 possunt

149 2301 180 2323 et
194 2295 354 2322 Gnillelmus
367 2300 398 2320 ac
422 2293 552 2327 Georgius
566 2293 756 2327 Itapoltzsteini
775 2294 858 2329 reguli
871 2293 1031 2328 magnanimi
1043 2317 1049 2327 ,
1066 2300 1147 2322 testes
1161 2296 1312 2330 quicunque
1327 2295 1395 2322 inter
1405 2296 1542 2330 Sequanos
1555 2295 1704 2324 'i‘t'ibocbos
1717 2298 1781 2332 plus

151 2342 262 2376 ingenui
276 2341 416 2373 habentur,
432 2341 476 2376 qui
491 2347 596 2367 omnem
610 2340 770 2367 Valetudinis
785 2341 916 2367 ratioiietn
932 2340 965 2367 ad
979 2340 1119 2368 arbitrium
1139 2341 1217 2376 hujus
1234 2342 1316 2369 ferme
1331 2341 1427 2376 singuli
1441 2341 1581 2375 deferunt,
1601 2342 1636 2369 ab
1653 2350 1688 2369 eo
1701 2350 1781 2376 opem

151 2388 291 2423 pustulam
312 2393 339 2415 et
358 2388 471 2414 salutem
487 2393 641 2422 exspectant
655 2398 660 2415 :
689 2396 742 2424 quo
762 2389 820 2415 sine
840 2389 976 2416 insuavius
991 2390 1038 2417 tibi
1051 2410 1062 2425 ,
1073 2397 1126 2423 quo
1140 2391 1264 2424 prmsenti
1287 2390 1446 2417 suavissime
1460 2390 1518 2417 dies
1530 2390 1618 2418 omttis
1635 2391 1780 2425 peragitur.

151 2435 210 2462 Nec
228 2441 323 2460 mirum
340 2440 401 2460 cum
422 2433 542 2460 doctrina
562 2434 711 2463 admirabili
731 2436 837 2463 familiae
856 2443 911 2462 sua:
927 2435 1074 2462 illustrator
1090 2435 1197 2469 existat,
1214 2443 1245 2462 ac
1260 2436 1286 2462 in
1300 2436 1348 2462 hac
1364 2436 1459 2470 inclyta
1476 2435 1547 2463 Urbe
1561 2436 1686 2464 omnibus
1701 2445 1782 2472 quam

152 2487 206 2514 pro
222 2483 300 2505 a-tate
315 2478 495 2505 observandas
510 2479 593 2513 magis
609 2480 724 2514 videtur,
746 2488 806 2508 cum
828 2480 953 2507 omnibus
967 2481 1110 2512 humanus,
1128 2480 1162 2507 ab
1179 2481 1304 2508 omnibus
1317 2481 1395 2507 hortis
1408 2481 1523 2515 colatur,
1537 2487 1655 2516 ametur,
1670 2482 1741 2510 adeo
1754 2489 1784 2510 ut

150 2529 180 2554 in
197 2526 332 2560 republica
345 2525 396 2552 hac
411 2526 450 2552 vir
467 2526 512 2553 ille
531 2527 754 2561 consultissimus,
767 2528 903 2556 senatorio
917 2528 1012 2556 ordine
1026 2528 1181 2562 praclarus.
1197 2528 1313 2556 lacubus
1328 2528 1431 2562 Ruede,
1445 2530 1593 2565 repudiatis
1607 2531 1696 2565 procis
1709 2531 1782 2558 mul-

151 2574 202 2605 tis,
219 2572 290 2598 hunc
303 2578 384 2597 unum
393 2571 426 2597 in
440 2578 567 2605 genertnn
581 2572 693 2599 adscivit
703 2593 711 2604 ,
734 2574 775 2600 cui
799 2574 879 2600 tiliam
895 2574 981 2600 :ntatis
1000 2572 1079 2609 hujus
1092 2573 1162 2601 inter
1178 2573 1289 2602 feminas
1303 2574 1385 2609 (quod
1399 2576 1508 2609 quidem
1526 2577 1665 2604 minimum
1679 2576 1780 2604 donum

150 2619 276 2649 caelestis
290 2618 382 2653 gratia
395 2618 465 2645 haud
479 2623 530 2651 est,
545 2620 603 2654 ipso
616 2620 760 2647 Salomone
775 2620 852 2656 teste)
868 2622 976 2648 unicum
993 2621 1136 2656 pudicitiae,
1149 2622 1294 2648 venustatis
1312 2622 1537 2657 atnabilitatisquo
1552 2624 1689 2657 exemplar
1714 2630 1782 2650 con-

150 2670 290 2703 jungerei,
310 2666 404 2699 dignus
418 2667 491 2692 visus
518 2671 560 2693 est
583 2668 676 2694 unicus
697 2671 724 2694 et
746 2667 819 2694 solus
841 2667 884 2694 hic
899 2668 1021 2695 Huherus
1036 2668 1073 2694 tui
1095 2667 1348 2696 observantissimus
1369 2673 1397 2696 et
1411 2673 1503 2696 noster
1516 2674 1643 2703 patronus
1654 2668 1783 2703 optimus.

151 2715 286 2743 Gratulor
299 2714 378 2748 igitur
391 2714 455 2740 etin
471 2713 521 2741 hac
536 2722 565 2741 re
580 2714 628 2741 tibi
642 2723 721 2749 quam
736 2716 851 2742 maxime
865 2716 910 2750 qui
927 2715 953 2742 in
968 2715 1120 2742 clientelam
1135 2715 1215 2743 talem
1229 2716 1313 2743 virum
1326 2716 1479 2750 suscepisti,
1496 2715 1572 2749 cujus
1587 2721 1680 2749 opera,
1695 2713 1747 2741 lldc
1760 2719 1788 2742 et

152 2770 211 2797 ope
225 2767 320 2790 utare:
335 2761 399 2788 mihi
410 2767 499 2789 autem
512 2763 614 2797 gaudeo
628 2762 672 2798 qui
685 2769 778 2790 nactus
792 2764 842 2790 sim
858 2763 1037 2790 institutorem
1053 2769 1107 2790 tam
1122 2763 1297 2798 praclarum,
1316 2764 1393 2797 cujus
1409 2762 1519 2790 consilio
1533 2768 1558 2789 te
1573 2769 1714 2796 patronum
1730 2770 1782 2790 no-

153 2811 200 2838 bis
216 2809 314 2848 factum
332 2808 404 2838 scio.
426 2813 452 2834 et
471 2807 642 2835 Maecenatem
664 2808 812 2835 studiorum
831 2813 983 2835 nostrorum
1008 2808 1236 2835 liberalisisimum.
1267 2809 1361 2835 Parnm
1384 2814 1472 2834 autem
1497 2807 1611 2840 ingenue
1623 2814 1667 2833 me
1690 2807 1787 2836 fecisse
1833 2798 1838 2806 ’

152 2853 302 2882 crederem
322 2852 345 2879 si
369 2852 487 2886 cujusvis
507 2852 625 2879 animum
649 2860 810 2888 propensum
834 2854 860 2880 in
887 2858 912 2880 tc
926 2853 1106 2880 taciturnitate
1126 2861 1186 2881 mea
1207 2852 1405 2888 dept'itneretn:
1421 2852 1551 2879 Joannem
1564 2851 1790 2888 Holfmeysterutn

154 2898 268 2931 collegii
281 2896 464 2932 Augustiniani
489 2898 514 2924 in
532 2897 639 2926 Colniar
659 2899 854 2927 moderatorem
870 2898 966 2927 litteris
979 2898 1161 2933 amicissimis,
1176 2906 1236 2926 cum
1254 2898 1439 2926 honestissima
1455 2898 1492 2925 tui
1509 2898 1625 2927 nominis
1638 2900 1788 2935 mentione.

304 2954 440 2984 Γιτιιοι..
464 2952 561 2983 LXII.
1534 2955 1571 2985 18
