3956 6180
376 362 487 420 555
712 354 715 357 '
1418 354 1483 409 o.
1516 346 1907 408 emovemus
1944 346 2165 403 ABBAS
2206 338 2609 399 AFRICANUS.
3543 316 3642 380 5'56

377 492 441 538 ut
462 480 560 537 hos
586 481 799 535 labores
821 477 915 532 tibi
944 474 1252 530 dedicarem
1281 470 1625 526 admonuisse
1656 482 1743 521 me
1780 479 1993 535 quoque
2023 463 2190 525 scito,
2223 456 2311 514 ille
2347 458 2489 512 enim
2525 453 2677 507 bonis
2716 447 2909 504 litteris
2942 456 2995 503 te
3022 446 3162 500 adeo
3188 441 3492 499 studiosum
3516 452 3643 509 ph!!-

379 576 543 637 dicat,
565 578 627 626 ut
652 568 866 626 l‘iudari
891 567 1091 621 dictum
1112 566 1215 618 hoc
1239 575 1452 632 semper
1478 560 1529 613 in
1554 573 1651 613 ore
1678 557 1877 611 habeas
1909 572 1923 609 :

1522 653 1632 701 ὅσοι
1653 658 1695 699 δὶ
1709 662 1758 708 μή
1775 658 1942 711 πιᾳὶληιι

1527 726 1628 769 Ζιῦς.
1649 722 1843 767 ἀτῦζονςοι
1868 722 1955 769 βοὰν

1524 781 1709 836 ῐιιιρὶδυν,
1730 785 1875 821 ἀνιόντα

1530 851 1599 886 Γᾶν
1620 860 1661 885 τι
1681 847 1741 884 ul
1760 847 1890 883 πόντων
1909 842 1991 879 κατ’
2009 836 2281 890 ἆμιιμᾶξηην.

382 934 552 988 Macte
576 946 708 999 ergo
731 930 957 994 virtute,
987 927 1287 984 studiorum
1317 923 1660 979 Maecenatem
1691 927 1745 974 te
1770 916 1966 971 exhibe
1988 914 2273 968 candidum
2295 952 2311 976 ,
2336 921 2606 977 nunquam
2634 906 2861 959 deerunt
2903 902 2993 973 qui
3024 915 3221 955 nomen
3252 908 3399 953 tuum
3431 896 3652 951 immor-

382 1027 490 1083 tale
535 992 766 1080 reddere
809 992 1100 1084 recusent;
1144 1016 1343 1073 etenim
1391 1014 1645 1068 virtutem
1677 1055 1691 1077 ,
1742 1023 1855 1064 rem
1896 1006 2138 1061 omnium
2182 1020 2361 1059 rerum
2397 999 2841 1072 pretiosissimam
2880 997 3224 1051 illustriorem
3257 993 3453 1049 faciunt
3488 992 3654 1047 multo

383 1117 595 1190 ingenia
618 1115 894 1187 prmclara,
919 1127 1002 1176 ac,
1036 1120 1092 1164 ut
1120 1118 1174 1164 et
1200 1122 1301 1175 ego
1320 1119 1535 1176 quoque
1564 1113 1682 1156 utar
1712 1099 1924 1155 Pindari
1957 1096 2155 1158 verbis,

1521 1208 1574 1246 τὸ
1599 1202 1642 1245 δῖ
1663 1206 1792 1243 πων
1815 1197 1869 1248 ὦ,
1888 1206 2029 1253 τριτον
2051 1200 2204 1245 ἄθλων,

1528 1264 1574 1307 Εὖ
1603 1265 1631 1303 ῗ⁹
1654 1269 1794 1305 ἁιαὺιιν
1819 1262 1970 1313 Stati".
1992 1267 2054 1311 μιῐ

1533 1330 1584 1391 [³⁸.
1606 1330 1839 1378 ἀμφοτάροισι
1862 1323 1897 1363 δ’
1918 1326 2007 1375 ἀνήρ

1526 1388 1576 1435 ος
1599 1391 1643 1428 ἂν
1668 1389 1819 1440 {Tum
1842 1389 1903 1425 ιιὶ
1926 1388 2004 1435 ἴλῃ,

1521 1456 1694 1503 Iussus
1718 1451 1869 1503 ὕψιστον
1893 1445 2074 1489 δίδωτιι.

1522 1466 1694 1505 supra
1719 1466 1869 1503 nuptas“
1893 1466 2074 1489 osouvu.

463 1539 711 1595 Christus
740 1534 897 1593 Jesus
928 1542 979 1589 te
1001 1570 1020 1598 ,
1069 1526 1404 1601 pientissime
1436 1525 1623 1592 abbas,
1654 1523 1902 1595 princeps
1933 1518 2297 1577 llltISll'laSlllle
2322 1558 2339 1587 ,
2371 1516 2696 1574 incolumem
2723 1521 3009 1581 conservet
3033 1511 3125 1567 diu
3149 1519 3205 1567 et
3228 1510 3384 1565 nobis
3414 1518 3470 1566 ct
3503 1509 3661 1564 bonis

384 1634 653 1691 omnibus.

458 1725 679 1779 Itasilrm
708 1722 749 1776 li
788 1732 1097 1781 uracorum,
1130 1730 1180 1769 tv
1212 1725 1380 1769 nonas
1411 1708 1662 1779 Augusti,
1692 1721 1833 1762 anno
1864 1720 1896 1760 a
1920 1714 2045 1761 nato
2067 1702 2283 1758 Christo
2307 1716 2512 1757 IDXLII.

1518 1907 2124 2013 EUGYPPII
2200 1898 2555 2037 VITA,

1376 2072 1667 2125 AUC’I‘ORE
1702 2070 1942 2121 JOANVE
1976 2068 2232 2119 HEROLD
2268 2064 2685 2118 ACROPOLITA.

385 1838 1866 1870 __________________________—

1886 1814 3655 1848 Μ

461 2254 575 2311 Etsi
629 2251 795 2323 probe
824 2261 1146 2307 noveramus
1173 2254 1366 2316 pra-ter
1397 2240 1752 2305 Gennadinut,
1780 2239 1964 2293 lluno-
1996 2244 2045 2301 Α
2075 2240 2201 2293 tnati
2256 2239 2502 2293 faverent
2550 2253 2613 2292 ac
2660 2235 2728 2290 ad
2777 2234 2987 2289 unicam
3037 2232 3175 2286 hanc
3206 2231 3455 2287 limresim
3482 2233 3663 2287 omnia

388 2352 551 2416 rium,
610 2361 769 2418 quem
813 2352 867 2400 ct
908 2340 1010 2414 ipsi
1068 2341 1320 2405 vidimus,
1352 2337 1706 2392 Trithemium
1737 2348 1971 2405 quoque,

391 2451 640 2494 auctores
666 2436 830 2492 etiam
861 2436 1000 2489 alios
1029 2430 1249 2487 minime
1301 2426 1727 2485 contemnendos
1761 2426 1973 2494 Eugyp-

393 2534 464 2603 pii
495 2533 661 2586 nostri
692 2529 1021 2584 mentionem
1057 2524 1271 2587 fecisse,
1318 2521 1616 2592 prmsertim
1650 2516 1976 2575 Sabellicum

390 2638 444 2681 et
476 2620 888 2690 Plalinam,qui,
924 2615 1155 2687 Philippi
1182 2613 1511 2684 Bergomatis
1536 2625 1720 2668 errore
1742 2608 1978 2675 decepti,

393 2717 592 2787 alioqui
622 2712 721 2769 viri
748 2714 801 2767 in
834 2710 1083 2766 historica
1112 2706 1423 2778 cognitione
1451 2700 1809 2773 sagacissimi,
1848 2698 2002 2772 falso.

393 2808 670 2865 nominant
718 2803 1039 2875 Egesippum
1068 2818 1082 2855 :
1113 2798 1311 2854 etenim
1343 2812 1462 2851 cum
1488 2795 1618 2866 ipsis
1662 2790 1982 2847 vetustiores

395 2913 530 2969 quos
552 2895 947 2952 nominavimus
986 2889 1235 2947 Severini
1282 2888 1491 2943 abbatis
1519 2886 1709 2952 vitam,
1734 2881 1982 2940 exactio-
2013 2930 2021 2940 ,

396 2992 471 3045 ris
492 3004 553 3042 ac
582 2984 834 3043 solitariae
863 2984 981 3038 vitae
1006 2982 1241 3054 regulam
1266 2994 1388 3035 eum
1413 2975 1815 3046 conscripsisse,
1840 2972 1987 3028 affir-

398 3090 549 3136 mant
575 3098 587 3133 :
617 3078 682 3133 ad
712 3077 828 3132 hinc
857 3089 1042 3130 omnes
1073 3074 1378 3143 quicunque
1402 3068 1463 3123 D.
1499 3066 1762 3136 Fulgentii
1821 3067 1983 3119 vitam

397 3181 709 3234 exararunt,
734 3165 980 3237 epistola:
1012 3179 1167 3234 quant
1215 3163 1267 3216 in
1299 3161 1403 3215 fine
1426 3159 1583 3228 huius
1617 3156 1747 3212 torni
1778 3155 1985 3210 adden-

399 3265 521 3319 dam
553 3262 864 3315 curavimus
888 3258 929 3322 ‘,
961 3253 1028 3309 ad
1063 3251 1398 3323 Eugyppium
1445 3248 1679 3316 scriptas,
1730 3246 1991 3300 memine-

404 3365 567 3411 runt:
598 3358 724 3407 sunt
750 3357 926 3403 autem
954 3355 1103 3401 extra
1132 3344 1252 3408 bos,
1285 3354 1420 3410 quos
1451 3337 1671 3394 honoris
1698 3349 1858 3389 causa
1890 3350 1989 3388 no-

406 3447 696 3507 minamus,
726 3438 1038 3494 Vincentius
1080 3428 1506 3496 Bellovaccnsis,
1537 3427 1837 3483 Antoninus
1868 3425 1993 3480 Flo-

408 3536 673 3594 rentinus,
717 3529 806 3585 alii
858 3540 1071 3599 quoque
1098 3521 1372 3593 permulti.
1400 3519 1591 3588 Opera:
1622 3518 1851 3587 pretium
1896 3515 1992 3583 igi-

2081 2331 2363 2399 referrent,
2387 2330 2523 2383 adeo
2549 2338 2609 2382 ut
2636 2326 2785 2382 multi
2817 2342 3002 2396 parum
3054 2337 3414 2394 repugnantes
3462 2328 3671 2395 pericu-

2080 2424 2188 2478 lum
2214 2423 2332 2475 vitae
2353 2421 2615 2476 subierint
2641 2438 2655 2487 ;
2688 2431 2947 2487 prwterea
2971 2419 3268 2471 llonorirus
3296 2432 3411 2483 rex,
3435 2418 3523 2487 qui
3546 2434 3672 2472 cum

2081 2513 2134 2568 in
2166 2511 2555 2584 amplissimum
2584 2526 2803 2582 regnum
2828 2510 2965 2580 patri
2997 2516 3354 2573 successerat,
3393 2510 3672 2578 impietate

2082 2621 2296 2677 quoque
2318 2614 2521 2675 patrem
2546 2619 2803 2672 superare
2822 2602 3106 2672 gestiebat,
3134 2600 3422 2669 proscribit
3444 2601 3667 2666 multos,

2084 2694 2434 2766 deportantur
2461 2713 2567 2750 non
2594 2695 2768 2766 pauci,
2822 2676 3130 2764 frequentes
3159 2694 3210 2747 in
3243 2694 3489 2747 exsilium
3544 2695 3674 2748 ntit-

2087 2800 2291 2855 tuntur,
2340 2802 2586 2845 carceres
2635 2800 2825 2842 omnes
2874 2786 3055 2842 referti
3105 2785 3424 2847 insontibus.
3470 2784 3677 2853 ubique

2087 2883 2271 2948 minus,
2305 2890 2481 2938 terror
2511 2880 2767 2948 undique,
2799 2889 2854 2935 et
2901 2878 3203 2933 tristissima
3235 2880 3423 2931 mortis
3452 2879 3627 2946 imago
3660 2895 3676 2929 :

2086 2974 2181 3028 sed
2201 2972 2349 3043 justo
2378 2972 2470 3027 Dei
2492 2971 2695 3042 judicio
2725 2970 2997 3025 vermibus
3027 2982 3235 3034 arroso,
3280 2976 3339 3022 et
3364 2968 3540 3021 carnis
3572 2982 3680 3037 pu-

2092 3065 2298 3120 tredine
2324 3064 2557 3133 denique
2583 3072 2902 3131 consumpto
2929 3059 3279 3132 (phthiriasis
3302 3070 3535 3123 vocatur,
3564 3061 3675 3115 istc

2092 3157 2309 3212 morbus
2337 3156 2585 3225 medicis)
2621 3166 2866 3226 tyranno,
2898 3168 3089 3209 omnes
3136 3151 3423 3218 sperabant
3451 3150 3681 3206 Gauda-

2090 3247 2327 3304 bundum
2357 3247 2499 3315 regis
2519 3261 2588 3301 ex
2623 3246 2786 3300 fratre
2813 3254 3065 3313 nepotem
3091 3245 3362 3298 mitiorem
3414 3243 3681 3298 futurum.

2091 3338 2207 3393 lloc
2258 3339 2438 3408 itaque
2478 3337 2533 3390 in
2585 3336 2811 3391 tumultu
2843 3351 3023 3390 rerum
3056 3337 3107 3388 in
3135 3334 3362 3403 patriam
3398 3342 3686 3388 revocatur

2090 3428 2422 3499 Eugyppius;
2447 3441 2666 3483 reverso
2693 3434 2900 3492 autem,
2947 3425 3164 3482 solliciti
3202 3433 3450 3493 parentes
3480 3424 3685 3480 instant

2094 3520 2219 3574 vitae
2274 3519 2642 3573 conditionem
2689 3527 2744 3571 ut
2773 3518 2952 3587 eligat,
2994 3531 3100 3586 qua
3154 3516 3378 3571 honeste
3408 3516 3585 3570 vivere
3614 3530 3689 3569 ac

405 3639 491 3682 tur
539 3641 636 3681 nos
686 3623 920 3679 facturos
974 3619 1247 3684 duximus,
1300 3614 1545 3684 princeps
1604 3610 1987 3671 illustrissime,
2024 3614 2069 3672 Β
2097 3610 2375 3664 catholica:
2401 3609 2653 3663 Ecciesiae
2678 3622 2898 3677 operam
2932 3622 3127 3663 navare
3150 3615 3424 3662 strenuam
3477 3616 3688 3676 posset.

404 3718 535 3774 side
570 3716 683 3770 Vita
710 3711 966 3778 auctoris,
996 3723 1058 3763 ac
1082 3706 1289 3770 Probm,
1318 3705 1383 3758 ad
1407 3717 1563 3772 quam
1589 3700 1825 3769 scripsit,
1846 3710 1895 3751 et
1921 3698 1990 3752 de

407 3811 569 3865 totius
622 3806 803 3876 operis
835 3816 1041 3858 summa
1089 3813 1257 3870 pauca
1288 3798 1337 3850 in
1373 3796 1607 3851 medium
1656 3792 1942 3847 aderamus
1974 3808 1987 3844 :

409 3900 545 3954 haud
578 3897 742 3967 ignari
777 3910 936 3963 quam
960 3891 1180 3946 difficile
1203 3890 1273 3944 sit
1302 3887 1417 3958 ejus
1443 3887 1521 3940 rei
1553 3885 1814 3938 rationem
1872 3883 1991 3937 red-

407 3991 534 4045 dere
565 3989 884 4058 pleniorem,
917 3999 1076 4053 quam
1108 3995 1297 4035 omnes
1327 3979 1584 4032 hacteuu<
1617 3975 1806 4029 doctos
1828 3974 1993 4028 label-

410 4084 555 4137 latim
583 4089 789 4135 tantum
812 4078 1127 4145 degustanse
1153 4072 1414 4125 videmus.
1442 4068 1649 4123 Etenim
1671 4066 1759 4136 qui
1786 4069 1993 4135 patrne,

412 4181 691 4244 parentum
712 4210 728 4234 ,
775 4168 854 4222 vel
880 4166 1005 4220 vita:
1030 4176 1164 4218 acta:
1192 4163 1352 4231 hujus
1375 4172 1632 4223 auctors,
1659 4158 1703 4211 si
1729 4157 1796 4211 de
1824 4172 1890 4210 eo
1917 4156 1997 4210 in-

412 4267 542 4321 cidit
572 4262 793 4325 meutiu,
829 4262 1090 4315 rationem
1119 4255 1330 4318 reddat,
1364 4254 1542 4307 nullus
1575 4261 1657 4306 cst
1688 4265 1844 4320 quem
1871 4250 1997 4303 hac-

414 4370 570 4414 tenus
600 4356 889 4411 viderimus
914 4370 926 4407 :
960 4350 1172 4407 etiamsi
1201 4363 1412 4411 omnes,
1443 4354 1499 4399 tit
1526 4344 1836 4415 Fulgentius
1860 4342 1993 4409 ipse,

414 4451 481 4505 de
528 4450 749 4505 meliore
786 4461 909 4501 eum
958 4442 1341 4499 c0tnmendant
1370 4448 1514 4502 nota,
1546 4436 1896 4490 furtiSsitnunt
1926 4434 1999 4487 vi-

414 4556 559 4609 rum,
591 4539 972 4602 clarissimum,
1006 4534 1422 4605 pientissimum,
1464 4540 1517 4585 et
1539 4530 1592 4584 in
1623 4527 1821 4583 Christi
1846 4524 1999 4580 vinea

416 4642 758 4701 operatorem
802 4630 936 4702 frugi
984 4636 1197 4683 vocent.
1251 4624 1321 4680 Et
1374 4623 1546 4693 ipsum
1606 4621 1657 4675 in
1708 4620 1885 4674 divina
1916 4620 2000 4673 illa

419 4723 759 4796 philosophia
789 4730 895 4776 tam
927 4719 1146 4789 elegans
1163 4714 1445 4788 judicium,
1479 4711 1639 4767 facile
1660 4709 1945 4774 convincit,
1974 4723 2003 4761 a

420 4813 620 4869 teneris
646 4812 863 4880 optimis
891 4810 1083 4865 studiis
1113 4808 1395 4863 imbutum.
1447 4803 1616 4859 Natus
1650 4812 1734 4858 est
1779 4801 2005 4858 Cartha-

419 4906 563 4975 gine,
595 4905 762 4959 Roma
790 4904 895 4972 iam
920 4916 949 4956 a
974 4902 1271 4958 Genserico
1302 4907 1476 4967 capta.
1510 4896 1694 4952 Primo
1716 4897 1896 4949 statim
1917 4896 2002 4948 Iit-

2095 3703 2211 3763 llle,
2263 3715 2383 3755 cum
2438 3700 2489 3753 id
2545 3699 2825 3767 temporis,
2880 3707 2972 3752 aut
3010 3709 3157 3752 certe
3186 3713 3290 3751 non
3319 3698 3503 3751 multis
3528 3700 3691 3753 annis

2094 3804 2240 3860 ante,
2298 3791 2559 3846 solitariae
2605 3792 2727 3844 vitae
2773 3790 3044 3846 institutio
3090 3792 3142 3844 in
3188 3790 3424 3860 Atlgypto
3476 3790 3692 3844 rad'.ces

2095 3887 2312 3955 (δείδιθι,
2346 3896 2398 3940 et
2430 3885 2483 3939 in
2515 3883 2695 3938 Africa
2724 3895 2953 3954 tyranno
3006 3885 3218 3938 Arianae
3267 3882 3512 3938 factionis
3538 3897 3693 3937 mor-

2098 3987 2210 4037 tuo.
2246 3976 2440 4031 mirum
2465 3976 2520 4029 in
2546 3975 2762 4029 modum
2794 3976 3099 4029 increscere
3128 3974 3309 4029 multis
3334 3975 3385 4028 in
3414 3974 3543 4028 locis
3567 3988 3694 4030 cte-

2099 4082 2249 4140 perat
2305 4070 2461 4139 (nam
2490 4065 2896 4122 Guudabundus
2919 4063 3322 4120 Catholicorum
3352 4065 3624 4120 Ecelesias
3653 4080 3694 4118 ει

2100 4171 2290 4231 patruo
2317 4162 2529 4215 clausas
2559 4158 2793 4227 aperire,
2816 4172 2880 4210 ac
2906 4158 2995 4212 Dei
3026 4157 3343 4217 sacerdotes
3371 4159 3693 4223 restituere,

2101 4254 2183 4307 vel
2237 4254 2291 4307 in
2344 4251 2595 4306 exsilium
2624 4252 2839 4314 missos,
2873 4249 2957 4303 vel
2990 4258 3402 4318 transportatos,
3436 4265 3696 4304 revocare

2103 4346 2381 4413 curabat),
2435 4342 2591 4412 hujus
2640 4357 2769 4411 ergo
2804 4342 2927 4395 vitae
2951 4342 3089 4396 ratio
3114 4342 3351 4395 maxime
3380 4343 3451 4394 illi
3484 4342 3697 4395 arride-

2107 4440 2214 4491 bat.
2271 4436 2403 4489 Erat
2452 4441 2579 4488 tunc
2635 4433 2874 4488 Marinus
2923 4432 3223 4487 sodalitatis
3249 4433 3359 4500 (cui
3399 4433 3699 4488 Severinus

2106 4525 2415 4597 praefuerat,
2444 4525 2511 4580 ab
2532 4526 2647 4594 ipso
2671 4524 3091 4592 przedecessore,
3116 4524 3187 4579 ob
3212 4524 3539 4595 singularem
3564 4526 3700 4580 vita:

2105 4616 2537 4679 sanctimoniam,
2568 4615 2897 4686 gubernator
2922 4614 3229 4685 adoptatus)
3277 4615 3330 4669 in
3379 4630 3539 4683 quam
3588 4615 3699 4671 viri

2105 4710 2460 4772 cordatiores,
2488 4709 2792 4773 veritatem,
2821 4708 3099 4777 pietatem,
3124 4708 3515 4772 innocentiam,
3538 4723 3700 4762 man-

2108 4800 2446 4856 suetudinem
2469 4801 2727 4870 amplexi,
2750 4816 2819 4856 ne
2847 4801 3135 4856 comitibus
3177 4799 3338 4855 tantis
3368 4800 3699 4859 divelleren-

2112 4901 2216 4959 tur,
2241 4908 2299 4948 se
2327 4891 2665 4957 abdiderant,
2699 4892 2947 4947 humanis
2973 4894 3203 4963 negotiis
3221 4894 3465 4958 semotis,
3493 4891 3697 4948 diviu's

422 4968 657 5053 ierat-um
715 4968 961 5048 tirocinio
1008 4992 1253 5060 deposito
1281 5032 1295 5057 ,
1349 4991 1572 5045 Romam
1617 5004 1646 5043 a
1693 4987 2003 5058 parentibus
2030 4984 2075 5045 C
2109 4988 2457 5052 inhmrentes,
2500 4968 2713 5040 sodales
2769 4986 3057 5057 eligebant,
3110 5001 3247 5055 quos
3291 4994 3349 5040 et
3371 4986 3696 5049 educalmnt,

422 5090 640 5152 missus,
669 5087 780 5157 jam
802 5100 999 5141 annum
1025 5098 1191 5154 agens
1220 5085 1621 5150 dttodecimum,
1647 5098 1766 5138 cum
1795 5081 2006 5135 zemula‘.

424 5182 543 5238 dure
597 5180 866 5240 civitates,
906 5173 1136 5245 imperio
1186 5191 1250 5233 ac
1294 5176 1582 5243 splendore
1612 5174 1755 5229 omni
1809 5182 2003 5244 exutae,

424 5272 799 5331 communibus
848 5269 1005 5339 quasi
1058 5267 1298 5320 viverent
1328 5266 1555 5336 legibus,
1597 5266 1724 5321 viris
1748 5264 1922 5320 doctis
1949 5279 2007 5319 se

424 5363 688 5434 adiunxit,
715 5359 898 5416 Boetio
928 5362 1259 5428 praeceptore
1282 5356 1601 5409 instructus:
1624 5353 2008 5411 κυκλοπαίδειαν

426 5457 656 5521 absolvit
710 5455 940 5524 ingenue
971 5468 985 5504 :
1033 5450 1157 5505 dein
1189 5448 1241 5502 in
1275 5448 1541 5503 Anitianze
1571 5448 1787 5505 familia:
1809 5464 2006 5504 consu—

429 5550 558 5605 laris
598 5547 901 5605 clientelam
959 5543 1029 5599 ob
1078 5541 1279 5597 indolis
1328 5540 1627 5595 claritatem
1684 5540 2008 5606 assumitur,

430 5640 580 5707 cujus
608 5637 926 5693 auctoritate
952 5638 1114 5690 etiam
1142 5643 1331 5703 postea
1357 5632 1424 5687 ad
1474 5647 1736 5687 summam
1784 5632 2013 5703 dignita-

431 5741 537 5786 tem
566 5744 782 5786 evecms
809 5739 912 5785 est.
943 5728 1077 5784 Cum
1110 5744 1236 5782 vero
1270 5727 1488 5784 Vandali
1519 5727 1841 5784 Arianorum
1883 5728 2013 5798 dog-

2115 5079 2356 5135 muribus
2396 5078 2570 5142 bonis,
2620 5088 2677 5134 et
2706 5080 2918 5145 litteris,
2946 5093 3010 5134 ac
3043 5080 3168 5135 vita:
3197 5080 3564 5148 simplicioris,
3600 5081 3699 5133 im-

2116 5172 2392 5228 buebant:
2450 5171 2550 5226 hos
2600 5186 2705 5242 quo
2752 5174 2931 5226 minus
2960 5171 3211 5227 deessent
3239 5172 3352 5242 qui,
3384 5172 3698 5241 perturbato

2118 5266 2370 5321 Ecclesia:
2393 5274 2554 5331 statu,
2581 5266 2628 5321 si
2668 5281 2805 5335 Opus
2830 5274 2996 5329 esset,
3037 5263 3437 5332 succurrérent,
3461 5266 3549 5320 vel
3574 5265 3696 5319 doc-

2118 5358 2279 5421 trina,
2310 5356 2393 5412 vel
2417 5357 2687 5427 exemplo,
2710 5356 2903 5425 opibus
2926 5357 3283 5410 communiter
3301 5357 3591 5425 congestis,
3616 5355 3697 5409 \el

2118 5456 2341 5509 aliorum
2376 5454 2697 5509 liberalitate
2726 5452 2956 5519 donatis,
2983 5451 3373 5506 sustentabant.
3400 5450 3699 5508 Utebantur

2121 5548 2266 5602 cultu
2296 5543 2561 5610 Numinis,
2608 5543 2728 5599 aliis
2758 5545 2913 5614 paulo
2945 5541 3112 5613 magis
3154 5543 3448 5606 devotiore,
3483 5542 3575 5596 sed
3608 5539 3695 5609 qui

2119 5638 2515 5708 superstitionis
2567 5638 2788 5693 haberet
2835 5636 3002 5690 nihil:
3056 5636 3197 5689 victu
3254 5633 3428 5703 frugi,
3503 5633 3697 5687 vestitu

2121 5729 2339 5785 mundo.
2368 5728 2460 5783 His
2489 5728 2699 5783 illectus
2724 5728 3013 5784 virtutibus
3042 5726 3347 5799 Eugyppius
3368 5735 3575 5789 noster,
3600 5724 3699 5781 col-

450 5878 455 5885 .
496 5844 521 5869 ο
545 5840 623 5895 Ea
646 5855 742 5896 nos
771 5841 1150 5915 abstinuimus,
1175 5845 1369 5916 quippe
1391 5859 1548 5916 quam
1581 5843 1759 5916 legere
1788 5853 1871 5900 est
1894 5843 2093 5900 Patrol.
2118 5852 2245 5899 tom.
2275 5843 2438 5909 LXV,
2460 5844 2568 5901 col.
2595 5841 2721 5897 3M.
2751 5843 2908 5899 EDIT.
