1978 3090
170 144 221 174 557

843 140 1105 168 PRULECOMENA.

1748 143 1778 168 5"
1783 143 1799 170 ε

169 206 239 239 legio
254 205 350 232 horum
366 210 396 230 se
410 203 530 237 adjunin
545 203 659 234 socium,
672 201 745 229 brevi
757 201 893 228 sodalibus
903 208 961 228 om-
975 204 999 233 Α
1014 201 1121 228 laudent
1144 200 1195 228 sibi
1208 220 1216 233 .
1240 201 1347 228 Christo
1370 205 1458 228 autem
1486 201 1624 234 perplures
1641 201 1799 228 lucraretur.

169 251 248 277 uibus
263 255 317 276 tam
330 249 439 280 charus,
463 254 491 275 ut
512 256 562 275 ceu
576 248 740 282 exetnplutu,
760 252 820 281 post
833 247 962 274 Marinum

169 297 291 329 unicum,
307 303 367 322 eum
378 302 474 322 omnes
489 295 620 326 colerent,
634 295 815 327 suspici-rent,
831 298 962 325 amarent,

169 346 328 374 tantumque
343 339 381 366 illi
396 339 554 371 tribuerent,
570 343 599 365 ut
614 344 667 365 tant
679 346 769 372 grave,
783 343 835 364 tam
850 337 965 364 laborio-

168 394 230 412 sunt
258 384 323 411 nihil
350 383 470 411 existere
495 383 566 417 quod
582 384 653 409 hunc
675 387 703 409 et
717 382 803 409 s-lum
825 382 964 416 suscipere

168 435 218 457 aut
231 430 368 456 COIIIiCt‘I'e
385 435 464 462 posse
476 428 639 455 dubitarent.
656 428 809 462 Eugyppius
833 434 867 454 nc
889 435 963 460 spem

169 477 286 503 fratrum
301 477 453 507 l'rustraret,
466 482 528 502 cuin
539 474 632 501 divino
646 481 678 501 ac
693 474 799 501 occulto
823 474 869 501 Dei
893 473 964 507 judi-

168 521 213 549 cio
241 522 268 548 in
297 520 414 548 Ecclesia
429 527 443 546 a
458 519 618 554 quibusdam
642 518 727 553 magis
740 519 855 546 haereses
869 520 966 546 tumo“-

170 568 266 595 tuariat
283 568 471 601 probarentur.
496 573 537 599 ac,
553 566 862 603 quzcypesti'entissiutau
878 566 964 592 homi-

171 620 235 640 num
263 617 369 639 mentes
388 616 557 645 occuparant
583 605 664 644 atque
692 611 872 645 exagitabant.
899 609 964 636 Nam

172 660 250 687 nmlti
266 658 387 690 Arionis,
403 658 556 685 Maniclueis
570 662 598 684 et
618 656 838 688 Priscillianistis,
852 663 965 690 quorum

175 712 280 731 venena
297 705 452 735 hauserant,
466 703 662 736 impensissime
677 703 810 734 favebant,
823 710 837 727 a
851 710 965 736 quorum

172 751 256 777 sectis
275 751 358 775 salicti
371 748 421 775 viri
436 752 463 774 et
478 748 670 780 abhorrebant,
682 751 709 774 et
723 747 805 779 alios,
821 754 855 773 nc
876 747 967 774 inlice»

173 799 279 826 rentur,
295 794 390 820 sedqu
403 792 594 820 admonebant.
621 791 695 819 Licet
717 791 773 819 DD.
790 792 965 826 Augustinus,

174 839 321 874 Eugenius,
351 839 519 873 Fulgentius,
547 839 678 865 Maximus
702 843 729 865 et
757 838 966 865 innumerabiles

1014 247 1170 283 Eugyppius
1189 246 1343 274 dilectionis
1363 248 1460 274 ardore
1475 247 1605 281 flagrans,
1621 252 1675 274 tam
1691 248 1802 274 honesta

1016 293 1145 326 petitione
1158 292 1253 319 mirum
1268 293 1295 320 in
1309 292 1417 319 modum
1436 300 1598 325 succensus,
1616 293 1714 320 litteris
1724 299 1802 326 quam

1014 343 1092 365 antea
1105 338 1259 378 incumbere
1274 340 1358 373 magis
1370 358 1378 370 ,
1399 339 1551 366 imminenti
1566 346 1670 366 veneno
1683 340 1803 366 antidota

1015 391 1178 418 prmparare.
1191 384 1310 411 remedia
1327 385 1450 418 pra'scnti
1462 385 1556 411 morbo
1565 385 1684 412 conflare
1700 384 1802 419 pergit:

1015 429 1117 456 nullum
1132 437 1163 456 es
1179 429 1256 456 bonis
1269 431 1422 456 auctoribus
1432 450 1439 462 ,
1452 432 1514 464 quin
1530 430 1692 457 atlamussim
1708 438 1804 458 esens-

1014 481 1057 505 so,
1071 474 1235 507 praeteribat.
1261 474 1319 501 lam
1334 479 1422 501 autent
1438 475 1564 508 praedicta
1578 482 1592 501 a
1606 474 1708 501 Marino
1721 475 1804 502 insta-

1016 520 1061 546 hat
1074 520 1142 553 dies,
1159 527 1257 547 corona
1274 526 1420 554 prtrparata
1430 540 1438 553 ,
1454 520 1487 547 ad
1502 521 1589 547 throni
1607 521 1802 554 postn.si0uem

1016 570 1125 592 vocatur
1147 565 1316 592 venerandus
1334 573 1436 592 senes:
1454 565 1626 592 saevientibus
1645 573 1708 600 ergo
1726 567 1804 592 Aria-

1016 610 1073 643 nis,
1097 611 1227 638 Catholici
1250 615 1299 638 aut
1319 611 1413 638 hostiis
1438 611 1570 637 iaccraudi
1589 612 1803 644 Iroyicicbantttr,

1015 661 1062 684 aut
1082 656 1155 684 fumo
1172 662 1198 684 et
1220 658 1280 691 igne
1301 657 1485 684 necabantur:
1501 659 1546 692 qui
1562 663 1649 684 autem
1666 665 1679 683 a
1694 658 1745 684 [ide
1759 665 1802 684 oa-

1017 702 1115 729 tholica
1128 702 1274 729 deficerent
1294 709 1400 728 summo
1419 703 1521 730 honore
1534 703 1727 729 aliiciebantur.
1750 702 1804 728 Ma—

1016 747 1091 775 rinus
1105 747 1165 775 zelo
1184 746 1231 774 Dei
1241 754 1370 774 accensus
1386 746 1486 779 instat,
1501 748 1638 774 accurrit:
1655 747 1719 779 Qua:
1735 748 1806 773 iusa-

1017 791 1096 825 nia,o
1109 792 1369 824 fratres,exclamat,
1381 798 1409 818 ut
1423 792 1559 826 repudiata
1574 798 1634 819 vera
1649 797 1728 826 atque
1741 800 1805 819 sana

1017 837 1107 871 regula
1119 856 1127 869 ,
1142 837 1227 863 insani
1243 837 1359 864 hominis
1379 838 1551 871 persuasione
1565 839 1732 864 dementatus
1746 846 1803 868 rex,

174 886 218 912 alii
229 892 291 912 cum
305 885 339 919 pii
357 884 417 917 viri,
434 889 489 912 tum
510 884 593 917 docti,
608 884 641 911 ad
666 883 856 911 confutandam
870 892 966 912 eorum
984 883 1006 912 Β
1020 891 1095 910 more
1109 884 1242 916 ferarum,
1257 884 1378 910 insontes
1397 883 1526 911 dilaniat?
1545 884 1610 917 Quis
1631 885 1718 915 furor.
1734 887 1805 919 quod

175 932 379 966 persuasionem
403 930 430 957 iit
455 930 543 957 Africa
568 937 662 957 ontnes
676 936 773 956 nervos
786 929 966 962 intenderant,

175 977 359 1011 nihilominus,
376 977 474 1004 Satztna
490 984 542 1003 non
566 977 734 1011 quiescente,
752 976 860 1010 quidam
881 984 968 1004 ciner-

174 1023 274 1057 gebant
298 1021 396 1049 Proteo
419 1021 616 1054 ntutabiliores,
632 1022 677 1056 qui
694 1022 719 1048 in
735 1028 842 1048 omnem
856 1021 966 1048 formam

175 1075 205 1095 se
220 1067 373 1100 mutabant,
388 1074 440 1101 quo
452 1066 476 1093 si
490 1073 543 1093 non
558 1073 662 1097 omnes,
676 1066 770 1092 saltent
792 1066 897 1100 aliquos
919 1074 967 1093 sua

175 1113 202 1140 in
225 1112 325 1140 haeresi
343 1116 493 1140 servarent.
511 1112 567 1139 Hoc
581 1111 612 1139 Ι).
629 1111 881 1147 Eugyppiusanimo
892 1113 968 1140 evol-

176 1167 241 1186 vens
269 1159 351 1192 tristi,
378 1159 480 1185 nullum
493 1158 562 1185 aliud
574 1157 758 1185 machinarutn
774 1165 859 1193 genus
874 1158 904 1184 iis
921 1159 969 1185 ho-

176 1206 262 1232 stibus
292 1204 474 1238 objiciendum
501 1204 613 1238 putavit,
638 1211 717 1237 quam
731 1204 814 1236 ipsius
828 1204 968 1238 Augusnini

177 1253 278 1286 scripta
294 1256 322 1278 et
333 1251 519 1278 sanctissimas
532 1251 718 1285 cogitationes.
734 1249 801 1278 Cum
816 1255 904 1278 autem
916 1250 969 1278 Gu-

176 1297 342 1324 thamundus
366 1294 614 1335 tliem'extremum
638 1296 782 1330 clauserat,
810 1296 893 1324 frater
912 1297 969 1332 ejus

176 1343 394 1370 'fhrasimundus
407 1343 434 1370 in
450 1350 532 1377 regno
544 1343 709 1376 succedens,
732 1349 794 1371 tunc
806 1344 901 1371 iterum
915 1352 967 1371 stn-

176 1390 262 1415 vitmn
273 1395 319 1427 \est
331 1389 357 1415 in
371 1389 519 1416 catholicos
531 1396 539 1415 :
556 1389 758 1423 proscribuntur
771 1389 844 1422 boni,
861 1390 888 1416 in
901 1398 969 1424 quo-

177 1442 235 1462 rum
251 1442 364 1461 numero
374 1438 453 1461 erant
463 1433 570 1461 ducenti
585 1439 612 1461 et
626 1434 719 1469 viginti
742 1434 890 1462 doctissimi
912 1435 970 1469 epi-

176 1480 264 1514 scopi,
288 1480 423 1514 praecipue
442 1480 608 1514 Fulgentius,
631 1487 700 1514 quos
715 1487 808 1507 omnes
824 1479 969 1508 familiares

177 1526 318 1561 Eugyppio
328 1526 465 1553 exstitisse
478 1525 549 1552 haud
563 1525 672 1552 dubium
683 1529 743 1558 est;
759 1523 820 1552 na'm
836 1525 862 1553 in
877 1525 968 1553 Sardi-

1018 928 1114 956 iisdcm
1126 930 1271 957 innitentes
1284 930 1413 964 vestigiis,
1430 929 1556 957 haeretica
1570 930 1680 961 addicti,
1696 937 1807 964 perver-

1018 976 1041 1003 si
1069 981 1097 1003 et
1118 976 1216 1010 perditi
1238 975 1354 1002 hominis
1364 975 1448 1010 jussa.
1466 976 1536 1003 veris
1549 975 1594 1003 Dei
1608 976 1747 1010 praeceptis
1762 984 1809 1010 po-

1020 1022 1086 1048 tiora
1115 1021 1237 1048 habetis?
1250 1021 1325 1054 Quod
1341 1021 1452 1052 malum.
1469 1022 1539 1056 quod
1555 1026 1593 1048 tot
1607 1029 1739 1049 armorum
1752 1030 1809 1048 int--

1019 1067 1069 1095 rita
1086 1067 1186 1093 sanctis
1204 1070 1399 1093 tormentorum
1415 1071 1442 1093 et
1468 1066 1588 1101 martyrii
1603 1067 1698 1099 minue,
1721 1068 1809 1094 subri-

1019 1110 1077 1145 pitl
1093 1110 1192 1138 Fateor
1203 1119 1244 1137 me
1257 1111 1284 1137 iu
1299 1112 1409 1138 nomine
1426 1111 1571 1139 individua:
1584 1112 1722 1140 il'riuitatis
1740 1120 1809 1147 aqua

1019 1154 1124 1182 lustrali
1135 1161 1320 1190 regeneratum
1333 1164 1340 1182 :
1355 1163 1407 1183 non
1418 1161 1514 1190 tortor,
1528 1165 1581 1184 non
1595 1158 1699 1192 gladius
1710 1178 1718 1191 ,
1735 1160 1806 1185 nulla

1019 1200 1174 1228 carnificina
1198 1200 1361 1228 indumentis
1381 1209 1455 1228 verte
1473 1202 1566 1229 salutis
1589 1210 1633 1230 me
1656 1210 1736 1231 exuet
1759 1211 1808 1230 un-

1020 1253 1112 1280 quam.
1133 1245 1187 1273 Nec
1199 1253 1284 1278 tuora,
1297 1247 1373 1274 adest
1388 1247 1510 1274 lictorum
1525 1255 1634 1279 manus,
1650 1248 1751 1282 rapitur
1767 1251 1807 1275 rir

1020 1297 1144 1326 sanctus,
1163 1293 1262 1319 misere
1283 1293 1416 1320 laceratur
1436 1293 1554 1321 tandem.
1579 1294 1657 1321 Necis
1674 1295 1741 1322 fama
1759 1302 1807 1328 per

1021 1338 1114 1366 urbem
1132 1338 1278 1372 dissipata,
1298 1339 1388 1365 statim
1415 1339 1520 1373 collegii
1545 1346 1693 1367 concursus
1722 1340 1806 1367 factus

1022 1383 1152 1418 Eugyppii
1166 1384 1416 1417 museutnirrutupit
1428 1392 1434 1410 :
1452 1384 1619 1411 Perdidimus
1632 1390 1745 1419 patrem,
1754 1387 1808 1413 Eu-

1020 1428 1112 1464 gyppi,
1126 1429 1317 1460 vociferantur,
1330 1429 1450 1465 martyrii
1465 1429 1548 1465 gloria
1560 1431 1636 1458 nobis
1646 1432 1743 1466 eripuit
1754 1433 1806 1460 fra-

1021 1478 1088 1501 trem
1100 1474 1295 1507 dulcissimnm,
1312 1475 1424 1509 posthac
1439 1480 1620 1510 propugnator
1631 1484 1663 1504 ac
1676 1477 1745 1505 tidus
1760 1487 1807 1505 no-

1020 1523 1077 1546 stcr
1088 1524 1179 1547 custos
1192 1525 1264 1547 esto:
1273 1525 1382 1547 manent
1395 1527 1445 1547 nos
1459 1525 1589 1549 tormenta
1604 1522 1786 1550 crudelissima
1797 1544 1806 1554 ,

177 1570 221 1597 nia
234 1569 390 1596 exsulanles
404 1569 437 1595 ad
453 1569 606 1603 Symmachi
621 1569 808 1596 liberalitatem
832 1577 884 1604 qua
900 1570 968 1597 victu
982 1575 1005 1607 ο
1021 1565 1071 1593 ﬂiSi
1086 1566 1119 1593 ad
1134 1566 1212 1594 unius
1229 1566 1333 1601 tyranni
1350 1566 1489 1594 arbitrium
1508 1575 1558 1595 nos
1574 1570 1807 1603 accommodatius

176 1619 205 1641 et
225 1615 324 1641 vestitu
349 1614 567 1641 sustentabantur
579 1635 587 1648 ,
605 1614 669 1641 nihil
683 1614 874 1642 consolationis
887 1615 969 1643 habe-

177 1659 254 1691 bant.
285 1660 335 1686 nisi
361 1659 617 1694 Eugyppiiscripta,
641 1667 702 1694 quae
726 1667 830 1687 summa
845 1661 970 1689 aviditate

175 1705 302 1733 evolvere
316 1710 396 1739 atque
408 1706 546 1739 perlegere
556 1704 678 1733 solebant
696 1714 703 1731 :
720 1705 836 1740 denique
848 1713 897 1734 ore
908 1707 971 1734 Ful-

175 1750 273 1786 gentii,
294 1751 430 1777 communi
451 1756 596 1782 consensu,
613 1753 642 1776 ut
656 1750 682 1776 in
696 1750 757 1776 aliis
770 1751 850 1777 rebus
864 1758 969 1785 quoque

175 1796 248 1822 soliti
272 1799 359 1828 erant,
385 1795 419 1823 de
433 1795 565 1822 cbaritate
578 1795 611 1822 ad
625 1796 711 1830 ipsum
725 1797 902 1830 scriprerunt.
924 1799 970 1825 llis

176 1842 204 1870 in
228 1842 341 1869 exilium
364 1842 492 1873 detrusis,
514 1841 600 1876 plebis
615 1840 689 1868 furor
703 1843 827 1876 exemplo
842 1843 969 1877 principis

175 1889 369 1915 recrntlescete
392 1887 484 1921 coepit,
509 1894 570 1913 nam
593 1886 640 1920 qui
655 1887 681 1913 in
693 1888 872 1921 suspicionem
889 1896 970 1916 vene-

176 1939 249 1967 rant,
275 1934 345 1968 quod
372 1935 460 1960 minus
489 1934 567 1960 malis
591 1933 751 1960 Christianis
772 1935 967 1967 consentirent,

175 1979 367 2006 lacerabantur
378 1980 497 2005 misere:
513 1978 635 2021 deplorat
662 1979 820 2013 vaporifem
844 1979 969 2014 lacrymis

177 2025 271 2051 funera
285 2028 424 2059 parentum
439 2024 552 2058 pueritia
581 2023 726 2050 tenerrima
741 2032 748 2056 ;
772 2024 902 2052 sollicitus
925 2033 969 2059 pa-

176 2080 240 2100 rens
268 2072 390 2099 iulirmos
413 2072 600 2099 adolescentia:
617 2071 730 2103 animos,
744 2071 913 2098 vacillanlem
926 2071 968 2105 ju-

176 2122 329 2149 ventutem,
340 2118 478 2144 instabiles
488 2117 594 2144 animos
607 2117 791 2151 unusquisque
803 2116 854 2143 fide
864 2116 967 2146 ﬁrmus,

177 2171 212 2190 ne
225 2171 316 2190 veram
331 2162 410 2189 fidem
432 2169 463 2188 ac
477 2162 607 2196 majorum
622 2161 648 2188 in
663 2161 800 2188 Christum
826 2160 967 2187 credulita-

178 2215 232 2236 tem
247 2209 398 2243 repudiare,
416 2216 449 2235 ne
459 2213 503 2235 aut
525 2207 674 2242 promissis,
691 2210 737 2234 aut
752 2207 838 2234 fallaci
859 2214 969 2241 persua-

1022 1615 1105 1649 (quod
1129 1615 1338 1649 praesentissima
1361 1615 1456 1642 animat
1468 1621 1538 1643 esset
1553 1616 1646 1651 pestis)
1660 1617 1808 1644 autdivino

1019 1659 1104 1694 adjuti
1118 1659 1252 1691 Numine,
1276 1659 1375 1695 ingenii
1398 1660 1434 1687 tui
1459 1661 1581 1689 acumine
1596 1662 1679 1689 hostis
1691 1663 1808 1690 rationes

1019 1706 1228 1733 confutabimus.
1256 1706 1411 1742 Eugyppius
1424 1706 1450 1733 in
1468 1707 1518 1734 hac
1531 1707 1641 1735 fratrum
1658 1709 1808 1744 dejectione

1020 1752 1182 1779 necessitate
1194 1758 1316 1786 coactus,
1334 1753 1447 1787 proximi
1459 1761 1527 1780 onus
1539 1754 1660 1788 excepit,
1675 1763 1706 1782 ac
1721 1757 1806 1790 quoad

1020 1805 1071 1833 pax
1086 1798 1212 1825 Ecclesia:
1226 1805 1392 1833 sequeretur,
1406 1799 1542 1834 dignitatis
1556 1801 1665 1834 gradum
1679 1803 1806 1837 suscipit;

1020 1850 1173 1879 quantoque
1185 1845 1315 1872 honorum
1326 1845 1456 1880 dignitate
1470 1853 1500 1873 se
1511 1851 1633 1874 evectum
1646 1849 1737 1882 sentit,
1750 1853 1806 1875 tan-

1020 1894 1049 1917 to
1063 1891 1163 1917 Christi
1188 1890 1295 1917 famulis
1316 1890 1447 1918 inservire
1466 1899 1497 1919 se
1510 1892 1609 1919 debere
1622 1901 1720 1927 gnarus
1729 1914 1735 1926 ,
1749 1902 1807 1921 om-

1020 1944 1069 1964 nes
1089 1942 1179 1970 captat
1201 1937 1357 1964 occnsiones
1383 1944 1437 1971 quo
1459 1937 1508 1971 piis
1534 1940 1667 1967 consulet.
1687 1940 1806 1968 Tandem

1020 1983 1161 2010 commode
1172 1990 1202 2009 ex
1220 1982 1403 2010 Valentiniana
1428 1987 1513 2011 matre
1531 1989 1608 2011 natus
1627 1984 1756 2018 Romana,
1779 1987 1806 2013 iu

1020 2029 1092 2062 regni
1115 2034 1206 2054 curam
1222 2027 1410 2054 Thrasimundi
1434 2028 1515 2055 Filius
1530 2035 1696 2064 susceperat,
1711 2030 1805 2058 lltlde-

1020 2074 1090 2100 ricus
1106 2073 1233 2107 nomine,
1257 2073 1298 2100 cui
1322 2073 1475 2108 Eugyppius
1496 2075 1689 2108 perfamiliaris,
1704 2077 1803 2103 aditum

1020 2118 1114 2145 habuit
1130 2119 1234 2146 facilem
1246 2139 1254 2150 ,
1280 2124 1306 2146 et
1330 2119 1477 2153 principctn
1490 2120 1545 2153 jam
1560 2121 1705 2154 convenit,
1721 2127 1748 2148 ut
1764 2123 1805 2156 pia

1019 2164 1116 2191 cohors
1140 2164 1165 2190 iu
1179 2163 1302 2191 Sardinia
1324 2164 1449 2192 exsulans
1465 2169 1614 2198 revocetur,
1629 2166 1805 2199 adhortatur:

1020 2210 1095 2245 regni
1116 2210 1215 2238 etenim
1237 2216 1318 2245 atque
1341 2210 1490 2245 principum
1514 2216 1612 2238 statum
1636 2212 1718 2240 Deum
1735 2214 1805 2241 mul-

178 2257 254 2283 sione
267 2254 457 2282 confidentiam
470 2254 628 2286 adhibeant,
655 2260 689 2281 ne
714 2260 812 2286 [tauros
835 2252 968 2279 CtuCialUS
983 2258 1008 2287 D
1022 2261 1075 2283 tum
1097 2256 1195 2283 habere
1210 2256 1353 2283 sollicitum
1376 2256 1504 2290 prmdicat
1515 2277 1523 2290 ,
1539 2257 1587 2284 sed
1602 2258 1707 2285 interim
1723 2260 1807 2287 multa

178 2301 333 2332 devitanda,
347 2305 447 2327 aaterna
458 2306 554 2333 capere
567 2307 620 2326 non
635 2299 719 2326 velint
730 2307 737 2324 :
749 2299 803 2325 itur
812 2305 826 2325 a
848 2299 967 2332 pluribus

177 2348 206 2375 in
222 2345 415 2379 carnificinam,
431 2346 552 2379 plerique
570 2345 603 2371 ad
620 2352 726 2379 pmnam
750 2344 899 2378 rapiuntur.
915 2343 969 2370 Ma-

176 2395 255 2422 rinus
269 2401 349 2421 senex
364 2393 534 2421 venerandus
545 2392 651 2420 sodales
663 2394 829 2425 cohortatur,
846 2392 928 2419 fortes
939 2397 968 2419 ut

177 2443 234 2469 sint
256 2441 284 2468 in
308 2440 440 2467 Domino:
456 2446 485 2466 se
509 2444 558 2473 pro
580 2442 677 2471 male,
694 2443 820 2472 quantum
840 2439 968 2472 temporis

176 2488 276 2521 injuria
291 2485 467 2521 permisisset,
481 2489 609 2519 quantum
626 2485 746 2518 corporis
761 2488 786 2511 et
802 2484 882 2511 animi
898 2484 967 2511 vircs

175 2532 353 2560 indulsissent
375 2530 528 2565 invigilasse
540 2550 548 2563 ,
569 2537 601 2557 ac
619 2536 667 2564 pro
687 2529 805 2556 omnium
825 2529 967 2556 commodo

174 2578 296 2606 obivisse
314 2576 429 2611 pericula
452 2576 533 2603 multa
543 2595 551 2608 ,
565 2575 700 2610 paululum
713 2574 763 2601 sibi
778 2579 880 2602 restare
893 2575 967 2602 labo-

174 2625 235 2656 risi;
251 2622 381 2658 sanguine
391 2628 440 2648 suo
450 2622 556 2648 demum
569 2621 687 2655 requiem
700 2620 870 2655 quaerendam
884 2626 944 2647 esse
956 2628 964 2647 :

174 2670 345 2705 Engyppium
370 2675 450 2695 manu
476 2675 624 2702 prensans,
647 2667 807 2700 obtestatur,
831 2667 965 2701 obsecrat,

174 2715 315 2744 sodalibus
340 2714 450 2749 posthac
478 2713 619 2745 doctrina.
654 2712 783 2740 industria
816 2720 848 2740 ac
871 2713 967 2747 vigiliis

174 2766 289 2796 praeest,
306 2768 361 2788 rem
376 2760 495 2788 omnium
508 2760 602 2787 sedulo
616 2764 691 2786 curet
704 2768 711 2785 :
729 2759 848 2786 ultimum
863 2759 912 2786 sibi
927 2758 968 2786 in-

176 2811 250 2834 stare
267 2806 354 2838 dietn,
380 2812 561 2832 successorem
578 2812 607 2832 se
625 2805 777 2831 habiturum
791 2804 871 2831 alium
888 2812 967 2839 quam

176 2854 265 2888 ipsum
287 2852 422 2879 neminem
438 2860 444 2878 :
471 2852 587 2878 futurum
603 2851 625 2878 si
641 2852 777 2885 inceptum
793 2852 843 2878 iter
859 2857 968 2878 strenue

176 2903 341 2934 perageret.
362 2904 391 2926 ut
413 2906 474 2926 cum
491 2898 606 2926 nominis
623 2898 735 2926 honesta
749 2897 818 2925 fama
831 2898 966 2925 Christum

1019 2301 1151 2335 exempla,
1163 2308 1242 2336 quam
1258 2301 1329 2328 idem
1344 2301 1403 2336 ipse
1417 2301 1475 2336 pios
1488 2303 1600 2335 evehat,
1614 2304 1734 2332 veritatis
1755 2313 1804 2332 au-

1020 2351 1073 2374 tem
1089 2354 1275 2381 persecutores
1291 2347 1388 2375 misere
1403 2348 1562 2382 praecipitet,
1575 2355 1726 2377 enumerat.
1751 2351 1807 2378 llil-

1020 2394 1127 2421 dericus
1149 2401 1290 2428 persuasus
1315 2394 1473 2428 pientissimi
1497 2394 1547 2421 viri
1570 2396 1695 2429 consilio,
1710 2405 1806 2432 quam-

1020 2447 1098 2475 quam
1114 2445 1282 2466 sacramento
1305 2439 1508 2473 religiosissimo
1529 2440 1675 2474 astrictus,
1707 2441 1806 2470 furenti

1021 2485 1090 2521 patri
1105 2485 1239 2520 pollicitus
1250 2489 1308 2511 erat
1323 2492 1437 2517 unquam
1453 2485 1478 2512 in
1500 2493 1584 2520 regno
1598 2494 1647 2514 suo
1661 2487 1807 2515 Catholici:

1021 2531 1170 2559 consultum
1183 2531 1225 2564 iri,
1235 2534 1323 2557 tamen
1337 2530 1431 2558 edictis
1447 2533 1551 2566 tyranni
1563 2533 1684 2566 cassatis,
1698 2533 1806 2561 exsules

1021 2577 1157 2604 restituit:
1173 2577 1289 2603 virorum
1308 2576 1405 2604 deinde
1425 2576 1528 2612 piorum
1545 2585 1638 2612 opera,
1666 2579 1803 2610 octenniu.

1020 2629 1080 2656 quae
1096 2629 1143 2656 per
1161 2626 1264 2655 septem
1279 2628 1360 2656 super
1373 2623 1549 2658 quadraginta
1564 2630 1650 2650 annos
1664 2623 1806 2651 incrudue-

1021 2671 1081 2699 rat,
1106 2665 1351 2701 pestilentissimam
1377 2671 1477 2695 sectam
1501 2667 1591 2695 Africa
1617 2671 1670 2694 tota
1690 2667 1806 2702 expulit.

1020 2711 1104 2740 Nacto
1115 2711 1170 2746 jam
1185 2712 1257 2745 otio,
1274 2711 1429 2746 Eogyppius
1444 2712 1583 2740 thesauros
1602 2718 1669 2746 quos
1688 2712 1753 2740 olim
1771 2721 1803 2741 ex

1019 2759 1051 2787 Ι).
1063 2758 1205 2794 Augustini
1219 2758 1345 2792 operibus
1355 2758 1558 2791 compilaverat,
1568 2758 1621 2792 jam
1637 2758 1688 2786 sub
1704 2759 1742 2787 tui
1754 2768 1806 2787 no-

1019 2805 1099 2833 minis
1113 2805 1243 2839 auspicio,
1258 2805 1384 2839 princeps
1399 2804 1588 2838 illustrissime,
1604 2805 1630 2832 in
1645 2805 1731 2834 lucem
1746 2815 1807 2841 pro-

1019 2856 1118 2879 tractos
1131 2873 1138 2884 ,
1154 2850 1250 2885 digerit
1271 2857 1304 2877 ac
1327 2849 1354 2876 in
1377 2849 1499 2877 ordinem
1511 2858 1590 2886 quem
1603 2851 1678 2879 vides
1691 2852 1804 2887 redegit.

1017 2897 1091 2925 Odor
1105 2897 1184 2932 igitur
1198 2896 1285 2923 bonus
1297 2893 1426 2930 Eugyppii
1440 2895 1521 2924 etiam
1541 2898 1675 2933 Europam
1690 2905 1803 2933 occupa-
