3962 6178
449 357 552 412 διε)

1521 355 1582 408 D.
1628 349 1940 410 EUGYPPII
1982 351 2270 407 ABBATIS
2311 350 2626 407 AFRICANI

3596 360 3688 417 550

449 479 563 533 rat,
608 483 670 521 ac
703 467 883 521 Roma:
915 483 1107 536 magno
1132 509 1146 530 ,
1200 469 1250 520 in
1299 470 1558 522 bonorum
1586 467 2018 525 conversatione.
2053 471 2095 524 Α
2131 463 2328 518 habere
2363 463 2716 517 delectatione
2761 473 2959 518 sancta:
3004 468 3279 520 servitutis
3322 470 3542 526 ali-ctat.
3579 473 3681 525 Scit

449 565 566 631 ejus
612 562 933 616 censebatur
985 561 1311 615 existimatio
1353 577 1366 613 :
1429 559 1725 627 praesertim
1778 559 2026 612 Aniiiana

452 652 671 715 familia,
695 652 895 705 alumni
917 649 1174 717 dignitate
1199 650 1519 714 exhilarata,
1547 651 1800 702 omnibus
1819 647 2028 701 viribus

449 759 645 798 nomen
681 741 812 796 tanti
844 742 943 794 viri
987 741 1252 794 illustrare
1299 741 1576 808 satagebat
1607 777 1622 802 ,
1673 752 1772 793 nec
1822 737 2031 805 Eugyp-

452 833 571 899 pius
613 833 851 900 ingratus
886 832 1094 885 labores
1141 845 1266 884 suos
1308 831 1432 885 huic
1476 830 1691 884 familiai
1737 830 2032 882 inscribere

447 938 659 990 :equum
689 923 926 975 rebatur.
943 921 1070 975 Erat
1097 930 1223 974 natu
1257 921 1530 989 grandior,
1562 920 1908 988 moribusque
1938 934 2033 973 vu-

455 1013 712 1068 neraudis
741 1012 937 1076 Proba,
970 1013 1130 1067 Anitii
1157 1013 1361 1066 Paulini
1387 1012 1527 1066 Rulli
1559 1012 1700 1081 (ejus
1725 1012 1810 1078 qui
1833 1025 2030 1065 annum

453 1104 528 1161 ab
567 1105 712 1159 Urbe
769 1105 984 1158 condita
1023 1104 1439 1173 octuagesimum
1490 1117 1649 1170 supra
1691 1102 2031 1156 millesimum

454 1209 575 1249 cum
627 1194 855 1248 Publilio
892 1193 1106 1262 Optatio
1147 1209 1198 1246 v.
1237 1207 1288 1248 c.
1316 1207 1379 1247 ac
1415 1203 1569 1262 poeta
1604 1192 2032 1259 ingeniosissimo

452 1285 788 1338 consulatum
830 1294 1071 1353 gesserat
1100 1334 1110 1349 ,
1154 1283 1482 1353 pronepotis)
1513 1283 1777 1337 demortui
1808 1282 2029 1351 conjux,

453 1377 542 1444 qui
574 1375 836 1430 viduitate
866 1389 928 1428 ac
956 1375 1244 1429 solitudine
1264 1373 1428 1428 vitam
1459 1375 1691 1428 maxima
1723 1389 1845 1442 erga
1877 1372 2033 1426 Chri-

454 1477 595 1520 stum
656 1466 955 1520 reverentia
1010 1465 1372 1519 traducebat:
1409 1465 1530 1518 huic
1577 1465 1752 1533 neptis
1791 1464 2032 1532 ejusdem

458 1557 687 1610 nominis
708 1566 845 1622 erat,
870 1571 936 1610 ex
964 1555 1168 1610 Juliana
1196 1556 1300 1609 ﬁlia
1315 1557 1491 1624 c-tipsa
1514 1570 1606 1611 cos
1643 1555 1873 1625 conjuge
1891 1572 1904 1608 :
1921 1555 2031 1609 vir~

452 1664 520 1728 go
551 1664 677 1703 vero
690 1649 904 1704 Christo
930 1646 1106 1702 dicata
1134 1646 1438 1702 Corneliam
1470 1645 1836 1702 Graechorum
1865 1657 1921 1700 et
1951 1660 2033 1700 vl.-

460 1751 602 1795 teres
627 1740 953 1794 celebriores
1004 1740 1229 1794 feminas
1267 1739 1446 1793 studio
1479 1739 1771 1793 litterarum
1803 1738 2035 1792 maxime

452 1835 1129 1898 :emulabaturzeorruptos
1157 1845 1332 1884 mores
1345 1831 1545 1884 sanctis
1559 1827 1858 1896 disciplinis
1889 1838 2029 1896 post-

461 1927 693 1992 habens,
726 1940 829 1978 non
883 1923 1213 1993 margaritis,
1251 1923 1499 1991 gemmis,
1529 1933 1619 1976 aut
1647 1921 1857 1976 caateris
1877 1923 2039 1976 rebus

459 2018 738 2072 vilioribus
761 2018 992 2082 inhians,
1011 2016 1384 2070 bibliothecam
1413 2031 1542 2069 vero
1571 2014 2038 2069 innumerabilium

457 2113 787 2166 voluminum
831 2112 1175 2165 instruxerat.
1239 2109 1311 2163 Ea
1356 2117 1414 2162 ut
1452 2108 1825 2162 ardentissimo
1886 2107 2041 2162 Chri-

460 2201 650 2258 stianae
691 2199 996 2256 dilectionis
1025 2209 1209 2253 amore
1252 2198 1424 2252 bonos
1458 2207 1512 2252 et
1539 2198 1657 2266 pios
1680 2198 2040 2266 prosequeba-

460 2306 566 2360 tur,
613 2295 684 2348 ita
709 2292 956 2348 omnibus
981 2291 1156 2348 doctis
1185 2301 1240 2346 et
1283 2291 1382 2359 piis
1415 2293 1634 2359 probata
1663 2291 1780 2344 fuit.
1824 2290 2036 2344 Etenim

464 2386 524 2440 Ι).
549 2384 878 2454 Augustinus
918 2384 1050 2438 aviae
1076 2391 1132 2438 et
1161 2382 1314 2436 matri
1346 2382 1512 2450 ipsius
1543 2381 1787 2436 scribens
1809 2420 1822 2443 ,
1851 2395 2038 2435 omnes

459 2478 778 2548 eloquentia:
806 2477 949 2531 vires
988 2476 1041 2529 in
1091 2475 1312 2542 virginis
1351 2473 1508 2542 hujus
1557 2472 1743 2526 laudes
1771 2471 2033 2525 etl'undit:

461 2570 601 2640 quod
633 2568 848 2639 quidem
875 2581 973 2622 nec
1003 2564 1314 2636 Fulgentius
1343 2567 1564 2630 omisit;
1593 2563 1759 2620 Gallae
1787 2565 1928 2617 enim
1953 2575 2039 2616 so-

459 2662 566 2718 rori
611 2664 727 2730 ejus
756 2660 1021 2724 scribens,
1053 2660 1271 2728 quantis
1307 2657 1592 2728 praeconiis
1635 2671 1752 2712 eam
1780 2655 2034 2712 extollit!

461 2773 559 2812 nec
583 2757 861 2810 continere
885 2767 973 2808 me
1001 2766 1238 2822 possum,
1270 2752 1429 2806 etiam
1460 2751 1567 2805 alio
1598 2749 1877 2817 festinans,
1909 2749 2037 2818 quin

463 2851 620 2904 verba
671 2848 840 2917 ipsius
907 2846 1170 2900 ascribain
1219 2844 1354 2913 ip-a.
1416 2862 1434 2895 ι
1468 2843 1809 2913 Disponimus
1849 2844 1991 2898 enim
2020 2885 2036 2908 ,

463 2943 668 3009 inquit,
704 2943 743 2996 si
777 2940 1035 2994 Dominus
1064 2939 1322 3001 voluerit,
1352 2945 1406 2993 et
1435 2938 1476 2990 si
1509 2935 1800 2991 vixerimus
1820 2980 1832 3003 ,
1862 2935 1926 2990 ad
1951 2950 2040 2989 so-

461 3047 636 3086 rorem
689 3040 832 3084 tuam
857 3069 871 3095 ,
923 3037 1160 3084 sanctam
1199 3027 1398 3081 Christi
1445 3028 1704 3095 virginem
1732 3068 1746 3092 ,
1784 3025 2033 3089 Proham,

460 3137 618 3189 quam
647 3120 904 3174 Dominus
938 3118 1039 3171 hoc
1071 3127 1314 3186 tempore
1337 3117 1659 3185 praecipuum
1691 3115 1743 3169 in
1771 3118 1905 3171 urbe
1933 3115 2037 3170 Ro-

2135 563 2276 609 enlm
2321 571 2347 607 a
2394 556 2620 609 Domino
2663 557 2771 625 (cui
2805 557 3158 622 virginitatem
3190 564 3334 615 vovit
3364 572 3416 614 et
3446 564 3610 618 cordis
3633 576 3681 619 et

2133 648 2397 715 corporis)
2441 663 2537 716 pro
2575 649 2893 703 liberatione
2937 660 3115 703 nostra
3149 653 3490 708 humilitatem
3517 655 3681 711 formre

2133 739 2343 792 servilis
2389 747 2682 807 acceptam.
2751 739 2816 793 Et
2863 741 2932 793 ob
2969 741 3072 795 hoc
3109 742 3398 797 delt-etatur
3427 760 3610 813 sponso
3637 749 3682 802 in

2141 832 2300 901 hujus
2349 832 2625 885 servitutis
2674 831 2974 884 humilitate
3029 816 3277 899 placere,
3327 845 3383 889 ut
3436 841 3685 892 consortio

2135 925 2371 991 quinque
2415 923 2715 990 sapientum
2750 922 3011 991 virginum
3042 924 3321 990 deputata,
3366 939 3479 978 cum
3509 942 3685 994 sponso

2137 1014 2301 1081 possit
2331 1013 2382 1066 in
2409 1022 2608 1066 teterna
2635 1011 2875 1066 claritate
2893 1027 3141 1082 regnare.
3186 1015 3408 1069 Delicias
3433 1031 3552 1070 vero
3576 1033 3685 1071 eor-

2139 1101 2318 1169 poris,
2377 1111 2572 1172 quanta
2628 1105 2824 1158 virtute
2877 1109 3286 1174 contempserit,
3341 1119 3392 1162 et
3441 1111 3687 1178 quomodo

2137 1210 2288 1250 suam
2331 1196 2523 1249 famem
2567 1196 2824 1250 satiandis
2863 1196 3022 1250 iaciat
3065 1199 3336 1253 deservire
3365 1201 3686 1267 pauperibus,

2138 1300 2235 1340 nec
2265 1286 2335 1340 ob
2360 1286 2413 1340 id
2452 1287 2594 1340 aliud
2625 1287 2738 1355 ipsa
2771 1287 2967 1342 vilibus
3003 1298 3208 1357 tegatur
3237 1289 3570 1355 indumentis,
3600 1292 3687 1343 nisi

2135 1385 2194 1430 ut
2235 1376 2554 1430 humilitatis
2613 1377 2942 1444 propositum
3009 1377 3267 1446 impleat,
3330 1387 3383 1431 et
3429 1379 3690 1432 vestiendis

2134 1470 2456 1542 pauperibus
2480 1470 2659 1539 jugem
2697 1484 2880 1524 curam
2922 1480 3120 1524 sanctae
3168 1471 3379 1539 pietatis
3418 1471 3687 1537 impendat,

2137 1563 2345 1630 plenius
2383 1561 2495 1629 ipsa
2525 1558 2759 1615 videndo
2798 1562 3077 1629 cognoscis
3096 1602 3108 1625 ,
3137 1575 3295 1629 quam
3337 1561 3385 1614 id
3415 1575 3443 1612 a
3470 1576 3548 1613 me
3575 1561 3692 1614 velis

2135 1651 2352 1714 audire,
2391 1650 2532 1718 quod
2571 1651 2747 1704 minus
2783 1664 3000 1718 possum
3047 1649 3386 1703 sermonibus
3423 1649 3686 1716 explicare.

2137 1743 2283 1797 lianc
2305 1757 2432 1811 ergo
2458 1741 2553 1796 tibi
2583 1751 2830 1810 tanquam
2857 1741 3134 1809 speculum
3162 1754 3322 1809 pone,
3356 1750 3409 1795 et
3436 1755 3496 1795 ex
3538 1741 3685 1808 ipsius

2067 1839 2113 1896 B
2144 1832 2573 1888 consideratione
2605 1833 2728 1902 quid
2780 1832 2874 1886 tibi
2925 1831 3035 1901 jam
3075 1833 3237 1897 insit,
3270 1832 3350 1886 vel
3381 1831 3500 1901 quid
3538 1834 3692 1885 adhuc

2141 1927 2310 1994 desit,
2343 1937 2646 1981 sanctorum
2684 1925 2982 1979 studiorum
3021 1939 3351 1994 operumque
3395 1941 3685 1992 cognosce.)

2143 2018 2410 2072 llactenus
2436 2018 2502 2071 de
2529 2017 2704 2072 Proba
2761 2017 3069 2088 Fulgentius
3098 2035 3110 2071 :
3145 2019 3231 2071 cui
3265 2019 3558 2090 Eugyppius
3589 2031 3692 2087 qua

2139 2091 2484 2176 excerpserat
2517 2111 2873 2164 consecravit.
2918 2107 3094 2164 Primo
3125 2119 3275 2163 tomo
3319 2123 3435 2179 quae
3465 2125 3555 2163 suo
3576 2119 3690 2163 temo

2141 2215 2270 2268 pore
2311 2200 2572 2253 maximas
2615 2200 2914 2254 excitarant
2961 2199 3324 2269 (inaestiones,
3373 2210 3553 2270 prteter
3589 2213 3693 2268 per-

2141 2293 2306 2345 multa
2336 2293 2450 2344 loca
2478 2288 2791 2346 obscuriora
2820 2290 3108 2358 Scriptura:
3135 2289 3425 2358 esplicata,
3449 2289 3512 2344 de
3538 2287 3690 2343 chari-

2143 2391 2284 2446 tate,
2337 2382 2548 2445 anima,
2594 2380 2842 2444 sensibus
2888 2379 3154 2445 hominis,
3201 2379 3507 2434 Mediatoris
3535 2393 3691 2432 sacra-

2141 2481 2354 2537 mento,
2399 2471 2662 2540 religione
2713 2468 3014 2525 Christiana
3035 2510 3049 2534 ,
3079 2469 3330 2534 sabbato,
3356 2470 3547 2539 judicio
3574 2468 3690 2521 divio

2140 2579 2231 2627 no,
2261 2563 2674 2625 resurrectione,
2700 2563 2807 2616 vita
2833 2576 2895 2616 ac
2917 2572 3087 2616 morte
3113 2571 3339 2631 interna,
3392 2574 3691 2631 quaecunque

2140 2655 2468 2726 Augustinus
2500 2653 2772 2717 ediderat,
2823 2627 3421 2718 eruditiorafmseruit;
3468 2649 3692 2706 Secundo

2139 2758 2290 2802 tomo
2312 2747 2570 2810 Arianos,
2614 2742 2934 2799 Manichaeos
2955 2783 2969 2809 ,
3002 2743 3312 2797 Donatistas
3334 2787 3347 2807 ,
3378 2740 3689 2810 Pelagianos,

2139 2839 2332 2910 quibus
2362 2837 2658 2892 rationibus
2686 2835 2882 2891 devicit
2904 2835 3267 2905 Hipponensis
3296 2835 3386 2888 ille
3411 2835 3688 2903 episcopus,

2141 2931 2337 2986 docet:
2381 2939 2438 2984 et
2469 2939 2526 2984 ut
2555 2928 2739 2998 paucis
2768 2927 3072 2990 absolvam,
3101 2925 3267 2979 habes
3287 2967 3302 2991 ,
3329 2925 3562 2994 princeps
3590 2921 3693 2974 illu~

2140 3021 2406 3076 strissime
2428 3061 2443 3085 ,
2493 3033 2598 3073 non
2626 3017 2905 3088 Augustini
2935 3031 3128 3082 corpus
3152 3054 3168 3080 ,
3211 3015 3309 3069 sed
3342 3014 3566 3068 animum
3591 3051 3604 3074 ,
3635 3025 3690 3063 ex

2143 3121 2251 3168 tam
2294 3109 2770 3165 innumerabilibus
2821 3107 3184 3160 voluminibus
3233 3109 3288 3159 in
3336 3106 3471 3158 hunc
3523 3104 3690 3155 librum

461 3227 548 3268 ma
568 3215 695 3265 dare
716 3210 966 3280 dignatus
987 3218 1070 3263 est
1089 3209 1406 3277 virginitatis
1431 3214 1484 3261 et
1509 3206 1820 3261 humilitatis
1848 3218 2033 3261 exem-
2063 3207 2110 3272 c
2141 3202 2426 3258 inclusum.
2472 3198 2744 3268 Evulgatis
2783 3208 2958 3250 autem
3001 3197 3227 3266 vigiliis,
3263 3209 3372 3250 non
3403 3193 3489 3248 diu
3522 3203 3693 3260 supero

463 3302 600 3369 plur,
631 3300 699 3354 de
724 3298 930 3368 jejunio
959 3307 1012 3351 et
1033 3298 1274 3353 oratione
1299 3297 1498 3366 aliquid
1529 3297 1787 3357 scribere,
1818 3296 1959 3350 sicut
1984 3296 2038 3350 in

461 3392 692 3462 epistula
731 3406 891 3460 quam
932 3389 1000 3442 ad
1042 3404 1159 3442 eam
1213 3402 1380 3455 nuper
1432 3387 1554 3441 dedi
1584 3401 1700 3442 mea
1732 3385 2042 3456 pollicitatio

464 3484 788 3544 continetur,
839 3482 992 3546 cujus
1048 3479 1140 3533 tibi
1187 3479 1455 3546 praecipue
1489 3487 1671 3532 sancta
1707 3478 2042 3531 conversatio

470 3575 631 3629 estin
663 3572 914 3626 omnibus
965 3569 1239 3622 imitanda.
1277 3571 1407 3634 Quae
1436 3582 1559 3623 cum
1591 3567 1661 3621 sit
1700 3567 1813 3620 avis
1846 3566 2044 3620 atavis‘

467 3682 570 3736 que
600 3677 721 3719 nota
771 3665 1084 3719 consulibus
1107 3702 1121 3726 ,
1153 3674 1206 3717 et
1246 3662 1454 3717 deliciis
1493 3661 1758 3732 regalibus
1787 3662 2039 3726 enutrita,

472 3768 615 3810 tanta
639 3757 720 3810 illi
750 3763 834 3810 est
875 3754 1145 3808 humilitas
1172 3753 1310 3807 dono
1351 3751 1533 3822 gratia:
1575 3751 1812 3806 caelestis
1843 3751 2039 3815 infusa,

472 3858 528 3901 ut
553 3863 738 3902 amore
781 3845 1129 3914 subjectionis
1169 3855 1220 3899 et
1258 3858 1356 3897 usu
1394 3842 1662 3897 serviendi
1688 3841 1957 3894 dominam
1985 3853 2044 3894 se

468 3938 752 4007 abquando
799 3936 871 3990 fui
902 3951 961 3990 se
1000 3935 1110 4003 jam
1155 3934 1358 3989 nesciat
1381 3972 1396 3998 ,
1425 3949 1546 3988 cum
1571 3947 1761 3988 omnes
1787 3930 2041 3986 dominos

2145 3294 2277 3346 vixit
2312 3295 2393 3346 vir
2431 3289 2578 3360 pius,
2617 3287 2711 3342 sed
2763 3287 3095 3356 Fulgentium
3136 3282 3516 3352 sesquimensis
3543 3278 3696 3349 spatio

2144 3387 2475 3454 insequens,
2521 3382 2760 3435 omnium
2805 3379 2948 3432 luctu
2993 3377 3242 3431 discessit
3289 3377 3505 3444 patriam
3553 3369 3695 3425 ciale-

2145 3485 2281 3531 stem
2330 3481 2602 3542 repetens.
2661 3470 2796 3525 llaec.
2825 3469 2982 3523 habui
3024 3483 3142 3538 quae
3179 3467 3250 3522 de
3297 3466 3454 3535 hujus
3487 3460 3695 3517 auctoris

2144 3569 2254 3621 vita
2295 3563 2601 3620 summatim
2645 3561 2860 3631 prazfari
2902 3559 3030 3614 utile
3053 3561 3224 3612 visum
3263 3559 3389 3623 fuit,
3429 3555 3696 3621 lectorique

2145 3655 2436 3726 jucundum
2480 3652 2683 3708 auditu.
2728 3651 2854 3705 Vale
2871 3663 2895 3714 ,‘
2933 3650 3180 3717 princeps
3211 3646 3590 3706 illustrissime,
3617 3656 3697 3709 pa-

2150 3757 2302 3801 trone
2327 3743 2833 3800 observandissime.
2878 3740 3093 3794 Basilete
3121 3738 3485 3792 Rauracorum
3505 3775 3518 3800 ,
3546 3749 3592 3788 iv
3617 3745 3698 3786 ca-

2149 3839 2293 3895 lend.
2327 3835 2665 3908 septembris,
2699 3847 2840 3889 anno
2870 3847 2898 3887 a
2931 3841 3055 3887 nato
3082 3829 3300 3885 Christo
3331 3842 3525 3885 ιιυωι.

469 4043 3697 4102 ____________________________________._________.__..

1482 4174 1814 4236 ΒΟΜΙΝᾸΞ
1858 4169 2165 4234 MERITO
2219 4160 2726 4230 VENERABILI,

907 4323 984 4363 ET
1029 4317 1277 4362 FRUCTU
1323 4315 1534 4358 SACRE
1580 4308 2009 4356 VIRGINITATIS
2052 4306 2113 4348 IN
2157 4302 2410 4347 CHRISTA
2453 4297 2688 4340 GRATIA
2734 4293 2980 4338 SEMPER
3031 4291 3322 4333 ILLUSTBI

1832 4425 1889 4457 AC
1921 4421 2010 4457 PEI
2044 4419 2192 4454 UMHIA
2224 4415 2389 4452 ΡἎΟΒΒ

1087 4517 1445 4571 EUGYPPIUS
1479 4513 1733 4566 OMNIUM
1767 4509 2110 4564 SERVORUM
2145 4509 2252 4558 DEI
2288 4505 2586 4558 FAMULUS
2620 4505 2684 4555 lN
2720 4503 2959 4556 DOMINO
2997 4503 3044 4552 S.
3085 4499 3143 4551 D.

549 4745 940 4810 Excerptorum
963 4735 1205 4792 codicem
1229 4744 1386 4801 quem
1410 4729 1476 4783 de
1499 4727 1770 4782 nonnullis
1789 4725 2048 4794 operibus
2077 4728 2126 4788 ι)
2154 4738 2345 4778 omnes
2389 4721 2673 4776 orthodoxi
2723 4730 2835 4774 toto
2891 4730 3152 4775 terrarum
3207 4720 3340 4776 orbe
3385 4725 3706 4779 venerentur,

475 4836 646 4892 sancti
675 4829 973 4902 Augustini,
997 4825 1311 4882 cohortante
1337 4819 1556 4876 domino
1578 4833 1701 4874 meo
1723 4816 1927 4871 Marino
1955 4816 2048 4870 ab-

481 4932 621 4992 bate,
653 4926 739 4981 vel
770 4924 982 4980 caeteris
1011 4920 1213 4977 sanctis
1240 4916 1528 4980 fratribus,
1569 4911 2051 4984 quomodocunque

481 5030 876 5089 compegeram,
903 5014 1158 5067 continuo
1187 5007 1467 5063 transferri
1515 5005 1688 5069 vobis,
1719 5012 1906 5056 sancto
1947 5015 2054 5068 quo

482 5109 695 5180 polletis
723 5105 921 5171 studio,
949 5102 1230 5158 voluistis:
1259 5107 1452 5154 etcum
1486 5096 1820 5151 bibliotheca:
1861 5102 2055 5148 vestra:

484 5204 634 5271 copia
660 5197 960 5266 multiplex,
991 5195 1217 5263 integra,
1245 5191 1312 5245 de
1339 5190 1532 5259 quibus
1571 5202 1740 5257 pauca
1787 5187 2053 5255 decerpsi,

483 5294 756 5349 contineat
783 5301 967 5358 opera,
996 5284 1192 5356 placuit
1222 5291 1400 5336 tamen
1433 5280 1628 5333 habere
1669 5277 1942 5344 decerpta.
1992 5276 2060 5328 At

485 5398 585 5452 ego
615 5380 970 5452 prospiciens,
1003 5391 1069 5430 ne
1099 5372 1320 5427 forsitan
1356 5387 1382 5421 a
1421 5369 1714 5437 legentibus
1745 5366 2060 5422 temeritatis

487 5489 780 5543 arguerer,
830 5482 1051 5524 necesse
1101 5465 1259 5518 habui
1310 5476 1524 5516 causam
1576 5460 1697 5514 facti
1748 5460 2060 5529 praefatione

485 5569 666 5634 fateri,
691 5582 810 5635 qua:
855 5566 926 5616 ita
960 5576 1019 5616 se
1060 5558 1237 5614 habet.
1270 5556 1410 5610 Inter
1453 5567 1676 5622 magnos
1717 5560 1772 5605 et
1817 5552 2059 5620 egregios

484 5658 762 5715 catholicae
795 5655 1040 5709 doctores
1089 5649 1379 5710 Ecclesia,
1426 5645 1738 5714 praiclarum
1788 5641 1952 5696 fuisse
2008 5648 2062 5695 et

488 5762 611 5804 esse
633 5747 843 5801 beatum
869 5741 1215 5809 Augustinum
1243 5738 1362 5808 quis
1391 5737 1595 5807 ignoret
1628 5742 1681 5786 et
1710 5727 2062 5799 episcopum?

493 5853 653 5907 quem
683 5849 801 5891 cum
829 5833 1008 5889 divina
1039 5839 1093 5886 et
1133 5833 1361 5887 humana
1411 5825 1712 5885 eruditione
1742 5821 2061 5887 mirabilem,

2157 4813 2420 4883 pracipue
2453 4825 2625 4864 tamen
2669 4810 2976 4878 apostolica:
3015 4811 3156 4864 sedis
3203 4811 3486 4872 antistites,
3517 4805 3702 4870 scripta

2159 4905 2294 4972 ejus,
2337 4919 2427 4957 sua
2481 4901 2827 4969 probabiliter
2873 4903 3189 4955 auctoritate
3237 4899 3531 4961 firmantes,
3575 4903 3708 4950 tanto

2161 4991 2348 5061 majori
2381 4989 2558 5044 studio
2583 5004 2797 5054 semper
2827 4989 3058 5058 amplexi
3091 4998 3236 5054 sunt,
3257 4999 3453 5058 quanto
3481 4980 3708 5055 ampliori

2160 5084 2354 5138 solatio
2387 5080 2470 5134 his
2500 5095 2622 5134 usos
2654 5082 2816 5134 fuisse
2861 5089 3146 5135 testantur.
3174 5080 3301 5133 Nam
3329 5088 3511 5135 contra
3537 5076 3710 5132 multos

2161 5175 2344 5229 hostes
2374 5172 2624 5226 Ecclesia:
2654 5171 2991 5234 dimicantes,
3019 5181 3071 5225 et
3093 5171 3322 5226 maxime
3349 5181 3532 5224 contra
3561 5162 3702 5219 versi-

2169 5267 2340 5336 pelles
2373 5264 2617 5319 inimicos
2645 5265 2829 5332 gratia:
2860 5263 2971 5326 Dei,
3012 5263 3256 5317 doctrina
3303 5262 3418 5330 ejus
3463 5253 3706 5314 instructi,

2163 5358 2246 5414 vel
2291 5356 2467 5427 potius
2508 5355 2693 5409 eadem
2725 5355 2974 5409 illustrati
3003 5355 3196 5422 gratia,
3227 5369 3436 5422 semper
3480 5347 3710 5405 castitere

2164 5449 2394 5502 victores
2420 5465 2431 5499 :
2465 5445 2618 5515 cujus
2649 5445 2881 5499 victoriae
2913 5446 3132 5514 praemia
3177 5445 3231 5499 in
3270 5453 3468 5499 tantum
3497 5440 3712 5494 donante

2167 5541 2276 5594 Deo
2299 5540 2523 5608 posteris
2546 5549 2788 5606 prosunt,
2814 5545 2869 5590 ut
2891 5546 2944 5591 et
2965 5536 3179 5606 jc-junos
3195 5533 3462 5606 copiosius
3489 5531 3704 5599 pascant.

2166 5642 2219 5687 et
2249 5632 2412 5685 fortes
2452 5628 2616 5682 armis
2664 5627 2994 5696 spiritalibus
3039 5629 3301 5683 muniant.
3346 5620 3610 5677 Catholica
3649 5613 3703 5666 si-

2166 5721 2381 5792 quidem
2405 5718 2596 5772 divina:
2620 5718 2752 5788 legis
2779 5718 3106 5785 explanatio,
3140 5734 3245 5772 non
3274 5715 3442 5774 solum
3491 5707 3703 5765 esurien-

2169 5816 2309 5872 tibus
2336 5810 2610 5877 alimonia,
2641 5809 2733 5867 sed
2774 5820 2829 5868 et
2873 5811 3250 5868 dimicantibus
3290 5805 3513 5866 efﬁcitur
3556 5809 3716 5856 artua-
