3962 6178
265 320 359 378 τω

968 380 989 415 \

1570 315 1998 374 TIIES.\URUS.
2038 316 2186 373 CAP.
2220 320 2256 373 l.

3404 323 3510 376 εἰσί

266 449 404 490 tura.
437 435 546 491 Nec
572 434 841 491 immerito
864 434 1046 491 vicarii
1078 434 1221 490 illius
1265 434 1348 490 cui
1380 433 1674 501 pascendas
1716 446 1843 486 oves
1872 431 1922 493 Α
1949 448 2258 502 magnorum
2291 433 2340 487 id
2373 433 2453 488 rel
2486 434 2657 489 facere
2680 433 2762 488 rei
2796 440 2990 489 nabere
3018 434 3289 505 dignatur,
3323 435 3513 490 saltem

267 527 526 582 Dominus
546 538 639 581 ore
664 526 878 595 proprio
922 526 1315 581 commendavit
1340 524 1742 594 compastoralis
1763 522 1838 578 of-

266 617 369 671 ticii
398 622 628 681 soclum,
659 618 876 685 copiosa
927 616 1077 687 gregi
1103 616 1374 672 dominico
1421 617 1487 670 de
1518 615 1681 684 pratis
1702 614 1845 668 Scri-

266 717 565 772 rturarum,
610 706 800 775 pabula
844 714 1243 776 procurantem,
1276 705 1599 775 peramplius
1635 704 1844 759 dilexe-

262 806 427 851 runt:
477 811 632 851 suum
662 798 944 852 veri-sime
992 807 1243 866 putantes
1294 797 1513 862 bonum,
1559 798 1702 867 quod
1750 812 1846 866 per

264 889 552 942 fraternam
580 890 859 944 scientiam
887 888 1290 960 gratulabantur
1319 889 1619 944 inventum.
1660 886 1846 944 Scien-

266 990 344 1036 tes
377 981 518 1035 hunc
550 981 941 1050 intelligibilem
978 982 1045 1036 ad
1071 982 1397 1038 condiendos
1425 981 1633 1036 animos
1676 983 1843 1035 salem

262 1070 422 1125 etiam
478 1072 759 1139 pecoribus
800 1071 1176 1141 abjectissimis
1214 1074 1569 1142 profuturum,
1617 1087 1843 1142 quorum

263 1162 498 1216 omnium
526 1176 625 1233 ego
648 1178 867 1233 prorsus
896 1164 1174 1232 abiectior,
1202 1180 1273 1220 ex
1296 1165 1586 1235 aliquantis
1604 1165 1844 1234 ejusdem

265 1251 399 1305 beati
449 1252 549 1305 viri
590 1254 866 1320 praeclaris
910 1255 1164 1322 cperibus
1214 1270 1477 1324 perpauca
1530 1257 1847 1312 ruminando

264 1341 658 1410 quodammodo
681 1343 1077 1413 lambendoque
1112 1345 1381 1415 decerpsi,
1434 1361 1555 1415 quae
1581 1348 1847 1402 stantibus

263 1433 449 1486 amicis
472 1433 676 1504 integra
705 1433 959 1505 legeram.
987 1437 1117 1491 Nam
1144 1438 1323 1491 omnia
1350 1436 1494 1493 illius
1516 1437 1717 1493 habere
1764 1438 1847 1492 vel

265 1523 508 1579 invenire
530 1526 650 1595 quis
681 1527 886 1595 possit?
929 1527 1190 1583 Nonnulla
1220 1543 1349 1599 ergo
1375 1530 1572 1600 legenti
1601 1530 1732 1584 mibi
1762 1540 1845 1583 at-

263 1626 368 1681 que
391 1614 591 1670 habere
610 1616 842 1685 cupienti
871 1618 991 1686 qttia
1022 1616 1247 1673 facultas
1269 1620 1485 1675 minime
1504 1622 1841 1691 suppetebat,

271 1706 474 1761 idcirco
537 1709 807 1777 quaedam,
839 1711 986 1765 velut
1037 1726 1105 1766 ex
1156 1711 1358 1782 ingenti
1418 1722 1572 1782 prato
1625 1713 1846 1768 ﬂoribus

1956 523 2030 577 illi
2062 523 2256 593 quibus
2288 524 2523 594 plenaria
2553 526 2682 579 tanti
2713 525 2905 580 desunt
2937 526 3138 594 aperis,
3173 527 3255 581 bis
3296 526 3518 582 fortasse

1947 613 2364 670 delectabuntttr
2406 615 2707 682 Excerptis,
2758 619 2881 685 quia
2924 618 3134 674 facilius
3173 635 3333 674 unum
3372 622 3519 674 endi-

1944 721 2063 763 cem
2095 709 2215 777 quis
2261 709 2454 777 poterit
2480 709 2581 764 sibi
2611 724 2800 778 parare
2826 726 2983 778 quam
3017 711 3230 767 multos.
3262 716 3301 767 A
3339 711 3519 780 singu-

1945 799 2011 853 lis
2036 814 2168 854 sane
2190 799 2438 869 capitulis
2465 800 2690 856 diversae
2721 814 2828 866 res,
2861 802 2946 855 vel
2990 801 3148 856 etiam
3194 805 3521 872 quaestiones

1944 903 2106 964 atque
2142 894 2444 961 sententiae,
2475 895 2543 949 de
2563 911 2668 965 quo
2713 910 2875 964 opere
2916 896 2998 951 vel
3041 898 3177 950 libro
3213 896 3339 963 sint,
3383 898 3520 950 imii-

1944 996 2154 1049 cantur,
2185 995 2246 1040 ut
2272 986 2316 1041 si
2343 987 2462 1056 quis
2492 987 2717 1054 ignorat,
2748 986 2835 1039 ubi
2863 1001 2955 1040 eas
2979 988 3133 1054 plene
3175 987 3344 1056 possit
3370 988 3521 1039 inve-

1947 1077 2062 1130 nire
2109 1084 2415 1145 cognoscat.
2467 1074 2731 1144 lntegrnm
2774 1088 2901 1129 vero
2966 1073 3161 1128 librum
3210 1072 3384 1127 visum
3433 1085 3517 1129 est

1948 1165 2335 1234 Excerptorum
2365 1164 2559 1219 debere
2588 1179 2707 1219 esse
2737 1164 3079 1232 principium,
3100 1171 3156 1217 et
3183 1162 3275 1218 ille
3301 1163 3519 1231 potissi-

1946 1272 2090 1312 mum
2119 1256 2249 1310 mihi
2301 1256 2692 1325 praeponendos
2711 1258 2962 1320 occurrit,
2988 1270 3143 1324 quem
3170 1255 3309 1309 idem
3336 1255 3522 1309 beatus

1946 1347 2272 1416 Augustinus
2315 1347 2538 1401 antistes
2577 1345 2645 1400 ad
2673 1356 2915 1400 sanctum
2964 1346 3366 1416 Hieronymum,
3398 1355 3515 1412 post

1949 1439 2170 1506 primam
2216 1437 2284 1491 de
2327 1438 2519 1491 animat
2566 1437 2881 1505 quaestione,
2936 1437 3175 1491 noscitur
3237 1436 3522 1505 scripsisse

1948 1530 2343 1599 presbyterum,
2393 1531 2606 1584 solvens
2636 1528 2778 1583 illam
2811 1545 2876 1584 ex
2912 1528 3141 1599 Epistola
3169 1528 3356 1583 Jacobi
3385 1543 3519 1594 apo-

1946 1619 2093 1683 stoli,
2119 1634 2280 1690 quam
2320 1621 2373 1673 in
2418 1620 2591 1687 primo
2623 1618 2916 1687 praenotavi
2962 1618 3216 1685 capitulo,
3266 1617 3520 1687 quaestio-

1949 1726 2070 1765 nem
2108 1728 2121 1763 :
2168 1712 2220 1765 in
2252 1726 2359 1776 quo
2389 1709 2549 1777 libro,
2579 1718 2807 1778 quatuor
2850 1710 2970 1764 illas
3017 1709 3259 1773 virtutes,
3316 1708 3369 1763 id
3415 1719 3520 1772 eat.

263 1813 487 1868 asperso
514 1801 848 1870 crelestibus,
880 1818 946 1858 ex
1000 1804 1256 1863 libroruin
1298 1807 1417 1873 ejus
1442 1819 1563 1874 quae
1599 1805 1724 1859 data
1764 1817 1847 1862 est
1878 1791 1922 1852 Β
1953 1803 2313 1871 prudentiam,
2346 1803 2772 1871 temperantiam,
2806 1802 3193 1867 fortitudinem,
3223 1812 3383 1867 atque
3407 1803 3523 1870 jus-

274 1891 428 1959 copia
472 1893 625 1962 inops
650 1908 898 1963 :egerque
924 1895 1116 1967 collegi
1142 1913 1157 1949 :
1187 1897 1344 1965 inops
1372 1896 1582 1952 scilicet
1634 1897 1841 1965 peritia,

266 1995 414 2049 ager
444 1981 675 2053 oﬂensa,
723 1984 807 2038 vel
837 1983 1109 2039 informari
1136 1994 1276 2039 tanta
1308 1985 1549 2040 doctrina
1598 1987 1841 2055 cupiens,

266 2072 351 2125 vel
381 2074 582 2127 sanari.
618 2074 905 2130 Veritatem
936 2089 1165 2146 namque
1211 2076 1494 2133 sententiae
1543 2077 1847 2133 Salomonis

272 2163 361 2229 qui
392 2164 468 2216 ait
494 2180 507 2217 :
540 2164 714 2218 Ferus
738 2164 906 2219 mellis
938 2169 1086 2221 verba
1114 2169 1421 2239 prudentia,
1464 2168 1684 2223 dulcedo
1731 2170 1849 2224 atti-

264 2274 383 2323 mm,
406 2262 603 2313 sanitas
629 2261 819 2313 ossium
840 2300 856 2325 ,
889 2262 943 2315 in
973 2262 1263 2331 supradicti
1299 2263 1397 2317 viri
1442 2261 1749 2317 dulcissima
1794 2270 1851 2317 et

263 2348 550 2402 sanissima
593 2350 894 2405 eruditione
931 2353 1191 2420 persensi.
1244 2353 1418 2407 Pauca
1466 2354 1690 2423 proinde
1730 2368 1849 2424 qua

263 2440 533 2506 cortge~si,
567 2456 671 2495 non
700 2443 872 2496 solum
903 2442 1032 2495 mihi
1072 2443 1164 2511 qui
1200 2458 1362 2497 sensu
1408 2457 1682 2513 censuque
1730 2457 1847 2498 sum

264 2543 492 2597 pauper,
523 2531 616 2585 sed
639 2531 805 2585 etiam
831 2533 914 2586 Itis
948 2533 1040 2602 qui
1083 2545 1311 2602 utroque
1337 2534 1545 2603 pretliti
1577 2541 1703 2588 sunt
1727 2549 1847 2588 mu-

264 2634 422 2685 nere,
456 2622 731 2689 profutura
758 2622 996 2677 contido.
1026 2622 1159 2677 Nam
1186 2638 1307 2679 cum
1346 2625 1400 2678 in
1439 2639 1632 2680 manus
1661 2639 1847 2679 eorum

271 2712 388 2765 iure
411 2712 602 2767 eadem
624 2723 877 2781 excerpta
912 2717 1270 2782 pervenerint,
1300 2726 1390 2770 aut
1418 2715 1612 2770 ardore
1637 2715 1849 2771 mendi-

262 2802 441 2854 cautis
466 2804 699 2869 accensi,
723 2812 814 2857 aut
840 2801 1167 2869 inordinata,
1190 2816 1244 2858 ut
1265 2805 1486 2871 assolet,
1504 2806 1851 2875 congestione

268 2894 526 2959 permoti,
570 2895 773 2951 dabunt
820 2912 1060 2965 operam,
1103 2900 1184 2953 vel
1217 2900 1365 2969 plura
1415 2899 1709 2955 studiosius
1758 2901 1851 2954 ba-

268 2983 426 3047 bere,
457 2985 543 3040 vel
569 3001 629 3039 ei
672 2986 749 3040 his
771 2987 975 3055 aptiora
1004 2988 1331 3058 decerpere,
1373 2998 1534 3060 atque
1585 2990 1638 3045 in
1685 3006 1849 3044 unum

270 3089 473 3143 corpus
502 3075 716 3129 redacta
744 3079 945 3146 sapius
996 3080 1257 3135 lectitare.
1296 3080 1371 3135 ita
1418 3082 1639 3136 forsitan
1685 3080 1852 3150 impe-

1951 1895 2145 1961 titiam,
2191 1892 2257 1947 ad
2288 1892 2418 1947 illud
2448 1892 2675 1962 gemina:
2710 1891 3011 1948 dilectionis
3048 1892 3141 1947 Dei
3190 1901 3246 1946 et
3292 1892 3520 1961 p:oximi

1948 1984 2112 2040 latum
2152 1984 2454 2039 mandatum
2502 1984 2683 2050 nimis,
2716 1984 2767 2038 in
2790 2000 2895 2053 qui
2947 1993 3054 2039 tota
3099 1984 3186 2038 lex
3230 1986 3425 2052 pendet
3463 1994 3522 2039 et

1952 2078 2245 2147 prophetae,
2286 2076 2511 2130 mirifice
2539 2075 2743 2131 retulit.
2775 2077 2856 2131 0b
2895 2076 2998 2131 boc
3026 2077 3204 2146 itaque
3228 2090 3523 2144 congruunt

1950 2172 2129 2236 putavi
2153 2176 2312 2235 atque
2339 2169 2689 2232 conveniens,
2736 2178 2791 2221 ut
2836 2165 2919 2222 bis
2954 2166 3232 2235 Excerptis
3258 2166 3516 2232 cbaritas,

1950 2274 2053 2328 qua
2077 2258 2317 2328 dispersa
2359 2258 2534 2312 solent
2571 2258 2794 2312 adunari
2844 2258 3173 2327 integritate.
3217 2257 3340 2313 libri
3369 2258 3526 2312 daret

1951 2349 2256 2413 exordium,
2301 2364 2420 2417 qua:
2456 2357 2511 2403 et
2559 2349 2811 2402 virtutunt
2856 2348 3094 2403 omnium
3153 2348 3431 2417 perfectio,
3472 2359 3527 2403 et

1952 2457 2202 2512 supernae
2229 2441 2359 2511 legis
2388 2451 2470 2496 est
2492 2440 2795 2509 plenitudo:
2820 2440 2935 2508 ipsa
2955 2454 3167 2510 quoque
3193 2441 3351 2495 tinem
3379 2439 3526 2495 dedit

1952 2536 2122 2604 operi,
2152 2549 2273 2603 qua!
2298 2550 2402 2587 non
2448 2533 2610 2588 habet
2670 2532 3024 2603 “nummum
3068 2531 3517 2601 penultimusntt-

1952 2627 2086 2681 meri
2127 2626 2333 2687 titulus,
2379 2624 2619 2679 ordinem
2668 2622 2985 2689 nutriendae,
3018 2621 3234 2677 ultimus
3276 2621 3525 2676 contrita:

1952 2720 2162 2787 laudem
2190 2718 2429 2773 continet
2456 2716 2750 2772 cbaritatis.
2787 2716 2888 2771 Per
2914 2730 3072 2783 quam
3117 2712 3306 2784 adjuro
3352 2714 3524 2768 lectu-

1954 2827 2064 2879 ros,
2093 2820 2152 2864 ut
2182 2810 2311 2864 milii
2341 2810 2557 2879 indigno
2613 2808 2820 2863 veniam
2861 2807 3140 2877 dignanter
3187 2806 3441 2869 tribuant,
3468 2812 3526 2859 et

1955 2903 2257 2958 orationum
2303 2900 2551 2971 pmsidia
2596 2902 2888 2955 clementer
2931 2898 3261 2968 impendant.
3302 2896 3360 2953 Si
3404 2896 3526 2966 quis

1954 3010 2087 3049 sane
2128 2992 2456 3048 transferens
2486 2992 2588 3045 ltoc
2616 3006 2773 3060 opus,
2817 2991 2901 3045 Itis
2946 3006 3065 3060 quae
3109 2997 3357 3058 congesta
3402 2998 3529 3045 sunt

1953 3090 2059 3142 alia
2088 3088 2290 3141 addere
2314 3085 2454 3141 forte
2495 3084 2745 3149 voluerit,
2773 3084 3025 3152 cengruis
3052 3082 3266 3152 adjiciat
3295 3082 3449 3147 locis,
3472 3091 3531 3136 ut

268 3164 353 3217 riti
397 3163 721 3220 desiderium
768 3169 1098 3237 compendiis
1148 3170 1343 3240 poterit
1392 3172 1621 3227 militare
1661 3172 1845 3226 docto-
1876 3159 1924 3224 C
1955 3180 2191 3251 praedicti
2231 3180 2337 3232 duo
2375 3178 2445 3232 de
2485 3177 2746 3233 citaritate
2788 3174 2926 3230 tituli
2978 3174 3137 3230 finem
3184 3189 3399 3243 semper
3444 3184 3528 3231 ω’

271 3270 417 3310 rem.
450 3256 772 3328 Plerumque
799 3260 944 3315 enim
971 3262 1114 3330 quod
1145 3262 1381 3331 ineptius
1425 3277 1454 3316 a
1486 3264 1665 3331 parvis
1714 3263 1849 3321 arri-

273 3348 449 3414 pitur,
478 3362 509 3401 a
538 3353 743 3419 magnis
781 3354 955 3420 aptius
1000 3356 1344 3424 adimpletur.
1382 3356 1541 3411 Certe
1585 3358 1632 3410 si
1677 3357 1856 3411 nullus

1956 3281 2117 3326 neant
2149 3269 2555 3335 Excerptorutn.

3086 3462 3525 3473 ψὰ--ᾲ--φ--ηιο

272 3465 3534 3501 W

1305 3565 1484 3676 Ι).
1558 3559 2452 3677 EUGYPPII

1086 3728 1808 3838 ABBATIS

1930 3725 2757 3837 AFRICANI

1433 3922 2365 4032 THESAURUS

942 4192 949 4203 .
1050 4102 1241 4209 Ea:
1318 4101 1428 4211 S.
1518 4099 2151 4238 Augustini
2219 4096 2765 4237 cperibus.

1671 4286 2096 4307 μθ

765 4360 808 4426 ι
838 4356 1017 4411 caro
1036 4356 1065 4411 r
1094 4354 1377 4411 PRIMUM.

248 4496 249 4501 η
280 4444 355 4499 De
378 4446 630 4502 sententia
651 4444 837 4499 Jacobi
862 4448 1112 4511 apostoli,
1138 4463 1238 4515 qua
1274 4445 1399 4498 dicit
1430 4460 1449 4500 :
1479 4443 1538 4497 Si
1568 4451 1723 4495 totam
1755 4443 1866 4509 quis

346 4516 510 4585 legem
541 4518 834 4575 seruaverit.
871 4515 1083 4583 oﬁ'rndit
1114 4516 1366 4585 autrnt_in
1414 4532 1539 4578 uno,
1591 4517 1757 4585 factus
1791 4518 1866 4563 est

349 4582 581 4638 omnium
612 4603 749 4650 reus,
780 4603 895 4639 cum
916 4582 1056 4639 idem
1080 4588 1250 4639 dicat:
1276 4583 1338 4637 In
1365 4586 1535 4637 multis
1567 4582 1871 4648 offendimus

346 4673 548 4709 manes.
586 4655 651 4708 Et
680 4655 747 4707 de
790 4657 1038 4709 charitate
1063 4673 1126 4711 ac
1170 4666 1390 4725 quatuor
1417 4654 1726 4725 virtutibus“:
1752 4668 1874 4725 pra:

346 4728 550 4783 dentis.
582 4732 931 4791 tmtprrantia,
979 4721 1281 4796 fortitudine
1306 4737 1353 4781 rt
1371 4725 1593 4795 justitia.
1628 4721 1777 4778 Liber
1804 4722 1873 4775 ad

350 4796 729 4867 Hieronymum
759 4798 1109 4868 presbglerum
1134 4801 1344 4867 integer.

346 4906 523 4973 Quod.
539 4906 621 4971 ad‘
639 4916 691 4962 te
709 4908 927 4975 scripsi,
955 4908 1265 4964 honorande
1286 4908 1417 4964 milti
1456 4908 1509 4962 in
1532 4906 1744 4961 Christo
1766 4897 1875 4959 fra-

276 5006 363 5052 ter
389 4998 741 5067 ilieronytne.
764 5014 1014 5067 qu:rrens
1034 5000 1103 5056 de
1122 5000 1299 5055 anima
1321 4998 1632 5064 humana,“
1655 5011 1875 5052 nascen-

268 5090 431 5143 tibus
462 5089 716 5159 singulis,
749 5107 901 5147 nova:
947 5092 1170 5160 singulae
1219 5107 1361 5147 nunc
1387 5107 1556 5159 usque
1589 5089 1750 5153 fiunt,
1788 5090 1876 5143 ubi

279 5179 499 5248 peccati
526 5181 794 5234 vinculum
822 5183 1163 5245 contrahant,
1194 5181 1338 5252 quod
1364 5197 1457 5249 per
1486 5188 1877 5234 sacramentum

275 5272 478 5337 gratias
505 5271 727 5336 Cbrisﬁ,
756 5273 918 5326 etiam
962 5273 1014 5326 in
1049 5273 1338 5329 infantibus
1380 5286 1571 5327 recens
1592 5272 1731 5325 natis
1770 5284 1876 5323 non

276 5361 600 5415 dubitamus
628 5377 745 5416 esse
774 5364 1112 5427 solvendum,
1164 5378 1286 5418 eunt
1314 5364 1368 5417 in
1396 5379 1501 5418 non
1544 5376 1762 5430 parvum
1795 5375 1880 5414 vo-

278 5452 475 5506 lumen
509 5452 843 5520 procederet,
878 5454 1025 5511 nolui
1053 5454 1157 5508 ulla
1183 5455 1287 5509 alia
1317 5468 1541 5508 onerare
1562 5451 1877 5520 qumstione;

280 5544 380 5597 sed
416 5542 565 5611 quod
593 5553 741 5612 urget
766 5545 963 5613 acrius,
986 5545 1159 5599 multo
1178 5546 1352 5599 minus
1374 5552 1458 5600 est
1483 5542 1875 5612 negligentiam.

284 5635 535 5690 l't'tiittde
563 5652 744 5703 quaeso
785 5646 840 5691 et
862 5653 956 5707 per
986 5638 1266 5694 Dominum
1311 5638 1537 5693 obsecro
1566 5645 1622 5690 ut
1644 5648 1881 5704 exponas

282 5728 452 5791 Inibi,
486 5726 629 5792 quod
660 5728 841 5781 multis
877 5729 1128 5783 existimo
1154 5730 1512 5799 profuturum,
1562 5736 1653 5780 aut
1682 5727 1727 5780 si
1768 5724 1878 5793 iam

290 5820 382 5876 vel
420 5820 527 5876 alia
549 5826 620 5887 te,
644 5818 727 5874 vel
756 5817 825 5874 ab
850 5818 955 5877 alio
984 5819 1164 5891 aliquo
1202 5821 1500 5891 expositum
1554 5818 1750 5883 babes,
1793 5816 1878 5870 di-

1967 4349 2110 4418 rigas
2164 4348 2319 4402 nobis
2393 4344 2663 4414 quomodo
2738 4343 3105 4412 accipiendum
3160 4344 3229 4398 sit
3283 4340 3424 4410 quod
3487 4342 3550 4395 in

1976 4442 2209 4511 Epistula
2266 4440 2448 4495 Jacobi
2493 4437 2719 4508 apostoli
2761 4436 3015 4504 scriptum
3062 4446 3144 4493 est
3188 4436 3545 4506 :Quicunque

1972 4542 2150 4588 autem
2195 4541 2356 4585 totam
2405 4530 2573 4600 legem
2620 4526 2955 4595 servaverit,
2985 4525 3220 4583 oll‘endat
3260 4534 3437 4582 autem
3492 4526 3543 4580 in

1974 4639 2111 4685 uno,
2138 4622 2309 4676 fartus
2334 4632 2414 4676 est
2440 4619 2678 4675 omnium
2709 4634 2856 4674 reus.
2886 4618 3015 4683 Quae
3045 4632 3131 4673 res
3152 4618 3270 4671 talis
3299 4631 3363 4672 ac
3401 4626 3545 4672 tanta

1970 4725 2077 4781 εει,
2125 4724 2185 4769 ut
2224 4713 2369 4784 quod
2425 4713 2550 4767 hinc
2608 4712 2701 4766 tibi
2755 4712 2866 4779 jam
2903 4726 3010 4765 non
3043 4709 3170 4767 olim
3197 4708 3418 4778 scripsi,
3461 4725 3550 4763 me

1975 4810 2198 4867 multum
2229 4808 2481 4878 pteuiteat
2513 4823 2526 4859 :
2558 4808 2625 4860 de
2650 4804 2855 4873 agenda
2884 4818 3110 4873 namque
3140 4802 3389 4870 pra-senti
3412 4803 3547 4865 vita,

1974 4902 2243 4972 quomodo
2286 4900 2354 4955 ad
2385 4902 2545 4953 vitam
2588 4896 2966 4966 perveniamus
2993 4905 3275 4963 aeternam,
3326 4911 3431 4950 non
3483 4893 3565 4949 de

1976 4993 2245 5065 pra-uerita
2276 4989 2675 5060 perscrutanda,
2695 5004 2853 5057 quam
2886 4987 3099 5057 penitus
3124 4986 3384 5043 demersit
3411 4986 3548 5040 obli-

1979 5087 2085 5148 vio,
2126 5083 2281 5137 sicuti
2320 5090 2403 5135 est
2446 5081 2574 5136 illud
2605 5080 2745 5148 quod
2777 5080 2844 5135 de
2884 5080 3057 5134 anima
3081 5079 3426 5150 quaerendum
3457 5092 3554 5145 pu-

1980 5177 2109 5243 tavi,
2142 5174 2256 5230 base
2283 5172 2509 5227 vertitur
2539 5174 2784 5242 quanio.
2831 5172 3115 5241 Eleganter
3143 5179 3320 5225 autem
3351 5169 3555 5220 dictum

1979 5283 2102 5323 esse
2120 5277 2387 5329 narratur,
2408 5265 2553 5333 quod
2581 5264 2703 5319 huic
2726 5264 2812 5319 rei
2832 5266 2967 5317 satis
2983 5272 3105 5332 apte
3124 5259 3369 5314 convenit
3389 5274 3402 5308 :
3420 5254 3569 5308 Cum

1980 5361 2196 5428 quidam
2226 5359 2423 5411 ruisset
2454 5358 2515 5410 in
2537 5366 2775 5424 puteum,
2808 5353 2899 5408 ubi
2934 5369 3067 5421 aqua
3125 5360 3265 5404 tanta
3310 5357 3453 5409 erat,
3497 5356 3569 5398 ut-

1981 5468 2104 5506 eunt
2127 5450 2294 5518 magis
2311 5448 2585 5517 exciperet
2624 5465 2690 5502 ne
2721 5454 3042 5507 moreretur,
3085 5454 3244 5507 quam
3273 5436 3570 5490 sulfocatetz

1982 5559 2049 5597 ne
2079 5542 2407 5609 loqueretur,
2439 5539 2665 5593 accessit
2701 5537 2859 5601 alius,
2892 5547 3063 5600 coque
3118 5532 3255 5593 viso,
3296 5529 3558 5582 miserans

1983 5625 2059 5687 ait
2087 5651 2099 5685 :
2133 5631 2414 5700 Quomodo
2436 5632 2543 5684 ltuc
2568 5626 2843 5684 cecidisti?
2864 5627 2936 5681 At
2960 5625 3046 5681 ille
3072 5621 3559 5690 :0bsecro,inquit,

1983 5725 2156 5791 cogita
2189 5724 2461 5792 quomodo
2489 5725 2612 5776 hinc
2642 5735 2727 5774 me
2756 5720 2972 5784 liberes,
3007 5732 3113 5772 non
3158 5714 3427 5785 quomodo
3458 5714 3559 5768 huc

1986 5816 2269 5872 ceciderim
2294 5829 2525 5884 qua-ras.
2557 5811 2626 5868 Ita
2658 5808 2908 5880 quoniam
2936 5810 3165 5866 fatetnur
3187 5808 3361 5865 etlide
3384 5822 3442 5862 ca
3474 5807 3568 5859 bo-
