3962 6178
437 270 550 329 563

1515 274 1573 329 ἰ).
1624 270 1938 328 Ειτςϊιιιειι
1984 272 2271 331 ᾹΗΒΑΉΞ
2310 279 2631 338 ΛΗΗΟΛΝΙ

3580 277 3690 335 565

437 392 540 446 lica
568 398 838 452 tenemus,
886 385 953 442 de
990 399 1141 443 reatu
1191 391 1393 456 peccati
1429 399 1677 457 tat-quant
1710 389 1777 440 de
1809 396 1971 455 puteo
1996 428 2013 450 .
2048 388 2091 446 Α
2112 389 2281 458 pellet
2309 391 2405 460 qui
2440 391 2632 448 dicunt
2672 391 2855 461 diviti,
2889 378 3030 449 Sede
3060 392 3175 458 hic,
3222 405 3279 451 et
3310 396 3563 467 pauperi,
3594 395 3690 453 Sta

437 485 599 539 etiam
636 483 841 552 parvuli
876 481 1093 535 infantis
1114 483 1345 534 animam
1378 482 1576 536 (lbristi
1608 483 1777 552 gratia
1797 481 2019 536 liberan-

438 578 583 641 dam,
615 576 748 630 satis
797 589 877 628 εει
934 576 983 629 ei
1017 574 1156 644 quod
1201 574 1419 627 modum
1449 576 1720 642 quomodo
1755 577 1899 631 salva
1925 577 2018 631 fiat

438 672 708 735 novimus,
733 670 940 724 etiamsi
966 683 1238 736 nunquam
1261 669 1530 737 quomodo
1562 669 1614 722 iu
1639 671 1836 724 malum
1887 670 2016 726 illud

432 763 710 816 devenerit
734 761 1062 815 noverimus.
1091 761 1197 815 Sed
1235 760 1355 816 ideo
1402 761 1579 828 putavi
1610 775 1729 815 esse
1766 777 2013 831 qua‘rett-

432 856 580 915 dum,
616 869 681 907 ne
707 853 841 906 forte
869 868 932 906 es
963 853 1068 907 illis
1100 853 1443 919 Opinionibus
1488 855 1874 909 incarnationis
1901 856 2009 909 ani-

432 963 557 1015 mm,
587 947 817 1019 aliquam
865 956 1146 1000 teneamus
1190 947 1474 1010 incautius,
1518 962 1641 1014 quae
1688 947 2011 1002 liberandam

431 1053 653 1107 prorsus
700 1020 931 1091 animam
983 1036 1182 1104 parvuli
1229 1037 1603 1104 contradicat,
1654 1053 1857 1107 negans
1892 1052 2011 1092 eam

430 1146 551 1184 esse
575 1130 626 1184 itt
651 1131 754 1183 isto
782 1130 945 1182 malo.
973 1130 1083 1181 lloc
1106 1130 1263 1195 igitur
1286 1127 1591 1182 lirmissizne
1614 1140 1847 1192 retento,
1870 1132 2011 1196 quod

430 1226 605 1277 anima
655 1224 865 1290 parvuli
907 1221 974 1275 de
1024 1236 1169 1275 rea'n
1218 1220 1419 1289 pet-cati
1461 1220 1733 1274 liberanda
1757 1230 1879 1281 est,
1915 1238 2011 1278 nec

429 1320 535 1372 alio
565 1318 722 1370 modo
753 1316 1048 1378 liberanda,
1082 1317 1179 1369 nisi
1203 1316 1372 1383 gratia
1402 1315 1494 1369 Dei
1523 1330 1617 1383 per
1641 1315 1824 1369 Jesam
1849 1313 2008 1368 Chri-

430 1420 569 1463 stum
602 1409 885 1463 Daminum
918 1421 1195 1472 nostrum;
1236 1409 1280 1463 si
1328 1422 1612 1474 possumus
1651 1407 1811 1460 etiam
1845 1406 2009 1475 ipsius

432 1504 555 1554 mali
585 1515 800 1554 cunsam
830 1508 885 1552 et
914 1501 1177 1566 originem
1208 1498 1741 1566 nosse,'vaniloquis,
1766 1512 1870 1551 non
1898 1497 2011 1550 dis-

432 1592 786 1660 putatoribns,
815 1590 911 1645 sed
967 1590 1353 1658 litigatmibus,
1396 1592 1633 1657 paratius
1673 1590 2010 1643 instructius-

427 1704 534 1759 que
579 1689 910 1749 resistimus;
960 1687 1003 1739 si
1035 1696 1210 1739 autem
1245 1701 1349 1737 non
1399 1699 1712 1754 possumus,
1745 1699 1850 1738 non
1881 1683 2004 1752 quia

2114 483 2244 538 illic.
2272 485 2447 550 Unde,
2477 500 2545 542 ne
2580 492 2836 555 putarent
2864 486 3279 556 contemptibile
3323 504 3448 545 esse
3491 504 3692 560 pecca-

2115 588 2230 630 tum
2270 577 2324 632 in
2365 578 2467 633 hac
2498 594 2603 633 una
2638 594 2696 634 re
2729 579 2906 649 legem
2938 579 3268 650 transgredi.
3319 590 3545 637 secutus
3594 582 3695 637 ad-

2110 669 2127 739 j
2139 670 2292 725 unxit
2321 689 2332 722 :
2363 671 2687 740 Quicunque
2718 679 2901 726 autem
2930 681 3099 727 totam
3134 672 3312 743 legem
3363 673 3690 737 servaverit,

2113 762 2349 818 offendat
2378 774 2560 819 autem
2585 765 2639 818 in
2662 781 2795 829 uno,
2825 765 3004 820 factus
3023 773 3106 820 est
3133 765 3380 821 omnium
3409 781 3558 822 reus.
3582 766 3696 833 Qui

2112 859 2261 912 enim
2294 857 2457 921 dixit,
2480 859 2598 913 Non
2626 857 3011 924 mmebaberis,
3036 858 3174 912 dixit
3201 866 3279 923 et,
3301 858 3421 913 Non
3449 860 3691 915 occides.

2113 950 2268 1017 Quod
2305 951 2348 1005 si
2383 965 2496 1004 non
2525 949 2837 1015 rnrecheris,
2873 950 3095 1005 occides
3137 959 3347 1015 autem,
3401 950 3578 1004 factus
3625 965 3695 1005 es

2117 1057 2488 1112 transgressor
2504 1041 2659 1110 legis.
2684 1050 2909 1110 prapter
2928 1039 3058 1093 illud
3075 1039 3220 1109 quod
3242 1038 3476 1101 dixerat,
3504 1038 3695 1092 redar-

2115 1135 2229 1203 guti
2255 1151 2284 1187 a
2313 1135 2451 1202 lege,
2477 1133 2635 1201 quasi
2661 1142 3113 1200 transgressores.
3147 1128 3281 1196 Quae
3295 1146 3418 1183 cum
3457 1129 3531 1184 ita
3558 1129 3694 1192 sint,

2118 1240 2463 1292 consequens
2498 1224 2739 1286 videtur,
2774 1222 2876 1276 nisi
2915 1223 3024 1276 alio
3071 1222 3232 1276 modo
3271 1219 3693 1289 intelligendum

2116 1312 2461 1379 ostendatur,
2493 1325 2553 1369 ut
2597 1312 2690 1382 qui
2720 1311 2920 1366 dixerit
2947 1311 3124 1377 diviti,
3159 1311 3299 1366 Sede
3329 1309 3438 1371 hic,
3467 1318 3523 1365 et
3555 1326 3697 1379 pau-

2115 1410 2228 1463 per,
2260 1394 2352 1449 Sta
2378 1396 2509 1461 illic,
2540 1396 2664 1452 huic
2687 1399 2949 1454 honorem
2971 1401 3287 1469 ampliorem
3313 1416 3472 1470 quam
3495 1400 3573 1454 illi
3601 1402 3703 1454 de-

2113 1486 2314 1556 ferens,
2348 1500 2405 1545 et
2444 1492 2746 1560 idololatra,
2788 1506 2846 1549 et
2886 1496 3253 1565 blasphemus,
3290 1506 3346 1553 et
3374 1496 3604 1563 adulter,
3646 1508 3704 1552 et

2112 1583 2400 1648 homicida,
2424 1594 2477 1639 et
2509 1600 2596 1649 ne,
2614 1587 2754 1655 quod
2779 1589 2994 1657 longum
3020 1599 3125 1653 esr,
3149 1599 3340 1645 cuncta
3362 1603 3703 1643 commemo-

2112 1688 2247 1737 rem,
2264 1690 2386 1730 reus
2404 1675 2642 1730 omnium
2658 1676 2940 1733 criminum
2957 1677 3275 1746 iudicandus
3303 1681 3391 1735 sit.
3408 1678 3703 1733 Olfeudcns

430 1754 559 1835 latet
588 1780 821 1832 miseria:
852 1777 1192 1845 principium,
1223 1777 1346 1830 ideo
1371 1777 1679 1843 pigrescere
1711 1775 2011 1829 nriserieor-
2046 1754 2091 1812 Β
2116 1768 2313 1836 quippe
2341 1768 2392 1821 in
2426 1783 2551 1835 uno,
2585 1770 2760 1823 factus
2791 1781 2874 1824 est
2896 1771 3134 1824 omnium
3167 1786 3311 1825 reus.
3343 1772 3412 1825 At
3438 1772 3580 1823 enim
3608 1769 3701 1837 qui

428 1875 530 1928 dite
557 1873 719 1926 debet
746 1870 1003 1925 efficimur.
1038 1869 1306 1923 Adversus
1336 1884 1431 1921 eos
1457 1878 1636 1922 autem
1685 1871 1771 1937 qui
1805 1868 1907 1923 sibi
1932 1869 2011 1922 vi-

428 1967 623 2021 dentur
666 1964 806 2017 scire
847 1962 984 2030 quod
1038 1961 1316 2026 nesciunt,
1372 1965 1473 2014 linc
1522 1960 1747 2014 tutiores
1803 1974 2011 2024 sumus,

428 2058 569 2129 quod
623 2058 762 2109 lianc
811 2055 1165 2123 ignorantiam
1223 2066 1459 2108 nostram
1515 2070 1620 2108 nun
1653 2056 2008 2125 ignoramus.

428 2150 569 2203 aliud
603 2160 680 2201 est
722 2148 864 2201 enim
895 2146 1035 2213 quod
1076 2146 1271 2199 nesciri
1319 2146 1517 2200 malum
1548 2157 1629 2201 est
1650 2189 1665 2210 ,
1694 2146 1837 2201 aliud
1867 2146 2011 2215 quod

429 2240 553 2295 sciri
585 2239 668 2292 vel
699 2253 803 2292 non
837 2246 1032 2304 potest.
1063 2236 1143 2289 vel
1195 2250 1299 2290 non
1328 2251 1465 2305 opus
1493 2246 1595 2298 est,
1628 2238 1709 2289 vel
1737 2238 1803 2292 ad
1847 2237 2009 2290 vitam

429 2347 589 2395 quam
632 2326 927 2397 qnzerintus
967 2326 1278 2381 indifferens
1305 2336 1407 2382 est.
1442 2328 1553 2382 lloc
1578 2345 1737 2393 vero,
1769 2329 1912 2397 quod
1945 2329 2011 2383 de

430 2420 623 2476 litteris
650 2417 878 2488 apostoli
906 2418 1087 2473 Jacobi
1112 2432 1253 2471 nunc
1283 2420 1520 2488 requiro,
1555 2422 1606 2473 in
1640 2422 1737 2473 bac
1769 2419 1883 2488 ipsa
1906 2435 2009 2490 qua

426 2514 678 2575 vivimus,
706 2523 779 2575 et,
808 2520 862 2564 ut
894 2525 1107 2579 semper
1132 2511 1394 2571 vivamus,
1423 2510 1533 2565 Deo
1571 2510 1783 2580 placere
1822 2510 2008 2567 stude-

425 2622 566 2672 rnns,
601 2607 813 2661 actione
841 2616 1102 2659 versatur.
1133 2602 1419 2670 Quomodo
1444 2618 1573 2669 ergo
1602 2603 2007 2673 intelligendum

424 2710 527 2766 est,
561 2700 789 2752 obsecro
817 2708 868 2750 te
906 2713 919 2748 :
951 2695 1263 2762 Quicunque
1291 2704 1452 2749 totam
1484 2694 1653 2763 legem
1691 2696 2008 2761 servaverit,

424 2792 657 2848 offendat
682 2799 859 2845 autem
898 2789 952 2843 in
981 2804 1108 2851 uno,
1140 2787 1310 2842 factus
1329 2797 1411 2841 est
1432 2788 1670 2841 omnium
1705 2788 1874 2841 reus?
1905 2787 2005 2842 Ita-

428 2899 494 2936 ne
520 2884 609 2953 qui
642 2882 843 2936 furtum
877 2879 1079 2939 fecerit.
1099 2879 1208 2932 imo
1230 2893 1358 2932 vero
1380 2878 1470 2946 qui
1495 2878 1692 2932 dixerit
1716 2879 1889 2941 diviti,
1911 2878 2006 2933 ilic

423 2974 574 3036 sede,
617 2971 835 3039 pauperi
876 2979 1079 3031 autem,
1112 2969 1194 3023 Tu
1222 2978 1302 3022 sta
1345 2968 1469 3029 illic,
1520 2975 1575 3022 et
1620 2968 1917 3034 homicidii,
1949 2979 2005 3023 et

422 3063 694 3125 adulterii,
723 3072 777 3115 et
823 3061 1092 3128 sacrilegii
1142 3074 1265 3113 reus
1312 3064 1431 3114 est?
1472 3059 1625 3127 Quod
1664 3059 1711 3113 si
1740 3076 1849 3115 non
1897 3072 1999 3124 est,

424 3156 695 3226 quomodo
740 3155 828 3223 qui
878 3154 930 3207 in
977 3167 1086 3207 uno
1132 3151 1373 3206 offendat
1424 3153 1596 3207 factus
1638 3163 1722 3208 est
1761 3155 2000 3209 omnium

420 3250 584 3304 reus?
612 3251 691 3300 An
740 3246 894 3309 illud,
928 3244 1069 3314 quod
1095 3242 1229 3298 dixit
1253 3244 1321 3298 de
1363 3243 1531 3299 divite
1559 3253 1614 3299 et
1657 3258 1913 3313 paupere,
1937 3244 2003 3300 ad

419 3341 519 3395 ista
574 3354 678 3392 non
720 3339 992 3408 pertinet,
1050 3352 1275 3405 quorum
1308 3336 1351 3389 si
1379 3336 1501 3405 quis
1548 3338 1600 3389 in
1634 3353 1740 3389 uno
1769 3337 2006 3392 offende-

417 3432 511 3498 rit,
538 3431 627 3486 fiet
657 3430 895 3484 omnium
921 3428 1085 3483 rens?
1110 3427 1216 3483 Sed
1250 3427 1597 3481 recolendrtm
1630 3428 1770 3483 unde
1799 3430 2006 3483 venerit

416 3527 517 3578 iSta
546 3520 831 3585 sententia,
863 3531 1051 3588 etquae
1070 3518 1212 3571 illam
1242 3520 1518 3585 superiora
1538 3520 1867 3588 pepererint,
1886 3520 2005 3589 qui-

416 3617 518 3670 bus
546 3628 788 3669 connexa
819 3610 1141 3681 dependeat.
1180 3610 1394 3665 Fratres
1444 3611 1581 3678 mei,
1614 3611 1805 3679 inquit,
1835 3611 2004 3668 nolite

414 3710 468 3764 in
500 3721 848 3777 personarum
879 3703 1190 3771 accep:ione
1243 3702 1440 3756 habere
1480 3702 1637 3756 fidem
1669 3703 1873 3757 Domini
1907 3718 2005 3758 no-

414 3801 510 3855 stri
542 3799 667 3856 Jesu
703 3797 902 3851 Christi
930 3795 1135 3866 gloriae.
1182 3793 1388 3849 Etenim
1420 3794 1463 3849 si
1506 3794 1769 3850 introierit
1801 3797 1853 3850 in
1884 3811 2008 3852 con-

413 3901 633 3946 ventum
682 3898 917 3943 vestrum
962 3887 1045 3941 vir
1089 3902 1310 3941 aureum
1358 3890 1612 3941 annulum
1662 3888 1887 3954 habens,
1948 3892 1999 3944 in

413 3990 563 4037 veste
589 3980 835 4045 candida,
891 3977 1157 4032 introierit
1191 3987 1366 4032 atttem
1396 3988 1452 4033 et
1473 3994 1678 4048 pauper
1702 3979 1755 4033 in
1785 3980 2002 4035 sordido

414 4074 623 4139 habitu,
654 4082 710 4128 et
739 4071 1033 4127 intendatis
1064 4072 1113 4124 itr
1167 4086 1290 4124 cum
1333 4070 1425 4140 qui
1477 4070 1695 4125 indutus
1724 4078 1804 4125 est
1854 4082 2002 4125 veste

415 4167 675 4235 praeclara
700 4205 715 4230 ,
747 4174 803 4220 et
839 4163 1031 4218 dicatis
1064 4180 1077 4217 :
1107 4161 1188 4216 Tu
1242 4161 1374 4217 sede
1426 4161 1512 4217 ltic
1565 4162 1731 4229 bene;
1780 4165 1999 4233 pauperi

411 4266 590 4312 autem
642 4254 831 4310 dicatis
866 4295 882 4321 ,
943 4254 1020 4307 'I'u
1068 4262 1148 4307 sta
1192 4251 1319 4317 illic,
1377 4263 1503 4316 aut,
1534 4252 1673 4308 Sede
1725 4254 1826 4309 sub
1878 4270 1999 4308 sca-

409 4350 554 4404 bello
584 4348 779 4418 pedum
808 4361 1045 4401 meorum
1065 4386 1080 4411 ,
1110 4360 1287 4401 nonne
1308 4344 1559 4413 iudicatis
1597 4346 1735 4414 apud
1764 4357 2002 4402 vosmet-

410 4446 581 4515 ipsos,
615 4451 669 4500 et
691 4442 813 4497 facti
847 4444 975 4495 estis
1002 4440 1210 4511 iudices
1244 4440 1624 4510 cogitationum
1657 4441 1999 4510 iniquarum?

410 4536 631 4601 Audite,
675 4534 867 4589 fratres
898 4534 1001 4586 mei
1032 4532 1397 4596 dilectissimi,
1443 4547 1620 4585 nonne
1664 4530 1804 4585 Dens
1832 4532 1998 4603 elegit

408 4643 675 4699 pauperes
706 4629 759 4682 in
786 4628 889 4681 ltoc
920 4627 1137 4691 mundo,
1174 4625 1368 4679 divites
1410 4625 1462 4678 in
1494 4624 1629 4693 fide,
1662 4634 1716 4679 et
1753 4626 1998 4680 hmrcdes

410 4722 568 4791 regni
598 4720 743 4789 quod
773 4719 1082 4789 repromisit
1114 4718 1254 4772 licus
1283 4717 1625 4786 diligentibus
1656 4717 1748 4772 se?
1770 4717 1878 4772 Vos
1907 4732 2001 4772 au-

412 4822 524 4871 tem
551 4813 932 4869 exhonorastis
974 4826 1301 4882 pauperem:
1348 4819 1565 4878 propter
1594 4810 1743 4864 ilium
1798 4809 2004 4865 scilicet

408 4908 493 4963 cui
517 4906 717 4961 dictum
746 4903 946 4973 rst,'l‘u
972 4911 1051 4958 sta
1076 4904 1205 4964 illic,
1236 4917 1355 4957 cum
1390 4901 1601 4955 habenti
1632 4900 1887 4955 annnlurn
1919 4916 2007 4954 au.

410 5016 564 5057 reum
594 5000 795 5056 dictum
824 4997 1087 5062 esset,'l‘u
1111 4998 1239 5053 sede
1268 4997 1353 5051 hic
1384 4998 1539 5051 bene.
1575 4998 1649 5048 Ac
1681 4994 1879 5050 deinde
1909 5009 1995 5050 se-

408 5095 613 5164 quitur,
647 5091 890 5147 eamdern
919 5090 1088 5161 ipsam
1132 5090 1450 5145 sententiam
1485 5088 1646 5143 latius
1693 5102 1914 5141 versans
1942 5096 1996 5141 et

411 5188 688 5255 explicans
723 5203 736 5239 :
769 5185 977 5248 Nonne,
1006 5182 1197 5250 inquit,
1226 5181 1417 5235 divites
1448 5196 1541 5248 per
1582 5179 1871 5248 potentiam
1902 5192 2000 5247 op»

414 5280 652 5347 primunt
679 5292 790 5343 vos,
822 5284 876 5331 et
898 5275 999 5343 ipsi
1041 5271 1315 5327 attrahunt
1346 5286 1440 5325 vos
1468 5271 1530 5325 ad
1551 5271 1784 5340 judicia?
1808 5270 1996 5324 Nonne

411 5369 513 5429 ipsi
547 5369 916 5438 blasphemant
946 5367 1142 5417 bonum
1169 5377 1386 5427 nomen,
1420 5363 1559 5429 quod
1590 5365 1890 5417 invocatum
1916 5372 1996 5413 est

409 5475 573 5528 super
600 5458 739 5514 vos?
761 5456 1022 5527 siquidem
1055 5453 1224 5523 legem
1256 5453 1509 5522 perlicitis
1542 5453 1997 5521 regalem.secnn-

409 5547 537 5603 dum
567 5551 872 5621 Scripturas
905 5567 918 5603 :
957 5546 1155 5616 Diliges
1186 5546 1489 5612 proximum
1539 5552 1684 5597 tuum
1734 5545 1871 5597 sicut
1903 5542 1998 5597 tci-

413 5654 585 5708 psnm,
618 5642 755 5695 bene
787 5638 995 5697 facitis:
1025 5641 1270 5692 siautem
1304 5648 1558 5703 personas
1591 5635 1851 5703 accipitis,
1877 5648 1999 5700 pec-

414 5741 591 5783 eatnm
617 5733 934 5800 operamini,
960 5729 1225 5799 redarguti
1250 5745 1279 5783 a
1304 5730 1441 5798 lege,
1466 5729 1615 5799 quasi
1638 5737 1998 5797 transgresso-

422 5834 527 5873 τίς.
583 5819 716 5874 Vide
769 5821 1214 5887 quemadmodum
1260 5831 1684 5894 tranSgtessorcs
1725 5820 1852 5891 legis
1898 5835 1993 5890 ap-

2116 1876 2274 1913 uuaru
2302 1859 2551 1914 virtutem
2585 1860 2764 1925 habet,
2787 1875 2974 1915 omnes
3006 1862 3189 1926 habet,
3218 1871 3272 1916 et
3293 1861 3383 1928 qui
3407 1876 3566 1914 unam
3591 1876 3700 1914 non

2116 1956 2294 2019 liabet,
2318 1957 2518 2011 nullam
2549 1956 2710 2011 habet
2738 1955 2986 2027 (Cicero)?
3016 1957 3128 2013 Huc
3157 1958 3205 2011 si
3227 1972 3409 2011 verum
3441 1965 3543 2018 est,
3567 1970 3697 2010 eun-

2115 2052 2357 2103 nrmatur
2380 2048 2481 2103 ista
2502 2052 2787 2104 sententia.
2812 2050 2918 2107 Sed
2943 2066 3044 2122 ego
3062 2065 3182 2106 eam
3203 2051 3399 2117 exponi
3421 2052 3565 2113 vulo,
3591 2066 3697 2103 non

2113 2138 2439 2205 conﬁrmari,
2468 2157 2588 2210 qtae
2616 2158 2708 2209 per
2731 2158 2792 2196 se
2823 2144 2990 2207 ipsam
3033 2144 3280 2211 estapud
3310 2158 3407 2197 nos
3450 2142 3694 2196 omnibus

2116 2229 2562 2299 philosophorum
2625 2235 3039 2289 auctoritatibus
3106 2235 3312 2288 firurior
3369 2252 3384 2289 :
3450 2245 3502 2289 et
3566 2235 3697 2289 illud

2113 2323 2329 2392 quidem
2375 2323 2443 2379 de
2497 2325 2781 2380 virtutibus
2826 2335 2900 2382 tet
2937 2327 3007 2381 de
3055 2328 3196 2381 vitiis
3225 2328 3269 2380 si
3312 2328 3571 2381 veraciter
3615 2326 3690 2381 ιιι

2112 2415 2285 2481 citur,
2340 2430 2445 2469 non
2498 2428 2581 2471 est
2627 2432 2963 2487 consequens
3013 2431 3069 2471 ut
3112 2428 3324 2486 propter
3367 2417 3468 2472 hoc
3514 2419 3693 2472 omnia

2115 2519 2330 2577 peccata
2361 2511 2470 2564 sint
2493 2513 2659 2576 paria.
2688 2511 2820 2565 Nam
2851 2512 2983 2567 illud
3016 2514 3084 2568 de
3109 2514 3562 2582 inseparabilitate
3592 2514 3690 2568 vir-

2114 2610 2316 2666 tutum,
2363 2602 2463 2656 etsi
2511 2602 2731 2657 forsitan
2787 2603 2962 2669 fallor,
3015 2615 3233 2671 tamen,
3264 2606 3309 2659 si
3354 2620 3538 2659 verum
3577 2622 3690 2660 me-

2114 2692 2266 2760 mini,
2295 2692 2440 2762 quod
2498 2694 2584 2747 vis
2629 2694 2883 2759 memini,
2912 2696 3161 2750 erunibus
3200 2695 3534 2763 |~ilii080phi8
3582 2696 3689 2763 pla-

2110 2787 2240 2848 cuit,
2276 2787 2366 2854 qui
2404 2787 2619 2841 easdem
2667 2787 2885 2855 virtutes
2934 2789 3156 2859 agenda:
3188 2789 3311 2843 vitze
3364 2790 3689 2844 necessarias

2110 2891 2229 2932 esse
2268 2877 2538 2932 dixerunt.
2574 2878 2686 2933 Hoc
2713 2890 2892 2933 autem
2927 2881 2996 2934 de
3050 2880 3319 2948 parilitate
3350 2893 3689 2949 peccatorum

2112 2972 2163 3038 2
2187 2970 2281 3022 solt
2308 2970 2470 3023 Stoici
2502 2971 2618 3024 ausi
2648 2980 2771 3024 sunt
2793 2970 3090 3038 disputare,
3118 2979 3304 3024 contra
3325 2984 3540 3025 omnem
3563 2985 3688 3024 seu-

2108 3076 2225 3113 sum
2271 3060 2486 3129 generis
2508 3061 2748 3115 humani.
2777 3061 2947 3128 Quam
2974 3077 3162 3117 eorum
3194 3062 3482 3116 vanitatem
3516 3062 3571 3116 in
3596 3062 3689 3117 λος

2111 3149 2323 3206 viniano
2352 3152 2467 3218 illo,
2494 3155 2585 3221 qui
2631 3150 2685 3206 in
2728 3153 2826 3206 bac
2864 3154 3132 3208 sententia
3194 3153 3404 3208 Stoicus
3457 3164 3592 3218 erat,
3638 3155 3688 3208 in

2107 3243 2438 3311 aucupandis
2466 3254 2647 3300 autem
2677 3256 2732 3299 et
2777 3243 3125 3301 defensandis
3170 3246 3537 3315 voluptatibus
3567 3246 3688 3314 Epi-

2105 3350 2323 3398 cureus,
2375 3336 2442 3415 die
2489 3336 2783 3406 Scripturis
2826 3339 3025 3392 sanctis
3073 3338 3459 3393 dilucidissime
3502 3338 3690 3394 convi-

2107 3432 2248 3483 cisti.
2285 3429 2339 3484 lu
2369 3446 2472 3499 qua
2506 3440 2594 3484 tua
2622 3433 2942 3486 suavissima
2972 3441 3026 3486 et
3052 3432 3460 3500 praeclarissima
3501 3432 3662 3499 dispu
3687 3465 3698 3474 ο

2110 3523 2315 3577 latione
2380 3520 2512 3576 satis
2585 3522 2868 3578 evidenter
2948 3524 3196 3593 apparuit
3256 3538 3360 3576 non
3422 3523 3693 3592 placuisse

2106 3614 2416 3668 auctoribus
2462 3614 2659 3669 nostris
2688 3655 2703 3680 ,
2731 3615 2812 3668 vel
2862 3613 2963 3683 ipsi
3034 3616 3212 3685 potius
3238 3655 3255 3679 ,
3286 3630 3407 3685 qua:
3453 3630 3548 3684 per
3593 3629 3695 3670 eos

2107 3708 2280 3762 locuta
2303 3715 2409 3770 est,
2448 3706 2689 3772 Veritati,
2718 3709 2899 3760 omnia
2930 3710 3073 3776 paria
3113 3722 3236 3763 esse
3267 3718 3501 3774 peccata.
3542 3706 3664 3775 Quo
3691 3744 3698 3749 -

2108 3800 2266 3854 modo
2297 3810 2474 3854 autem
2499 3799 2612 3854 fieri
2644 3802 2805 3869 possit
2836 3810 2915 3865 ut,
2941 3801 3150 3855 etiamsi
3198 3801 3299 3854 hoc
3320 3802 3388 3856 de
3408 3801 3695 3854 virtutibus

2106 3908 2292 3947 verum
2319 3903 2400 3948 est
2435 3933 2451 3957 ,
2485 3908 2588 3945 non
2632 3902 2808 3946 tamen
2841 3892 2961 3946 ideo
2996 3906 3249 3960 cogamur
3280 3892 3432 3946 fateri
3460 3891 3691 3959 aequali-

2106 3992 2268 4037 tatem
2296 3985 2535 4037 ornninm
2567 3994 2936 4052 peccatorum,
2965 3991 3221 4053 quantum
3270 3997 3508 4050 possum,
3538 3982 3695 4051 adju-

2107 4084 2266 4130 vaute
2316 4075 2573 4141 Domino,
2605 4074 2819 4145 aperire
2866 4075 3119 4129 conabor.
3169 4075 3321 4142 Quod
3360 4074 3407 4129 si
3436 4074 3694 4141 effecero,

2104 4165 2427 4234 approbabis
2463 4182 2478 4230 ;
2512 4165 2601 4219 ubi
2632 4178 2809 4219 causa:
2847 4163 3087 4230 defuero,
3116 4172 3173 4217 tu
3204 4163 3499 4234 supplebis.
3528 4161 3697 4220 Certe

2108 4260 2234 4313 liinc
2254 4260 2584 4326 persuadent
2623 4258 2713 4329 qui
2746 4275 2905 4313 unam
2930 4261 3183 4315 virtutem
3209 4259 3472 4324 habuerit,
3491 4259 3698 4316 habere

2102 4367 2312 4416 omnes,
2367 4362 2423 4406 ct
2472 4367 2660 4407 omnes
2706 4353 2898 4407 deesse
2950 4353 3037 4407 cui
3078 4366 3183 4406 una
3223 4350 3502 4420 defuerit,
3546 4354 3695 4422 quod

2108 4445 2413 4512 prudentia,
2443 4460 2543 4501 nec
2574 4445 2781 4516 ignava,
2821 4460 2918 4500 nec
2948 4445 3167 4515 injusta,
3202 4461 3300 4501 nec
3327 4447 3699 4516 intemperans

2109 4545 2282 4607 pote~t
2303 4550 2455 4604 esse;
2483 4552 2603 4591 nam
2628 4539 2669 4591 si
2692 4537 2889 4605 aliquid
2917 4537 3103 4591 horum
3130 4535 3378 4605 defuerit,
3409 4538 3695 4606 prudentia

2102 4646 2206 4685 non
2240 4630 2363 4684 erit.
2400 4630 2569 4685 Porro
2598 4629 2644 4683 si
2675 4629 2958 4698 prudentia
2988 4640 3114 4686 tunc
3144 4633 3268 4693 erit,
3298 4632 3343 4684 si
3374 4641 3429 4686 et
3454 4631 3605 4686 fortis
3634 4642 3696 4687 et

2098 4721 2241 4790 jnsla
2272 4733 2326 4776 et
2359 4730 2667 4791 temperans
2710 4724 2798 4788 sit,
2852 4722 3095 4792 profecto
3146 4722 3234 4797 ubi
3274 4720 3456 4787 fuerit,
3503 4738 3695 4778 secum

2106 4813 2266 4867 habet
2294 4823 2347 4868 et
2378 4824 2625 4868 catteras.
2666 4812 2757 4869 Sic
2809 4824 2863 4867 et
2921 4811 3179 4867 fortitudo
3220 4813 3530 4882 imprudens
3565 4829 3696 4872 esse

2109 4921 2215 4959 non
2248 4912 2443 4973 potest,
2469 4904 2550 4957 vel
2584 4905 2969 4974 intemperans,
2996 4906 3079 4959 vel
3123 4904 3352 4974 injusta;
3375 4906 3454 4961 sic
3477 4914 3693 4974 tempe-

2103 4997 2277 5051 rantia
2311 5009 2530 5049 necesse
2560 5006 2643 5049 est
2660 5006 2717 5048 trt
2747 4997 3002 5064 prudens,
3035 4996 3189 5050 fortis
3217 5006 3266 5050 et
3291 4997 3430 5065 iusta
3459 4997 3531 5052 sit
3563 5015 3579 5062 ;
3606 5000 3696 5054 sic

2098 5087 2305 5158 justitia
2330 5103 2434 5140 nou
2459 5097 2560 5149 est,
2594 5088 2639 5140 si
2670 5103 2772 5140 non
2806 5089 2875 5141 sit
2907 5090 3160 5154 pruriens,
3220 5088 3374 5143 fortis
3403 5099 3459 5144 et
3485 5102 3699 5157 tempe-

2104 5194 2251 5232 rans.
2287 5178 2364 5232 Ita
2396 5178 2486 5231 ubi
2518 5193 2645 5233 vera
2677 5189 2760 5232 est
2789 5180 2961 5248 aliqua
2988 5194 3195 5243 earum,
3219 5181 3412 5234 etalite
3437 5183 3698 5238 similiter

2105 5282 2228 5325 sunt
2260 5288 2273 5335 ;
2308 5271 2399 5326 ubi
2439 5282 2617 5326 autem
2669 5273 2785 5327 alite
2835 5273 3051 5335 desunt,
3110 5289 3234 5328 vera
3286 5275 3375 5330 illa
3426 5293 3534 5331 non
3583 5288 3695 5344 est,

2105 5364 2315 5418 etiam~i
2366 5365 2548 5434 aliquo
2597 5364 2759 5418 modo
2809 5365 3002 5419 similis
3056 5380 3177 5420 esse
3234 5368 3497 5421 videatur.
3551 5369 3698 5426 Sunt

2104 5456 2269 5522 enim,
2303 5465 2358 5508 ιιι
2386 5456 2514 5519 scis,
2548 5456 2791 5522 quaedam
2822 5455 2950 5509 vitia
3006 5457 3289 5510 virtutibus
3334 5467 3518 5525 aperta
3572 5459 3696 5513 dis-

2102 5549 2341 5602 cretione
2373 5548 2663 5612 contraria,
2699 5557 2756 5601 nt
2798 5546 3155 5612 imprudentia
3200 5550 3431 5618 prudent
3452 5565 3515 5604 τε.
3550 5550 3700 5605 Sunt

2101 5647 2277 5693 autem
2304 5637 2547 5706 quaedam
2577 5645 2783 5691 tantum
2814 5636 2937 5707 quia
2964 5639 3088 5690 vitia
3122 5647 3268 5702 sunt,
3324 5639 3446 5693 ideo
3473 5650 3701 5693 εοιιιηι-

2102 5731 2201 5791 ria,
2227 5729 2457 5798 quadam
2509 5739 2686 5782 tamen
2741 5730 2921 5798 specie
2960 5726 3133 5782 fallaci
3176 5730 3317 5784 simil
3340 5745 3391 5789 a.
3420 5744 3478 5784 ut
3509 5731 3695 5786 eidem

2104 5823 2419 5892 pt'udcntitu,
2455 5838 2560 5877 non
2584 5820 2964 5891 imprudentia,
2996 5821 3090 5878 scd
3123 5824 3335 5878 astutia.
3366 5822 3515 5880 Nunc
3538 5824 3693 5878 enim
