3962 6178
295 334 400 389 Eii-‘5

1580 324 2013 383 TllESAURUS.
2055 324 2204 381 CAP.
2246 325 2286 382 1.

3456 323 3585 379 ,ιω

291 450 543 505 eamdem
586 448 706 503 dico
758 447 1032 510 astutiam,
1080 459 1198 515 qua
1238 443 1486 499 usitatius
1514 443 1567 496 in
1598 441 1879 496 malitiosis
1907 440 1959 499 Δ
1988 438 2228 507 proiecto
2251 438 2377 494 vitia
2406 439 2596 495 cedent
2615 418 3169 509 omttia,quacuitque
3195 439 3431 501 inerant;
3452 454 3558 493 non

292 544 522 613 inte'tigi
572 553 629 597 et
656 541 838 595 vocari
884 540 1042 601 solet,
1087 547 1302 603 etnon,
1335 537 1473 591 sicut
1508 536 1651 605 loqui
1696 544 1875 589 nostra

289 638 578 701 Scriptura
631 634 930 695 consuevit,
979 647 1097 700 qua:
1141 645 1286 698 saepe
1331 630 1581 684 astutiam
1628 628 1683 682 in
1739 627 1880 681 bono

286 731 466 796 ponit,
500 737 557 781 ut
577 736 659 781 est
690 742 705 780 :
737 725 1294 792 Astutiutserpentes,
1314 733 1370 778 et
1397 723 1550 787 illttd,
1584 721 1653 776 Ut
1678 722 1771 776 det
1798 722 1878 775 in-

286 818 614 872 nocentibus
640 816 1233 885 astutiam.Quanquam
1251 815 1453 883 etapud
1477 815 1599 868 illos
1624 812 1880 868 Romam!

286 909 491 977 linguae
545 909 933 963 disertissimus
972 907 1213 961 dixerit:
1246 907 1427 974 Neque
1475 906 1553 961 illi
1602 917 1779 961 tamen
1811 906 1876 960 ad

284 1000 590 1055 cavendum
615 1000 768 1054 dolus
799 1009 888 1053 aut
917 998 1111 1051 astutia
1144 996 1350 1061 deerat,
1392 996 1642 1050 astutiam
1676 1010 1881 1064 ponens

285 1093 338 1145 in
389 1091 575 1157 bono;
606 1091 700 1145 sed
748 1094 887 1159 apud
939 1089 1061 1155 illus
1092 1090 1446 1152 rarissimum,
1489 1087 1627 1157 apud
1661 1095 1879 1141 nostros

284 1188 471 1233 autem
493 1178 986 1247 frequentissimum
1012 1186 1114 1231 est.
1146 1178 1383 1246 Itemque
1408 1178 1461 1230 in
1485 1178 1722 1246 partibus
1744 1188 1880 1231 tem-

287 1274 573 1339 perantiae,
603 1272 940 1338 apertissime
962 1269 1227 1325 Contraria
1275 1278 1360 1324 est
1390 1269 1577 1324 effusio
1609 1270 1877 1340 parcimu-

283 1367 421 1427 niaa,
447 1379 509 1418 ea
544 1378 672 1417 vero
721 1378 838 1432 qua:
870 1362 1130 1417 tenacitas
1180 1360 1338 1415 etiam
1372 1361 1530 1429 vulgo
1569 1361 1677 1414 dici
1714 1361 1873 1425 solet,

1982 535 2124 586 enim
2154 533 2332 587 omnia
2360 531 2590 597 inerant,
2611 530 2707 587 sed
2730 530 3020 599 aliquando
3048 530 3293 595 totidem,
3318 530 3562 598 aliquan-

1981 625 2051 674 do
2083 623 2233 691 plura
2259 624 2620 694 paucioribus,
2650 623 2733 678 vel
2760 622 3012 692 pauciora
3044 622 3283 692 pluribus
3307 622 3563 677 succede-

1983 714 2129 767 bant.
2176 715 2300 769 Iltec
2331 724 2508 769 utrum
2537 715 2608 769 ita
2637 729 2696 770 se
2734 714 2992 780 habeant,
3032 714 3342 783 diligentius
3383 714 3561 784 inqui-

1982 805 2203 859 rendum
2236 816 2319 860 est
2349 822 2364 870 ;
2400 821 2507 860 non
2537 807 2682 860 enim
2709 816 2765 862 et
2813 806 2912 861 ista
2955 805 3131 861 divina
3159 806 3425 863 sententia
3456 817 3559 869 est.

1980 912 2086 965 qua
2116 898 2357 951 dicitur:
2394 898 2494 965 Qui
2543 908 2707 954 unam
2755 900 3009 955 virtutem
3064 900 3332 964 habuerit,
3373 914 3564 955 omnes

1983 984 2140 1040 habet
2174 1004 2187 1053 ;
2217 986 2375 1056 eique
2403 989 2545 1042 nulla
2575 998 2678 1056 est,
2709 990 2794 1044 cui
2833 1006 2937 1043 una
2967 989 3194 1047 defuerit
3219 1007 3235 1053 ;
3266 990 3363 1046 sed
3389 992 3563 1049 homi-

1982 1078 2140 1131 nibus
2183 1078 2285 1132 hoc
2333 1080 2509 1133 visum
2563 1090 2671 1145 est,
2711 1081 2936 1135 multum
2986 1084 3205 1150 quidem
3244 1085 3559 1153 ingeniosis.

1981 1170 2254 1232 studiosis,
2309 1171 2401 1225 sed
2443 1182 2623 1226 tamen
2673 1173 3003 1227 hominibus.
3056 1176 3165 1243 ligo
3211 1190 3341 1230 veto
3381 1178 3563 1232 nescio

1980 1263 2430 1327 quemadmodum
2463 1263 2662 1328 dicam,
2693 1280 2798 1318 non
2816 1266 2848 1319 d
2875 1280 2939 1321 eo
2970 1266 3168 1332 virum,
3193 1284 3221 1320 a
3243 1284 3351 1336 quo
3389 1268 3563 1323 denu-

1982 1352 2179 1405 minata
2209 1354 2408 1408 dicitur
2433 1356 2628 1420 virtus,
2657 1357 2751 1410 sed
2787 1358 2950 1412 etiam
2978 1359 3257 1414 mulierem
3304 1374 3423 1430 quae
3449 1362 3565 1415 viro

280 1455 477 1508 vitium
511 1465 593 1509 est
623 1455 860 1524 quidem,
914 1462 1094 1508 tamen
1142 1454 1487 1519 parcimonite
1539 1454 1734 1518 simile,
1770 1470 1869 1507 nott

1981 1457 2076 1493 suo
2097 1444 2394 1498 servattori
2421 1445 2601 1511 fidem,
2618 1447 2662 1501 si
2688 1448 2787 1502 hoc
2807 1448 2963 1503 faciat
2991 1464 3211 1518 proper
3237 1463 3562 1520 pnecnptntn

276 1556 502 1609 natura,
531 1546 622 1599 sed
656 1543 1000 1599 fallacissima
1029 1545 1228 1613 specie.
1280 1543 1413 1599 Item
1446 1544 1869 1599 dissitnilitudim:

1978 1541 2032 1582 et
2074 1535 2395 1598 promissum
2440 1536 2553 1605 Dei,
2606 1539 2761 1605 eique
2819 1540 3067 1607 primitus
3120 1542 3186 1594 sit
3229 1541 3420 1608 fidelis,
3455 1561 3563 1601 non

275 1636 599 1700 manifesta,
624 1637 889 1690 contraria
920 1646 1004 1691 est
1044 1636 1301 1699 iniustitia
1321 1636 1545 1705 iustitia:
1572 1651 1587 1690 :
1617 1638 1757 1692 solet
1774 1653 1875 1691 au-

274 1736 390 1781 tem
425 1729 579 1795 quasi
619 1728 812 1782 imitari
848 1728 1103 1794 iustitiam
1127 1727 1433 1783 vindicandi
1464 1742 1526 1784 se
1548 1727 1734 1794 libido,
1774 1728 1869 1783 sed

1978 1623 2177 1679 habere
2206 1627 2542 1694 pudicitiam,
2591 1640 2681 1683 aut
2729 1630 3037 1697 pudicitiam
3083 1633 3283 1688 nullam
3314 1634 3395 1688 vel
3443 1652 3564 1704 pth

1976 1731 2096 1771 vam
2141 1732 2265 1773 esse
2290 1720 2541 1774 virtutem
2574 1738 2586 1773 :
2620 1722 2700 1776 sic
2740 1733 2794 1776 et
2841 1724 3096 1778 maritum
3140 1726 3232 1795 qui
3273 1726 3374 1781 hoc
3420 1727 3561 1783 idem

270 1821 473 1873 vitium
522 1828 625 1873 est.
680 1820 895 1889 Ignavia
948 1819 1244 1873 fortitudini
1292 1820 1572 1889 perspicue
1600 1823 1865 1874 contraria
1901 1812 3561 1886 BsermlmorimInmensumplurimilalcsmuorumsiue

267 1922 385 1978 est,
423 1912 624 1965 duritia
669 1926 798 1965 vero
849 1910 1011 1965 distat
1067 1920 1277 1975 natura,
1329 1911 1463 1965 fallit
1502 1911 1875 1967 similitudine.

267 2001 597 2057 Constantia
646 2015 772 2071 pars
800 2002 1045 2072 quaedam
1086 2002 1297 2055 virtutis
1326 2009 1430 2067 est,
1459 2002 1528 2055 ab
1556 2004 1655 2056 hac
1682 2002 1871 2057 incon-

267 2094 479 2148 stantia
523 2095 681 2163 longe
710 2094 987 2159 abhorret,
1016 2104 1069 2149 et
1092 2094 1312 2151 indubie
1336 2103 1527 2149 contra
1557 2095 1723 2160 sistit,
1752 2110 1875 2165 per-

268 2185 478 2239 tinacia
512 2199 643 2239 vero
670 2186 967 2239 constantia
992 2183 1095 2238 dici
1116 2184 1353 2249 allectat,
1384 2194 1439 2239 et
1469 2199 1575 2239 non
1606 2193 1712 2250 est,
1751 2184 1873 2252 quia

268 2276 366 2329 illa
392 2286 478 2329 est
503 2278 696 2342 virtus,
716 2276 815 2330 hoc
845 2276 1055 2330 vitium.
1081 2276 1151 2331 Ut
1180 2289 1308 2345 ergo
1333 2290 1439 2329 non
1471 2276 1661 2329 iterum
1683 2275 1870 2330 eadem

218 2385 232 2395 ε
268 2380 716 2423 commemorare
749 2383 971 2423 necesse
1000 2368 1091 2435 sit,
1126 2368 1361 2437 exempli
1397 2370 1567 2437 gratia
1610 2382 1875 2437 ponamus

271 2460 491 2528 aliquid
548 2459 691 2513 unde
721 2460 929 2527 possint
956 2470 1150 2514 cretera
1171 2460 1415 2529 intelligi.
1443 2460 1695 2523 Catilina,
1724 2470 1780 2514 ttt
1805 2461 1875 2517 de

268 2553 394 2617 ipso
426 2551 763 2620 scripserunt
793 2551 880 2619 qui
911 2565 1071 2605 nosse
1124 2560 1432 2619 potuerunt,
1483 2551 1667 2621 frigus,
1700 2553 1869 2620 sitim,

264 2639 499 2705 famem,
536 2639 679 2695 ferre
703 2651 932 2709 poterat,
964 2630 1207 2709 eratque'
1234 2644 1442 2709 patiens
1476 2642 1693 2705 inediae,
1717 2646 1870 2715 algo-

264 2736 367 2795 ris,
403 2734 627 2801 vig-liae,
651 2748 809 2801 supra
837 2749 996 2803 quam
1043 2735 1300 2789 credibile
1329 2745 1434 2802 est,
1491 2752 1552 2790 ac
1575 2752 1672 2805 per
1695 2737 1796 2792 hoc
1816 2748 1871 2793 et

264 2825 369 2877 sibi
406 2825 601 2879 etsuis
653 2841 842 2894 magna
898 2827 1151 2893 praeditus
1200 2828 1510 2883 fortitudine
1562 2830 1864 2884 videbatur.

264 2914 377 2967 Sed
416 2916 534 2970 hazc
564 2914 824 2970 fortitudo
852 2918 1087 2985 prudens
1117 2935 1219 2972 non
1251 2928 1391 2985 erat,
1427 2920 1563 2972 mala
1596 2920 1739 2974 enim
1771 2935 1869 2988 pro

267 3008 439 3061 bonis
469 3008 733 3077 eligebat;
758 3020 1064 3078 temperans
1091 3026 1195 3065 non
1222 3020 1358 3076 erat,
1382 3013 1702 3081 corruptelis
1722 3013 1866 3068 enim

267 3100 614 3168 turpissimis
670 3100 1003 3166 fmdabatur;
1050 3101 1193 3170 justa
1224 3117 1329 3156 non
1360 3115 1496 3167 erat,
1534 3117 1653 3155 nam
1678 3114 1863 3158 contra

1977 1904 2156 1972 aliquo
2179 1917 2403 1972 peccato
2424 1921 2543 1959 esse
2572 1907 2840 1961 neminem
2857 1908 3086 1963 dixerim
3116 1927 3127 1962 :
3148 1919 3207 1965 et
3230 1909 3411 1979 utique
3431 1911 3558 1965 illud

1975 1998 2344 2066 qualecunque
2378 2006 2652 2065 peccatum
2694 2013 2762 2053 ex
2807 1999 2990 2068 aliquo
3025 1999 3157 2055 vitio
3185 2003 3371 2056 venit:
3416 2004 3562 2059 unde

1976 2090 2229 2158 pudicitia
2270 2091 2566 2159 coniugalis
2612 2091 2664 2144 in
2722 2092 2853 2146 viris
2912 2082 3234 2163 feminisque
3270 2094 3565 2163 religiosis,

1973 2195 2094 2236 eum
2121 2182 2471 2251 proculdubio
2510 2184 2680 2237 virtus
2704 2184 2775 2237 sit
2803 2184 2945 2254 (non
2986 2183 3128 2239 enim
3170 2195 3257 2239 aut
3300 2184 3431 2240 nihil
3472 2196 3565 2243 aut

1974 2274 2158 2328 vitium
2184 2275 2308 2345 cst),
2340 2290 2445 2328 non
2478 2285 2657 2328 tamen
2676 2288 2860 2331 secum
2883 2276 3039 2332 habet
3073 2291 3271 2332 omnes
3297 2277 3556 2343 virtutes;

1974 2378 2093 2417 nam
2128 2366 2171 2418 si
2205 2381 2393 2419 omnes
2425 2366 2494 2419 ibi
2537 2374 2740 2428 essent,
2784 2368 2991 2423 nullum
3041 2378 3191 2424 esset
3241 2368 3428 2424 vitium
3463 2385 3488 2435 ι
3511 2370 3560 2425 si

1974 2458 2178 2511 ttullutn
2204 2459 2411 2520 vitium,
2440 2461 2642 2512 nullum
2657 2459 2879 2514 omnino
2912 2471 3211 2530 peccatum.
3230 2461 3361 2529 Quis
3376 2470 3560 2517 autem

1974 2547 2092 2600 sine
2120 2547 2300 2617 aliquo
2324 2549 2578 2615 peccato?
2616 2551 2736 2618 quis
2778 2564 2909 2620 ergo
2946 2549 3067 2605 sine
3101 2550 3282 2621 aliquo
3310 2551 3460 2617 vitio,
3504 2551 3562 2609 id

1971 2647 2055 2692 est
2084 2640 2269 2694 fomite
2320 2642 2551 2711 quodam
2598 2642 2681 2697 vel
2727 2643 3112 2720 quadradiee
3152 2643 3384 2710 peccati,
3431 2657 3557 2699 eum

1972 2731 2169 2787 clamet
2205 2732 2298 2800 Qui
2345 2746 2503 2802 supra
2545 2742 2733 2802 pectus
2792 2734 3000 2788 Domini
3053 2734 3560 2792 disctunbebat;Si

1972 2823 2265 2878 dixerimus
2301 2825 2427 2893 quia
2480 2834 2753 2890 peccatum
2808 2840 2914 2879 non
2981 2824 3261 2889 habemus,
3307 2826 3557 2888 nosipsos

1971 2917 2289 2984 decipimus,
2337 2927 2393 2971 et
2429 2917 2630 2972 veritas
2659 2918 2712 2972 iu
2756 2918 2912 2972 nobis
2942 2933 3047 2972 non
3086 2928 3170 2973 est
3195 2918 3218 2972 ἲ
3247 2917 3429 2989 Neque
3457 2918 3561 2974 hoc

1970 3008 2109 3075 apud
2142 3016 2197 3063 te
2218 3008 2424 3063 diutius
2463 3009 2728 3078 agendum
2758 3019 2864 3071 est,
2919 3009 3014 3065 sed
3046 3019 3266 3079 propter
3296 3010 3431 3063 alios
3469 3011 3559 3079 qui

1974 3099 2090 3155 lucc
2137 3098 2274 3155 forte
2313 3100 2539 3169 legerint
2592 3092 2736 3156 dico.
2781 3100 2912 3154 Nam
2953 3108 3009 3155 ttt
3038 3101 3253 3171 quidem
3287 3101 3341 3154 in
3365 3102 3557 3157 eodem

267 3194 511 3259 patriam
544 3190 924 3260 conjuraverat
948 3208 962 3244 :
987 3202 1042 3246 et
1071 3193 1189 3247 ideo
1218 3208 1315 3246 nec
1338 3190 1593 3246 fortitudo
1620 3203 1753 3257 erat,
1771 3196 1863 3248 sed
1896 3175 1942 3237 C
1975 3190 2092 3258 ipso
2113 3204 2278 3258 opere
2302 3189 2586 3258 Splendida
2606 3204 2794 3246 contra
2821 3190 3159 3246 Jovinianum
3181 3193 3344 3246 etiam
3371 3194 3470 3247 hoc
3492 3194 3563 3248 de

265 3285 481 3338 duritia
513 3284 640 3345 sibi,
670 3291 732 3338 ut
758 3284 950 3337 stultos
985 3284 1211 3349 falleret,
1238 3294 1290 3337 et
1325 3300 1520 3339 nomen
1543 3282 1872 3341 fortitudinis

265 3375 595 3441 imponi-bat
629 3392 640 3425 :
680 3391 802 3428 nam
835 3378 878 3429 si
912 3374 1170 3429 fortitudo
1199 3385 1364 3443 esset,
1399 3392 1505 3431 non
1538 3378 1752 3443 vitium,
1777 3378 1869 3432 sed

265 3469 451 3521 virtus
475 3476 645 3522 esset.
676 3466 731 3521 Si
762 3478 939 3520 autem
973 3468 1149 3537 virtus
1172 3477 1339 3535 esset,
1364 3483 1392 3521 a
1423 3466 1633 3522 czt-teris
1664 3469 1873 3522 virtuti-

267 3561 398 3623 bus,
454 3570 710 3626 tanquam
763 3558 1211 3628 inseparabilibus
1241 3560 1528 3615 comitibus
1551 3601 1564 3621 .
1599 3577 1869 3629 nunquam

267 3651 701 3715 relinqueretur.
750 3649 1092 3718 Quapropter
1148 3665 1266 3705 cum
1320 3653 1581 3720 qumritur
1612 3654 1773 3706 etiam
1806 3654 1871 3708 de

268 3740 445 3801 vitiis,
484 3748 662 3793 utrum
693 3750 748 3794 et
784 3742 896 3805 ipsa
928 3740 1175 3794 similiter
1201 3743 1380 3794 omnia
1410 3743 1516 3795 sint
1563 3744 1652 3796 ubi
1708 3760 1869 3797 uuunt

266 3836 403 3897 eri',
440 3843 537 3886 aut
569 3836 711 3886 nulla
745 3835 853 3888 sint
880 3835 967 3889 ubi
998 3850 1162 3889 unum
1210 3850 1316 3889 non
1369 3838 1502 3901 erit,
1541 3837 1867 3892 laboriosum

262 3934 349 3976 est
384 3925 440 3976 id
473 3925 780 3984 ostendere.
811 3935 1091 3993 prouterea
1123 3928 1248 3996 quia
1275 3927 1366 3980 uni
1392 3928 1573 3981 virtuti
1604 3929 1710 3981 duo
1741 3930 1866 3984 vitia

262 4018 472 4085 opponi
503 4018 698 4080 solent,
719 4018 932 4085 etquod
958 4028 1142 4087 aperte
1173 4020 1503 4073 contrarium
1529 4031 1632 4083 est,
1651 4031 1704 4074 et
1726 4022 1868 4088 quod

262 4107 458 4173 specie
506 4106 871 4161 similitudinis
895 4109 1267 4163 adumbratur.
1301 4108 1453 4163 Unde
1481 4110 1571 4164 illa
1599 4110 1868 4178 Catilinae,

260 4194 393 4265 quia
430 4196 691 4249 fortitudo
725 4213 829 4251 non
860 4206 997 4264 erat,
1035 4213 1154 4267 quae
1206 4208 1371 4266 esset,
1400 4215 1519 4254 cum
1542 4215 1722 4255 secum
1762 4203 1867 4254 vir-

260 4298 416 4341 tutes
446 4288 585 4341 alias
630 4303 735 4342 non
788 4288 1039 4355 habebat,
1092 4290 1300 4344 facilius
1349 4291 1653 4347 videbatur.
1713 4295 1865 4361 Quod

260 4394 402 4434 vero
434 4378 649 4447 ignavia
678 4377 858 4445 fuerit,
888 4379 974 4433 ubi
1018 4382 1337 4435 exercitatio
1362 4382 1626 4450 quaslibet
1653 4385 1862 4453 gravis-

262 4474 440 4526 simas
489 4473 765 4526 molestias
798 4474 1130 4542 perpetiendi
1181 4483 1341 4542 atque
1375 4476 1664 4542 tolerandi,
1699 4492 1861 4545 supra

1973 3283 2267 3351 Scripturis
2296 3286 2501 3337 sanct's
2538 3282 2830 3353 dLligenter
2858 3283 3093 3351 probasti
3127 3299 3141 3349 ;
3173 3284 3260 3350 ubi
3292 3284 3363 3338 eti
3405 3300 3454 3337 m
3493 3299 3558 3339 ex

1974 3374 2074 3429 hac
2107 3376 2218 3444 ipsa
2246 3376 2508 3445 Epistula,
2541 3375 2696 3446 cujus
2730 3377 2891 3432 \erba
2913 3387 3036 3430 sunt
3059 3391 3287 3445 quorum
3317 3392 3458 3431 nunc
3482 3377 3562 3431 in-

1975 3466 2249 3520 tellectum
2276 3468 2620 3537 requirimus,
2647 3470 2871 3537 posuisti
2904 3468 3044 3537 quod
3066 3470 3324 3537 scriptum
3346 3480 3421 3523 cst
3458 3484 3472 3522 :
3506 3468 3559 3523 ln

1975 3558 2155 3611 multis
2182 3559 2326 3613 enim
2355 3558 2682 3615 ot'fendtmus
2701 3577 2908 3618 omnes.
2943 3563 3056 3618 Non
3093 3567 3237 3620 enim
3265 3569 3362 3628 ait,
3386 3564 3560 3619 ollen-

1973 3650 2118 3712 ditis,
2159 3651 2252 3704 sed
2303 3654 2400 3712 ait,
2440 3652 2785 3719 offendimus,
2839 3669 2962 3710 cum
3004 3657 3207 3711 Christi
3251 3658 3563 3725 loqueretur

1979 3743 2289 3809 apnsldlls;
2326 3756 2382 3798 et
2407 3760 2528 3798 cum
2562 3746 2661 3799 hoc
2685 3747 2803 3800 loco
2836 3747 3022 3803 dicat:
3056 3749 3372 3821 Quicunque
3397 3764 3562 3809 totam

1979 3835 2147 3902 legent
2180 3839 2507 3899 servaverit,
2547 3838 2786 3893 offendat
2809 3851 2991 3895 autem
3025 3842 3083 3894 in
3106 3858 3234 3908 uno,
3264 3846 3435 3901 factus
3478 3857 3563 3903 est

1972 3929 2211 3979 omnium
2270 3942 2416 3995 reus,
2462 3927 2530 3982 ibi
2572 3943 2675 3983 non
2729 3930 2780 3983 itt
2813 3946 2943 3999 uno,
2983 3934 3079 3988 sed
3118 3936 3170 3988 in
3206 3937 3411 4005 multis,
3457 3952 3560 3995 nec

1974 4018 2259 4085 quosdam,
2289 4018 2381 4071 sed
2424 4033 2615 4073 omnes
2652 4020 2782 4074 dicit
2817 4021 3110 4081 offendere.
3169 4026 3324 4082 Absit
3376 4036 3561 4088 autem

1972 4120 2031 4163 ttt
2068 4113 2349 4180 quisquam
2400 4114 2572 4168 fidelis
2619 4115 2894 4171 existimet
2932 4127 3010 4172 tot
3069 4119 3234 4174 millia
3273 4136 3554 4178 servorum

1975 4200 2198 4266 (lbristi,
2220 4204 2308 4271 qui
2337 4206 2601 4260 veraciter
2629 4206 2815 4260 dicunt
2845 4223 2906 4264 se
2931 4206 3133 4264 habere
3164 4221 3468 4278 peceatum,
3491 4228 3563 4272 ne

1970 4311 2031 4350 se
2083 4298 2229 4365 ipsos
2276 4298 2546 4369 decipiant
2588 4309 2644 4356 ct
2664 4305 2862 4359 veritas
2900 4305 2952 4360 in
2979 4305 3061 4361 eis
3090 4322 3195 4362 non
3233 4305 3329 4372 sit.
3358 4311 3556 4366 nullam

1971 4390 2168 4444 habere
2211 4391 2461 4446 virtutem
2490 4434 2504 4458 ,
2538 4408 2658 4449 cum
2698 4396 2871 4450 virtus
2909 4413 3100 4466 magna
3147 4402 3225 4455 sit
3262 4401 3553 4470 sapientia.

1970 4479 2117 4533 Dixit
2143 4490 2321 4536 autem
2353 4484 2467 4551 ipsa
2498 4484 2771 4552 Sapientia
2803 4487 3005 4542 homini
3038 4509 3050 4543 :
3087 4490 3239 4546 Ecce
3267 4492 3437 4559 pietas
3474 4505 3559 4548 est

264 4580 436 4633 quam
468 4563 719 4631 cuipiam
748 4564 1009 4619 credibile
1063 4574 1167 4630 est,
1215 4564 1338 4629 fuit,
1370 4582 1514 4637 aegre
1554 4568 1858 4635 persuaderi
1896 4562 1939 4618 D
1966 4572 2249 4639 sapientia.
2297 4575 2449 4628 Absit
2478 4593 2608 4646 ergo
2639 4589 2693 4631 nt
2715 4581 2959 4635 dicamus
2991 4590 3066 4635 tot
3102 4597 3167 4636 ac
3223 4594 3400 4638 tantos
3430 4585 3561 4642 fide-

266 4668 484 4726 pntest;
512 4659 604 4709 sed
630 4660 765 4712 forte
789 4658 995 4713 acutius
1043 4658 1376 4714 intuentibus
1406 4663 1608 4729 ignavia
1640 4672 1864 4730 apparet

266 4754 387 4823 ipsa
421 4752 640 4813 duritia,
673 4752 797 4821 quia
826 4752 1060 4806 laborem
1084 4754 1347 4807 bonarum
1390 4754 1714 4821 studiorum,
1742 4757 1863 4821 qui-

264 4847 369 4900 bus
392 4862 519 4900 vera
536 4847 827 4914 acquiritur
842 4846 1118 4915 fortitudo,
1137 4849 1466 4918 neglexerat.
1487 4849 1861 4903 Verumtamen

263 4940 395 5005 quia
423 4947 550 4991 sunt
571 4940 797 4992 audaces
811 4938 1086 5007 quitimidi
1110 4955 1215 4994 non
1240 4951 1455 5007 sttnt,et
1478 4958 1661 4996 rursus
1693 4944 1863 4997 timidi

262 5046 293 5082 a
350 5030 561 5097 quibus
598 5029 740 5083 absit
785 5031 1029 5094 audacia,
1061 5047 1181 5086 eum
1223 5036 1296 5086 sit
1343 5046 1629 5104 utrunque
1674 5036 1862 5090 vitium

264 5124 560 5192 (quoniam
590 5124 678 5191 qui
704 5139 831 5177 vera
861 5126 1057 5179 virtute
1088 5122 1244 5180 fortis
1270 5136 1373 5192 est,
1406 5143 1504 5182 nec
1537 5137 1738 5183 temere
1763 5146 1862 5183 att-

259 5219 387 5279 dct,
424 5233 527 5271 nec
553 5216 858 5273 inconsulte
886 5217 1083 5285 timet),
1108 5219 1349 5288 cogimur
1376 5216 1530 5273 fateri
1557 5220 1680 5272 vitia
1714 5222 1862 5288 plura

264 5326 398 5364 εδδε
428 5309 745 5365 virtutibus.
783 5308 935 5365 Unde
957 5309 1246 5377 aliquando
1268 5309 1455 5363 vitium
1483 5310 1612 5363 vitio
1639 5310 1862 5378 tollitur,

261 5416 322 5458 nt
354 5418 548 5456 amore
569 5402 742 5456 laudis
769 5418 919 5456 amor
949 5403 1225 5471 pecuniae;
1279 5401 1565 5470 aliquando
1590 5419 1751 5457 ttnttnt
1778 5421 1866 5460 ce-

259 5499 344 5550 dit
381 5505 441 5548 ut
471 5498 618 5560 ptura
652 5493 964 5558 succedant,
1003 5494 1148 5546 velut
1202 5496 1289 5561 qui
1348 5492 1595 5548 ebriosus
1646 5494 1764 5559 fuit,
1816 5498 1861 5553 si

263 5587 553 5641 modicum
586 5588 768 5641 bibere
824 5586 1113 5641 tenacitate
1157 5594 1210 5638 et
1244 5584 1537 5639 ambitione
1593 5586 1862 5661 didicerit.

264 5678 508 5734 Possunt
528 5679 705 5748 itaque
722 5679 848 5731 vitia
871 5680 1031 5732 etiam
1052 5677 1245 5731 cedere
1261 5677 1404 5731 vitiis
1426 5678 1860 5745 succedentibus,

268 5786 383 5824 non
407 5768 720 5835 tirttttibus;
750 5780 801 5823 et
830 5769 953 5821 ideo
992 5767 1142 5835 plura
1183 5776 1327 5821 sunt.
1363 5766 1541 5822 Virus
1580 5784 1725 5831 vero.
1757 5787 1864 5839 quo

276 5874 389 5916 una
423 5862 668 5932 ingrcsaa
699 5860 881 5927 fuetit,
909 5857 1160 5928 quoniam
1208 5872 1387 5912 iocum
1429 5868 1655 5913 Cil‘hPJS
1697 5860 1866 5925 ducit,

1969 4664 2046 4717 les
2076 4676 2131 4718 et
2184 4667 2302 4733 pios
2356 4668 2604 4724 homines
2690 4671 2781 4727 Dei
2844 4689 2951 4727 non
3002 4675 3200 4731 habere
3261 4679 3559 4743 pietatem.

1969 4771 2129 4821 quam
2166 4756 2341 4812 (irasci
2379 4762 2461 4814 vel
2511 4764 2791 4826 εὐσέϐειαν.
2819 4765 2900 4818 vel
2938 4769 3247 4833 expressius
3266 4778 3320 4823 et
3352 4770 3561 4835 plenius

1969 4849 2257 4903 θεοσέϐειαν
2287 4862 2497 4905 vocant.
2523 4854 2657 4919 Quid
2678 4864 2857 4908 autem
2886 4869 2969 4909 est
2994 4857 3180 4923 pietas,
3203 4860 3304 4913 nisi
3326 4860 3418 4914 Dei
3443 4862 3561 4917 cul-

1972 4944 2092 4997 tus?
2120 4943 2172 5012 3
2203 4952 2259 4998 et
2303 4945 2444 4999 unde
2473 4946 2563 5000 ille
2602 4947 2807 5001 colitur
2831 4950 2933 5003 nisi
2963 4948 3263 5005 charitate?
3309 4952 3562 5013 Charitas

1970 5033 2134 5104 igitur
2160 5036 2228 5090 de
2249 5037 2412 5090 corde
2437 5051 2591 5105 puro,
2608 5048 2663 5093 et
2678 5040 3004 5095 conscientia
3040 5042 3201 5105 bona,
3232 5053 3290 5099 et
3318 5043 3424 5102 fide
3452 5060 3561 5102 non

1970 5126 2114 5193 ficta,
2147 5142 2335 5196 magna
2365 5136 2421 5182 et
2445 5142 2578 5183 vera
2596 5129 2767 5185 virtus
2789 5141 2874 5186 est
2894 5173 2910 5196 ,
2941 5134 3064 5204 quia
3094 5134 3207 5203 ipsa
3236 5143 3322 5189 est
3350 5143 3407 5191 et
3435 5136 3557 5190 finis

1970 5219 2245 5286 praecepti.
2307 5217 2499 5273 Merito
2548 5217 2688 5274 dicta
2719 5231 2799 5276 est
2839 5222 2994 5277 fortis
3043 5223 3181 5277 sicut
3211 5239 3359 5279 mors
3383 5263 3401 5289 ,
3440 5225 3570 5278 sive

1968 5309 2093 5378 quia
2117 5323 2275 5361 nemo
2294 5323 2414 5363 eam
2439 5309 2603 5364 vineit
2622 5311 2761 5366 sicut
2790 5322 3014 5368 mortem
3037 5354 3054 5379 ,
3084 5314 3199 5368 sive
3216 5313 3341 5381 quia
3371 5314 3426 5369 in
3454 5314 3554 5369 hac

1971 5398 2076 5452 vita
2100 5413 2275 5468 usque
2295 5398 2360 5453 ad
2390 5408 2618 5455 mortem
2664 5410 2749 5456 est
2791 5417 3038 5457 mensura
3069 5402 3366 5469 cbaritatis,
3416 5402 3561 5465 sicut

1975 5491 2231 5545 Dominus
2268 5490 2341 5543 ait
2374 5507 2389 5542 :
2432 5489 2688 5558 Maiorem
2736 5492 2836 5546 hac
2862 5493 3137 5550 cbaritate-
3162 5492 3512 5549 nemothabet
3538 5535 3557 5558 .

1972 5597 2130 5652 quam
2169 5591 2230 5635 ut
2255 5578 2490 5634 animam
2521 5597 2675 5637 suam
2703 5584 2824 5652 quis
2863 5592 3029 5653 ponat
3065 5597 3165 5650 pro
3192 5583 3385 5638 amicis
3409 5584 3560 5652 suis;

1971 5674 2085 5727 sive
2105 5671 2281 5742 potius
2311 5670 2434 5739 quia
2463 5670 2601 5727 sicut
2629 5687 2778 5727 mors
2826 5674 3056 5726 animam
3105 5673 3284 5728 avellit
3309 5688 3342 5728 a
3384 5677 3562 5731 sensi-

1973 5765 2072 5821 bus
2100 5765 2305 5828 carnis,
2337 5764 2416 5817 sic
2440 5763 2674 5819 cbaritas
2704 5781 2734 5819 a
2756 5765 3204 5834 concupiscentiis
3223 5769 3556 5826 carnalibus.

1977 5858 2110 5914 |tuic
2138 5854 2407 5917 subservit
2435 5854 2658 5911 scientia
2699 5872 2821 5913 cum
2851 5864 2935 5912 est
2962 5857 3133 5927 u’ilis,
3166 5874 3287 5915 nam
3317 5861 3435 5919 sine
3468 5860 3558 5921 illa
