3962 6178
443 253 549 311 861

1566 261 1624 314 Ι).
1671 260 1982 314 EUGYPPII
2024 261 2312 317 ABBATIS
2351 261 2667 318 AFRICANI

441 367 591 422 inﬂat
616 384 630 422 :
653 366 791 437 quod
823 381 948 421 vero
976 366 1061 420 illa
1093 368 1406 423 mdilicando
1435 370 1752 438 implevi-rit,
1787 371 1914 426 nihil
1942 372 2012 426 ibi
2045 378 2094 436 Α
2122 376 2299 430 verius
2326 378 2600 446 sacrisque
2626 378 2817 433 litteris
2839 382 3240 450 congruentius.
3267 384 3333 438 ita
3357 394 3484 441 sunt
3502 386 3699 443 animm

440 460 864 530 istainaneqnod
882 460 1032 515 inﬂet
1054 460 1306 517 inveniet.
1331 461 1523 516 Utilcm
1555 478 1711 528 porro
1738 464 2018 517 scientiam

439 551 743 606 deﬁniendo
772 551 849 605 sic
893 553 1243 618 mansuevit,
1273 553 1359 606 ubi
1405 568 1524 606 cum
1565 553 1596 605 d
1625 555 1790 606 sisset
1823 571 1835 606 :
1883 554 2021 608 Ecce

440 642 613 710 pietas
660 651 744 696 est
773 642 1055 709 sapientia,
1107 643 1358 697 continuo
1385 642 1658 711 subjunxit
1690 659 1702 694 :
1736 643 2019 696 Abstinere

438 747 569 789 vero
598 747 626 786 a
659 735 811 788 malis
842 735 1064 789 scientia
1108 744 1210 789 est.
1237 735 1344 788 Cur
1373 751 1502 804 ergo
1533 751 1636 788 non
1669 734 1896 788 dicimus
1927 736 2018 802 qui

440 825 577 878 hanc
605 826 859 879 virtutem
909 826 1068 880 habet
1099 825 1298 880 habere
1339 842 1552 892 omnes,
1585 842 1704 879 cum
1743 827 2017 896 plenitudo

437 917 570 986 legis
591 916 656 970 sit
691 917 959 972 Charitas?
1002 934 1067 970 an
1097 929 1298 986 quanto
1335 919 1502 985 magis
1531 928 1612 971 est
1658 921 1709 970 in
1754 919 1967 972 homine
2000 959 2015 982 ,

437 1016 586 1062 tanto
607 1008 775 1078 magis
801 1019 882 1062 est
902 1009 1098 1062 virtute
1126 1009 1399 1077 prreditus;
1416 1017 1611 1077 quanto
1627 1017 1802 1062 autem
1819 1008 2015 1076 minus,

439 1112 586 1153 tanto
613 1101 790 1153 minus
812 1101 1015 1154 inestei
1049 1103 1236 1165 virtus,
1285 1101 1407 1169 quia
1458 1102 1568 1168 ipsa
1611 1112 1688 1153 est
1734 1104 1922 1162 virtus.
1963 1108 2018 1154 et

436 1202 632 1260 quanto
646 1193 822 1246 minus
844 1192 980 1246 inest
1008 1192 1196 1255 virtus,
1213 1199 1360 1245 tanto
1388 1195 1555 1258 magis
1572 1201 1652 1246 est
1675 1191 1894 1245 vitium?
1915 1190 2014 1246 Ubi

434 1296 562 1351 ergo
585 1283 671 1336 illa
703 1283 857 1351 plena
883 1291 935 1336 et
954 1283 1184 1350 perfecta
1214 1283 1365 1336 fuerit
1387 1323 1402 1348 ,
1436 1282 1566 1335 nihil
1590 1297 1655 1336 ex
1683 1283 1810 1336 vitio
1836 1296 2009 1337 rema-

435 1374 603 1429 nebit.
645 1374 874 1429 Proinde
905 1375 1031 1427 mihi
1065 1375 1309 1427 videntur
1348 1374 1509 1428 Stoici
1552 1374 1671 1429 ideo
1710 1375 1860 1440 falli,
1891 1378 2011 1446 quia

435 1471 800 1534 proficientem
860 1469 1133 1522 hominem
1193 1470 1244 1522 in
1297 1469 1554 1535 sapientia
1580 1469 1769 1522 nolunt
1796 1470 2014 1524 omnino

432 1562 631 1616 habere
660 1562 1000 1630 sapientiam,
1052 1563 1146 1614 sed
1178 1567 1302 1613 tunc
1326 1560 1524 1614 habere
1549 1575 1669 1612 cum
1694 1559 1744 1612 in
1768 1575 1830 1614 ea
1855 1557 2015 1614 fuerit

433 1654 651 1707 omnino
681 1650 947 1722 perfectus
975 1667 1110 1705 :non
1133 1652 1253 1720 quia
1279 1652 1426 1705 illum
1459 1662 1768 1720 provectum
1794 1663 2011 1720 negant,

2124 467 2449 524 intentiones
2477 479 2533 523 ut
2559 472 2799 540 corporis
2827 473 3088 540 membra,
3118 490 3220 528 non
3250 477 3390 547 quod
3415 479 3700 536 videantur

2121 557 2285 623 locis,
2319 561 2413 616 sed
2457 561 2597 629 quod
2628 561 2930 617 sentiantur
2979 563 3280 630 affectibus,
3321 577 3373 620 et
3412 568 3552 622 aliud
3577 570 3697 624 illu-

2122 651 2355 705 minatur
2397 654 2659 720 amplius,
2701 655 2846 709 aliud
2881 656 3092 723 "tinus,
3137 658 3277 713 aliud
3307 661 3525 714 omnino
3546 672 3697 716 caret

2122 745 2339 808 lumine,
2357 756 2408 799 et
2425 746 2708 801 tenebroso
2736 747 3074 802 inumbratur
3099 751 3398 814 obstaculo,
3425 741 3690 820 profecto,

2121 835 2190 888 ita
2217 845 2274 888 ut
2303 837 2527 904 quisque
2556 838 2909 892 illuSIratione
2934 840 3032 906 υἱέι)
3049 841 3556 896 charitatisaﬂ’ectus
3582 857 3693 906 ξδ’,

2119 932 2172 982 in
2202 927 2306 982 alio
2333 938 2452 984 actu
2485 929 2651 1002 magis
2671 973 2684 992 ,
2721 931 2768 982 in
2797 932 2901 985 alio
2931 932 3103 985 minus
3128 974 3141 994 ,
3189 932 3240 985 in
3273 934 3378 986 alio
3408 933 3556 999 nihil,
3611 935 3693 987 sic

2118 1027 2293 1085 potest
2314 1020 2419 1074 dici
2448 1022 2645 1078 habere
2672 1024 3100 1089 aliam,’et‘a'li:m
3132 1039 3236 1082 non
3272 1024 3466 1080 habere
3485 1066 3499 1088 ,
3527 1025 3690 1078 aliam

2117 1111 2284 1177 magis
2306 1110 2462 1164 aliam
2478 1113 2652 1168 minus
2677 1115 2871 1169 habere
2887 1117 3157 1171 virtutem.
3179 1120 3309 1173 Nam
3323 1131 3372 1174 et
3395 1140 3410 1169 ι
3427 1121 3588 1186 Major
3603 1133 3690 1176 est

2118 1199 2168 1252 in
2186 1201 2286 1254 isto
2315 1202 2549 1256 Charitas
2571 1218 2729 1270 quam
2756 1207 2806 1258 in
2839 1206 2931 1260 illo
2957 1225 2976 1257 ι
3014 1217 3154 1262 recte
3179 1223 3462 1277 possumus
3484 1213 3688 1274 dicere,

2116 1301 2170 1344 et
2199 1293 2419 1361 tAliqua
2440 1294 2492 1347 in
2521 1293 2644 1360 isto,
2667 1295 2806 1349 nulla
2825 1295 2876 1349 in
2907 1297 3054 1362 illus,
3085 1311 3338 1368 quantum
3365 1302 3592 1368 pertinet
3619 1304 3690 1356 ad

2115 1383 2430 1439 charitatem
2454 1427 2472 1451 ,
2502 1402 2619 1454 quae
2646 1388 2814 1456 pietas
2843 1401 2954 1453 est;
2987 1402 3039 1443 et
3065 1391 3117 1444 in
3149 1393 3265 1460 ipso
3295 1409 3400 1447 uno
3429 1394 3644 1447 homine
3670 1434 3690 1459 ,

2114 1475 2255 1543 quod
2285 1475 2542 1545 majorem
2567 1477 2761 1533 habeat
2782 1480 3088 1549 pudicitiam
3109 1499 3264 1552 quam
3288 1485 3619 1554 patientiam,
3635 1495 3693 1543 et

2117 1569 2371 1633 majorem
2404 1569 2565 1625 hodie
2591 1585 2751 1641 quam
2770 1571 2910 1637 heri,
2941 1574 2984 1626 si
3017 1575 3254 1644 prolicit,
3296 1587 3351 1631 et
3376 1577 3550 1633 adhuc
3579 1595 3690 1634 non

2117 1660 2308 1716 habeat
2328 1662 2734 1730 continentiam,
2768 1675 2822 1720 et
2852 1666 3045 1722 habeat
3071 1684 3177 1722 non
3211 1685 3424 1738 parvam
3477 1674 3692 1730 miseri-
3757 1649 3762 1654 ν

431 1747 525 1801 Sed
559 1746 660 1799 ηίδί
707 1759 770 1799 εἰ
823 1743 1089 1812 ιποίυηάο
1139 1742 1368 1811 illiOdam
1413 1743 1736 1811 εηιθτιζθιιόο
1788 1752 2009 1809 τευθίδια
2042 1748 2085 1806 Β
2114 1754 2374 1808 cordiam.
2429 1753 2494 1807 Et
2523 1764 2580 1808 ut
2607 1756 2930 1824 generaliter
2971 1759 3312 1830 breviterque
3359 1765 3690 1834 complectar

431 1839 626 1892 emicet
655 1839 707 1890 itt
736 1851 893 1890 auras
915 1836 1187 1904 sapientia:
1209 1835 1428 1897 liberas.
1460 1836 1606 1889 nulla
1634 1850 1700 1889 ex
1726 1845 1869 1904 parte
1894 1850 2012 1890 esse

432 1931 750 1998 sapientem.
802 1930 950 1982 Sicut
977 1927 1119 1981 enim
1174 1927 1304 1980 nihil
1357 1929 1580 1982 interest
1629 1926 1695 1979 ad
1736 1926 2010 1980 hominem

434 2019 831 2088 pra-iocandum
859 2059 876 2082 ,
902 2027 1082 2070 utrum
1111 2031 1300 2085 aquam
1333 2018 1521 2070 stadiis
1548 2017 1727 2071 multis
1767 2031 1926 2085 super
1954 2031 2012 2070 se

433 2113 629 2166 habent
657 2113 839 2175 altam,
865 2126 930 2160 an
950 2123 1109 2161 unum
1139 2108 1371 2174 palmum
1404 2108 1484 2161 vel
1507 2108 1752 2178 digitum,
1783 2109 1860 2162 sic
1891 2108 2012 2161 illos

433 2204 519 2273 qui
553 2201 777 2256 tendunt
809 2200 874 2253 ad
905 2200 1242 2266 sapientiam,
1275 2198 1534 2265 prolicere
1559 2200 1776 2268 quidem
1806 2200 2011 2260 dicunt,

434 2304 681 2363 tanquam
732 2293 798 2345 ab
843 2291 952 2344 imo
1003 2290 1223 2359 gurgitis
1269 2299 1551 2359 surgentes
1585 2291 1636 2344 in
1683 2305 1885 2353 aerem,
1919 2291 2011 2345 sed

431 2384 532 2439 nisi
563 2393 727 2437 totam
770 2382 1050 2435 stultit’am
1083 2378 1226 2432 velut
1253 2381 1643 2448 opprimentem
1670 2396 1860 2450 aquam
1893 2399 2014 2452 pro-

431 2473 680 2538 iic'endo,
701 2474 846 2529 velut
865 2473 1209 2546 etnergendo,
1243 2474 1532 2541 evaserint,
1561 2488 1664 2526 non
1691 2473 1887 2528 habere
1911 2474 2014 2526 vir-

431 2576 629 2632 tutem,
665 2583 765 2622 nec
808 2582 929 2621 esse
966 2573 1236 2635 sap‘entes
1277 2584 1290 2620 :
1347 2566 1436 2619 ubi
1481 2573 1660 2619 autem
1707 2564 2010 2626 evaserint,

429 2678 552 2717 mox
586 2662 784 2716 habere
831 2673 1028 2726 totam,
1071 2677 1171 2715 nec
1215 2661 1503 2730 quidquam
1552 2658 1791 2712 stultitia
1835 2672 2013 2711 tema-

430 2769 590 2818 nere,
623 2754 764 2807 unde
794 2753 1013 2806 omnino
1053 2754 1215 2806 ullum
1266 2766 1542 2821 peccatum
1568 2751 1733 2820 possit
1760 2753 2012 2805 existere.

431 2850 555 2903 lla-c
586 2849 907 2911 similitudo,
941 2848 1030 2902 tibi
1065 2848 1286 2901 stultitia
1317 2849 1462 2900 velut
1507 2860 1644 2914 aqua
1664 2887 1678 2908 ,
1706 2853 1760 2899 et
1801 2843 2016 2912 sapien-

428 2945 500 2996 tia
530 2942 671 2996 velut
696 2957 788 2996 aer
817 2941 1050 3010 ponitur,
1082 2952 1134 2994 ut
1158 2942 1367 2994 animus
1411 2956 1440 2991 a
1472 2937 1852 3008 przefocatione
1880 2934 2014 2989 stul-

427 3039 563 3091 titim
610 3046 862 3105 tanquam
909 3049 1192 3105 emergens
1245 3035 1298 3088 in
1329 3032 1647 3103 sapientiam
1677 3039 1901 3100 repente
1930 3046 2017 3084 re-

2112 1859 2270 1913 quam
2316 1843 2383 1900 de
2426 1844 2621 1900 virtute
2653 1846 2828 1903 habeo
2849 1849 3145 1918 notionem,
3174 1852 3314 1921 quod
3345 1853 3410 1906 ad
3439 1864 3581 1910 recte
3610 1857 3693 1912 vi-

2114 1937 2344 1991 vendum
2367 1937 2580 2002 attinet,
2609 1939 2775 1992 virtus
2802 1941 3158 2007 estcbaritas,
3185 1958 3285 2013 qua
3313 1944 3362 1997 id
3402 1947 3542 2013 quod
3567 1947 3692 2001 dili-

2113 2027 2340 2096 gendum
2354 2027 2687 2098 estdiligitur
2703 2046 2716 2083 :
2731 2029 2845 2084 hac
2868 2031 2920 2084 in
2945 2033 3064 2085 aliis
3080 2032 3270 2101 major,
3288 2035 3338 2088 in
3357 2036 3475 2091 aliis
3489 2039 3689 2103 minor,

2114 2117 2164 2170 in
2196 2119 2313 2171 aliis
2335 2119 2474 2172 nulla
2498 2130 2600 2183 est;
2632 2119 2936 2188 plenissima
2966 2139 3094 2177 vero
3118 2140 3236 2193 quae
3254 2125 3364 2194 jam
3389 2142 3492 2183 non
3519 2129 3693 2198 possit

2114 2211 2556 2279 augeri,quandiu
2585 2214 2672 2268 hic
2699 2214 2862 2268 homo
2876 2217 3116 2278 vivit,e5t
3131 2219 3183 2270 in
3202 2220 3434 2285 nemine;
3451 2222 3689 2287 quandiu

2115 2312 2292 2359 autem
2322 2307 2504 2373 augeri
2534 2318 2725 2373 potest,
2777 2309 3015 2376 proiecto
3056 2310 3185 2365 illud
3212 2313 3352 2379 quod
3382 2314 3558 2368 minus
3603 2323 3692 2370 est

2114 2413 2270 2465 quam
2299 2397 2479 2465 debet,
2509 2414 2573 2454 ex
2620 2401 2751 2454 vitio
2776 2409 2876 2456 est.
2911 2401 2992 2456 Ex
3033 2418 3145 2472 quo
3176 2404 3307 2458 vitio
3359 2420 3462 2459 non
3492 2415 3574 2460 est
3596 2404 3687 2475 ju-

2115 2497 2228 2543 stus
2250 2489 2302 2542 in
2336 2498 2480 2544 terra
2508 2491 2597 2559 qui
2631 2491 2789 2546 l'aciat
2810 2492 3008 2547 bonum
3038 2502 3092 2547 et
3119 2510 3223 2549 non
3247 2506 3460 2564 peccet;
3485 2511 3550 2551 ea
3576 2512 3687 2568 quo

2115 2581 2251 2635 vitio
2297 2597 2400 2635 non
2442 2581 2822 2651 justiﬁeabitur
2872 2585 2926 2639 in
2955 2596 3242 2655 conspectu
3272 2587 3364 2642 Dei
3410 2589 3582 2642 omnis
3610 2589 3692 2644 vi-

2119 2687 2251 2728 vens
2277 2689 2291 2738 ;
2327 2683 2540 2741 prOpter
2567 2674 2708 2742 quod
2741 2674 3005 2739 vitium,si
3031 2675 3327 2732 dixerimus
3350 2678 3472 2747 quia
3502 2693 3692 2744 pecca-

2119 2773 2228 2818 tum
2259 2778 2364 2818 non
2396 2762 2676 2829 habemus,
2705 2780 2800 2818 nos
2828 2766 2973 2833 ipsos
3000 2765 3313 2834 decipimus,
3330 2778 3382 2822 et
3411 2770 3606 2822 veritas
3636 2769 3690 2822 in

2117 2857 2270 2911 nobis
2301 2872 2403 2911 non
2456 2866 2585 2922 est;
2639 2867 2854 2926 propter
2901 2859 3043 2927 quod
3087 2861 3246 2914 etiam
3296 2861 3694 2929 quantumlibet

2117 2946 2525 3016 profecerimus,
2557 2948 2916 3002 necessarium
2938 2957 3020 3002 est
3048 2949 3201 3002 nobis
3223 2949 3399 3004 dicere
3433 2967 3442 3001 :
3471 2950 3694 3003 Dimitte

2122 3037 2278 3092 nobis
2306 3037 2482 3091 debita
2532 3048 2756 3105 nostra,
2803 3054 2922 3092 cum
2962 3039 3072 3108 jam
3121 3039 3296 3092 omnia
3329 3040 3382 3093 in
3423 3039 3694 3108 baptismo

428 3133 623 3200 spiret,
653 3146 758 3184 non
789 3129 919 3184 mihi
951 3129 1157 3183 videtur
1174 3128 1304 3182 satis
1332 3125 1676 3182 accommoda
1706 3135 2008 3180 nostrarum
2041 3112 2085 3175 C
2117 3130 2282 3196 dicta,
2315 3131 2474 3194 facta,
2503 3131 2755 3199 cogitata,
2799 3130 3018 3184 dimissa
3049 3131 3176 3185 sim,
3211 3131 3369 3186 Videt
3397 3133 3573 3202 itaque
3600 3135 3692 3199 qui

427 3220 681 3290 Scriptur.
707 3232 822 3274 tum
855 3219 1156 3274 auctoritati
1184 3260 1201 3286 ,
1231 3219 1322 3272 sed
1371 3218 1457 3271 illa
1485 3217 1696 3288 potius,
1719 3225 1776 3270 ut
1807 3216 1990 3270 vitium

429 3312 512 3365 vel
551 3311 775 3364 stultitia
813 3311 1048 3364 tenebris
1072 3352 1087 3373 ,
1124 3309 1226 3362 luci
1255 3318 1432 3362 autem
1456 3308 1622 3361 virtus
1645 3307 1724 3360 vel
1749 3308 2008 3375 sapientia

427 3413 790 3472 comparetur,
823 3411 1078 3469 quantum
1108 3401 1207 3454 ista
1235 3399 1430 3452 similia
1462 3400 1528 3452 de
1553 3398 1920 3467 c0rporaliitus
1945 3401 2008 3451 ad

427 3494 782 3566 iutelligibilia
813 3495 932 3548 duci
960 3502 1202 3561 missum.
1237 3492 1350 3546 Non
1384 3493 1560 3562 itaque
1587 3496 1727 3546 sicut
1770 3492 1836 3545 de
1860 3493 2012 3561 aquis

425 3590 482 3645 in
522 3604 702 3644 aerem
725 3601 952 3657 surgens
984 3628 998 3652 ,
1046 3587 1133 3640 tibi
1179 3603 1362 3641 earum
1403 3601 1667 3640 stuntnutn
1717 3585 2008 3651 transierit,

427 3695 654 3750 repente
691 3689 946 3750 quantum
993 3679 1191 3734 sullicit
1218 3681 1527 3748 inspiratur,
1557 3678 1651 3732 sed
1679 3678 1816 3732 sicut
1843 3678 1912 3732 de
1935 3689 2012 3732 te-

427 3773 609 3828 nebris
641 3774 692 3826 in
725 3774 894 3826 lucem
945 3771 1271 3840 procedens,
1321 3769 1571 3839 paulatim
1623 3768 2012 3838 progrediendo

427 3866 786 3929 illuminatur,
828 3863 969 3933 quod
1001 3864 1172 3918 donec
1200 3862 1504 3931 plenissime
1532 3860 1653 3924 liat,
1689 3860 1801 3929 jam
1831 3869 2008 3914 tamen

425 3972 546 4013 eum
575 3958 802 4012 dicimus
847 3966 1094 4024 tanquam
1119 3955 1186 4008 de
1215 3954 1545 4009 abditissima
1575 3955 1826 4022 spelunca
1862 3968 2012 4022 egre-

427 4051 687 4116 dientetn,
726 4049 918 4103 vicinia
944 4049 1078 4102 lucis
1105 4048 1339 4101 alllatum
1373 4064 1386 4101 :
1418 4056 1564 4100 tanto
1606 4045 1773 4114 magis
1811 4053 2011 4113 quanto

427 4142 597 4211 magis
626 4141 947 4210 propinquat
977 4139 1240 4208 cgressui;
1274 4147 1328 4191 ut
1360 4137 1485 4191 illud
1513 4136 1654 4206 quod
1678 4136 1730 4190 in
1753 4151 1818 4190 eo
1847 4136 2007 4201 lucet,

425 4236 499 4289 sit
535 4236 716 4304 utique
741 4249 808 4288 ex
851 4234 1054 4288 lumine
1097 4247 1201 4302 quo
1246 4231 1623 4302 progreditur,
1663 4228 1792 4284 illud
1831 4239 2008 4283 autem

423 4327 568 4398 quod
596 4327 772 4381 adhuc
799 4326 1084 4380 obscurum
1109 4335 1220 4386 est.
1246 4323 1316 4378 sit
1340 4339 1404 4378 es
1429 4321 1666 4378 tenebris
1694 4322 1838 4376 unde
1858 4335 2010 4390 egre-

423 4422 570 4476 ditur
621 4437 634 4473 :
677 4418 862 4489 itaque
886 4428 938 4472 et
967 4433 1071 4471 non
1100 4415 1478 4483 justiﬁcabilur
1508 4416 1558 4468 in
1590 4422 1882 4484 conspectu
1913 4413 2003 4467 Dei

2115 3231 2261 3275 recte
2288 3220 2471 3285 videt,
2506 3219 2620 3285 ubi,
2663 3221 2878 3288 quando
2905 3230 2962 3275 et
2990 3220 3129 3274 unde
3173 3221 3435 3290 speranda
3487 3222 3556 3275 sit
3603 3221 3695 3277 illa

2116 3311 2377 3380 perfectio
2398 3356 2413 3380 ,
2470 3311 2558 3367 cui
2596 3328 2701 3366 non
2748 3313 2818 3367 sit
2847 3312 2986 3381 quod
3017 3312 3175 3382 adjici
3210 3314 3395 3382 possit.
3428 3313 3479 3367 Si
3508 3323 3695 3366 autem

2117 3411 2382 3471 praecepta
2415 3417 2517 3455 non
2549 3411 2754 3467 essent,
2787 3415 2890 3456 non
2923 3403 3106 3470 utique
3154 3412 3300 3458 esset
3329 3403 3414 3456 ubi
3441 3417 3500 3456 se
3528 3403 3696 3457 homo

2115 3497 2316 3548 certius
2349 3495 2657 3564 inspici-ret.
2689 3505 2742 3550 et
2772 3496 2974 3551 videret
3006 3497 3145 3550 unde
3174 3506 3501 3551 averteretur
3526 3539 3540 3560 ,
3584 3511 3696 3565 quo

2115 3600 2446 3652 Conaretur,
2497 3603 2663 3658 quare
2719 3589 3123 3659 gratularetur,
3177 3589 3301 3658 quid
3351 3599 3692 3655 precaretur.

2119 3683 2305 3752 Magna
2337 3691 2417 3737 est
2444 3698 2570 3752 ergo
2604 3682 2806 3736 utilitas
2831 3691 3247 3752 praeceptorum,
3279 3681 3321 3733 si
3357 3681 3523 3733 libero
3551 3679 3695 3732 arbi-

2118 3775 2220 3828 trio
2252 3782 2452 3826 tantum
2483 3773 2638 3826 detur
2695 3782 2753 3827 ut
2791 3775 2963 3843 gratia
2995 3774 3086 3827 Dei
3114 3772 3344 3840 amplius
3376 3773 3696 3826 honoretur.

2113 3866 2243 3932 Qua:
2273 3865 2317 3920 si
2350 3865 2420 3918 ita
2449 3879 2508 3919 se
2535 3863 2729 3918 habent
2757 3903 2773 3927 ,
2807 3863 2946 3919 unde
2978 3864 3068 3918 iiet
3112 3862 3350 3916 omnium
3384 3876 3530 3928 reus,
3563 3862 3605 3912 si
3643 3863 3697 3912 in

2113 3971 2222 4010 uno
2248 3955 2504 4019 oﬂ'endat,
2529 3955 2617 4024 qui
2651 3963 2814 4009 totam
2845 3955 3015 4023 legem
3046 3953 3386 4008 servaverit?
3417 3954 3496 4005 An
3553 3951 3698 4005 forte

2113 4048 2236 4114 quia
2269 4047 2542 4115 plenitudo
2590 4047 2722 4117 legis
2773 4047 3010 4101 cltaritas
3036 4053 3153 4108 est,
3183 4061 3284 4114 qua
3319 4045 3455 4099 Deus
3508 4045 3697 4112 proxi-

2113 4152 2339 4206 musque
2396 4137 2676 4207 diligitur,
2725 4138 2775 4190 in
2838 4139 3029 4206 quibus
3086 4138 3363 4204 prrcelitis
3410 4135 3699 4187 charitatis

2116 4241 2222 4285 tota
2253 4232 2338 4285 lex
2388 4232 2583 4300 pendet
2622 4239 2676 4284 et
2725 4231 3025 4298 prophetae,
3060 4229 3251 4282 merito
3293 4228 3348 4280 lit
3393 4242 3520 4280 reus
3569 4242 3698 4280 ozn-

2113 4324 2293 4388 nium,
2329 4325 2416 4393 qui
2445 4335 2630 4378 contra
2664 4324 2807 4377 illaut
2837 4324 2959 4376 facit
2989 4321 3041 4376 in
3073 4336 3177 4392 qua
3207 4320 3436 4387 pendent
3459 4318 3642 4372 omnia
3674 4320 3700 4372 ?

2114 4417 2280 4472 Nemo
2310 4428 2488 4472 autem
2522 4426 2728 4485 peccat,
2761 4415 2864 4470 nisi
2900 4415 3158 4468 adversus
3207 4413 3352 4466 illam
3396 4408 3645 4464 faciendo
3681 4427 3697 4462 :

423 4511 600 4566 omnis
622 4511 808 4564 vivens
840 4549 854 4573 ,
884 4517 940 4562 et
971 4518 1145 4561 tamen
1185 4507 1360 4574 justus
1387 4522 1458 4561 ex
1491 4505 1592 4561 ﬁde
1617 4506 1749 4560 vivit
1776 4521 1789 4558 :
1833 4512 1886 4559 et
1926 4503 2005 4558 in-
2038 4491 2088 4550 D
2113 4510 2259 4578 quia.
2286 4509 2398 4564 Non
2424 4509 2753 4562 adulterabis
2774 4548 2788 4571 ,
2839 4522 2944 4560 non
2978 4505 3320 4560 homicidium
3348 4502 3514 4558 {acies
3537 4545 3552 4566 ,
3583 4519 3700 4557 non

423 4604 535 4658 duti
565 4611 691 4656 sunt
718 4602 883 4656 sancti
910 4601 1136 4670 jnstitia,
1168 4599 1305 4653 alius
1335 4600 1523 4669 magis,
1552 4599 1690 4652 alius
1714 4598 1922 4663 minus,
1948 4607 2005 4652 et

423 4707 584 4747 nemo
613 4693 697 4746 hic
744 4692 871 4745 vivit
927 4691 1046 4745 sine
1095 4700 1348 4759 peccato,
1380 4701 1433 4744 ct
1464 4690 1565 4744 hoc
1615 4690 1756 4743 alius
1807 4688 2002 4757 magis,

423 4785 560 4838 alius
591 4786 765 4837 minus
796 4797 811 4837 :
843 4783 1075 4852 Optimus
1101 4792 1279 4838 autem
1309 4793 1410 4847 est,
1456 4782 1544 4850 qui
1574 4783 1874 4836 minimum.
1898 4781 2004 4836 Sed

391 4911 394 4913 -
419 4876 548 4943 quid
576 4889 706 4945 ago,
742 4884 991 4944 tanquam
1016 4875 1214 4930 oblitus
1243 4875 1328 4930 cui
1355 4877 1542 4943 loquor
1561 4915 1578 4938 ,
1619 4873 1828 4928 duetori
1853 4874 2003 4928 simi-

421 4971 487 5024 lis
517 4969 690 5024 factus
718 4985 834 5023 sum
861 5011 876 5035 ,
923 4986 1042 5023 cum
1073 4971 1439 5039 proposuerint
1481 4969 1608 5040 quid
1637 4985 1668 5023 a
1719 4981 1772 5025 te
1797 4968 2006 5024 discere

386 5063 622 5118 -velim?
648 5064 750 5119 Sed
780 5066 899 5129 quia
940 5064 1007 5118 de
1053 5076 1398 5134 peccatorum
1444 5065 1754 5133 parilitate.
1786 5064 1930 5120 unde
1954 5065 2004 5117 in

421 5158 472 5211 id
517 5158 658 5228 quod
691 5157 912 5226 agebam
946 5157 1128 5211 incidit
1172 5161 1425 5224 quaestio,
1454 5158 1860 5211 examinandam
1911 5158 2003 5211 tibi

418 5250 740 5303 sententiam
784 5263 960 5302 meam
989 5261 1234 5316 promere
1259 5257 1572 5308 statueram,
1601 5247 1710 5316 jam
1741 5263 1859 5302 eam
1889 5257 2004 5300 tan-

383 5340 538 5396 -detn
605 5342 890 5411 aliquando
941 5340 1257 5394 concludam
1287 5358 1299 5393 :
1334 5340 1458 5409 quia
1506 5340 1608 5394 etsi
1657 5356 1840 5394 verum
1890 5349 1999 5399 est,

383 5454 390 5462 ’
417 5448 539 5487 eum
572 5435 660 5503 qui
715 5433 872 5488 habet
921 5447 1099 5494 unam,
1134 5446 1322 5487 omnes
1362 5431 1561 5486 habere
1589 5431 1808 5485 virtutes
1835 5471 1849 5492 ,
1881 5445 1999 5482 eum

417 5526 505 5591 qui
538 5542 694 5578 unam
725 5541 828 5579 non
861 5525 1058 5590 habet,
1107 5524 1305 5576 nullam
1353 5522 1589 5588 habere;
1627 5535 1726 5575 nec
1757 5522 1834 5574 sic
1878 5535 2002 5588 pec-

417 5626 535 5670 cata
568 5626 691 5670 sunt
721 5621 864 5686 paria
898 5636 910 5669 :
941 5618 1063 5687 quia
1092 5617 1181 5670 ubi
1213 5617 1379 5669 virtus
1410 5615 1552 5667 nulla
1586 5623 1689 5678 est,
1719 5613 1844 5666 nihil
1884 5612 2001 5679 qni-

383 5723 388 5726 ·
416 5703 538 5758 dem
570 5715 775 5761 rectum
797 5717 910 5771 est;
947 5722 1044 5762 nec
1075 5716 1162 5761 tau
1189 5721 1254 5760 en
1289 5705 1409 5759 ideo
1438 5720 1542 5757 non
1573 5713 1656 5756 est
1685 5717 1848 5770 pravo
1878 5717 2000 5772 pra-

418 5793 557 5861 vius,
581 5794 914 5865 distortoquc
939 5797 1236 5852 distortiu<.
1253 5796 1310 5852 Si
1328 5803 1528 5860 autem,
1553 5787 1691 5865 quod
1721 5801 1850 5863 pato
1873 5805 1994 5848 esse

2115 4602 2417 4667 feraleris,
2472 4617 2576 4656 non
2633 4602 3002 4666 concupisces,
3050 4612 3104 4654 et
3148 4600 3191 4652 si
3231 4597 3374 4665 quod
3417 4606 3499 4650 est
3544 4597 3699 4650 aliud

2112 4692 2444 4757 mandatum,
2473 4692 2524 4745 in
2559 4690 2660 4745 hoc
2684 4705 2935 4744 sermone
2964 4687 3363 4755 recapitulatur,
3395 4689 3443 4738 in
3469 4686 3700 4754 eoquod

2107 4792 2192 4838 est
2219 4822 2235 4848 ,
2271 4784 2470 4852 Diliges
2511 4781 2811 4850 proximum
2845 4792 2990 4834 tuum
3021 4791 3267 4850 tanquam
3295 4790 3343 4832 te
3371 4779 3564 4848 ipsum.
3604 4779 3702 4832 Di-

2113 4876 2270 4929 lectio
2302 4875 2530 4943 proximi
2549 4874 2745 4927 malum
2771 4888 2872 4924 non
2899 4885 3176 4941 operatur;
3209 4869 3484 4938 plenitudo
3510 4879 3699 4922 autem

2113 4967 2266 5034 legis,
2293 4964 2544 5017 charitas.
2577 4963 2746 5018 Nemo
2774 4974 2950 5016 autem
2999 4963 3171 5032 diligit
3215 4963 3512 5031 proximum
3542 5001 3557 5022 ,
3590 4959 3701 5014 nisi

2109 5060 2334 5125 diligens
2365 5056 2556 5119 Deum,
2590 5068 2644 5108 ιιι
2677 5058 2797 5119 hoc,
2826 5067 3079 5122 quantttnt
3112 5061 3303 5121 potest,
3323 5052 3566 5119 proximo
3597 5052 3700 5104 im-

2110 5150 2325 5220 pendat,
2356 5163 2516 5215 quem
2541 5147 2717 5211 άίιίμίι
2755 5156 3005 5216 tanquam
3037 5147 3270 5212 seipsum
3293 5189 3306 5211 ,
3337 5154 3470 5197 utet
3499 5143 3586 5196 ille
3609 5142 3701 5195 di-

2106 5242 2236 5309 ligat
2279 5241 2489 5303 Deum;
2524 5256 2682 5306 quem
2714 5240 2757 5292 si
2808 5239 2921 5306 ipse
2964 5255 3066 5289 non
3100 5237 3309 5305 diligit,
3364 5250 3461 5289 nec
3499 5250 3557 5288 se
3590 5248 3700 5287 nec

2109 5334 2409 5400 proximum
2455 5331 2656 5398 diligit;
2688 5344 2748 5381 ac
2777 5345 2873 5397 per
2897 5329 3026 5392 hoc,
3055 5327 3142 5396 qui
3177 5336 3339 5380 totam
3373 5326 3542 5394 legem
3573 5340 3701 5376 ser-

2108 5424 2343 5484 vaverit,
2377 5424 2421 5477 si
2457 5422 2509 5475 itt
2535 5437 2639 5473 uno
2661 5418 2942 5474 oll‘enderit
2967 5459 2980 5482 ,
3011 5418 3067 5471 iit
3094 5417 3332 5470 omnium
3363 5433 3484 5470 reus
3512 5433 3524 5466 :
3561 5417 3699 5482 quia

2104 5522 2292 5568 contra
2334 5513 2648 5567 charitatem
2680 5510 2840 5576 facit,
2874 5509 3013 5564 ttnde
3041 5521 3148 5562 tota
3178 5510 3256 5562 lex
3303 5509 3530 5578 pendet;
3561 5522 3698 5560 reus

2107 5607 2288 5676 itaque
2335 5605 2395 5658 iit
2438 5603 2697 5671 omnium,
2730 5599 2976 5656 faciendo
3007 5614 3194 5654 contra
3238 5609 3558 5680 praceptnm
3583 5639 3600 5663 .
3632 5599 3698 5656 in

2104 5712 2208 5765 quo
2250 5696 2492 5764 pendent
2521 5695 2723 5748 omnia.
2772 5691 2879 5747 Cur
2917 5708 3048 5762 ergo
3093 5709 3198 5746 non
3240 5685 3488 5770 dicantur
3536 5689 3698 5758 paria

2105 5798 2317 5859 peccata
2341 5789 2362 5842 2
2389 5804 2454 5844 an
2481 5785 2614 5844 forte
2641 5787 2761 5859 quia
2777 5787 2943 5857 nr-gis
2970 5785 3088 5842 [scit
3121 5775 3692 5848 contracharitatcm,
3715 5778 3730 5786 “
