  <div class='ocr_page' id='page_1' title='image "/cluster/home/n/w/nwhite01/storage/ocr_20150623/62/hvd.32044054758693/290.png"; bbox 0 0 3956 6180; ppageno 0'>
   <div class='ocr_carea' id='block_1_1' title="bbox 341 343 444 399">
    <p class='ocr_par' dir='ltr' id='par_1_1' title="bbox 341 343 444 399">
     <span class='ocr_line' id='line_1_1' title="bbox 341 343 444 399; baseline 0.019 -2"><span class='ocrx_word' id='word_1_1' title='bbox 341 343 444 399; x_wconf 73' lang='lat'><strong>563</strong></span> 
     </span>
    </p>
   </div>
   <div class='ocr_carea' id='block_1_2' title="bbox 1657 351 2392 420">
    <p class='ocr_par' dir='ltr' id='par_1_2' title="bbox 1657 351 2392 420">
     <span class='ocr_line' id='line_1_2' title="bbox 1657 351 2392 420; baseline 0.018 -14"><span class='ocrx_word' id='word_1_2' title='bbox 1657 351 2092 415; x_wconf 73' lang='lat' dir='ltr'><strong>TllESAURUS.</strong></span> <span class='ocrx_word' id='word_1_3' title='bbox 2133 358 2288 420; x_wconf 73' lang='lat' dir='ltr'><strong>CAP.</strong></span> <span class='ocrx_word' id='word_1_4' title='bbox 2333 363 2392 419; x_wconf 91' lang='grc'><strong>11.</strong></span> 
     </span>
    </p>
   </div>
   <div class='ocr_carea' id='block_1_3' title="bbox 3500 381 3603 437">
    <p class='ocr_par' dir='ltr' id='par_1_3' title="bbox 3500 381 3603 437">
     <span class='ocr_line' id='line_1_3' title="bbox 3500 381 3603 437; baseline -0.019 -1"><span class='ocrx_word' id='word_1_5' title='bbox 3500 381 3603 437; x_wconf 73' lang='lat'><strong>570</strong></span> 
     </span>
    </p>
   </div>
   <div class='ocr_carea' id='block_1_4' title="bbox 338 455 1912 559">
    <p class='ocr_par' dir='ltr' id='par_1_4' title="bbox 338 455 1912 533">
     <span class='ocr_line' id='line_1_4' title="bbox 338 455 1912 533; baseline 0.007 -25"><span class='ocrx_word' id='word_1_6' title='bbox 338 457 424 523; x_wconf 77' lang='lat' dir='ltr'><strong>qui</strong></span> <span class='ocrx_word' id='word_1_7' title='bbox 453 455 670 525; x_wconf 83' lang='lat' dir='ltr'><strong>gravius</strong></span> <span class='ocrx_word' id='word_1_8' title='bbox 716 465 942 524; x_wconf 86' lang='lat' dir='ltr'><strong>peccat,</strong></span> <span class='ocrx_word' id='word_1_9' title='bbox 986 456 1161 510; x_wconf 87' lang='lat' dir='ltr'><strong>minus</strong></span> <span class='ocrx_word' id='word_1_10' title='bbox 1191 457 1280 526; x_wconf 88' lang='lat' dir='ltr'><strong>qui</strong></span> <span class='ocrx_word' id='word_1_11' title='bbox 1323 459 1490 514; x_wconf 87' lang='lat' dir='ltr'><strong>levius</strong></span> <span class='ocrx_word' id='word_1_12' title='bbox 1525 501 1539 523; x_wconf 89' lang='lat'><strong>,</strong></span> <span class='ocrx_word' id='word_1_13' title='bbox 1580 473 1634 516; x_wconf 91' lang='lat' dir='ltr'><strong>et</strong></span> <span class='ocrx_word' id='word_1_14' title='bbox 1681 463 1780 518; x_wconf 90' lang='lat' dir='ltr'><strong>hoc</strong></span> <span class='ocrx_word' id='word_1_15' title='bbox 1807 466 1912 533; x_wconf 76' lang='lat' dir='ltr'><strong>ipso</strong></span> 
     </span>
    </p>
   </div>
   <div class='ocr_carea' id='block_1_5' title="bbox 2022 455 3604 559">
    <p class='ocr_par' dir='ltr' id='par_1_5' title="bbox 2031 470 3604 559">
     <span class='ocr_line' id='line_1_5' title="bbox 2031 470 3604 559; baseline 0.014 -35"><span class='ocrx_word' id='word_1_16' title='bbox 2031 470 2139 526; x_wconf 79' lang='lat' dir='ltr'><strong>Rex</strong></span> <span class='ocrx_word' id='word_1_17' title='bbox 2185 474 2361 542; x_wconf 88' lang='lat' dir='ltr'><strong>justus</strong></span> <span class='ocrx_word' id='word_1_18' title='bbox 2402 477 2600 532; x_wconf 86' lang='lat' dir='ltr'><strong>sederit</strong></span> <span class='ocrx_word' id='word_1_19' title='bbox 2654 481 2705 534; x_wconf 89' lang='lat' dir='ltr'><strong>iu</strong></span> <span class='ocrx_word' id='word_1_20' title='bbox 2760 484 2984 550; x_wconf 74' lang='lat' dir='ltr'><strong>throno,</strong></span> <span class='ocrx_word' id='word_1_21' title='bbox 3025 487 3142 556; x_wconf 82' lang='lat' dir='ltr'><strong>quis</strong></span> <span class='ocrx_word' id='word_1_22' title='bbox 3185 490 3492 559; x_wconf 87' lang='lat' dir='ltr'><strong>gloriabitur</strong></span> <span class='ocrx_word' id='word_1_23' title='bbox 3517 508 3604 546; x_wconf 81' lang='lat' dir='ltr'><strong>ca-</strong></span> 
     </span>
    </p>
   </div>
   <div class='ocr_carea' id='block_1_6' title="bbox 337 547 1920 625">
    <p class='ocr_par' dir='ltr' id='par_1_6' title="bbox 337 547 1920 625">
     <span class='ocr_line' id='line_1_6' title="bbox 337 547 1920 625; baseline 0.004 -22"><span class='ocrx_word' id='word_1_24' title='bbox 337 549 480 618; x_wconf 87' lang='lat' dir='ltr'><strong>quod</strong></span> <span class='ocrx_word' id='word_1_25' title='bbox 509 548 744 603; x_wconf 85' lang='lat' dir='ltr'><strong>admittit</strong></span> <span class='ocrx_word' id='word_1_26' title='bbox 773 549 828 602; x_wconf 80' lang='lat' dir='ltr'><strong>fit</strong></span> <span class='ocrx_word' id='word_1_27' title='bbox 871 547 1085 615; x_wconf 82' lang='lat' dir='ltr'><strong>quidem</strong></span> <span class='ocrx_word' id='word_1_28' title='bbox 1131 551 1367 604; x_wconf 86' lang='lat' dir='ltr'><strong>omnium</strong></span> <span class='ocrx_word' id='word_1_29' title='bbox 1418 567 1564 616; x_wconf 89' lang='lat' dir='ltr'><strong>reus,</strong></span> <span class='ocrx_word' id='word_1_30' title='bbox 1587 554 1680 607; x_wconf 91' lang='lat' dir='ltr'><strong>sed</strong></span> <span class='ocrx_word' id='word_1_31' title='bbox 1703 556 1920 625; x_wconf 76' lang='lat' dir='ltr'><strong>gravius</strong></span> 
     </span>
    </p>
   </div>
   <div class='ocr_carea' id='block_1_7' title="bbox 336 641 1921 712">
    <p class='ocr_par' dir='ltr' id='par_1_7' title="bbox 336 641 1921 712">
     <span class='ocr_line' id='line_1_7' title="bbox 336 641 1921 712; baseline 0.003 -16"><span class='ocrx_word' id='word_1_32' title='bbox 336 642 693 709; x_wconf 82' lang='lat' dir='ltr'><strong>peccans,vel</strong></span> <span class='ocrx_word' id='word_1_33' title='bbox 722 641 774 693; x_wconf 93' lang='lat' dir='ltr'><strong>iu</strong></span> <span class='ocrx_word' id='word_1_34' title='bbox 805 641 1046 709; x_wconf 86' lang='lat' dir='ltr'><strong>pluribus</strong></span> <span class='ocrx_word' id='word_1_35' title='bbox 1077 655 1324 707; x_wconf 86' lang='lat' dir='ltr'><strong>peccans,</strong></span> <span class='ocrx_word' id='word_1_36' title='bbox 1358 643 1528 712; x_wconf 83' lang='lat' dir='ltr'><strong>magis</strong></span> <span class='ocrx_word' id='word_1_37' title='bbox 1556 659 1710 708; x_wconf 88' lang='lat' dir='ltr'><strong>reus;</strong></span> <span class='ocrx_word' id='word_1_38' title='bbox 1751 647 1921 700; x_wconf 88' lang='lat' dir='ltr'><strong>levius</strong></span> 
     </span>
    </p>
   </div>
   <div class='ocr_carea' id='block_1_8' title="bbox 334 729 1920 798">
    <p class='ocr_par' dir='ltr' id='par_1_8' title="bbox 334 729 1920 798">
     <span class='ocr_line' id='line_1_8' title="bbox 334 729 1920 798; baseline 0.006 -16"><span class='ocrx_word' id='word_1_39' title='bbox 334 743 515 786; x_wconf 78' lang='lat' dir='ltr'><strong>autem</strong></span> <span class='ocrx_word' id='word_1_40' title='bbox 535 733 617 786; x_wconf 88' lang='lat' dir='ltr'><strong>vel</strong></span> <span class='ocrx_word' id='word_1_41' title='bbox 640 733 692 783; x_wconf 90' lang='lat' dir='ltr'><strong>iu</strong></span> <span class='ocrx_word' id='word_1_42' title='bbox 727 729 1067 798; x_wconf 82' lang='lat' dir='ltr'><strong>paucioribus</strong></span> <span class='ocrx_word' id='word_1_43' title='bbox 1108 746 1356 798; x_wconf 82' lang='lat' dir='ltr'><strong>peccans.</strong></span> <span class='ocrx_word' id='word_1_44' title='bbox 1391 734 1566 786; x_wconf 87' lang='lat' dir='ltr'><strong>minus</strong></span> <span class='ocrx_word' id='word_1_45' title='bbox 1584 750 1740 789; x_wconf 84' lang='lat' dir='ltr'><strong>reus:</strong></span> <span class='ocrx_word' id='word_1_46' title='bbox 1771 748 1920 791; x_wconf 88' lang='lat' dir='ltr'><strong>tanto</strong></span> 
     </span>
    </p>
   </div>
   <div class='ocr_carea' id='block_1_9' title="bbox 334 815 1916 896">
    <p class='ocr_par' dir='ltr' id='par_1_9' title="bbox 334 815 1916 896">
     <span class='ocr_line' id='line_1_9' title="bbox 334 815 1916 896; baseline 0.006 -22"><span class='ocrx_word' id='word_1_47' title='bbox 334 819 545 890; x_wconf 79' lang='lat' dir='ltr'><strong>majore</strong></span> <span class='ocrx_word' id='word_1_48' title='bbox 571 822 773 875; x_wconf 89' lang='lat' dir='ltr'><strong>scilicet</strong></span> <span class='ocrx_word' id='word_1_49' title='bbox 807 831 981 884; x_wconf 77' lang='lat' dir='ltr'><strong>reatu,</strong></span> <span class='ocrx_word' id='word_1_50' title='bbox 1007 833 1203 888; x_wconf 87' lang='lat' dir='ltr'><strong>quanto</strong></span> <span class='ocrx_word' id='word_1_51' title='bbox 1224 824 1454 889; x_wconf 77' lang='lat' dir='ltr'><strong>amplius</strong></span> <span class='ocrx_word' id='word_1_52' title='bbox 1485 840 1499 888; x_wconf 88' lang='lat'><strong>;</strong></span> <span class='ocrx_word' id='word_1_53' title='bbox 1526 836 1674 881; x_wconf 88' lang='lat' dir='ltr'><strong>tanto</strong></span> <span class='ocrx_word' id='word_1_54' title='bbox 1687 815 1916 896; x_wconf 83' lang='lat' dir='ltr'><strong>minore,</strong></span> 
     </span>
    </p>
   </div>
   <div class='ocr_carea' id='block_1_10' title="bbox 331 915 1918 980">
    <p class='ocr_par' dir='ltr' id='par_1_10' title="bbox 331 915 1918 980">
     <span class='ocr_line' id='line_1_10' title="bbox 331 915 1918 980; baseline 0.005 -16"><span class='ocrx_word' id='word_1_55' title='bbox 331 922 534 980; x_wconf 89' lang='lat' dir='ltr'><strong>quanto</strong></span> <span class='ocrx_word' id='word_1_56' title='bbox 547 915 723 965; x_wconf 91' lang='lat' dir='ltr'><strong>minus</strong></span> <span class='ocrx_word' id='word_1_57' title='bbox 745 915 1049 979; x_wconf 88' lang='lat' dir='ltr'><strong>peccaverit</strong></span> <span class='ocrx_word' id='word_1_58' title='bbox 1072 931 1086 964; x_wconf 86' lang='lat'><strong>:</strong></span> <span class='ocrx_word' id='word_1_59' title='bbox 1118 922 1293 968; x_wconf 91' lang='lat' dir='ltr'><strong>tamen</strong></span> <span class='ocrx_word' id='word_1_60' title='bbox 1317 915 1524 969; x_wconf 89' lang='lat' dir='ltr'><strong>etiamsi</strong></span> <span class='ocrx_word' id='word_1_61' title='bbox 1546 917 1596 969; x_wconf 91' lang='lat' dir='ltr'><strong>in</strong></span> <span class='ocrx_word' id='word_1_62' title='bbox 1623 933 1728 970; x_wconf 90' lang='lat' dir='ltr'><strong>uno</strong></span> <span class='ocrx_word' id='word_1_63' title='bbox 1752 919 1918 972; x_wconf 85' lang='lat' dir='ltr'><strong>oll&#39;en-</strong></span> 
     </span>
    </p>
   </div>
   <div class='ocr_carea' id='block_1_11' title="bbox 331 1002 1917 1075">
    <p class='ocr_par' dir='ltr' id='par_1_11' title="bbox 331 1002 1917 1075">
     <span class='ocr_line' id='line_1_11' title="bbox 331 1002 1917 1075; baseline 0.004 -19"><span class='ocrx_word' id='word_1_64' title='bbox 331 1004 496 1068; x_wconf 86' lang='lat' dir='ltr'><strong>derit,</strong></span> <span class='ocrx_word' id='word_1_65' title='bbox 531 1017 657 1058; x_wconf 85' lang='lat' dir='ltr'><strong>reus</strong></span> <span class='ocrx_word' id='word_1_66' title='bbox 680 1002 919 1056; x_wconf 87' lang='lat' dir='ltr'><strong>omnium</strong></span> <span class='ocrx_word' id='word_1_67' title='bbox 939 1013 1042 1067; x_wconf 88' lang='lat' dir='ltr'><strong>est,</strong></span> <span class='ocrx_word' id='word_1_68' title='bbox 1067 1003 1188 1069; x_wconf 82' lang='lat' dir='ltr'><strong>quia</strong></span> <span class='ocrx_word' id='word_1_69' title='bbox 1217 1014 1403 1057; x_wconf 86' lang='lat' dir='ltr'><strong>contra</strong></span> <span class='ocrx_word' id='word_1_70' title='bbox 1426 1020 1543 1059; x_wconf 86' lang='lat' dir='ltr'><strong>eam</strong></span> <span class='ocrx_word' id='word_1_71' title='bbox 1574 1006 1698 1060; x_wconf 90' lang='lat' dir='ltr'><strong>facit</strong></span> <span class='ocrx_word' id='word_1_72' title='bbox 1725 1009 1777 1060; x_wconf 92' lang='lat' dir='ltr'><strong>iu</strong></span> <span class='ocrx_word' id='word_1_73' title='bbox 1815 1023 1917 1075; x_wconf 85' lang='lat' dir='ltr'><strong>qua</strong></span> 
     </span>
    </p>
   </div>
   <div class='ocr_carea' id='block_1_12' title="bbox 331 1099 1921 1169">
    <p class='ocr_par' dir='ltr' id='par_1_12' title="bbox 331 1099 1921 1169">
     <span class='ocr_line' id='line_1_12' title="bbox 331 1099 1921 1169; baseline 0.002 -16"><span class='ocrx_word' id='word_1_74' title='bbox 331 1099 788 1169; x_wconf 84' lang='lat' dir='ltr'><strong>pendentomuia?</strong></span> <span class='ocrx_word' id='word_1_75' title='bbox 803 1102 930 1165; x_wconf 64' lang='lat' dir='ltr'><strong>Quae</strong></span> <span class='ocrx_word' id='word_1_76' title='bbox 946 1099 990 1151; x_wconf 92' lang='lat' dir='ltr'><strong>si</strong></span> <span class='ocrx_word' id='word_1_77' title='bbox 1008 1113 1131 1152; x_wconf 84' lang='lat' dir='ltr'><strong>vera</strong></span> <span class='ocrx_word' id='word_1_78' title='bbox 1148 1110 1360 1162; x_wconf 86' lang='lat' dir='ltr'><strong>sunt,eo</strong></span> <span class='ocrx_word' id='word_1_79' title='bbox 1374 1101 1531 1153; x_wconf 92' lang='lat' dir='ltr'><strong>modo</strong></span> <span class='ocrx_word' id='word_1_80' title='bbox 1543 1113 1597 1155; x_wconf 89' lang='lat' dir='ltr'><strong>et</strong></span> <span class='ocrx_word' id='word_1_81' title='bbox 1615 1103 1740 1155; x_wconf 91' lang='lat' dir='ltr'><strong>illud</strong></span> <span class='ocrx_word' id='word_1_82' title='bbox 1753 1103 1921 1156; x_wconf 80' lang='lat' dir='ltr'><strong>absol—</strong></span> 
     </span>
    </p>
   </div>
   <div class='ocr_carea' id='block_1_13' title="bbox 331 1193 1917 1264">
    <p class='ocr_par' dir='ltr' id='par_1_13' title="bbox 331 1193 1917 1264">
     <span class='ocr_line' id='line_1_13' title="bbox 331 1193 1917 1264; baseline 0.003 -17"><span class='ocrx_word' id='word_1_83' title='bbox 331 1195 501 1258; x_wconf 85' lang='lat' dir='ltr'><strong>vitur,</strong></span> <span class='ocrx_word' id='word_1_84' title='bbox 518 1195 660 1264; x_wconf 88' lang='lat' dir='ltr'><strong>quod</strong></span> <span class='ocrx_word' id='word_1_85' title='bbox 676 1195 747 1247; x_wconf 89' lang='lat' dir='ltr'><strong>ait</strong></span> <span class='ocrx_word' id='word_1_86' title='bbox 764 1193 923 1246; x_wconf 91' lang='lat' dir='ltr'><strong>homo</strong></span> <span class='ocrx_word' id='word_1_87' title='bbox 935 1195 1097 1246; x_wconf 82' lang='lat' dir='ltr'><strong>etiam</strong></span> <span class='ocrx_word' id='word_1_88' title='bbox 1117 1193 1420 1261; x_wconf 68' lang='lat' dir='ltr'><strong>apo-tolicze</strong></span> <span class='ocrx_word' id='word_1_89' title='bbox 1432 1195 1616 1262; x_wconf 74' lang='lat' dir='ltr'><strong>gratia:</strong></span> <span class='ocrx_word' id='word_1_90' title='bbox 1638 1195 1720 1248; x_wconf 90' lang='lat' dir='ltr'><strong>:ln</strong></span> <span class='ocrx_word' id='word_1_91' title='bbox 1740 1198 1917 1251; x_wconf 88' lang='lat' dir='ltr'><strong>multis</strong></span> 
     </span>
    </p>
   </div>
   <div class='ocr_carea' id='block_1_14' title="bbox 332 1283 1916 1353">
    <p class='ocr_par' dir='ltr' id='par_1_14' title="bbox 332 1283 1916 1353">
     <span class='ocr_line' id='line_1_14' title="bbox 332 1283 1916 1353; baseline 0.001 -14"><span class='ocrx_word' id='word_1_92' title='bbox 332 1287 661 1342; x_wconf 81' lang='lat' dir='ltr'><strong>oli’endimtts</strong></span> <span class='ocrx_word' id='word_1_93' title='bbox 678 1301 886 1340; x_wconf 77' lang='lat' dir='ltr'><strong>omnes.</strong></span> <span class='ocrx_word' id='word_1_94' title='bbox 908 1283 1107 1339; x_wconf 81' lang='lat' dir='ltr'><strong>Omnes</strong></span> <span class='ocrx_word' id='word_1_95' title='bbox 1133 1286 1274 1339; x_wconf 91' lang='lat' dir='ltr'><strong>enim</strong></span> <span class='ocrx_word' id='word_1_96' title='bbox 1307 1285 1753 1353; x_wconf 81' lang='lat' dir='ltr'><strong>olfendimus,sed</strong></span> <span class='ocrx_word' id='word_1_97' title='bbox 1781 1289 1916 1341; x_wconf 89' lang='lat' dir='ltr'><strong>alius</strong></span> 
     </span>
    </p>
   </div>
   <div class='ocr_carea' id='block_1_15' title="bbox 332 1379 1916 1448">
    <p class='ocr_par' dir='ltr' id='par_1_15' title="bbox 332 1379 1916 1448">
     <span class='ocr_line' id='line_1_15' title="bbox 332 1379 1916 1448; baseline 0.001 -16"><span class='ocrx_word' id='word_1_98' title='bbox 332 1381 572 1448; x_wconf 80' lang='lat' dir='ltr'><strong>gravius.</strong></span> <span class='ocrx_word' id='word_1_99' title='bbox 605 1380 742 1432; x_wconf 86' lang='lat' dir='ltr'><strong>alius</strong></span> <span class='ocrx_word' id='word_1_100' title='bbox 769 1379 958 1440; x_wconf 86' lang='lat' dir='ltr'><strong>levius,</strong></span> <span class='ocrx_word' id='word_1_101' title='bbox 988 1387 1188 1446; x_wconf 85' lang='lat' dir='ltr'><strong>quanto</strong></span> <span class='ocrx_word' id='word_1_102' title='bbox 1211 1379 1434 1445; x_wconf 83' lang='lat' dir='ltr'><strong>quisque</strong></span> <span class='ocrx_word' id='word_1_103' title='bbox 1464 1380 1631 1445; x_wconf 76' lang='lat' dir='ltr'><strong>magis</strong></span> <span class='ocrx_word' id='word_1_104' title='bbox 1674 1382 1916 1434; x_wconf 62' lang='lat' dir='ltr'><strong>minusve</strong></span> 
     </span>
    </p>
   </div>
   <div class='ocr_carea' id='block_1_16' title="bbox 333 1471 1914 1539">
    <p class='ocr_par' dir='ltr' id='par_1_16' title="bbox 333 1471 1914 1539">
     <span class='ocr_line' id='line_1_16' title="bbox 333 1471 1914 1539; baseline -0.001 -16"><span class='ocrx_word' id='word_1_105' title='bbox 333 1473 686 1539; x_wconf 80' lang='lat' dir='ltr'><strong>peccaverit,</strong></span> <span class='ocrx_word' id='word_1_106' title='bbox 740 1479 887 1523; x_wconf 84' lang='lat' dir='ltr'><strong>tanto</strong></span> <span class='ocrx_word' id='word_1_107' title='bbox 921 1473 970 1522; x_wconf 86' lang='lat' dir='ltr'><strong>in</strong></span> <span class='ocrx_word' id='word_1_108' title='bbox 1014 1479 1232 1536; x_wconf 86' lang='lat' dir='ltr'><strong>peccato</strong></span> <span class='ocrx_word' id='word_1_109' title='bbox 1281 1471 1668 1523; x_wconf 61' lang='lat' dir='ltr'><strong>comminando</strong></span> <span class='ocrx_word' id='word_1_110' title='bbox 1721 1473 1914 1538; x_wconf 84' lang='lat' dir='ltr'><strong>major,</strong></span> 
     </span>
    </p>
   </div>
   <div class='ocr_carea' id='block_1_17' title="bbox 330 1557 1912 1636">
    <p class='ocr_par' dir='ltr' id='par_1_17' title="bbox 330 1557 1912 1636">
     <span class='ocr_line' id='line_1_17' title="bbox 330 1557 1912 1636; baseline 0.001 -25"><span class='ocrx_word' id='word_1_111' title='bbox 330 1569 531 1628; x_wconf 82' lang='lat' dir='ltr'><strong>quanto</strong></span> <span class='ocrx_word' id='word_1_112' title='bbox 561 1561 613 1612; x_wconf 84' lang='lat' dir='ltr'><strong>in</strong></span> <span class='ocrx_word' id='word_1_113' title='bbox 651 1557 920 1627; x_wconf 86' lang='lat' dir='ltr'><strong>diligendo</strong></span> <span class='ocrx_word' id='word_1_114' title='bbox 951 1559 1057 1636; x_wconf 76' lang='lat' dir='ltr'><strong>Deo</strong></span> <span class='ocrx_word' id='word_1_115' title='bbox 1083 1569 1135 1610; x_wconf 89' lang='lat' dir='ltr'><strong>et</strong></span> <span class='ocrx_word' id='word_1_116' title='bbox 1164 1559 1416 1628; x_wconf 80' lang='lat' dir='ltr'><strong>proximo</strong></span> <span class='ocrx_word' id='word_1_117' title='bbox 1459 1560 1634 1613; x_wconf 89' lang='lat' dir='ltr'><strong>minor</strong></span> <span class='ocrx_word' id='word_1_118' title='bbox 1669 1577 1680 1612; x_wconf 92' lang='lat'><strong>:</strong></span> <span class='ocrx_word' id='word_1_119' title='bbox 1714 1568 1769 1613; x_wconf 89' lang='lat' dir='ltr'><strong>et</strong></span> <span class='ocrx_word' id='word_1_120' title='bbox 1803 1577 1912 1612; x_wconf 85' lang='lat' dir='ltr'><strong>rur-</strong></span> 
     </span>
    </p>
   </div>
   <div class='ocr_carea' id='block_1_18' title="bbox 334 1647 1917 1720">
    <p class='ocr_par' dir='ltr' id='par_1_18' title="bbox 334 1647 1917 1720">
     <span class='ocr_line' id='line_1_18' title="bbox 334 1647 1917 1720; baseline -0.001 -16"><span class='ocrx_word' id='word_1_121' title='bbox 334 1664 429 1704; x_wconf 78' lang='lat' dir='ltr'><strong>sus</strong></span> <span class='ocrx_word' id='word_1_122' title='bbox 460 1657 610 1702; x_wconf 90' lang='lat' dir='ltr'><strong>tanto</strong></span> <span class='ocrx_word' id='word_1_123' title='bbox 633 1647 686 1717; x_wconf 63' lang='grc' dir='ltr'><em>ἀ,</em></span> <span class='ocrx_word' id='word_1_124' title='bbox 715 1649 890 1700; x_wconf 87' lang='lat' dir='ltr'><strong>minor</strong></span> <span class='ocrx_word' id='word_1_125' title='bbox 937 1649 988 1704; x_wconf 90' lang='lat' dir='ltr'><strong>in</strong></span> <span class='ocrx_word' id='word_1_126' title='bbox 1018 1650 1224 1714; x_wconf 83' lang='lat' dir='ltr'><strong>peccati</strong></span> <span class='ocrx_word' id='word_1_127' title='bbox 1271 1653 1686 1718; x_wconf 80' lang='lat' dir='ltr'><strong>rerpetratione,</strong></span> <span class='ocrx_word' id='word_1_128' title='bbox 1717 1662 1917 1720; x_wconf 90' lang='lat' dir='ltr'><strong>quanto</strong></span> 
     </span>
    </p>
   </div>
   <div class='ocr_carea' id='block_1_19' title="bbox 332 1737 1914 1810">
    <p class='ocr_par' dir='ltr' id='par_1_19' title="bbox 332 1737 1914 1810">
     <span class='ocr_line' id='line_1_19' title="bbox 332 1737 1914 1810; baseline 0.003 -19"><span class='ocrx_word' id='word_1_129' title='bbox 332 1737 506 1806; x_wconf 82' lang='lat' dir='ltr'><strong>major</strong></span> <span class='ocrx_word' id='word_1_130' title='bbox 538 1739 592 1790; x_wconf 88' lang='lat' dir='ltr'><strong>in</strong></span> <span class='ocrx_word' id='word_1_131' title='bbox 627 1738 717 1790; x_wconf 94' lang='lat' dir='ltr'><strong>Dei</strong></span> <span class='ocrx_word' id='word_1_132' title='bbox 767 1749 821 1790; x_wconf 80' lang='lat' dir='ltr'><strong>et</strong></span> <span class='ocrx_word' id='word_1_133' title='bbox 872 1739 1104 1805; x_wconf 81' lang='lat' dir='ltr'><strong>proximi</strong></span> <span class='ocrx_word' id='word_1_134' title='bbox 1158 1739 1464 1793; x_wconf 76' lang='lat' dir='ltr'><strong>dilectione.</strong></span> <span class='ocrx_word' id='word_1_135' title='bbox 1517 1741 1689 1792; x_wconf 88' lang='lat' dir='ltr'><strong>&#39;l‘anto</strong></span> <span class='ocrx_word' id='word_1_136' title='bbox 1735 1743 1914 1810; x_wconf 85' lang='lat' dir='ltr'><strong>itaque</strong></span> 
     </span>
    </p>
   </div>
   <div class='ocr_carea' id='block_1_20' title="bbox 2025 567 3606 645">
    <p class='ocr_par' dir='ltr' id='par_1_20' title="bbox 2025 567 3606 645">
     <span class='ocr_line' id='line_1_20' title="bbox 2025 567 3606 645; baseline 0.012 -30"><span class='ocrx_word' id='word_1_137' title='bbox 2025 569 2166 616; x_wconf 79' lang='lat' dir='ltr'><strong>stum</strong></span> <span class='ocrx_word' id='word_1_138' title='bbox 2196 581 2254 620; x_wconf 88' lang='lat' dir='ltr'><strong>se</strong></span> <span class='ocrx_word' id='word_1_139' title='bbox 2277 567 2476 624; x_wconf 83' lang='lat' dir='ltr'><strong>habere</strong></span> <span class='ocrx_word' id='word_1_140' title='bbox 2500 573 2628 625; x_wconf 76' lang='lat' dir='ltr'><strong>cor?</strong></span> <span class='ocrx_word' id='word_1_141' title='bbox 2657 583 2746 627; x_wconf 90' lang='lat' dir='ltr'><strong>aut</strong></span> <span class='ocrx_word' id='word_1_142' title='bbox 2777 575 2896 642; x_wconf 86' lang='lat' dir='ltr'><strong>quis</strong></span> <span class='ocrx_word' id='word_1_143' title='bbox 2922 578 3237 645; x_wconf 88' lang='lat' dir='ltr'><strong>gloriabitur</strong></span> <span class='ocrx_word' id='word_1_144' title='bbox 3264 583 3517 633; x_wconf 85' lang='lat' dir='ltr'><strong>tumulum</strong></span> <span class='ocrx_word' id='word_1_145' title='bbox 3547 599 3606 635; x_wconf 78' lang='lat' dir='ltr'><strong>se</strong></span> 
     </span>
    </p>
   </div>
   <div class='ocr_carea' id='block_1_21' title="bbox 2023 661 3605 739">
    <p class='ocr_par' dir='ltr' id='par_1_21' title="bbox 2023 661 3605 739">
     <span class='ocr_line' id='line_1_21' title="bbox 2023 661 3605 739; baseline 0.013 -33"><span class='ocrx_word' id='word_1_146' title='bbox 2023 667 2145 708; x_wconf 88' lang='lat' dir='ltr'><strong>esse</strong></span> <span class='ocrx_word' id='word_1_147' title='bbox 2171 671 2197 707; x_wconf 92' lang='lat' dir='ltr'><strong>a</strong></span> <span class='ocrx_word' id='word_1_148' title='bbox 2228 661 2628 727; x_wconf 66' lang='lat' dir='ltr'><strong>peccatolQuat</strong></span> <span class='ocrx_word' id='word_1_149' title='bbox 2657 665 2815 733; x_wconf 82' lang='lat' dir='ltr'><strong>igitur</strong></span> <span class='ocrx_word' id='word_1_150' title='bbox 2836 682 2959 735; x_wconf 86' lang='lat' dir='ltr'><strong>spes</strong></span> <span class='ocrx_word' id='word_1_151' title='bbox 2973 678 3058 723; x_wconf 90' lang='lat' dir='ltr'><strong>est</strong></span> <span class='ocrx_word' id='word_1_152' title='bbox 3076 711 3092 737; x_wconf 89' lang='lat'><strong>,</strong></span> <span class='ocrx_word' id='word_1_153' title='bbox 3123 671 3217 722; x_wconf 89' lang='lat' dir='ltr'><strong>nisi</strong></span> <span class='ocrx_word' id='word_1_154' title='bbox 3243 673 3605 739; x_wconf 83' lang='lat' dir='ltr'><strong>superexaltet</strong></span> 
     </span>
    </p>
   </div>
   <div class='ocr_carea' id='block_1_22' title="bbox 2027 743 3604 830">
    <p class='ocr_par' dir='ltr' id='par_1_22' title="bbox 2027 743 3604 830">
     <span class='ocr_line' id='line_1_22' title="bbox 2027 743 3604 830; baseline 0.015 -35"><span class='ocrx_word' id='word_1_155' title='bbox 2027 743 2455 803; x_wconf 85' lang='lat' dir='ltr'><strong>misericordiam</strong></span> <span class='ocrx_word' id='word_1_156' title='bbox 2485 751 2724 819; x_wconf 85' lang='lat' dir='ltr'><strong>judicio?</strong></span> <span class='ocrx_word' id='word_1_157' title='bbox 2745 759 2836 810; x_wconf 81' lang='lat' dir='ltr'><strong>sed</strong></span> <span class='ocrx_word' id='word_1_158' title='bbox 2867 773 2987 828; x_wconf 89' lang='lat' dir='ltr'><strong>erga</strong></span> <span class='ocrx_word' id='word_1_159' title='bbox 3019 761 3135 814; x_wconf 90' lang='lat' dir='ltr'><strong>illos</strong></span> <span class='ocrx_word' id='word_1_160' title='bbox 3162 764 3248 830; x_wconf 84' lang='lat' dir='ltr'><strong>qui</strong></span> <span class='ocrx_word' id='word_1_161' title='bbox 3299 766 3604 818; x_wconf 68' lang='grc' dir='ltr'><strong>ηιὶκετὶοιτ-</strong></span> 
     </span>
    </p>
   </div>
   <div class='ocr_carea' id='block_1_23' title="bbox 2022 835 3602 910">
    <p class='ocr_par' dir='ltr' id='par_1_23' title="bbox 2022 835 3602 910">
     <span class='ocr_line' id='line_1_23' title="bbox 2022 835 3602 910; baseline 0.013 -23"><span class='ocrx_word' id='word_1_162' title='bbox 2022 835 2164 889; x_wconf 84' lang='lat' dir='ltr'><strong>diam</strong></span> <span class='ocrx_word' id='word_1_163' title='bbox 2189 840 2426 894; x_wconf 89' lang='lat' dir='ltr'><strong>fecerunt</strong></span> <span class='ocrx_word' id='word_1_164' title='bbox 2458 847 2720 900; x_wconf 78' lang='lat' dir='ltr'><strong>veraciter</strong></span> <span class='ocrx_word' id='word_1_165' title='bbox 2750 849 3007 903; x_wconf 87' lang='lat' dir='ltr'><strong>dicendo:</strong></span> <span class='ocrx_word' id='word_1_166' title='bbox 3041 853 3250 906; x_wconf 85' lang='lat' dir='ltr'><strong>Dimitte</strong></span> <span class='ocrx_word' id='word_1_167' title='bbox 3275 856 3428 907; x_wconf 87' lang='lat' dir='ltr'><strong>nobis</strong></span> <span class='ocrx_word' id='word_1_168' title='bbox 3451 857 3602 910; x_wconf 68' lang='lat' dir='ltr'><strong>dehi-</strong></span> 
     </span>
    </p>
   </div>
   <div class='ocr_carea' id='block_1_24' title="bbox 2026 931 3599 1006">
    <p class='ocr_par' dir='ltr' id='par_1_24' title="bbox 2026 931 3599 1006">
     <span class='ocr_line' id='line_1_24' title="bbox 2026 931 3599 1006; baseline 0.015 -29"><span class='ocrx_word' id='word_1_169' title='bbox 2026 931 2072 977; x_wconf 84' lang='lat' dir='ltr'><strong>ta</strong></span> <span class='ocrx_word' id='word_1_170' title='bbox 2099 938 2301 992; x_wconf 85' lang='lat' dir='ltr'><strong>nostra,</strong></span> <span class='ocrx_word' id='word_1_171' title='bbox 2329 932 2466 984; x_wconf 84' lang='lat' dir='ltr'><strong>sicut</strong></span> <span class='ocrx_word' id='word_1_172' title='bbox 2493 943 2544 985; x_wconf 90' lang='lat' dir='ltr'><strong>et</strong></span> <span class='ocrx_word' id='word_1_173' title='bbox 2578 950 2676 989; x_wconf 91' lang='lat' dir='ltr'><strong>nos</strong></span> <span class='ocrx_word' id='word_1_174' title='bbox 2705 939 3042 1006; x_wconf 84' lang='lat' dir='ltr'><strong>dimittimus,</strong></span> <span class='ocrx_word' id='word_1_175' title='bbox 3069 953 3122 995; x_wconf 89' lang='lat' dir='ltr'><strong>et</strong></span> <span class='ocrx_word' id='word_1_176' title='bbox 3154 947 3269 997; x_wconf 87' lang='lat' dir='ltr'><strong>sine</strong></span> <span class='ocrx_word' id='word_1_177' title='bbox 3297 961 3599 999; x_wconf 87' lang='lat' dir='ltr'><strong>murmura-</strong></span> 
     </span>
    </p>
   </div>
   <div class='ocr_carea' id='block_1_25' title="bbox 2023 1019 3600 1105">
    <p class='ocr_par' dir='ltr' id='par_1_25' title="bbox 2023 1019 3600 1105">
     <span class='ocr_line' id='line_1_25' title="bbox 2023 1019 3600 1105; baseline 0.016 -35"><span class='ocrx_word' id='word_1_178' title='bbox 2023 1019 2169 1073; x_wconf 90' lang='lat' dir='ltr'><strong>tione</strong></span> <span class='ocrx_word' id='word_1_179' title='bbox 2193 1023 2393 1077; x_wconf 88' lang='lat' dir='ltr'><strong>dando.</strong></span> <span class='ocrx_word' id='word_1_180' title='bbox 2421 1026 2648 1081; x_wconf 82' lang='lat' dir='ltr'><strong>Hilarem</strong></span> <span class='ocrx_word' id='word_1_181' title='bbox 2681 1034 2821 1087; x_wconf 88' lang='lat' dir='ltr'><strong>euint</strong></span> <span class='ocrx_word' id='word_1_182' title='bbox 2853 1036 3088 1089; x_wconf 83' lang='lat' dir='ltr'><strong>datorem</strong></span> <span class='ocrx_word' id='word_1_183' title='bbox 3117 1039 3285 1105; x_wconf 77' lang='lat' dir='ltr'><strong>diligit</strong></span> <span class='ocrx_word' id='word_1_184' title='bbox 3317 1041 3472 1093; x_wconf 85' lang='lat' dir='ltr'><strong>Deus.</strong></span> <span class='ocrx_word' id='word_1_185' title='bbox 3497 1041 3600 1096; x_wconf 87' lang='lat' dir='ltr'><strong>De-</strong></span> 
     </span>
    </p>
   </div>
   <div class='ocr_carea' id='block_1_26' title="bbox 2022 1111 3599 1189">
    <p class='ocr_par' dir='ltr' id='par_1_26' title="bbox 2022 1111 3599 1189">
     <span class='ocr_line' id='line_1_26' title="bbox 2022 1111 3599 1189; baseline 0.015 -28"><span class='ocrx_word' id='word_1_186' title='bbox 2022 1111 2183 1178; x_wconf 82' lang='lat' dir='ltr'><strong>nique</strong></span> <span class='ocrx_word' id='word_1_187' title='bbox 2213 1125 2429 1168; x_wconf 76' lang='lat' dir='ltr'><strong>Sanctus</strong></span> <span class='ocrx_word' id='word_1_188' title='bbox 2451 1117 2679 1173; x_wconf 81' lang='lat' dir='ltr'><strong>Jacobus</strong></span> <span class='ocrx_word' id='word_1_189' title='bbox 2699 1120 2811 1189; x_wconf 88' lang='lat' dir='ltr'><strong>jam</strong></span> <span class='ocrx_word' id='word_1_190' title='bbox 2837 1140 2902 1177; x_wconf 88' lang='lat' dir='ltr'><strong>ex</strong></span> <span class='ocrx_word' id='word_1_191' title='bbox 2934 1126 3036 1179; x_wconf 84' lang='lat' dir='ltr'><strong>isto</strong></span> <span class='ocrx_word' id='word_1_192' title='bbox 3062 1130 3178 1181; x_wconf 90' lang='lat' dir='ltr'><strong>loco</strong></span> <span class='ocrx_word' id='word_1_193' title='bbox 3201 1129 3266 1182; x_wconf 92' lang='lat' dir='ltr'><strong>de</strong></span> <span class='ocrx_word' id='word_1_194' title='bbox 3297 1132 3599 1184; x_wconf 83' lang='lat' dir='ltr'><strong>misericor-</strong></span> 
     </span>
    </p>
   </div>
   <div class='ocr_carea' id='block_1_27' title="bbox 2020 1200 3599 1282">
    <p class='ocr_par' dir='ltr' id='par_1_27' title="bbox 2020 1200 3599 1282">
     <span class='ocr_line' id='line_1_27' title="bbox 2020 1200 3599 1282; baseline 0.013 -30"><span class='ocrx_word' id='word_1_195' title='bbox 2020 1200 2123 1254; x_wconf 68' lang='lat' dir='ltr'><strong>dia:</strong></span> <span class='ocrx_word' id='word_1_196' title='bbox 2153 1206 2406 1270; x_wconf 85' lang='lat' dir='ltr'><strong>operibus</strong></span> <span class='ocrx_word' id='word_1_197' title='bbox 2436 1209 2698 1276; x_wconf 89' lang='lat' dir='ltr'><strong>loquitur,</strong></span> <span class='ocrx_word' id='word_1_198' title='bbox 2745 1223 2798 1265; x_wconf 93' lang='lat' dir='ltr'><strong>ut</strong></span> <span class='ocrx_word' id='word_1_199' title='bbox 2823 1229 2959 1282; x_wconf 87' lang='lat' dir='ltr'><strong>quos</strong></span> <span class='ocrx_word' id='word_1_200' title='bbox 2988 1217 3335 1272; x_wconf 85' lang='lat' dir='ltr'><strong>vehementer</strong></span> <span class='ocrx_word' id='word_1_201' title='bbox 3359 1221 3443 1272; x_wconf 81' lang='lat' dir='ltr'><strong>illa</strong></span> <span class='ocrx_word' id='word_1_202' title='bbox 3475 1233 3599 1272; x_wconf 90' lang='lat' dir='ltr'><strong>sen-</strong></span> 
     </span>
    </p>
   </div>
   <div class='ocr_carea' id='block_1_28' title="bbox 2022 1295 3600 1380">
    <p class='ocr_par' dir='ltr' id='par_1_28' title="bbox 2022 1295 3600 1380">
     <span class='ocr_line' id='line_1_28' title="bbox 2022 1295 3600 1380; baseline 0.013 -37"><span class='ocrx_word' id='word_1_203' title='bbox 2022 1295 2187 1346; x_wconf 88' lang='lat' dir='ltr'><strong>tentia</strong></span> <span class='ocrx_word' id='word_1_204' title='bbox 2238 1305 2500 1353; x_wconf 88' lang='lat' dir='ltr'><strong>terruerat</strong></span> <span class='ocrx_word' id='word_1_205' title='bbox 2545 1304 2890 1372; x_wconf 79' lang='lat' dir='ltr'><strong>consoletur;</strong></span> <span class='ocrx_word' id='word_1_206' title='bbox 2949 1322 3068 1362; x_wconf 90' lang='lat' dir='ltr'><strong>cum</strong></span> <span class='ocrx_word' id='word_1_207' title='bbox 3146 1310 3397 1364; x_wconf 83' lang='lat' dir='ltr'><strong>admonet</strong></span> <span class='ocrx_word' id='word_1_208' title='bbox 3471 1329 3600 1380; x_wconf 77' lang='lat' dir='ltr'><strong>quo~</strong></span> 
     </span>
    </p>
   </div>
   <div class='ocr_carea' id='block_1_29' title="bbox 2019 1386 3600 1470">
    <p class='ocr_par' dir='ltr' id='par_1_29' title="bbox 2019 1386 3600 1470">
     <span class='ocr_line' id='line_1_29' title="bbox 2019 1386 3600 1470; baseline 0.014 -36"><span class='ocrx_word' id='word_1_209' title='bbox 2019 1386 2179 1437; x_wconf 68' lang='lat' dir='ltr'><strong>modo</strong></span> <span class='ocrx_word' id='word_1_210' title='bbox 2208 1388 2366 1440; x_wconf 84' lang='lat' dir='ltr'><strong>etiam</strong></span> <span class='ocrx_word' id='word_1_211' title='bbox 2412 1402 2623 1457; x_wconf 58' lang='lat' dir='ltr'><strong>peccata</strong></span> <span class='ocrx_word' id='word_1_212' title='bbox 2655 1396 2981 1462; x_wconf 76' lang='lat' dir='ltr'><strong>quotidiana,</strong></span> <span class='ocrx_word' id='word_1_213' title='bbox 3015 1401 3129 1453; x_wconf 87' lang='lat' dir='ltr'><strong>sine</strong></span> <span class='ocrx_word' id='word_1_214' title='bbox 3154 1403 3346 1470; x_wconf 85' lang='lat' dir='ltr'><strong>quibus</strong></span> <span class='ocrx_word' id='word_1_215' title='bbox 3378 1419 3480 1455; x_wconf 87' lang='lat' dir='ltr'><strong>non</strong></span> <span class='ocrx_word' id='word_1_216' title='bbox 3516 1403 3600 1456; x_wconf 88' lang='lat' dir='ltr'><strong>hic</strong></span> 
     </span>
    </p>
   </div>
   <div class='ocr_carea' id='block_1_30' title="bbox 2021 1475 3591 1558">
    <p class='ocr_par' dir='ltr' id='par_1_30' title="bbox 2021 1475 3591 1558">
     <span class='ocr_line' id='line_1_30' title="bbox 2021 1475 3591 1558; baseline 0.015 -34"><span class='ocrx_word' id='word_1_217' title='bbox 2021 1475 2252 1538; x_wconf 77' lang='lat' dir='ltr'><strong>vivitur,</strong></span> <span class='ocrx_word' id='word_1_218' title='bbox 2299 1481 2620 1545; x_wconf 80' lang='lat' dir='ltr'><strong>quotidiauis</strong></span> <span class='ocrx_word' id='word_1_219' title='bbox 2669 1489 2918 1541; x_wconf 76' lang='lat' dir='ltr'><strong>remediis</strong></span> <span class='ocrx_word' id='word_1_220' title='bbox 2949 1492 3251 1558; x_wconf 80' lang='lat' dir='ltr'><strong>expientur,</strong></span> <span class='ocrx_word' id='word_1_221' title='bbox 3303 1508 3368 1546; x_wconf 90' lang='lat' dir='ltr'><strong>ne</strong></span> <span class='ocrx_word' id='word_1_222' title='bbox 3413 1494 3591 1555; x_wconf 79' lang='lat' dir='ltr'><strong>homo,</strong></span> 
     </span>
    </p>
   </div>
   <div class='ocr_carea' id='block_1_31' title="bbox 2017 1565 3596 1645">
    <p class='ocr_par' dir='ltr' id='par_1_31' title="bbox 2017 1565 3596 1645">
     <span class='ocr_line' id='line_1_31' title="bbox 2017 1565 3596 1645; baseline 0.016 -33"><span class='ocrx_word' id='word_1_223' title='bbox 2017 1565 2105 1626; x_wconf 88' lang='lat' dir='ltr'><strong>qui</strong></span> <span class='ocrx_word' id='word_1_224' title='bbox 2154 1581 2274 1617; x_wconf 87' lang='lat' dir='ltr'><strong>cum</strong></span> <span class='ocrx_word' id='word_1_225' title='bbox 2329 1569 2378 1619; x_wconf 90' lang='lat' dir='ltr'><strong>in</strong></span> <span class='ocrx_word' id='word_1_226' title='bbox 2428 1585 2534 1622; x_wconf 91' lang='lat' dir='ltr'><strong>uno</strong></span> <span class='ocrx_word' id='word_1_227' title='bbox 2589 1571 2871 1627; x_wconf 84' lang='lat' dir='ltr'><strong>offenderit</strong></span> <span class='ocrx_word' id='word_1_228' title='bbox 2930 1579 2981 1630; x_wconf 90' lang='lat' dir='ltr'><strong>lit</strong></span> <span class='ocrx_word' id='word_1_229' title='bbox 3035 1581 3270 1632; x_wconf 91' lang='lat' dir='ltr'><strong>omnium</strong></span> <span class='ocrx_word' id='word_1_230' title='bbox 3323 1598 3475 1645; x_wconf 81' lang='lat' dir='ltr'><strong>rens,</strong></span> <span class='ocrx_word' id='word_1_231' title='bbox 3544 1585 3596 1637; x_wconf 88' lang='lat' dir='ltr'><strong>in</strong></span> 
     </span>
    </p>
   </div>
   <div class='ocr_carea' id='block_1_32' title="bbox 2018 1657 3594 1738">
    <p class='ocr_par' dir='ltr' id='par_1_32' title="bbox 2018 1657 3594 1738">
     <span class='ocr_line' id='line_1_32' title="bbox 2018 1657 3594 1738; baseline 0.014 -36"><span class='ocrx_word' id='word_1_232' title='bbox 2018 1657 2201 1706; x_wconf 70' lang='lat' dir='ltr'><strong>mu&#39;tis</strong></span> <span class='ocrx_word' id='word_1_233' title='bbox 2225 1658 2548 1710; x_wconf 80' lang='lat' dir='ltr'><strong>oﬂendendo</strong></span> <span class='ocrx_word' id='word_1_234' title='bbox 2578 1664 2720 1729; x_wconf 83' lang='lat' dir='ltr'><strong>(quia</strong></span> <span class='ocrx_word' id='word_1_235' title='bbox 2749 1666 2798 1715; x_wconf 91' lang='lat' dir='ltr'><strong>in</strong></span> <span class='ocrx_word' id='word_1_236' title='bbox 2831 1667 3012 1718; x_wconf 82' lang='lat' dir='ltr'><strong>multis</strong></span> <span class='ocrx_word' id='word_1_237' title='bbox 3043 1671 3359 1723; x_wconf 57' lang='lat' dir='ltr'><strong>olfcndiuuts</strong></span> <span class='ocrx_word' id='word_1_238' title='bbox 3387 1674 3594 1738; x_wconf 77' lang='lat' dir='ltr'><strong>mortes)</strong></span> 
     </span>
    </p>
   </div>
   <div class='ocr_carea' id='block_1_33' title="bbox 2021 1758 3593 1818">
    <p class='ocr_par' dir='ltr' id='par_1_33' title="bbox 2021 1758 3593 1818">
     <span class='ocr_line' id='line_1_33' title="bbox 2021 1758 3593 1818; baseline 0.014 -24"><span class='ocrx_word' id='word_1_239' title='bbox 2021 1759 2266 1811; x_wconf 74' lang='lat' dir='ltr'><strong>maguum</strong></span> <span class='ocrx_word' id='word_1_240' title='bbox 2295 1764 2543 1818; x_wconf 70' lang='lat' dir='ltr'><strong>aggerem</strong></span> <span class='ocrx_word' id='word_1_241' title='bbox 2569 1765 2748 1807; x_wconf 85' lang='lat' dir='ltr'><strong>reatus</strong></span> <span class='ocrx_word' id='word_1_242' title='bbox 2783 1758 2864 1809; x_wconf 87' lang='lat' dir='ltr'><strong>sui</strong></span> <span class='ocrx_word' id='word_1_243' title='bbox 2895 1760 3190 1812; x_wconf 89' lang='lat' dir='ltr'><strong>tninutatim</strong></span> <span class='ocrx_word' id='word_1_244' title='bbox 3221 1777 3250 1814; x_wconf 91' lang='lat' dir='ltr'><strong>c</strong></span> <span class='ocrx_word' id='word_1_245' title='bbox 3274 1764 3498 1816; x_wconf 73' lang='grc' dir='ltr'><strong>ιιΙιιςιηιιι</strong></span> <span class='ocrx_word' id='word_1_246' title='bbox 3530 1767 3593 1817; x_wconf 86' lang='lat' dir='ltr'><strong>ad</strong></span> 
     </span>
    </p>
   </div>
   <div class='ocr_carea' id='block_1_34' title="bbox 332 1827 3593 1922">
    <p class='ocr_par' dir='ltr' id='par_1_34' title="bbox 332 1827 3593 1922">
     <span class='ocr_line' id='line_1_34' title="bbox 332 1827 3593 1922; baseline 0.009 -43"><span class='ocrx_word' id='word_1_247' title='bbox 332 1827 546 1896; x_wconf 81' lang='lat' dir='ltr'><strong>plenior</strong></span> <span class='ocrx_word' id='word_1_248' title='bbox 579 1827 893 1896; x_wconf 54' lang='lat' dir='ltr'><strong>iniquitatis,</strong></span> <span class='ocrx_word' id='word_1_249' title='bbox 924 1837 1121 1894; x_wconf 82' lang='lat' dir='ltr'><strong>quanto</strong></span> <span class='ocrx_word' id='word_1_250' title='bbox 1149 1830 1358 1883; x_wconf 69' lang='lat' dir='ltr'><strong>inanior</strong></span> <span class='ocrx_word' id='word_1_251' title='bbox 1387 1830 1687 1895; x_wconf 80' lang='lat' dir='ltr'><strong>charitatis;</strong></span> <span class='ocrx_word' id='word_1_252' title='bbox 1718 1843 1772 1885; x_wconf 90' lang='lat' dir='ltr'><strong>et</strong></span> <span class='ocrx_word' id='word_1_253' title='bbox 1793 1843 1917 1888; x_wconf 90' lang='lat' dir='ltr'><strong>tunc</strong></span> <span class='ocrx_word' id='word_1_254' title='bbox 1947 1837 1994 1893; x_wconf 84' lang='grc' dir='ltr'><strong>Β</strong></span> <span class='ocrx_word' id='word_1_255' title='bbox 2025 1839 2252 1891; x_wconf 85' lang='lat' dir='ltr'><strong>tribunal</strong></span> <span class='ocrx_word' id='word_1_256' title='bbox 2283 1844 2414 1894; x_wconf 62' lang='grc' dir='ltr'><strong>ιπηιιί</strong></span> <span class='ocrx_word' id='word_1_257' title='bbox 2463 1845 2658 1911; x_wconf 85' lang='lat' dir='ltr'><strong>judicis</strong></span> <span class='ocrx_word' id='word_1_258' title='bbox 2691 1853 2948 1914; x_wconf 75' lang='lat' dir='ltr'><strong>pervellat</strong></span> <span class='ocrx_word' id='word_1_259' title='bbox 2969 1892 2983 1915; x_wconf 93' lang='lat'><strong>,</strong></span> <span class='ocrx_word' id='word_1_260' title='bbox 3014 1864 3067 1906; x_wconf 83' lang='lat' dir='ltr'><strong>et</strong></span> <span class='ocrx_word' id='word_1_261' title='bbox 3111 1870 3226 1908; x_wconf 91' lang='lat' dir='ltr'><strong>eam</strong></span> <span class='ocrx_word' id='word_1_262' title='bbox 3279 1873 3434 1922; x_wconf 89' lang='lat' dir='ltr'><strong>quam</strong></span> <span class='ocrx_word' id='word_1_263' title='bbox 3491 1877 3593 1911; x_wconf 77' lang='grc' dir='ltr'>ιιυιι</span> 
     </span>
    </p>
   </div>
   <div class='ocr_carea' id='block_1_35' title="bbox 333 1918 1910 1988">
    <p class='ocr_par' dir='ltr' id='par_1_35' title="bbox 333 1918 1910 1988">
     <span class='ocr_line' id='line_1_35' title="bbox 333 1918 1910 1988; baseline 0.006 -17"><span class='ocrx_word' id='word_1_264' title='bbox 333 1918 763 1988; x_wconf 70' lang='lat' dir='ltr'><strong>perfectissimus</strong></span> <span class='ocrx_word' id='word_1_265' title='bbox 795 1920 846 1970; x_wconf 90' lang='lat' dir='ltr'><strong>in</strong></span> <span class='ocrx_word' id='word_1_266' title='bbox 893 1921 1183 1983; x_wconf 76' lang='lat' dir='ltr'><strong>charitale,</strong></span> <span class='ocrx_word' id='word_1_267' title='bbox 1237 1925 1449 1988; x_wconf 61' lang='lat' dir='ltr'><strong>quando</strong></span> <span class='ocrx_word' id='word_1_268' title='bbox 1479 1924 1609 1976; x_wconf 87' lang='lat' dir='ltr'><strong>nihil</strong></span> <span class='ocrx_word' id='word_1_269' title='bbox 1655 1934 1816 1978; x_wconf 77' lang='lat' dir='ltr'><strong>restat</strong></span> <span class='ocrx_word' id='word_1_270' title='bbox 1844 1940 1910 1980; x_wconf 77' lang='lat' dir='ltr'><strong>ex</strong></span> 
     </span>
    </p>
   </div>
   <div class='ocr_carea' id='block_1_36' title="bbox 330 2007 1909 2081">
    <p class='ocr_par' dir='ltr' id='par_1_36' title="bbox 330 2007 1909 2081">
     <span class='ocr_line' id='line_1_36' title="bbox 330 2007 1909 2081; baseline 0.008 -21"><span class='ocrx_word' id='word_1_271' title='bbox 330 2007 663 2079; x_wconf 77' lang='lat' dir='ltr'><strong>inﬁrmitate.</strong></span> <span class='ocrx_word' id='word_1_272' title='bbox 693 2008 799 2062; x_wconf 81' lang='lat' dir='ltr'><strong>Nec</strong></span> <span class='ocrx_word' id='word_1_273' title='bbox 830 2024 992 2070; x_wconf 86' lang='lat' dir='ltr'><strong>sane,</strong></span> <span class='ocrx_word' id='word_1_274' title='bbox 1018 2019 1273 2078; x_wconf 63' lang='lat' dir='ltr'><strong>quantum</strong></span> <span class='ocrx_word' id='word_1_275' title='bbox 1315 2015 1578 2078; x_wconf 88' lang='lat' dir='ltr'><strong>arbitror,</strong></span> <span class='ocrx_word' id='word_1_276' title='bbox 1613 2017 1909 2081; x_wconf 84' lang='lat' dir='ltr'><strong>putandum</strong></span> 
     </span>
    </p>
   </div>
   <div class='ocr_carea' id='block_1_37' title="bbox 329 2103 1912 2178">
    <p class='ocr_par' dir='ltr' id='par_1_37' title="bbox 329 2103 1912 2178">
     <span class='ocr_line' id='line_1_37' title="bbox 329 2103 1912 2178; baseline 0.005 -22"><span class='ocrx_word' id='word_1_277' title='bbox 329 2113 412 2156; x_wconf 84' lang='lat' dir='ltr'><strong>est</strong></span> <span class='ocrx_word' id='word_1_278' title='bbox 443 2107 559 2156; x_wconf 87' lang='lat' dir='ltr'><strong>leve</strong></span> <span class='ocrx_word' id='word_1_279' title='bbox 590 2117 711 2156; x_wconf 85' lang='lat' dir='ltr'><strong>esse</strong></span> <span class='ocrx_word' id='word_1_280' title='bbox 746 2113 1022 2166; x_wconf 63' lang='lat' dir='ltr'><strong>peccatum</strong></span> <span class='ocrx_word' id='word_1_281' title='bbox 1052 2144 1067 2166; x_wconf 91' lang='lat'><strong>,</strong></span> <span class='ocrx_word' id='word_1_282' title='bbox 1113 2103 1163 2156; x_wconf 91' lang='lat' dir='ltr'><strong>in</strong></span> <span class='ocrx_word' id='word_1_283' title='bbox 1204 2119 1553 2172; x_wconf 81' lang='lat' dir='ltr'><strong>persoaarum</strong></span> <span class='ocrx_word' id='word_1_284' title='bbox 1598 2111 1912 2178; x_wconf 86' lang='lat' dir='ltr'><strong>acceptione</strong></span> 
     </span>
    </p>
   </div>
   <div class='ocr_carea' id='block_1_38' title="bbox 329 2193 1910 2263">
    <p class='ocr_par' dir='ltr' id='par_1_38' title="bbox 329 2193 1910 2263">
     <span class='ocr_line' id='line_1_38' title="bbox 329 2193 1910 2263; baseline 0.006 -16"><span class='ocrx_word' id='word_1_285' title='bbox 329 2193 533 2247; x_wconf 88' lang='lat' dir='ltr'><strong>habere</strong></span> <span class='ocrx_word' id='word_1_286' title='bbox 565 2194 722 2246; x_wconf 73' lang='lat' dir='ltr'><strong>fidem</strong></span> <span class='ocrx_word' id='word_1_287' title='bbox 759 2195 963 2246; x_wconf 89' lang='lat' dir='ltr'><strong>Domini</strong></span> <span class='ocrx_word' id='word_1_288' title='bbox 1020 2197 1182 2248; x_wconf 76' lang='lat' dir='ltr'><strong>nostri</strong></span> <span class='ocrx_word' id='word_1_289' title='bbox 1234 2197 1361 2251; x_wconf 81' lang='lat' dir='ltr'><strong>Jesu</strong></span> <span class='ocrx_word' id='word_1_290' title='bbox 1409 2199 1638 2263; x_wconf 85' lang='lat' dir='ltr'><strong>Christi,</strong></span> <span class='ocrx_word' id='word_1_291' title='bbox 1689 2202 1732 2253; x_wconf 92' lang='lat' dir='ltr'><strong>si</strong></span> <span class='ocrx_word' id='word_1_292' title='bbox 1765 2203 1910 2256; x_wconf 92' lang='lat' dir='ltr'><strong>illam</strong></span> 
     </span>
    </p>
   </div>
   <div class='ocr_carea' id='block_1_39' title="bbox 328 2285 1911 2348">
    <p class='ocr_par' dir='ltr' id='par_1_39' title="bbox 328 2285 1911 2348">
     <span class='ocr_line' id='line_1_39' title="bbox 328 2285 1911 2348; baseline 0.005 -8"><span class='ocrx_word' id='word_1_293' title='bbox 328 2287 641 2340; x_wconf 85' lang='lat' dir='ltr'><strong>distantiam</strong></span> <span class='ocrx_word' id='word_1_294' title='bbox 683 2285 900 2339; x_wconf 84' lang='lat' dir='ltr'><strong>sedendi</strong></span> <span class='ocrx_word' id='word_1_295' title='bbox 925 2296 974 2340; x_wconf 93' lang='lat' dir='ltr'><strong>et</strong></span> <span class='ocrx_word' id='word_1_296' title='bbox 1002 2287 1178 2339; x_wconf 81' lang='lat' dir='ltr'><strong>standi</strong></span> <span class='ocrx_word' id='word_1_297' title='bbox 1207 2290 1271 2342; x_wconf 87' lang='lat' dir='ltr'><strong>ad</strong></span> <span class='ocrx_word' id='word_1_298' title='bbox 1305 2290 1536 2344; x_wconf 86' lang='lat' dir='ltr'><strong>honores</strong></span> <span class='ocrx_word' id='word_1_299' title='bbox 1583 2292 1911 2348; x_wconf 76' lang='lat' dir='ltr'><strong>ecclesiasti~</strong></span> 
     </span>
    </p>
   </div>
   <div class='ocr_carea' id='block_1_40' title="bbox 327 2377 1909 2452">
    <p class='ocr_par' dir='ltr' id='par_1_40' title="bbox 327 2377 1909 2452">
     <span class='ocr_line' id='line_1_40' title="bbox 327 2377 1909 2452; baseline 0.006 -20"><span class='ocrx_word' id='word_1_300' title='bbox 327 2395 418 2433; x_wconf 92' lang='lat' dir='ltr'><strong>cos</strong></span> <span class='ocrx_word' id='word_1_301' title='bbox 446 2377 908 2444; x_wconf 83' lang='lat' dir='ltr'><strong>referamus.Qnis</strong></span> <span class='ocrx_word' id='word_1_302' title='bbox 922 2379 1062 2434; x_wconf 89' lang='lat' dir='ltr'><strong>enim</strong></span> <span class='ocrx_word' id='word_1_303' title='bbox 1091 2381 1224 2434; x_wconf 89' lang='lat' dir='ltr'><strong>ferat</strong></span> <span class='ocrx_word' id='word_1_304' title='bbox 1246 2382 1369 2452; x_wconf 88' lang='lat' dir='ltr'><strong>eligi</strong></span> <span class='ocrx_word' id='word_1_305' title='bbox 1392 2383 1613 2439; x_wconf 83' lang='lat' dir='ltr'><strong>divitem</strong></span> <span class='ocrx_word' id='word_1_306' title='bbox 1643 2385 1706 2439; x_wconf 87' lang='lat' dir='ltr'><strong>ad</strong></span> <span class='ocrx_word' id='word_1_307' title='bbox 1730 2387 1909 2441; x_wconf 67' lang='lat' dir='ltr'><strong>sedi-tu</strong></span> 
     </span>
    </p>
   </div>
   <div class='ocr_carea' id='block_1_41' title="bbox 330 2471 1911 2542">
    <p class='ocr_par' dir='ltr' id='par_1_41' title="bbox 330 2471 1911 2542">
     <span class='ocr_line' id='line_1_41' title="bbox 330 2471 1911 2542; baseline 0.006 -18"><span class='ocrx_word' id='word_1_308' title='bbox 330 2471 555 2525; x_wconf 84' lang='lat' dir='ltr'><strong>honoris</strong></span> <span class='ocrx_word' id='word_1_309' title='bbox 593 2471 846 2524; x_wconf 71' lang='lat' dir='ltr'><strong>Ecclesire</strong></span> <span class='ocrx_word' id='word_1_310' title='bbox 877 2513 892 2535; x_wconf 91' lang='lat'><strong>,</strong></span> <span class='ocrx_word' id='word_1_311' title='bbox 945 2481 1250 2540; x_wconf 90' lang='lat' dir='ltr'><strong>contempto</strong></span> <span class='ocrx_word' id='word_1_312' title='bbox 1289 2489 1523 2542; x_wconf 86' lang='lat' dir='ltr'><strong>paupere</strong></span> <span class='ocrx_word' id='word_1_313' title='bbox 1569 2477 1911 2534; x_wconf 86' lang='lat' dir='ltr'><strong>instructiore</strong></span> 
     </span>
    </p>
   </div>
   <div class='ocr_carea' id='block_1_42' title="bbox 325 2560 1913 2632">
    <p class='ocr_par' dir='ltr' id='par_1_42' title="bbox 325 2560 1913 2632">
     <span class='ocr_line' id='line_1_42' title="bbox 325 2560 1913 2632; baseline 0.003 -16"><span class='ocrx_word' id='word_1_314' title='bbox 325 2573 487 2630; x_wconf 88' lang='lat' dir='ltr'><strong>atque</strong></span> <span class='ocrx_word' id='word_1_315' title='bbox 513 2560 816 2614; x_wconf 83' lang='lat' dir='ltr'><strong>sanctiore?</strong></span> <span class='ocrx_word' id='word_1_316' title='bbox 863 2561 919 2614; x_wconf 90' lang='lat' dir='ltr'><strong>Si</strong></span> <span class='ocrx_word' id='word_1_317' title='bbox 964 2569 1138 2614; x_wconf 90' lang='lat' dir='ltr'><strong>autem</strong></span> <span class='ocrx_word' id='word_1_318' title='bbox 1173 2564 1238 2616; x_wconf 90' lang='lat' dir='ltr'><strong>de</strong></span> <span class='ocrx_word' id='word_1_319' title='bbox 1280 2564 1603 2632; x_wconf 87' lang='lat' dir='ltr'><strong>quotidianis</strong></span> <span class='ocrx_word' id='word_1_320' title='bbox 1647 2568 1913 2621; x_wconf 89' lang='lat' dir='ltr'><strong>consessi-</strong></span> 
     </span>
    </p>
   </div>
   <div class='ocr_carea' id='block_1_43' title="bbox 325 2651 1906 2724">
    <p class='ocr_par' dir='ltr' id='par_1_43' title="bbox 325 2651 1906 2724">
     <span class='ocr_line' id='line_1_43' title="bbox 325 2651 1906 2724; baseline 0.003 -18"><span class='ocrx_word' id='word_1_321' title='bbox 325 2653 425 2706; x_wconf 90' lang='lat' dir='ltr'><strong>bus</strong></span> <span class='ocrx_word' id='word_1_322' title='bbox 455 2653 722 2721; x_wconf 85' lang='lat' dir='ltr'><strong>loquitur,</strong></span> <span class='ocrx_word' id='word_1_323' title='bbox 746 2651 864 2718; x_wconf 88' lang='lat' dir='ltr'><strong>quis</strong></span> <span class='ocrx_word' id='word_1_324' title='bbox 896 2667 998 2704; x_wconf 90' lang='lat' dir='ltr'><strong>non</strong></span> <span class='ocrx_word' id='word_1_325' title='bbox 1033 2651 1155 2705; x_wconf 90' lang='lat' dir='ltr'><strong>hinc</strong></span> <span class='ocrx_word' id='word_1_326' title='bbox 1179 2661 1380 2720; x_wconf 89' lang='lat' dir='ltr'><strong>peccat,</strong></span> <span class='ocrx_word' id='word_1_327' title='bbox 1415 2655 1457 2708; x_wconf 87' lang='lat' dir='ltr'><strong>si</strong></span> <span class='ocrx_word' id='word_1_328' title='bbox 1492 2664 1666 2709; x_wconf 88' lang='lat' dir='ltr'><strong>tamen</strong></span> <span class='ocrx_word' id='word_1_329' title='bbox 1701 2667 1906 2724; x_wconf 86' lang='lat' dir='ltr'><strong>peccat,</strong></span> 
     </span>
    </p>
   </div>
   <div class='ocr_carea' id='block_1_44' title="bbox 323 2745 1910 2816">
    <p class='ocr_par' dir='ltr' id='par_1_44' title="bbox 323 2745 1910 2816">
     <span class='ocr_line' id='line_1_44' title="bbox 323 2745 1910 2816; baseline 0.004 -16"><span class='ocrx_word' id='word_1_330' title='bbox 323 2746 428 2800; x_wconf 88' lang='lat' dir='ltr'><strong>nisi</strong></span> <span class='ocrx_word' id='word_1_331' title='bbox 457 2761 582 2799; x_wconf 89' lang='lat' dir='ltr'><strong>cum</strong></span> <span class='ocrx_word' id='word_1_332' title='bbox 606 2745 745 2814; x_wconf 88' lang='lat' dir='ltr'><strong>apud</strong></span> <span class='ocrx_word' id='word_1_333' title='bbox 764 2745 994 2814; x_wconf 82' lang='lat' dir='ltr'><strong>seipsum</strong></span> <span class='ocrx_word' id='word_1_334' title='bbox 1011 2746 1152 2800; x_wconf 89' lang='lat' dir='ltr'><strong>intus</strong></span> <span class='ocrx_word' id='word_1_335' title='bbox 1177 2747 1247 2800; x_wconf 88' lang='lat' dir='ltr'><strong>ita</strong></span> <span class='ocrx_word' id='word_1_336' title='bbox 1265 2747 1485 2816; x_wconf 86' lang='lat' dir='ltr'><strong>judicat,</strong></span> <span class='ocrx_word' id='word_1_337' title='bbox 1504 2751 1620 2804; x_wconf 90' lang='lat' dir='ltr'><strong>utei</strong></span> <span class='ocrx_word' id='word_1_338' title='bbox 1641 2761 1784 2804; x_wconf 90' lang='lat' dir='ltr'><strong>tanto</strong></span> <span class='ocrx_word' id='word_1_339' title='bbox 1801 2769 1910 2808; x_wconf 82' lang='lat' dir='ltr'><strong>me-</strong></span> 
     </span>
    </p>
   </div>
   <div class='ocr_carea' id='block_1_45' title="bbox 323 2841 1910 2908">
    <p class='ocr_par' dir='ltr' id='par_1_45' title="bbox 323 2841 1910 2908">
     <span class='ocr_line' id='line_1_45' title="bbox 323 2841 1910 2908; baseline 0.003 -12"><span class='ocrx_word' id='word_1_340' title='bbox 323 2841 644 2908; x_wconf 89' lang='lat' dir='ltr'><strong>liorquauto</strong></span> <span class='ocrx_word' id='word_1_341' title='bbox 667 2841 827 2895; x_wconf 92' lang='lat' dir='ltr'><strong>ditior</strong></span> <span class='ocrx_word' id='word_1_342' title='bbox 854 2842 1075 2895; x_wconf 87' lang='lat' dir='ltr'><strong>illoesse</strong></span> <span class='ocrx_word' id='word_1_343' title='bbox 1103 2841 1379 2896; x_wconf 83' lang='lat' dir='ltr'><strong>videatur?</strong></span> <span class='ocrx_word' id='word_1_344' title='bbox 1406 2842 1515 2895; x_wconf 91' lang='lat' dir='ltr'><strong>lloc</strong></span> <span class='ocrx_word' id='word_1_345' title='bbox 1535 2841 1676 2895; x_wconf 91' lang='lat' dir='ltr'><strong>enim</strong></span> <span class='ocrx_word' id='word_1_346' title='bbox 1701 2843 1910 2900; x_wconf 86' lang='lat' dir='ltr'><strong>videtur</strong></span> 
     </span>
    </p>
   </div>
   <div class='ocr_carea' id='block_1_46' title="bbox 321 2934 1909 3005">
    <p class='ocr_par' dir='ltr' id='par_1_46' title="bbox 321 2934 1909 3005">
     <span class='ocr_line' id='line_1_46' title="bbox 321 2934 1909 3005; baseline 0.001 -17"><span class='ocrx_word' id='word_1_347' title='bbox 321 2934 661 3005; x_wconf 81' lang='lat' dir='ltr'><strong>signiﬁcasse</strong></span> <span class='ocrx_word' id='word_1_348' title='bbox 702 2934 928 2988; x_wconf 87' lang='lat' dir='ltr'><strong>dicendo</strong></span> <span class='ocrx_word' id='word_1_349' title='bbox 961 2935 1181 2989; x_wconf 85' lang='lat' dir='ltr'><strong>:Nonne</strong></span> <span class='ocrx_word' id='word_1_350' title='bbox 1205 2934 1454 3002; x_wconf 88' lang='lat' dir='ltr'><strong>judicatis</strong></span> <span class='ocrx_word' id='word_1_351' title='bbox 1485 2934 1621 3002; x_wconf 90' lang='lat' dir='ltr'><strong>apud</strong></span> <span class='ocrx_word' id='word_1_352' title='bbox 1666 2946 1909 2990; x_wconf 83' lang='lat' dir='ltr'><strong>vosmet-</strong></span> 
     </span>
    </p>
   </div>
   <div class='ocr_carea' id='block_1_47' title="bbox 323 3023 1913 3095">
    <p class='ocr_par' dir='ltr' id='par_1_47' title="bbox 323 3023 1913 3095">
     <span class='ocr_line' id='line_1_47' title="bbox 323 3023 1913 3095; baseline -0.003 -15"><span class='ocrx_word' id='word_1_353' title='bbox 323 3029 499 3095; x_wconf 84' lang='lat' dir='ltr'><strong>ipsos,</strong></span> <span class='ocrx_word' id='word_1_354' title='bbox 530 3035 587 3080; x_wconf 91' lang='lat' dir='ltr'><strong>et</strong></span> <span class='ocrx_word' id='word_1_355' title='bbox 626 3023 748 3078; x_wconf 72' lang='lat' dir='ltr'><strong>facti</strong></span> <span class='ocrx_word' id='word_1_356' title='bbox 776 3025 908 3079; x_wconf 89' lang='lat' dir='ltr'><strong>estis</strong></span> <span class='ocrx_word' id='word_1_357' title='bbox 933 3025 1140 3094; x_wconf 88' lang='lat' dir='ltr'><strong>judices</strong></span> <span class='ocrx_word' id='word_1_358' title='bbox 1170 3025 1545 3093; x_wconf 82' lang='lat' dir='ltr'><strong>cogitationum</strong></span> <span class='ocrx_word' id='word_1_359' title='bbox 1579 3025 1913 3094; x_wconf 87' lang='lat' dir='ltr'><strong>iniquarum?</strong></span> 
     </span>
    </p>
   </div>
   <div class='ocr_carea' id='block_1_48' title="bbox 322 3116 1909 3186">
    <p class='ocr_par' dir='ltr' id='par_1_48' title="bbox 322 3116 1909 3186">
     <span class='ocr_line' id='line_1_48' title="bbox 322 3116 1909 3186; baseline -0.001 -15"><span class='ocrx_word' id='word_1_360' title='bbox 322 3117 433 3171; x_wconf 77' lang='lat' dir='ltr'><strong>Lex</strong></span> <span class='ocrx_word' id='word_1_361' title='bbox 465 3119 648 3181; x_wconf 84' lang='lat' dir='ltr'><strong>itaque</strong></span> <span class='ocrx_word' id='word_1_362' title='bbox 670 3116 964 3177; x_wconf 84' lang='lat' dir='ltr'><strong>libertatis,</strong></span> <span class='ocrx_word' id='word_1_363' title='bbox 999 3117 1082 3170; x_wconf 90' lang='lat' dir='ltr'><strong>lex</strong></span> <span class='ocrx_word' id='word_1_364' title='bbox 1104 3116 1380 3170; x_wconf 79' lang='lat' dir='ltr'><strong>ebaritatis</strong></span> <span class='ocrx_word' id='word_1_365' title='bbox 1397 3124 1497 3176; x_wconf 85' lang='lat' dir='ltr'><strong>est,</strong></span> <span class='ocrx_word' id='word_1_366' title='bbox 1527 3117 1595 3168; x_wconf 92' lang='lat' dir='ltr'><strong>de</strong></span> <span class='ocrx_word' id='word_1_367' title='bbox 1619 3132 1720 3186; x_wconf 88' lang='lat' dir='ltr'><strong>qua</strong></span> <span class='ocrx_word' id='word_1_368' title='bbox 1748 3117 1909 3170; x_wconf 91' lang='lat' dir='ltr'><strong>dicit:</strong></span> 
     </span>
    </p>
   </div>
   <div class='ocr_carea' id='block_1_49' title="bbox 2019 1929 3596 2012">
    <p class='ocr_par' dir='ltr' id='par_1_49' title="bbox 2019 1929 3596 2012">
     <span class='ocr_line' id='line_1_49' title="bbox 2019 1929 3596 2012; baseline 0.014 -32"><span class='ocrx_word' id='word_1_369' title='bbox 2019 1929 2142 1981; x_wconf 88' lang='lat' dir='ltr'><strong>fecit</strong></span> <span class='ocrx_word' id='word_1_370' title='bbox 2175 1931 2598 1988; x_wconf 82' lang='lat' dir='ltr'><strong>misericordiam</strong></span> <span class='ocrx_word' id='word_1_371' title='bbox 2648 1955 2751 1990; x_wconf 92' lang='lat' dir='ltr'><strong>non</strong></span> <span class='ocrx_word' id='word_1_372' title='bbox 2799 1943 3052 2008; x_wconf 83' lang='lat' dir='ltr'><strong>inveniat,</strong></span> <span class='ocrx_word' id='word_1_373' title='bbox 3083 1947 3174 1998; x_wconf 85' lang='lat' dir='ltr'><strong>sed</strong></span> <span class='ocrx_word' id='word_1_374' title='bbox 3204 1950 3381 2012; x_wconf 85' lang='lat' dir='ltr'><strong>potius</strong></span> <span class='ocrx_word' id='word_1_375' title='bbox 3419 1951 3596 2002; x_wconf 60' lang='lat' dir='ltr'><strong>claruit-</strong></span> 
     </span>
    </p>
   </div>
   <div class='ocr_carea' id='block_1_50' title="bbox 2018 2023 3591 2103">
    <p class='ocr_par' dir='ltr' id='par_1_50' title="bbox 2018 2023 3591 2103">
     <span class='ocr_line' id='line_1_50' title="bbox 2018 2023 3591 2103; baseline 0.011 -33"><span class='ocrx_word' id='word_1_376' title='bbox 2018 2023 2178 2071; x_wconf 88' lang='lat' dir='ltr'><strong>tendo</strong></span> <span class='ocrx_word' id='word_1_377' title='bbox 2231 2031 2390 2091; x_wconf 83' lang='lat' dir='ltr'><strong>atque</strong></span> <span class='ocrx_word' id='word_1_378' title='bbox 2441 2027 2617 2078; x_wconf 80' lang='lat' dir='ltr'><strong>damlo</strong></span> <span class='ocrx_word' id='word_1_379' title='bbox 2670 2040 2940 2084; x_wconf 89' lang='lat' dir='ltr'><strong>mereatur</strong></span> <span class='ocrx_word' id='word_1_380' title='bbox 2986 2035 3084 2087; x_wconf 85' lang='lat' dir='ltr'><strong>sibi</strong></span> <span class='ocrx_word' id='word_1_381' title='bbox 3141 2037 3334 2089; x_wconf 88' lang='lat' dir='ltr'><strong>ditnitti</strong></span> <span class='ocrx_word' id='word_1_382' title='bbox 3385 2040 3591 2103; x_wconf 72' lang='lat' dir='ltr'><strong>dult&#39;.ta,</strong></span> 
     </span>
    </p>
   </div>
   <div class='ocr_carea' id='block_1_51' title="bbox 2015 2110 3592 2193">
    <p class='ocr_par' dir='ltr' id='par_1_51' title="bbox 2015 2110 3592 2193">
     <span class='ocr_line' id='line_1_51' title="bbox 2015 2110 3592 2193; baseline 0.015 -32"><span class='ocrx_word' id='word_1_383' title='bbox 2015 2110 2274 2179; x_wconf 87' lang='lat' dir='ltr'><strong>reddique</strong></span> <span class='ocrx_word' id='word_1_384' title='bbox 2321 2118 2602 2180; x_wconf 82' lang='lat' dir='ltr'><strong>promissa.</strong></span> <span class='ocrx_word' id='word_1_385' title='bbox 2647 2120 2807 2172; x_wconf 80' lang='lat' dir='ltr'><strong>Multa</strong></span> <span class='ocrx_word' id='word_1_386' title='bbox 2859 2125 2964 2176; x_wconf 93' lang='lat' dir='ltr'><strong>dixi</strong></span> <span class='ocrx_word' id='word_1_387' title='bbox 3017 2127 3205 2193; x_wconf 72' lang='lat' dir='ltr'><strong>quibus</strong></span> <span class='ocrx_word' id='word_1_388' title='bbox 3238 2130 3327 2180; x_wconf 89' lang='lat' dir='ltr'><strong>tibi</strong></span> <span class='ocrx_word' id='word_1_389' title='bbox 3380 2133 3592 2184; x_wconf 82' lang='lat' dir='ltr'><strong>ta-dium</strong></span> 
     </span>
    </p>
   </div>
   <div class='ocr_carea' id='block_1_52' title="bbox 2015 2199 3592 2286">
    <p class='ocr_par' dir='ltr' id='par_1_52' title="bbox 2015 2199 3592 2286">
     <span class='ocr_line' id='line_1_52' title="bbox 2015 2199 3592 2286; baseline 0.014 -33"><span class='ocrx_word' id='word_1_390' title='bbox 2015 2199 2255 2255; x_wconf 74' lang='lat' dir='ltr'><strong>fortassis</strong></span> <span class='ocrx_word' id='word_1_391' title='bbox 2287 2204 2663 2275; x_wconf 85' lang='lat' dir='ltr'><strong>inlerrem,qui</strong></span> <span class='ocrx_word' id='word_1_392' title='bbox 2696 2211 2830 2278; x_wconf 72' lang='lat' dir='ltr'><strong>hzec,</strong></span> <span class='ocrx_word' id='word_1_393' title='bbox 2865 2230 2982 2280; x_wconf 66' lang='lat' dir='ltr'><strong>qtae</strong></span> <span class='ocrx_word' id='word_1_394' title='bbox 3033 2224 3138 2268; x_wconf 87' lang='lat' dir='ltr'><strong>tam</strong></span> <span class='ocrx_word' id='word_1_395' title='bbox 3168 2221 3454 2286; x_wconf 87' lang='lat' dir='ltr'><strong>approbas,</strong></span> <span class='ocrx_word' id='word_1_396' title='bbox 3488 2239 3592 2274; x_wconf 90' lang='lat' dir='ltr'><strong>non</strong></span> 
     </span>
    </p>
   </div>
   <div class='ocr_carea' id='block_1_53' title="bbox 2014 2295 3594 2376">
    <p class='ocr_par' dir='ltr' id='par_1_53' title="bbox 2014 2295 3594 2376">
     <span class='ocr_line' id='line_1_53' title="bbox 2014 2295 3594 2376; baseline 0.013 -31"><span class='ocrx_word' id='word_1_397' title='bbox 2014 2303 2296 2359; x_wconf 78' lang='lat' dir='ltr'><strong>exspectas</strong></span> <span class='ocrx_word' id='word_1_398' title='bbox 2323 2295 2562 2361; x_wconf 88' lang='lat' dir='ltr'><strong>discere,</strong></span> <span class='ocrx_word' id='word_1_399' title='bbox 2605 2301 2724 2368; x_wconf 89' lang='lat' dir='ltr'><strong>quia</strong></span> <span class='ocrx_word' id='word_1_400' title='bbox 2753 2317 2814 2356; x_wconf 85' lang='lat' dir='ltr'><strong>ea</strong></span> <span class='ocrx_word' id='word_1_401' title='bbox 2853 2305 3043 2357; x_wconf 88' lang='lat' dir='ltr'><strong>docere</strong></span> <span class='ocrx_word' id='word_1_402' title='bbox 3067 2309 3352 2365; x_wconf 87' lang='lat' dir='ltr'><strong>consuesti.</strong></span> <span class='ocrx_word' id='word_1_403' title='bbox 3387 2312 3439 2364; x_wconf 88' lang='lat' dir='ltr'><strong>Si</strong></span> <span class='ocrx_word' id='word_1_404' title='bbox 3468 2313 3594 2376; x_wconf 87' lang='lat' dir='ltr'><strong>quid</strong></span> 
     </span>
    </p>
   </div>
   <div class='ocr_carea' id='block_1_54' title="bbox 2015 2387 3588 2470">
    <p class='ocr_par' dir='ltr' id='par_1_54' title="bbox 2015 2387 3588 2470">
     <span class='ocr_line' id='line_1_54' title="bbox 2015 2387 3588 2470; baseline 0.012 -34"><span class='ocrx_word' id='word_1_405' title='bbox 2015 2395 2192 2438; x_wconf 88' lang='lat' dir='ltr'><strong>autem</strong></span> <span class='ocrx_word' id='word_1_406' title='bbox 2221 2395 2303 2439; x_wconf 87' lang='lat' dir='ltr'><strong>est</strong></span> <span class='ocrx_word' id='word_1_407' title='bbox 2333 2387 2385 2440; x_wconf 92' lang='lat' dir='ltr'><strong>in</strong></span> <span class='ocrx_word' id='word_1_408' title='bbox 2417 2391 2786 2458; x_wconf 84' lang='lat' dir='ltr'><strong>eis,quantum</strong></span> <span class='ocrx_word' id='word_1_409' title='bbox 2811 2396 2878 2447; x_wconf 87' lang='lat' dir='ltr'><strong>ad</strong></span> <span class='ocrx_word' id='word_1_410' title='bbox 2905 2411 2992 2449; x_wconf 88' lang='lat' dir='ltr'><strong>res</strong></span> <span class='ocrx_word' id='word_1_411' title='bbox 3021 2398 3160 2462; x_wconf 86' lang='lat' dir='ltr'><strong>ipsas</strong></span> <span class='ocrx_word' id='word_1_412' title='bbox 3193 2403 3420 2466; x_wconf 88' lang='lat' dir='ltr'><strong>pertinet</strong></span> <span class='ocrx_word' id='word_1_413' title='bbox 3445 2408 3588 2470; x_wconf 89' lang='lat' dir='ltr'><strong>(nam</strong></span> 
     </span>
    </p>
   </div>
   <div class='ocr_carea' id='block_1_55' title="bbox 2014 2477 3592 2561">
    <p class='ocr_par' dir='ltr' id='par_1_55' title="bbox 2014 2477 3592 2561">
     <span class='ocr_line' id='line_1_55' title="bbox 2014 2477 3592 2561; baseline 0.012 -34"><span class='ocrx_word' id='word_1_414' title='bbox 2014 2477 2154 2544; x_wconf 90' lang='lat' dir='ltr'><strong>quali</strong></span> <span class='ocrx_word' id='word_1_415' title='bbox 2185 2478 2398 2544; x_wconf 90' lang='lat' dir='ltr'><strong>eloquio</strong></span> <span class='ocrx_word' id='word_1_416' title='bbox 2423 2482 2683 2547; x_wconf 85' lang='lat' dir='ltr'><strong>explicata</strong></span> <span class='ocrx_word' id='word_1_417' title='bbox 2729 2487 2834 2537; x_wconf 90' lang='lat' dir='ltr'><strong>sint</strong></span> <span class='ocrx_word' id='word_1_418' title='bbox 2859 2503 2964 2538; x_wconf 90' lang='lat' dir='ltr'><strong>non</strong></span> <span class='ocrx_word' id='word_1_419' title='bbox 3009 2489 3165 2541; x_wconf 89' lang='lat' dir='ltr'><strong>nimis</strong></span> <span class='ocrx_word' id='word_1_420' title='bbox 3191 2490 3367 2561; x_wconf 87' lang='lat' dir='ltr'><strong>curo),</strong></span> <span class='ocrx_word' id='word_1_421' title='bbox 3393 2493 3435 2544; x_wconf 91' lang='lat' dir='ltr'><strong>si</strong></span> <span class='ocrx_word' id='word_1_422' title='bbox 3467 2493 3592 2561; x_wconf 90' lang='lat' dir='ltr'><strong>quid</strong></span> 
     </span>
    </p>
   </div>
   <div class='ocr_carea' id='block_1_56' title="bbox 2016 2567 3592 2648">
    <p class='ocr_par' dir='ltr' id='par_1_56' title="bbox 2016 2567 3592 2648">
     <span class='ocr_line' id='line_1_56' title="bbox 2016 2567 3592 2648; baseline 0.01 -28"><span class='ocrx_word' id='word_1_423' title='bbox 2016 2577 2146 2636; x_wconf 87' lang='lat' dir='ltr'><strong>ergo</strong></span> <span class='ocrx_word' id='word_1_424' title='bbox 2175 2578 2259 2621; x_wconf 90' lang='lat' dir='ltr'><strong>est</strong></span> <span class='ocrx_word' id='word_1_425' title='bbox 2286 2567 2340 2622; x_wconf 93' lang='lat' dir='ltr'><strong>in</strong></span> <span class='ocrx_word' id='word_1_426' title='bbox 2369 2571 2446 2624; x_wconf 87' lang='lat' dir='ltr'><strong>eis</strong></span> <span class='ocrx_word' id='word_1_427' title='bbox 2469 2572 2608 2639; x_wconf 88' lang='lat' dir='ltr'><strong>quod</strong></span> <span class='ocrx_word' id='word_1_428' title='bbox 2624 2576 2979 2630; x_wconf 86' lang='lat' dir='ltr'><strong>eruditionem</strong></span> <span class='ocrx_word' id='word_1_429' title='bbox 2995 2577 3229 2632; x_wconf 81' lang='lat' dir='ltr'><strong>offendat</strong></span> <span class='ocrx_word' id='word_1_430' title='bbox 3258 2589 3420 2641; x_wconf 88' lang='lat' dir='ltr'><strong>tuam,</strong></span> <span class='ocrx_word' id='word_1_431' title='bbox 3447 2599 3592 2648; x_wconf 69' lang='lat' dir='ltr'><strong>quae-</strong></span> 
     </span>
    </p>
   </div>
   <div class='ocr_carea' id='block_1_57' title="bbox 2015 2665 3590 2740">
    <p class='ocr_par' dir='ltr' id='par_1_57' title="bbox 2015 2665 3590 2740">
     <span class='ocr_line' id='line_1_57' title="bbox 2015 2665 3590 2740; baseline 0.008 -26"><span class='ocrx_word' id='word_1_432' title='bbox 2015 2673 2078 2714; x_wconf 89' lang='lat' dir='ltr'><strong>so</strong></span> <span class='ocrx_word' id='word_1_433' title='bbox 2125 2671 2184 2715; x_wconf 91' lang='lat' dir='ltr'><strong>ut</strong></span> <span class='ocrx_word' id='word_1_434' title='bbox 2237 2665 2584 2718; x_wconf 80' lang='lat' dir='ltr'><strong>rescribendo</strong></span> <span class='ocrx_word' id='word_1_435' title='bbox 2627 2668 2944 2732; x_wconf 78' lang='lat' dir='ltr'><strong>admoneas,</strong></span> <span class='ocrx_word' id='word_1_436' title='bbox 2974 2681 3029 2724; x_wconf 89' lang='lat' dir='ltr'><strong>et</strong></span> <span class='ocrx_word' id='word_1_437' title='bbox 3070 2687 3154 2725; x_wconf 90' lang='lat' dir='ltr'><strong>me</strong></span> <span class='ocrx_word' id='word_1_438' title='bbox 3191 2674 3459 2740; x_wconf 80' lang='lat' dir='ltr'><strong>corrigere</strong></span> <span class='ocrx_word' id='word_1_439' title='bbox 3487 2691 3590 2728; x_wconf 93' lang='lat' dir='ltr'><strong>nou</strong></span> 
     </span>
    </p>
   </div>
   <div class='ocr_carea' id='block_1_58' title="bbox 2014 2755 3589 2828">
    <p class='ocr_par' dir='ltr' id='par_1_58' title="bbox 2014 2755 3589 2828">
     <span class='ocr_line' id='line_1_58' title="bbox 2014 2755 3589 2828; baseline 0.007 -21"><span class='ocrx_word' id='word_1_440' title='bbox 2014 2755 2277 2821; x_wconf 80' lang='lat' dir='ltr'><strong>graveris.</strong></span> <span class='ocrx_word' id='word_1_441' title='bbox 2321 2755 2506 2811; x_wconf 84' lang='lat' dir='ltr'><strong>Infelix</strong></span> <span class='ocrx_word' id='word_1_442' title='bbox 2537 2768 2620 2812; x_wconf 90' lang='lat' dir='ltr'><strong>cst</strong></span> <span class='ocrx_word' id='word_1_443' title='bbox 2668 2762 2808 2813; x_wconf 89' lang='lat' dir='ltr'><strong>enim</strong></span> <span class='ocrx_word' id='word_1_444' title='bbox 2869 2761 2957 2828; x_wconf 92' lang='lat' dir='ltr'><strong>qui</strong></span> <span class='ocrx_word' id='word_1_445' title='bbox 3007 2779 3113 2816; x_wconf 90' lang='lat' dir='ltr'><strong>non</strong></span> <span class='ocrx_word' id='word_1_446' title='bbox 3163 2773 3338 2817; x_wconf 87' lang='lat' dir='ltr'><strong>tantos</strong></span> <span class='ocrx_word' id='word_1_447' title='bbox 3390 2777 3443 2818; x_wconf 91' lang='lat' dir='ltr'><strong>et</strong></span> <span class='ocrx_word' id='word_1_448' title='bbox 3485 2777 3589 2819; x_wconf 87' lang='lat' dir='ltr'><strong>tam</strong></span> 
     </span>
    </p>
   </div>
   <div class='ocr_carea' id='block_1_59' title="bbox 2015 2849 3589 2924">
    <p class='ocr_par' dir='ltr' id='par_1_59' title="bbox 2015 2849 3589 2924">
     <span class='ocr_line' id='line_1_59' title="bbox 2015 2849 3589 2924; baseline 0.009 -27"><span class='ocrx_word' id='word_1_449' title='bbox 2015 2853 2230 2898; x_wconf 91' lang='lat' dir='ltr'><strong>sanctos</strong></span> <span class='ocrx_word' id='word_1_450' title='bbox 2255 2854 2464 2901; x_wconf 90' lang='lat' dir='ltr'><strong>tuorum</strong></span> <span class='ocrx_word' id='word_1_451' title='bbox 2489 2849 2786 2902; x_wconf 90' lang='lat' dir='ltr'><strong>studiorum</strong></span> <span class='ocrx_word' id='word_1_452' title='bbox 2821 2852 3029 2906; x_wconf 87' lang='lat' dir='ltr'><strong>labores</strong></span> <span class='ocrx_word' id='word_1_453' title='bbox 3066 2863 3120 2908; x_wconf 92' lang='lat' dir='ltr'><strong>et</strong></span> <span class='ocrx_word' id='word_1_454' title='bbox 3149 2855 3307 2922; x_wconf 80' lang='lat' dir='ltr'><strong>digne</strong></span> <span class='ocrx_word' id='word_1_455' title='bbox 3340 2858 3589 2924; x_wconf 86' lang='lat' dir='ltr'><strong>honorat,</strong></span> 
     </span>
    </p>
   </div>
   <div class='ocr_carea' id='block_1_60' title="bbox 2015 2935 3588 3014">
    <p class='ocr_par' dir='ltr' id='par_1_60' title="bbox 2015 2935 3588 3014">
     <span class='ocr_line' id='line_1_60' title="bbox 2015 2935 3588 3014; baseline 0.011 -28"><span class='ocrx_word' id='word_1_456' title='bbox 2015 2942 2070 2987; x_wconf 76' lang='lat' dir='ltr'><strong>et</strong></span> <span class='ocrx_word' id='word_1_457' title='bbox 2096 2935 2162 2988; x_wconf 92' lang='lat' dir='ltr'><strong>de</strong></span> <span class='ocrx_word' id='word_1_458' title='bbox 2187 2935 2268 2988; x_wconf 89' lang='lat' dir='ltr'><strong>his</strong></span> <span class='ocrx_word' id='word_1_459' title='bbox 2293 2936 2516 2991; x_wconf 85' lang='lat' dir='ltr'><strong>Domino</strong></span> <span class='ocrx_word' id='word_1_460' title='bbox 2538 2938 2644 2992; x_wconf 89' lang='lat' dir='ltr'><strong>Deo</strong></span> <span class='ocrx_word' id='word_1_461' title='bbox 2663 2953 2841 2994; x_wconf 84' lang='lat' dir='ltr'><strong>nostro</strong></span> <span class='ocrx_word' id='word_1_462' title='bbox 2859 2981 2874 3003; x_wconf 91' lang='lat'><strong>,</strong></span> <span class='ocrx_word' id='word_1_463' title='bbox 2907 2943 3058 3012; x_wconf 87' lang='lat' dir='ltr'><strong>cujus</strong></span> <span class='ocrx_word' id='word_1_464' title='bbox 3089 2961 3310 3000; x_wconf 90' lang='lat' dir='ltr'><strong>munere</strong></span> <span class='ocrx_word' id='word_1_465' title='bbox 3339 2948 3461 3002; x_wconf 76' lang='lat' dir='ltr'><strong>talis</strong></span> <span class='ocrx_word' id='word_1_466' title='bbox 3485 2965 3544 3002; x_wconf 89' lang='lat' dir='ltr'><strong>es</strong></span> <span class='ocrx_word' id='word_1_467' title='bbox 3573 2992 3588 3014; x_wconf 89' lang='lat'><strong>,</strong></span> 
     </span>
    </p>
   </div>
   <div class='ocr_carea' id='block_1_61' title="bbox 2017 3026 3590 3108">
    <p class='ocr_par' dir='ltr' id='par_1_61' title="bbox 2017 3026 3590 3108">
     <span class='ocr_line' id='line_1_61' title="bbox 2017 3026 3590 3108; baseline 0.012 -32"><span class='ocrx_word' id='word_1_468' title='bbox 2017 3026 2212 3093; x_wconf 82' lang='lat' dir='ltr'><strong>gratias</strong></span> <span class='ocrx_word' id='word_1_469' title='bbox 2241 3027 2368 3096; x_wconf 84' lang='lat' dir='ltr'><strong>agit.</strong></span> <span class='ocrx_word' id='word_1_470' title='bbox 2402 3028 2555 3084; x_wconf 78' lang='lat' dir='ltr'><strong>Unde</strong></span> <span class='ocrx_word' id='word_1_471' title='bbox 2588 3046 2707 3083; x_wconf 88' lang='lat' dir='ltr'><strong>cmn</strong></span> <span class='ocrx_word' id='word_1_472' title='bbox 2757 3032 3006 3087; x_wconf 89' lang='lat' dir='ltr'><strong>libentius</strong></span> <span class='ocrx_word' id='word_1_473' title='bbox 3035 3034 3259 3090; x_wconf 89' lang='lat' dir='ltr'><strong>debeam</strong></span> <span class='ocrx_word' id='word_1_474' title='bbox 3289 3053 3317 3090; x_wconf 89' lang='lat' dir='ltr'><strong>a</strong></span> <span class='ocrx_word' id='word_1_475' title='bbox 3358 3041 3590 3108; x_wconf 84' lang='lat' dir='ltr'><strong>quolibet</strong></span> 
     </span>
    </p>
   </div>
   <div class='ocr_carea' id='block_1_62' title="bbox 2019 3118 3592 3203">
    <p class='ocr_par' dir='ltr' id='par_1_62' title="bbox 2019 3118 3592 3203">
     <span class='ocr_line' id='line_1_62' title="bbox 2019 3118 3592 3203; baseline 0.012 -33"><span class='ocrx_word' id='word_1_476' title='bbox 2019 3118 2228 3174; x_wconf 88' lang='lat' dir='ltr'><strong>discere</strong></span> <span class='ocrx_word' id='word_1_477' title='bbox 2291 3121 2432 3189; x_wconf 91' lang='lat' dir='ltr'><strong>quod</strong></span> <span class='ocrx_word' id='word_1_478' title='bbox 2483 3124 2739 3179; x_wconf 83' lang='lat' dir='ltr'><strong>inutiliter</strong></span> <span class='ocrx_word' id='word_1_479' title='bbox 2818 3127 3047 3195; x_wconf 85' lang='lat' dir='ltr'><strong>ignoro,</strong></span> <span class='ocrx_word' id='word_1_480' title='bbox 3103 3146 3261 3197; x_wconf 90' lang='lat' dir='ltr'><strong>quam</strong></span> <span class='ocrx_word' id='word_1_481' title='bbox 3337 3137 3592 3203; x_wconf 88' lang='lat' dir='ltr'><strong>promptis</strong></span> 
     </span>
    </p>
   </div>
   <div class='ocr_carea' id='block_1_63' title="bbox 318 3202 3590 3290">
    <p class='ocr_par' dir='ltr' id='par_1_63' title="bbox 318 3202 3590 3290">
     <span class='ocr_line' id='line_1_63' title="bbox 318 3202 3590 3290; baseline 0.006 -27"><span class='ocrx_word' id='word_1_482' title='bbox 318 3210 375 3263; x_wconf 89' lang='lat' dir='ltr'><strong>Si</strong></span> <span class='ocrx_word' id='word_1_483' title='bbox 411 3218 594 3260; x_wconf 83' lang='lat' dir='ltr'><strong>tamen</strong></span> <span class='ocrx_word' id='word_1_484' title='bbox 627 3208 796 3274; x_wconf 73' lang='lat' dir='ltr'><strong>legem</strong></span> <span class='ocrx_word' id='word_1_485' title='bbox 828 3209 1006 3276; x_wconf 82' lang='lat' dir='ltr'><strong>perlici</strong></span> <span class='ocrx_word' id='word_1_486' title='bbox 1037 3209 1081 3262; x_wconf 90' lang='lat' dir='ltr'><strong>is</strong></span> <span class='ocrx_word' id='word_1_487' title='bbox 1123 3208 1384 3277; x_wconf 81' lang='lat' dir='ltr'><strong>regalem,</strong></span> <span class='ocrx_word' id='word_1_488' title='bbox 1429 3209 1721 3262; x_wconf 89' lang='lat' dir='ltr'><strong>secundum</strong></span> <span class='ocrx_word' id='word_1_489' title='bbox 1770 3209 1913 3264; x_wconf 81' lang='lat' dir='ltr'><strong>Scri-</strong></span> <span class='ocrx_word' id='word_1_490' title='bbox 1939 3202 1988 3264; x_wconf 87' lang='lat' dir='ltr'><strong><em>C</em></strong></span> <span class='ocrx_word' id='word_1_491' title='bbox 2020 3213 2289 3279; x_wconf 89' lang='lat' dir='ltr'><strong>quoslibet</strong></span> <span class='ocrx_word' id='word_1_492' title='bbox 2317 3213 2513 3268; x_wconf 90' lang='lat' dir='ltr'><strong>docere</strong></span> <span class='ocrx_word' id='word_1_493' title='bbox 2543 3217 2681 3286; x_wconf 88' lang='lat' dir='ltr'><strong>quod</strong></span> <span class='ocrx_word' id='word_1_494' title='bbox 2731 3220 2843 3272; x_wconf 90' lang='lat' dir='ltr'><strong>scio</strong></span> <span class='ocrx_word' id='word_1_495' title='bbox 2870 3260 2882 3283; x_wconf 90' lang='lat'><strong>,</strong></span> <span class='ocrx_word' id='word_1_496' title='bbox 2926 3231 3124 3289; x_wconf 88' lang='lat' dir='ltr'><strong>quanto</strong></span> <span class='ocrx_word' id='word_1_497' title='bbox 3155 3223 3350 3290; x_wconf 87' lang='lat' dir='ltr'><strong>justius</strong></span> <span class='ocrx_word' id='word_1_498' title='bbox 3394 3202 3502 3280; x_wconf 77' lang='lat' dir='ltr'><strong>abs</strong></span> <span class='ocrx_word' id='word_1_499' title='bbox 3539 3238 3590 3283; x_wconf 91' lang='lat' dir='ltr'><strong>te</strong></span> 
     </span>
    </p>
   </div>
   <div class='ocr_carea' id='block_1_64' title="bbox 319 3299 1912 3369">
    <p class='ocr_par' dir='ltr' id='par_1_64' title="bbox 319 3299 1912 3369">
     <span class='ocr_line' id='line_1_64' title="bbox 319 3299 1912 3369; baseline 0.001 -16"><span class='ocrx_word' id='word_1_500' title='bbox 319 3313 540 3366; x_wconf 81' lang='lat' dir='ltr'><strong>plttras‘,</strong></span> <span class='ocrx_word' id='word_1_501' title='bbox 577 3299 776 3367; x_wconf 85' lang='lat' dir='ltr'><strong>D.liges</strong></span> <span class='ocrx_word' id='word_1_502' title='bbox 805 3300 1104 3369; x_wconf 81' lang='lat' dir='ltr'><strong>proximum</strong></span> <span class='ocrx_word' id='word_1_503' title='bbox 1137 3309 1279 3351; x_wconf 90' lang='lat' dir='ltr'><strong>tuum</strong></span> <span class='ocrx_word' id='word_1_504' title='bbox 1319 3299 1457 3354; x_wconf 83' lang='lat' dir='ltr'><strong>sieut</strong></span> <span class='ocrx_word' id='word_1_505' title='bbox 1488 3300 1736 3368; x_wconf 85' lang='lat' dir='ltr'><strong>teipsum,</strong></span> <span class='ocrx_word' id='word_1_506' title='bbox 1778 3301 1912 3355; x_wconf 81' lang='lat' dir='ltr'><strong>bene</strong></span> 
     </span>
    </p>
   </div>
   <div class='ocr_carea' id='block_1_65' title="bbox 318 3390 1912 3460">
    <p class='ocr_par' dir='ltr' id='par_1_65' title="bbox 318 3390 1912 3460">
     <span class='ocr_line' id='line_1_65' title="bbox 318 3390 1912 3460; baseline -0.001 -14"><span class='ocrx_word' id='word_1_507' title='bbox 318 3393 513 3446; x_wconf 64' lang='lat' dir='ltr'><strong>facitis.</strong></span> <span class='ocrx_word' id='word_1_508' title='bbox 557 3391 614 3445; x_wconf 92' lang='lat' dir='ltr'><strong>Si</strong></span> <span class='ocrx_word' id='word_1_509' title='bbox 647 3400 823 3444; x_wconf 90' lang='lat' dir='ltr'><strong>autem</strong></span> <span class='ocrx_word' id='word_1_510' title='bbox 869 3405 1129 3458; x_wconf 87' lang='lat' dir='ltr'><strong>personas</strong></span> <span class='ocrx_word' id='word_1_511' title='bbox 1172 3390 1433 3458; x_wconf 79' lang='lat' dir='ltr'><strong>acripitis,</strong></span> <span class='ocrx_word' id='word_1_512' title='bbox 1479 3400 1750 3458; x_wconf 71' lang='lat' dir='ltr'><strong>peccatum</strong></span> <span class='ocrx_word' id='word_1_513' title='bbox 1779 3407 1912 3460; x_wconf 89' lang='lat' dir='ltr'><strong>ope-</strong></span> 
     </span>
    </p>
   </div>
   <div class='ocr_carea' id='block_1_66' title="bbox 317 3481 1914 3550">
    <p class='ocr_par' dir='ltr' id='par_1_66' title="bbox 317 3481 1914 3550">
     <span class='ocr_line' id='line_1_66' title="bbox 317 3481 1914 3550; baseline -0.001 -13"><span class='ocrx_word' id='word_1_514' title='bbox 317 3485 515 3537; x_wconf 78' lang='lat' dir='ltr'><strong>ramini</strong></span> <span class='ocrx_word' id='word_1_515' title='bbox 543 3524 558 3545; x_wconf 90' lang='lat'><strong>,</strong></span> <span class='ocrx_word' id='word_1_516' title='bbox 605 3481 870 3549; x_wconf 70' lang='lat' dir='ltr'><strong>redarguti</strong></span> <span class='ocrx_word' id='word_1_517' title='bbox 916 3496 944 3535; x_wconf 90' lang='lat' dir='ltr'><strong>a</strong></span> <span class='ocrx_word' id='word_1_518' title='bbox 996 3481 1110 3545; x_wconf 73' lang='lat' dir='ltr'><strong>lege</strong></span> <span class='ocrx_word' id='word_1_519' title='bbox 1161 3481 1311 3549; x_wconf 90' lang='lat' dir='ltr'><strong>quasi</strong></span> <span class='ocrx_word' id='word_1_520' title='bbox 1361 3493 1803 3550; x_wconf 80' lang='lat' dir='ltr'><strong>transgressores.</strong></span> <span class='ocrx_word' id='word_1_521' title='bbox 1850 3483 1914 3536; x_wconf 85' lang='lat' dir='ltr'><strong>Et</strong></span> 
     </span>
    </p>
   </div>
   <div class='ocr_carea' id='block_1_67' title="bbox 315 3573 1912 3645">
    <p class='ocr_par' dir='ltr' id='par_1_67' title="bbox 315 3573 1912 3645">
     <span class='ocr_line' id='line_1_67' title="bbox 315 3573 1912 3645; baseline -0.002 -16"><span class='ocrx_word' id='word_1_522' title='bbox 315 3587 435 3645; x_wconf 83' lang='lat' dir='ltr'><strong>post</strong></span> <span class='ocrx_word' id='word_1_523' title='bbox 473 3575 618 3627; x_wconf 89' lang='lat' dir='ltr'><strong>illam</strong></span> <span class='ocrx_word' id='word_1_524' title='bbox 642 3573 982 3636; x_wconf 81' lang='lat' dir='ltr'><strong>sententiam,</strong></span> <span class='ocrx_word' id='word_1_525' title='bbox 1013 3573 1077 3626; x_wconf 92' lang='lat' dir='ltr'><strong>ad</strong></span> <span class='ocrx_word' id='word_1_526' title='bbox 1096 3574 1490 3640; x_wconf 79' lang='lat' dir='ltr'><strong>intelligendum</strong></span> <span class='ocrx_word' id='word_1_527' title='bbox 1517 3574 1912 3638; x_wconf 80' lang='lat' dir='ltr'><strong>difﬁcillimam,</strong></span> 
     </span>
    </p>
   </div>
   <div class='ocr_carea' id='block_1_68' title="bbox 315 3663 1913 3734">
    <p class='ocr_par' dir='ltr' id='par_1_68' title="bbox 315 3663 1913 3734">
     <span class='ocr_line' id='line_1_68' title="bbox 315 3663 1913 3734; baseline 0 -16"><span class='ocrx_word' id='word_1_528' title='bbox 315 3665 380 3720; x_wconf 90' lang='lat' dir='ltr'><strong>de</strong></span> <span class='ocrx_word' id='word_1_529' title='bbox 409 3681 518 3734; x_wconf 84' lang='lat' dir='ltr'><strong>qua</strong></span> <span class='ocrx_word' id='word_1_530' title='bbox 563 3666 694 3717; x_wconf 85' lang='lat' dir='ltr'><strong>satis</strong></span> <span class='ocrx_word' id='word_1_531' title='bbox 733 3663 841 3717; x_wconf 78' lang='lat' dir='ltr'><strong>dixi</strong></span> <span class='ocrx_word' id='word_1_532' title='bbox 899 3664 1037 3732; x_wconf 90' lang='lat' dir='ltr'><strong>quod</strong></span> <span class='ocrx_word' id='word_1_533' title='bbox 1081 3664 1364 3718; x_wconf 86' lang='lat' dir='ltr'><strong>dicendum</strong></span> <span class='ocrx_word' id='word_1_534' title='bbox 1420 3665 1637 3732; x_wconf 88' lang='lat' dir='ltr'><strong>putavi,</strong></span> <span class='ocrx_word' id='word_1_535' title='bbox 1671 3664 1913 3719; x_wconf 76' lang='lat' dir='ltr'><strong>eamdem</strong></span> 
     </span>
    </p>
   </div>
   <div class='ocr_carea' id='block_1_69' title="bbox 317 3755 1912 3826">
    <p class='ocr_par' dir='ltr' id='par_1_69' title="bbox 317 3755 1912 3826">
     <span class='ocr_line' id='line_1_69' title="bbox 317 3755 1912 3826; baseline 0.003 -18"><span class='ocrx_word' id='word_1_536' title='bbox 317 3757 495 3825; x_wconf 75' lang='lat' dir='ltr'><strong>legem</strong></span> <span class='ocrx_word' id='word_1_537' title='bbox 532 3755 794 3808; x_wconf 84' lang='lat' dir='ltr'><strong>libertatis</strong></span> <span class='ocrx_word' id='word_1_538' title='bbox 840 3771 1264 3810; x_wconf 87' lang='lat' dir='ltr'><strong>commemorans</strong></span> <span class='ocrx_word' id='word_1_539' title='bbox 1299 3774 1311 3810; x_wconf 90' lang='lat'>:</span> <span class='ocrx_word' id='word_1_540' title='bbox 1347 3757 1434 3811; x_wconf 89' lang='lat' dir='ltr'><strong>Sic</strong></span> <span class='ocrx_word' id='word_1_541' title='bbox 1484 3757 1796 3826; x_wconf 90' lang='lat' dir='ltr'><strong>loquimini,</strong></span> <span class='ocrx_word' id='word_1_542' title='bbox 1831 3759 1912 3812; x_wconf 88' lang='lat' dir='ltr'><strong>in-</strong></span> 
     </span>
    </p>
   </div>
   <div class='ocr_carea' id='block_1_70' title="bbox 314 3849 1915 3919">
    <p class='ocr_par' dir='ltr' id='par_1_70' title="bbox 314 3849 1915 3919">
     <span class='ocr_line' id='line_1_70' title="bbox 314 3849 1915 3919; baseline 0.002 -17"><span class='ocrx_word' id='word_1_543' title='bbox 314 3852 457 3918; x_wconf 85' lang='lat' dir='ltr'><strong>quit,</strong></span> <span class='ocrx_word' id='word_1_544' title='bbox 490 3857 546 3902; x_wconf 87' lang='lat' dir='ltr'><strong>et</strong></span> <span class='ocrx_word' id='word_1_545' title='bbox 595 3866 619 3901; x_wconf 90' lang='lat' dir='ltr'><strong>s</strong></span> <span class='ocrx_word' id='word_1_546' title='bbox 643 3865 671 3903; x_wconf 92' lang='lat' dir='ltr'><strong>c</strong></span> <span class='ocrx_word' id='word_1_547' title='bbox 705 3849 860 3904; x_wconf 62' lang='lat' dir='ltr'><strong>facile</strong></span> <span class='ocrx_word' id='word_1_548' title='bbox 889 3893 902 3913; x_wconf 89' lang='lat'><strong>,</strong></span> <span class='ocrx_word' id='word_1_549' title='bbox 934 3851 1071 3902; x_wconf 85' lang='lat' dir='ltr'><strong>sicut</strong></span> <span class='ocrx_word' id='word_1_550' title='bbox 1104 3865 1196 3918; x_wconf 86' lang='lat' dir='ltr'><strong>per</strong></span> <span class='ocrx_word' id='word_1_551' title='bbox 1237 3851 1406 3919; x_wconf 80' lang='lat' dir='ltr'><strong>legem</strong></span> <span class='ocrx_word' id='word_1_552' title='bbox 1442 3852 1705 3906; x_wconf 83' lang='lat' dir='ltr'><strong>libertatis</strong></span> <span class='ocrx_word' id='word_1_553' title='bbox 1728 3895 1741 3916; x_wconf 89' lang='lat'><strong>,</strong></span> <span class='ocrx_word' id='word_1_554' title='bbox 1779 3853 1915 3907; x_wconf 91' lang='lat' dir='ltr'><strong>inci-</strong></span> 
     </span>
    </p>
   </div>
   <div class='ocr_carea' id='block_1_71' title="bbox 315 3939 1912 4011">
    <p class='ocr_par' dir='ltr' id='par_1_71' title="bbox 315 3939 1912 4011">
     <span class='ocr_line' id='line_1_71' title="bbox 315 3939 1912 4011; baseline 0.003 -17"><span class='ocrx_word' id='word_1_555' title='bbox 315 3947 532 4011; x_wconf 81' lang='lat' dir='ltr'><strong>pientes</strong></span> <span class='ocrx_word' id='word_1_556' title='bbox 557 3939 808 4010; x_wconf 86' lang='lat' dir='ltr'><strong>jmlicari.</strong></span> <span class='ocrx_word' id='word_1_557' title='bbox 832 3941 892 3994; x_wconf 84' lang='lat' dir='ltr'><strong>Et</strong></span> <span class='ocrx_word' id='word_1_558' title='bbox 922 3943 1170 4009; x_wconf 90' lang='lat' dir='ltr'><strong>quoniam</strong></span> <span class='ocrx_word' id='word_1_559' title='bbox 1201 3942 1324 4010; x_wconf 89' lang='lat' dir='ltr'><strong>qttid</strong></span> <span class='ocrx_word' id='word_1_560' title='bbox 1361 3943 1517 4010; x_wconf 87' lang='lat' dir='ltr'><strong>paulo</strong></span> <span class='ocrx_word' id='word_1_561' title='bbox 1545 3953 1668 3997; x_wconf 84' lang='lat' dir='ltr'><strong>ante</strong></span> <span class='ocrx_word' id='word_1_562' title='bbox 1699 3945 1912 4008; x_wconf 81' lang='lat' dir='ltr'><strong>dixerit,</strong></span> 
     </span>
    </p>
   </div>
   <div class='ocr_carea' id='block_1_72' title="bbox 314 4034 1917 4105">
    <p class='ocr_par' dir='ltr' id='par_1_72' title="bbox 314 4034 1917 4105">
     <span class='ocr_line' id='line_1_72' title="bbox 314 4034 1917 4105; baseline 0.003 -18"><span class='ocrx_word' id='word_1_563' title='bbox 314 4035 492 4098; x_wconf 84' lang='lat' dir='ltr'><strong>novit,</strong></span> <span class='ocrx_word' id='word_1_564' title='bbox 527 4034 789 4100; x_wconf 86' lang='lat' dir='ltr'><strong>Quoniam</strong></span> <span class='ocrx_word' id='word_1_565' title='bbox 822 4035 871 4087; x_wconf 90' lang='lat' dir='ltr'><strong>in</strong></span> <span class='ocrx_word' id='word_1_566' title='bbox 901 4035 1083 4087; x_wconf 88' lang='lat' dir='ltr'><strong>multis</strong></span> <span class='ocrx_word' id='word_1_567' title='bbox 1123 4035 1444 4088; x_wconf 69' lang='lat' dir='ltr'><strong>offendimus</strong></span> <span class='ocrx_word' id='word_1_568' title='bbox 1475 4051 1691 4102; x_wconf 89' lang='lat' dir='ltr'><strong>omnes,</strong></span> <span class='ocrx_word' id='word_1_569' title='bbox 1727 4052 1917 4105; x_wconf 85' lang='lat' dir='ltr'><strong>sugge-</strong></span> 
     </span>
    </p>
   </div>
   <div class='ocr_carea' id='block_1_73' title="bbox 315 4127 1913 4197">
    <p class='ocr_par' dir='ltr' id='par_1_73' title="bbox 315 4127 1913 4197">
     <span class='ocr_line' id='line_1_73' title="bbox 315 4127 1913 4197; baseline 0.002 -16"><span class='ocrx_word' id='word_1_570' title='bbox 315 4129 383 4181; x_wconf 93' lang='lat' dir='ltr'><strong>rit</strong></span> <span class='ocrx_word' id='word_1_571' title='bbox 407 4128 759 4191; x_wconf 86' lang='lat' dir='ltr'><strong>dominicam,</strong></span> <span class='ocrx_word' id='word_1_572' title='bbox 795 4139 1041 4195; x_wconf 85' lang='lat' dir='ltr'><strong>tanquam</strong></span> <span class='ocrx_word' id='word_1_573' title='bbox 1065 4127 1423 4195; x_wconf 87' lang='lat' dir='ltr'><strong>quotidianam</strong></span> <span class='ocrx_word' id='word_1_574' title='bbox 1450 4128 1792 4197; x_wconf 84' lang='lat' dir='ltr'><strong>quotidiauis,</strong></span> <span class='ocrx_word' id='word_1_575' title='bbox 1813 4130 1913 4185; x_wconf 82' lang='lat' dir='ltr'><strong>etsi</strong></span> 
     </span>
    </p>
   </div>
   <div class='ocr_carea' id='block_1_74' title="bbox 314 4219 1918 4286">
    <p class='ocr_par' dir='ltr' id='par_1_74' title="bbox 314 4219 1918 4286">
     <span class='ocr_line' id='line_1_74' title="bbox 314 4219 1918 4286; baseline 0.001 -13"><span class='ocrx_word' id='word_1_576' title='bbox 314 4219 667 4286; x_wconf 85' lang='lat' dir='ltr'><strong>levioribus,</strong></span> <span class='ocrx_word' id='word_1_577' title='bbox 734 4231 910 4272; x_wconf 85' lang='lat' dir='ltr'><strong>tamen</strong></span> <span class='ocrx_word' id='word_1_578' title='bbox 994 4220 1329 4285; x_wconf 88' lang='lat' dir='ltr'><strong>vulneribus,</strong></span> <span class='ocrx_word' id='word_1_579' title='bbox 1384 4220 1726 4275; x_wconf 83' lang='lat' dir='ltr'><strong>medicinam.</strong></span> <span class='ocrx_word' id='word_1_580' title='bbox 1767 4221 1918 4276; x_wconf 82' lang='lat' dir='ltr'><strong>Judi-</strong></span> 
     </span>
    </p>
   </div>
   <div class='ocr_carea' id='block_1_75' title="bbox 315 4310 1913 4382">
    <p class='ocr_par' dir='ltr' id='par_1_75' title="bbox 315 4310 1913 4382">
     <span class='ocr_line' id='line_1_75' title="bbox 315 4310 1913 4382; baseline 0.002 -18"><span class='ocrx_word' id='word_1_581' title='bbox 315 4313 463 4364; x_wconf 88' lang='lat' dir='ltr'><strong>cimn</strong></span> <span class='ocrx_word' id='word_1_582' title='bbox 497 4311 667 4371; x_wconf 88' lang='lat' dir='ltr'><strong>enim,</strong></span> <span class='ocrx_word' id='word_1_583' title='bbox 731 4310 939 4378; x_wconf 91' lang='lat' dir='ltr'><strong>inquit,</strong></span> <span class='ocrx_word' id='word_1_584' title='bbox 979 4313 1096 4365; x_wconf 85' lang='lat' dir='ltr'><strong>sine</strong></span> <span class='ocrx_word' id='word_1_585' title='bbox 1132 4311 1497 4365; x_wconf 87' lang='lat' dir='ltr'><strong>misericordia</strong></span> <span class='ocrx_word' id='word_1_586' title='bbox 1565 4313 1639 4365; x_wconf 83' lang='lat' dir='ltr'><strong>illi</strong></span> <span class='ocrx_word' id='word_1_587' title='bbox 1672 4313 1759 4382; x_wconf 91' lang='lat' dir='ltr'><strong>qui</strong></span> <span class='ocrx_word' id='word_1_588' title='bbox 1809 4328 1913 4367; x_wconf 90' lang='lat' dir='ltr'><strong>non</strong></span> 
     </span>
    </p>
   </div>
   <div class='ocr_carea' id='block_1_76' title="bbox 324 4403 1916 4461">
    <p class='ocr_par' dir='ltr' id='par_1_76' title="bbox 324 4403 1916 4461">
     <span class='ocr_line' id='line_1_76' title="bbox 324 4403 1916 4461; baseline -0.003 0"><span class='ocrx_word' id='word_1_589' title='bbox 324 4408 462 4461; x_wconf 85' lang='lat' dir='ltr'><strong>facit</strong></span> <span class='ocrx_word' id='word_1_590' title='bbox 496 4404 940 4459; x_wconf 85' lang='lat' dir='ltr'><strong>misericordiam.</strong></span> <span class='ocrx_word' id='word_1_591' title='bbox 969 4403 1101 4456; x_wconf 88' lang='lat' dir='ltr'><strong>llinc</strong></span> <span class='ocrx_word' id='word_1_592' title='bbox 1130 4404 1269 4456; x_wconf 90' lang='lat' dir='ltr'><strong>enim</strong></span> <span class='ocrx_word' id='word_1_593' title='bbox 1298 4412 1355 4457; x_wconf 90' lang='lat' dir='ltr'><strong>et</strong></span> <span class='ocrx_word' id='word_1_594' title='bbox 1393 4403 1647 4457; x_wconf 89' lang='lat' dir='ltr'><strong>Dominus</strong></span> <span class='ocrx_word' id='word_1_595' title='bbox 1679 4419 1690 4455; x_wconf 96' lang='lat'>:</span> <span class='ocrx_word' id='word_1_596' title='bbox 1728 4403 1916 4457; x_wconf 57' lang='lat' dir='ltr'><strong>Dimit»</strong></span> 
     </span>
    </p>
   </div>
   <div class='ocr_carea' id='block_1_77' title="bbox 317 4495 1916 4568">
    <p class='ocr_par' dir='ltr' id='par_1_77' title="bbox 317 4495 1916 4568">
     <span class='ocr_line' id='line_1_77' title="bbox 317 4495 1916 4568; baseline -0.004 -14"><span class='ocrx_word' id='word_1_597' title='bbox 317 4503 448 4566; x_wconf 87' lang='lat' dir='ltr'><strong>tite,</strong></span> <span class='ocrx_word' id='word_1_598' title='bbox 485 4498 680 4568; x_wconf 85' lang='lat' dir='ltr'><strong>inquit,</strong></span> <span class='ocrx_word' id='word_1_599' title='bbox 710 4506 762 4551; x_wconf 91' lang='lat' dir='ltr'><strong>et</strong></span> <span class='ocrx_word' id='word_1_600' title='bbox 803 4497 1098 4550; x_wconf 85' lang='lat' dir='ltr'><strong>dimittetur</strong></span> <span class='ocrx_word' id='word_1_601' title='bbox 1123 4497 1311 4561; x_wconf 88' lang='lat' dir='ltr'><strong>vobis;</strong></span> <span class='ocrx_word' id='word_1_602' title='bbox 1343 4495 1466 4549; x_wconf 92' lang='lat' dir='ltr'><strong>date</strong></span> <span class='ocrx_word' id='word_1_603' title='bbox 1507 4505 1560 4549; x_wconf 89' lang='lat' dir='ltr'><strong>et</strong></span> <span class='ocrx_word' id='word_1_604' title='bbox 1585 4495 1797 4550; x_wconf 88' lang='lat' dir='ltr'><strong>dabitur</strong></span> <span class='ocrx_word' id='word_1_605' title='bbox 1823 4511 1916 4549; x_wconf 88' lang='lat' dir='ltr'><strong>vo-</strong></span> 
     </span>
    </p>
   </div>
   <div class='ocr_carea' id='block_1_78' title="bbox 2017 3301 3588 3379">
    <p class='ocr_par' dir='ltr' id='par_1_78' title="bbox 2017 3301 3588 3379">
     <span class='ocr_line' id='line_1_78' title="bbox 2017 3301 3588 3379; baseline 0.01 -25"><span class='ocrx_word' id='word_1_606' title='bbox 2017 3301 2115 3356; x_wconf 91' lang='lat' dir='ltr'><strong>hoc</strong></span> <span class='ocrx_word' id='word_1_607' title='bbox 2144 3303 2417 3358; x_wconf 87' lang='lat' dir='ltr'><strong>chatilatis</strong></span> <span class='ocrx_word' id='word_1_608' title='bbox 2446 3305 2681 3360; x_wconf 88' lang='lat' dir='ltr'><strong>debitmn</strong></span> <span class='ocrx_word' id='word_1_609' title='bbox 2714 3307 3079 3378; x_wconf 69' lang='lat' dir='ltr'><strong>ﬂagito,cujus</strong></span> <span class='ocrx_word' id='word_1_610' title='bbox 3103 3313 3367 3379; x_wconf 78' lang='lat' dir='ltr'><strong>doctrua,</strong></span> <span class='ocrx_word' id='word_1_611' title='bbox 3403 3318 3451 3368; x_wconf 95' lang='lat' dir='ltr'><strong>in</strong></span> <span class='ocrx_word' id='word_1_612' title='bbox 3489 3334 3588 3370; x_wconf 91' lang='lat' dir='ltr'><strong>no-</strong></span> 
     </span>
    </p>
   </div>
   <div class='ocr_carea' id='block_1_79' title="bbox 2017 3395 3590 3477">
    <p class='ocr_par' dir='ltr' id='par_1_79' title="bbox 2017 3395 3590 3477">
     <span class='ocr_line' id='line_1_79' title="bbox 2017 3395 3590 3477; baseline 0.01 -29"><span class='ocrx_word' id='word_1_613' title='bbox 2017 3395 2162 3449; x_wconf 89' lang='lat' dir='ltr'><strong>mine</strong></span> <span class='ocrx_word' id='word_1_614' title='bbox 2190 3405 2245 3450; x_wconf 87' lang='lat' dir='ltr'><strong>et</strong></span> <span class='ocrx_word' id='word_1_615' title='bbox 2274 3397 2541 3464; x_wconf 82' lang='lat' dir='ltr'><strong>adjutorio</strong></span> <span class='ocrx_word' id='word_1_616' title='bbox 2575 3398 2807 3465; x_wconf 90' lang='lat' dir='ltr'><strong>Domini,</strong></span> <span class='ocrx_word' id='word_1_617' title='bbox 2842 3413 3044 3456; x_wconf 90' lang='lat' dir='ltr'><strong>tantum</strong></span> <span class='ocrx_word' id='word_1_618' title='bbox 3093 3404 3145 3457; x_wconf 91' lang='lat' dir='ltr'><strong>in</strong></span> <span class='ocrx_word' id='word_1_619' title='bbox 3179 3403 3363 3459; x_wconf 86' lang='lat' dir='ltr'><strong>Latina</strong></span> <span class='ocrx_word' id='word_1_620' title='bbox 3411 3407 3590 3477; x_wconf 83' lang='lat' dir='ltr'><strong>lingua</strong></span> 
     </span>
    </p>
   </div>
   <div class='ocr_carea' id='block_1_80' title="bbox 2017 3488 3592 3566">
    <p class='ocr_par' dir='ltr' id='par_1_80' title="bbox 2017 3488 3592 3566">
     <span class='ocr_line' id='line_1_80' title="bbox 2017 3488 3592 3566; baseline 0.006 -25"><span class='ocrx_word' id='word_1_621' title='bbox 2017 3488 2399 3542; x_wconf 64' lang='lat' dir='ltr'><strong>ecclesiasticae</strong></span> <span class='ocrx_word' id='word_1_622' title='bbox 2430 3488 2621 3543; x_wconf 64' lang='lat' dir='ltr'><strong>littera:</strong></span> <span class='ocrx_word' id='word_1_623' title='bbox 2642 3490 3269 3562; x_wconf 69' lang='lat' dir='ltr'><strong>adjuttesunt,quantum</strong></span> <span class='ocrx_word' id='word_1_624' title='bbox 3304 3512 3592 3566; x_wconf 90' lang='lat' dir='ltr'><strong>numquam</strong></span> 
     </span>
    </p>
   </div>
   <div class='ocr_carea' id='block_1_81' title="bbox 2016 3581 3594 3647">
    <p class='ocr_par' dir='ltr' id='par_1_81' title="bbox 2016 3581 3594 3647">
     <span class='ocr_line' id='line_1_81' title="bbox 2016 3581 3594 3647; baseline 0.008 -16"><span class='ocrx_word' id='word_1_625' title='bbox 2016 3588 2171 3632; x_wconf 90' lang='lat' dir='ltr'><strong>antea</strong></span> <span class='ocrx_word' id='word_1_626' title='bbox 2201 3587 2484 3647; x_wconf 90' lang='lat' dir='ltr'><strong>potuerunt</strong></span> <span class='ocrx_word' id='word_1_627' title='bbox 2514 3581 2527 3633; x_wconf 76' lang='grc' dir='ltr'>ἔ</span> <span class='ocrx_word' id='word_1_628' title='bbox 2564 3581 2789 3636; x_wconf 76' lang='lat' dir='ltr'><strong>Maxime</strong></span> <span class='ocrx_word' id='word_1_629' title='bbox 2819 3592 2997 3637; x_wconf 85' lang='lat' dir='ltr'><strong>tamen</strong></span> <span class='ocrx_word' id='word_1_630' title='bbox 3040 3587 3193 3638; x_wconf 90' lang='lat' dir='ltr'><strong>istam</strong></span> <span class='ocrx_word' id='word_1_631' title='bbox 3227 3589 3545 3642; x_wconf 87' lang='lat' dir='ltr'><strong>sententiam</strong></span> <span class='ocrx_word' id='word_1_632' title='bbox 3581 3607 3594 3620; x_wconf 88' lang='grc'><strong>·</strong></span> 
     </span>
    </p>
   </div>
   <div class='ocr_carea' id='block_1_82' title="bbox 2018 3673 3595 3743">
    <p class='ocr_par' dir='ltr' id='par_1_82' title="bbox 2018 3673 3595 3743">
     <span class='ocr_line' id='line_1_82' title="bbox 2018 3673 3595 3743; baseline 0.007 -20"><span class='ocrx_word' id='word_1_633' title='bbox 2018 3674 2331 3742; x_wconf 87' lang='lat' dir='ltr'><strong>Quicunque</strong></span> <span class='ocrx_word' id='word_1_634' title='bbox 2355 3683 2517 3726; x_wconf 87' lang='lat' dir='ltr'><strong>totam</strong></span> <span class='ocrx_word' id='word_1_635' title='bbox 2549 3673 2717 3743; x_wconf 85' lang='lat' dir='ltr'><strong>legem</strong></span> <span class='ocrx_word' id='word_1_636' title='bbox 2748 3677 3062 3742; x_wconf 77' lang='lat' dir='ltr'><strong>servaverit,</strong></span> <span class='ocrx_word' id='word_1_637' title='bbox 3091 3679 3322 3732; x_wconf 83' lang='lat' dir='ltr'><strong>olTeudat</strong></span> <span class='ocrx_word' id='word_1_638' title='bbox 3347 3691 3522 3733; x_wconf 88' lang='lat' dir='ltr'><strong>autem</strong></span> <span class='ocrx_word' id='word_1_639' title='bbox 3546 3683 3595 3735; x_wconf 91' lang='lat' dir='ltr'><strong>in</strong></span> 
     </span>
    </p>
   </div>
   <div class='ocr_carea' id='block_1_83' title="bbox 2019 3762 3597 3836">
    <p class='ocr_par' dir='ltr' id='par_1_83' title="bbox 2019 3762 3597 3836">
     <span class='ocr_line' id='line_1_83' title="bbox 2019 3762 3597 3836; baseline 0.006 -21"><span class='ocrx_word' id='word_1_640' title='bbox 2019 3778 2146 3827; x_wconf 92' lang='lat' dir='ltr'><strong>uno,</strong></span> <span class='ocrx_word' id='word_1_641' title='bbox 2175 3762 2346 3817; x_wconf 88' lang='lat' dir='ltr'><strong>factus</strong></span> <span class='ocrx_word' id='word_1_642' title='bbox 2374 3774 2456 3818; x_wconf 90' lang='lat' dir='ltr'><strong>est</strong></span> <span class='ocrx_word' id='word_1_643' title='bbox 2483 3766 2721 3817; x_wconf 90' lang='lat' dir='ltr'><strong>omniunt</strong></span> <span class='ocrx_word' id='word_1_644' title='bbox 2755 3781 2898 3830; x_wconf 90' lang='lat' dir='ltr'><strong>rcus,</strong></span> <span class='ocrx_word' id='word_1_645' title='bbox 2932 3768 2976 3819; x_wconf 91' lang='lat' dir='ltr'><strong>si</strong></span> <span class='ocrx_word' id='word_1_646' title='bbox 3006 3784 3111 3836; x_wconf 91' lang='lat' dir='ltr'><strong>quo</strong></span> <span class='ocrx_word' id='word_1_647' title='bbox 3142 3769 3249 3821; x_wconf 90' lang='lat' dir='ltr'><strong>alio</strong></span> <span class='ocrx_word' id='word_1_648' title='bbox 3300 3771 3459 3822; x_wconf 81' lang='lat' dir='ltr'><strong>modo</strong></span> <span class='ocrx_word' id='word_1_649' title='bbox 3489 3786 3597 3823; x_wconf 82' lang='lat' dir='ltr'><strong>mc-</strong></span> 
     </span>
    </p>
   </div>
   <div class='ocr_carea' id='block_1_84' title="bbox 2019 3851 3596 3927">
    <p class='ocr_par' dir='ltr' id='par_1_84' title="bbox 2019 3851 3596 3927">
     <span class='ocr_line' id='line_1_84' title="bbox 2019 3851 3596 3927; baseline 0.006 -21"><span class='ocrx_word' id='word_1_650' title='bbox 2019 3853 2124 3907; x_wconf 91' lang='lat' dir='ltr'><strong>lius</strong></span> <span class='ocrx_word' id='word_1_651' title='bbox 2165 3856 2361 3923; x_wconf 80' lang='lat' dir='ltr'><strong>exponi</strong></span> <span class='ocrx_word' id='word_1_652' title='bbox 2394 3870 2550 3920; x_wconf 89' lang='lat' dir='ltr'><strong>posse</strong></span> <span class='ocrx_word' id='word_1_653' title='bbox 2597 3851 2745 3910; x_wconf 81' lang='lat' dir='ltr'><strong>novit</strong></span> <span class='ocrx_word' id='word_1_654' title='bbox 2773 3857 2987 3911; x_wconf 89' lang='lat' dir='ltr'><strong>dilectio</strong></span> <span class='ocrx_word' id='word_1_655' title='bbox 3013 3869 3098 3910; x_wconf 91' lang='lat' dir='ltr'><strong>tua</strong></span> <span class='ocrx_word' id='word_1_656' title='bbox 3121 3897 3136 3920; x_wconf 87' lang='lat'><strong>,</strong></span> <span class='ocrx_word' id='word_1_657' title='bbox 3185 3875 3279 3927; x_wconf 88' lang='lat' dir='ltr'><strong>per</strong></span> <span class='ocrx_word' id='word_1_658' title='bbox 3311 3861 3596 3918; x_wconf 89' lang='lat' dir='ltr'><strong>Dominum</strong></span> 
     </span>
    </p>
   </div>
   <div class='ocr_carea' id='block_1_85' title="bbox 2017 3946 3434 4016">
    <p class='ocr_par' dir='ltr' id='par_1_85' title="bbox 2017 3946 3434 4016">
     <span class='ocr_line' id='line_1_85' title="bbox 2017 3946 3434 4016; baseline 0.006 -17"><span class='ocrx_word' id='word_1_659' title='bbox 2017 3946 2244 4000; x_wconf 89' lang='lat' dir='ltr'><strong>obsecro</strong></span> <span class='ocrx_word' id='word_1_660' title='bbox 2271 3956 2328 4001; x_wconf 90' lang='lat' dir='ltr'><strong>ut</strong></span> <span class='ocrx_word' id='word_1_661' title='bbox 2360 3946 2410 4000; x_wconf 91' lang='lat' dir='ltr'><strong>id</strong></span> <span class='ocrx_word' id='word_1_662' title='bbox 2442 3948 2719 4002; x_wconf 91' lang='lat' dir='ltr'><strong>nobiscum</strong></span> <span class='ocrx_word' id='word_1_663' title='bbox 2751 3952 3148 4005; x_wconf 83' lang='lat' dir='ltr'><strong>communicare</strong></span> <span class='ocrx_word' id='word_1_664' title='bbox 3176 3952 3434 4016; x_wconf 76' lang='lat' dir='ltr'><strong>digneris.</strong></span> 
     </span>
    </p>
   </div>
   <div class='ocr_carea' id='block_1_86' title="bbox 2647 4078 2975 4134">
    <p class='ocr_par' dir='ltr' id='par_1_86' title="bbox 2647 4078 2975 4134">
     <span class='ocr_line' id='line_1_86' title="bbox 2647 4078 2975 4134; baseline 0.003 -2"><span class='ocrx_word' id='word_1_665' title='bbox 2647 4078 2876 4134; x_wconf 85' lang='lat' dir='ltr'><strong>CAPUT</strong></span> <span class='ocrx_word' id='word_1_666' title='bbox 2913 4078 2975 4133; x_wconf 91' lang='lat' dir='ltr'><strong>ll.</strong></span> 
     </span>
    </p>
   </div>
   <div class='ocr_carea' id='block_1_87' title="bbox 2019 4168 3597 4240">
    <p class='ocr_par' dir='ltr' id='par_1_87' title="bbox 2019 4168 3597 4240">
     <span class='ocr_line' id='line_1_87' title="bbox 2019 4168 3597 4240; baseline 0.004 -18"><span class='ocrx_word' id='word_1_667' title='bbox 2019 4168 2098 4222; x_wconf 82' lang='lat' dir='ltr'><strong>De</strong></span> <span class='ocrx_word' id='word_1_668' title='bbox 2128 4169 2623 4240; x_wconf 21' lang='lat' dir='ltr'><strong>pradictisiquatuor</strong></span> <span class='ocrx_word' id='word_1_669' title='bbox 2639 4171 2928 4230; x_wconf 77' lang='lat' dir='ltr'><strong>virtutibus.</strong></span> <span class='ocrx_word' id='word_1_670' title='bbox 2956 4189 3080 4240; x_wconf 76' lang='lat' dir='ltr'><strong>quas</strong></span> <span class='ocrx_word' id='word_1_671' title='bbox 3109 4174 3161 4225; x_wconf 82' lang='lat' dir='ltr'><strong>in</strong></span> <span class='ocrx_word' id='word_1_672' title='bbox 3190 4174 3439 4238; x_wconf 74' lang='lat' dir='ltr'><strong>superiori</strong></span> <span class='ocrx_word' id='word_1_673' title='bbox 3467 4174 3597 4228; x_wconf 79' lang='lat' dir='ltr'><strong>libro</strong></span> 
     </span>
    </p>
   </div>
   <div class='ocr_carea' id='block_1_88' title="bbox 2090 4239 3597 4298">
    <p class='ocr_par' dir='ltr' id='par_1_88' title="bbox 2090 4239 3597 4298">
     <span class='ocr_line' id='line_1_88' title="bbox 2090 4239 3597 4298; baseline 0.005 -8"><span class='ocrx_word' id='word_1_674' title='bbox 2090 4240 2342 4292; x_wconf 76' lang='lat' dir='ltr'><strong>distinxit.</strong></span> <span class='ocrx_word' id='word_1_675' title='bbox 2376 4239 2440 4292; x_wconf 84' lang='lat' dir='ltr'><strong>lu</strong></span> <span class='ocrx_word' id='word_1_676' title='bbox 2475 4240 2629 4294; x_wconf 77' lang='lat' dir='ltr'><strong>Libro</strong></span> <span class='ocrx_word' id='word_1_677' title='bbox 2675 4245 2735 4294; x_wconf 89' lang='lat' dir='ltr'><strong>de</strong></span> <span class='ocrx_word' id='word_1_678' title='bbox 2765 4241 2995 4295; x_wconf 79' lang='lat' dir='ltr'><strong>Moribus</strong></span> <span class='ocrx_word' id='word_1_679' title='bbox 3043 4241 3288 4294; x_wconf 74' lang='lat' dir='ltr'><strong>Erclesirc</strong></span> <span class='ocrx_word' id='word_1_680' title='bbox 3329 4245 3597 4298; x_wconf 77' lang='lat' dir='ltr'><strong>catholica:</strong></span> 
     </span>
    </p>
   </div>
   <div class='ocr_carea' id='block_1_89' title="bbox 2086 4309 3595 4378">
    <p class='ocr_par' dir='ltr' id='par_1_89' title="bbox 2086 4309 3595 4378">
     <span class='ocr_line' id='line_1_89' title="bbox 2086 4309 3595 4378; baseline 0.004 -17"><span class='ocrx_word' id='word_1_681' title='bbox 2086 4309 2380 4378; x_wconf 75' lang='lat' dir='ltr'><strong>disputans,</strong></span> <span class='ocrx_word' id='word_1_682' title='bbox 2411 4315 2480 4363; x_wconf 84' lang='lat' dir='ltr'><strong>ad</strong></span> <span class='ocrx_word' id='word_1_683' title='bbox 2501 4328 2656 4364; x_wconf 84' lang='lat' dir='ltr'><strong>unum</strong></span> <span class='ocrx_word' id='word_1_684' title='bbox 2679 4328 2765 4364; x_wconf 79' lang='lat' dir='ltr'><strong>eas</strong></span> <span class='ocrx_word' id='word_1_685' title='bbox 2795 4313 3094 4366; x_wconf 83' lang='lat' dir='ltr'><strong>mandatum</strong></span> <span class='ocrx_word' id='word_1_686' title='bbox 3119 4314 3308 4377; x_wconf 81' lang='lat' dir='ltr'><strong>retulit,</strong></span> <span class='ocrx_word' id='word_1_687' title='bbox 3339 4313 3595 4367; x_wconf 86' lang='lat' dir='ltr'><strong>charitati.</strong></span> 
     </span>
    </p>
   </div>
   <div class='ocr_carea' id='block_1_90' title="bbox 2087 4400 3596 4470">
    <p class='ocr_par' dir='ltr' id='par_1_90' title="bbox 2087 4400 3596 4470">
     <span class='ocr_line' id='line_1_90' title="bbox 2087 4400 3596 4470; baseline 0.004 -16"><span class='ocrx_word' id='word_1_688' title='bbox 2087 4400 2227 4456; x_wconf 88' lang='lat' dir='ltr'><strong>Nihil</strong></span> <span class='ocrx_word' id='word_1_689' title='bbox 2251 4401 2408 4469; x_wconf 85' lang='lat' dir='ltr'><strong>igitur</strong></span> <span class='ocrx_word' id='word_1_690' title='bbox 2435 4402 2574 4456; x_wconf 89' lang='lat' dir='ltr'><strong>aliud</strong></span> <span class='ocrx_word' id='word_1_691' title='bbox 2599 4410 2680 4455; x_wconf 81' lang='lat' dir='ltr'><strong>est</strong></span> <span class='ocrx_word' id='word_1_692' title='bbox 2703 4404 2960 4470; x_wconf 82' lang='lat' dir='ltr'><strong>Optimum</strong></span> <span class='ocrx_word' id='word_1_693' title='bbox 2981 4403 3210 4456; x_wconf 86' lang='lat' dir='ltr'><strong>hominis</strong></span> <span class='ocrx_word' id='word_1_694' title='bbox 3231 4445 3244 4466; x_wconf 91' lang='lat'><strong>,</strong></span> <span class='ocrx_word' id='word_1_695' title='bbox 3274 4407 3358 4458; x_wconf 90' lang='lat' dir='ltr'><strong>cui</strong></span> <span class='ocrx_word' id='word_1_696' title='bbox 3388 4404 3596 4460; x_wconf 70' lang='lat' dir='ltr'><strong>inurere</strong></span> 
     </span>
    </p>
   </div>
   <div class='ocr_carea' id='block_1_91' title="bbox 2017 4490 3598 4555">
    <p class='ocr_par' dir='ltr' id='par_1_91' title="bbox 2017 4490 3598 4555">
     <span class='ocr_line' id='line_1_91' title="bbox 2017 4490 3598 4555; baseline 0.003 -10"><span class='ocrx_word' id='word_1_697' title='bbox 2017 4490 2385 4546; x_wconf 85' lang='lat' dir='ltr'><strong>beatissimum</strong></span> <span class='ocrx_word' id='word_1_698' title='bbox 2410 4493 2500 4555; x_wconf 91' lang='lat' dir='ltr'><strong>sit,</strong></span> <span class='ocrx_word' id='word_1_699' title='bbox 2531 4493 2634 4546; x_wconf 91' lang='lat' dir='ltr'><strong>nisi</strong></span> <span class='ocrx_word' id='word_1_700' title='bbox 2659 4493 2822 4547; x_wconf 89' lang='lat' dir='ltr'><strong>Deus.</strong></span> <span class='ocrx_word' id='word_1_701' title='bbox 2847 4492 2940 4546; x_wconf 90' lang='lat' dir='ltr'><strong>Cui</strong></span> <span class='ocrx_word' id='word_1_702' title='bbox 2969 4493 3175 4548; x_wconf 67' lang='lat' dir='ltr'><strong>haerere</strong></span> <span class='ocrx_word' id='word_1_703' title='bbox 3199 4504 3342 4549; x_wconf 91' lang='lat' dir='ltr'><strong>recte</strong></span> <span class='ocrx_word' id='word_1_704' title='bbox 3379 4511 3482 4548; x_wconf 90' lang='lat' dir='ltr'><strong>non</strong></span> <span class='ocrx_word' id='word_1_705' title='bbox 3509 4513 3598 4549; x_wconf 86' lang='lat' dir='ltr'><strong>va-</strong></span> 
     </span>
    </p>
   </div>
   <div class='ocr_carea' id='block_1_92' title="bbox 318 4583 3600 4657">
    <p class='ocr_par' dir='ltr' id='par_1_92' title="bbox 318 4583 3600 4657">
     <span class='ocr_line' id='line_1_92' title="bbox 318 4583 3600 4657; baseline -0.001 -16"><span class='ocrx_word' id='word_1_706' title='bbox 318 4592 424 4646; x_wconf 87' lang='lat' dir='ltr'><strong>bis.</strong></span> <span class='ocrx_word' id='word_1_707' title='bbox 465 4590 840 4657; x_wconf 80' lang='lat' dir='ltr'><strong>Super-exaltat</strong></span> <span class='ocrx_word' id='word_1_708' title='bbox 870 4596 1043 4641; x_wconf 90' lang='lat' dir='ltr'><strong>autem</strong></span> <span class='ocrx_word' id='word_1_709' title='bbox 1082 4586 1500 4641; x_wconf 75' lang='lat' dir='ltr'><strong>miscricordiam</strong></span> <span class='ocrx_word' id='word_1_710' title='bbox 1529 4587 1751 4654; x_wconf 88' lang='lat' dir='ltr'><strong>judicio.</strong></span> <span class='ocrx_word' id='word_1_711' title='bbox 1796 4586 1910 4641; x_wconf 81' lang='lat' dir='ltr'><strong>Non</strong></span> <span class='ocrx_word' id='word_1_712' title='bbox 1945 4583 1996 4643; x_wconf 87' lang='lat' dir='ltr'><strong>D</strong></span> <span class='ocrx_word' id='word_1_713' title='bbox 2023 4585 2193 4638; x_wconf 88' lang='lat' dir='ltr'><strong>lemus</strong></span> <span class='ocrx_word' id='word_1_714' title='bbox 2225 4583 2326 4636; x_wconf 91' lang='lat' dir='ltr'><strong>nisi</strong></span> <span class='ocrx_word' id='word_1_715' title='bbox 2357 4584 2647 4638; x_wconf 83' lang='lat' dir='ltr'><strong>dilectione</strong></span> <span class='ocrx_word' id='word_1_716' title='bbox 2678 4602 2689 4636; x_wconf 91' lang='lat'>:</span> <span class='ocrx_word' id='word_1_717' title='bbox 2724 4599 2956 4654; x_wconf 87' lang='lat' dir='ltr'><strong>namque</strong></span> <span class='ocrx_word' id='word_1_718' title='bbox 2986 4585 3112 4640; x_wconf 89' lang='lat' dir='ltr'><strong>illud</strong></span> <span class='ocrx_word' id='word_1_719' title='bbox 3139 4601 3259 4655; x_wconf 76' lang='lat' dir='ltr'><strong>qua:</strong></span> <span class='ocrx_word' id='word_1_720' title='bbox 3286 4587 3600 4654; x_wconf 85' lang='lat' dir='ltr'><strong>quadripar-</strong></span> 
     </span>
    </p>
   </div>
   <div class='ocr_carea' id='block_1_93' title="bbox 314 4678 1909 4746">
    <p class='ocr_par' dir='ltr' id='par_1_93' title="bbox 314 4678 1909 4746">
     <span class='ocr_line' id='line_1_93' title="bbox 314 4678 1909 4746; baseline -0.004 -10"><span class='ocrx_word' id='word_1_721' title='bbox 314 4684 527 4737; x_wconf 86' lang='lat' dir='ltr'><strong>dictum</strong></span> <span class='ocrx_word' id='word_1_722' title='bbox 550 4691 656 4745; x_wconf 88' lang='lat' dir='ltr'><strong>est,</strong></span> <span class='ocrx_word' id='word_1_723' title='bbox 690 4680 853 4734; x_wconf 81' lang='lat' dir='ltr'><strong>vincit</strong></span> <span class='ocrx_word' id='word_1_724' title='bbox 877 4679 1301 4733; x_wconf 87' lang='lat' dir='ltr'><strong>misericordiam</strong></span> <span class='ocrx_word' id='word_1_725' title='bbox 1324 4678 1580 4746; x_wconf 82' lang='lat' dir='ltr'><strong>judicium</strong></span> <span class='ocrx_word' id='word_1_726' title='bbox 1602 4720 1617 4745; x_wconf 90' lang='lat'><strong>,</strong></span> <span class='ocrx_word' id='word_1_727' title='bbox 1645 4693 1749 4732; x_wconf 92' lang='lat' dir='ltr'><strong>non</strong></span> <span class='ocrx_word' id='word_1_728' title='bbox 1770 4679 1909 4732; x_wconf 90' lang='lat' dir='ltr'><strong>enim</strong></span> 
     </span>
    </p>
   </div>
   <div class='ocr_carea' id='block_1_94' title="bbox 317 4771 1915 4842">
    <p class='ocr_par' dir='ltr' id='par_1_94' title="bbox 317 4771 1915 4842">
     <span class='ocr_line' id='line_1_94' title="bbox 317 4771 1915 4842; baseline -0.001 -14"><span class='ocrx_word' id='word_1_729' title='bbox 317 4787 400 4830; x_wconf 87' lang='lat' dir='ltr'><strong>est</strong></span> <span class='ocrx_word' id='word_1_730' title='bbox 433 4774 661 4827; x_wconf 78' lang='lat' dir='ltr'><strong>adverSa</strong></span> <span class='ocrx_word' id='word_1_731' title='bbox 682 4773 906 4842; x_wconf 86' lang='lat' dir='ltr'><strong>judicio,</strong></span> <span class='ocrx_word' id='word_1_732' title='bbox 939 4772 1028 4824; x_wconf 87' lang='lat' dir='ltr'><strong>sed</strong></span> <span class='ocrx_word' id='word_1_733' title='bbox 1056 4772 1434 4839; x_wconf 83' lang='lat' dir='ltr'><strong>superexaltat,</strong></span> <span class='ocrx_word' id='word_1_734' title='bbox 1464 4771 1585 4839; x_wconf 89' lang='lat' dir='ltr'><strong>quia</strong></span> <span class='ocrx_word' id='word_1_735' title='bbox 1617 4772 1793 4839; x_wconf 90' lang='lat' dir='ltr'><strong>plures</strong></span> <span class='ocrx_word' id='word_1_736' title='bbox 1820 4789 1915 4837; x_wconf 90' lang='lat' dir='ltr'><strong>per</strong></span> 
     </span>
    </p>
   </div>
   <div class='ocr_carea' id='block_1_95' title="bbox 319 4861 1911 4930">
    <p class='ocr_par' dir='ltr' id='par_1_95' title="bbox 319 4861 1911 4930">
     <span class='ocr_line' id='line_1_95' title="bbox 319 4861 1911 4930; baseline -0.003 -10"><span class='ocrx_word' id='word_1_737' title='bbox 319 4863 756 4920; x_wconf 87' lang='lat' dir='ltr'><strong>misericordiam</strong></span> <span class='ocrx_word' id='word_1_738' title='bbox 808 4863 1161 4929; x_wconf 83' lang='lat' dir='ltr'><strong>colliguntur,</strong></span> <span class='ocrx_word' id='word_1_739' title='bbox 1218 4862 1310 4916; x_wconf 90' lang='lat' dir='ltr'><strong>sed</strong></span> <span class='ocrx_word' id='word_1_740' title='bbox 1342 4861 1434 4930; x_wconf 91' lang='lat' dir='ltr'><strong>qui</strong></span> <span class='ocrx_word' id='word_1_741' title='bbox 1489 4861 1911 4916; x_wconf 67' lang='lat' dir='ltr'><strong>misericordiam</strong></span> 
     </span>
    </p>
   </div>
   <div class='ocr_carea' id='block_1_96' title="bbox 318 4951 1910 5029">
    <p class='ocr_par' dir='ltr' id='par_1_96' title="bbox 318 4951 1910 5029">
     <span class='ocr_line' id='line_1_96' title="bbox 318 4951 1910 5029; baseline -0.006 -17"><span class='ocrx_word' id='word_1_742' title='bbox 318 4958 717 5029; x_wconf 56' lang='lat' dir='ltr'><strong>praéstiterunt.</strong></span> <span class='ocrx_word' id='word_1_743' title='bbox 752 4955 896 5007; x_wconf 87' lang='lat' dir='ltr'><strong>Beati</strong></span> <span class='ocrx_word' id='word_1_744' title='bbox 923 4954 1066 5007; x_wconf 87' lang='lat' dir='ltr'><strong>enim</strong></span> <span class='ocrx_word' id='word_1_745' title='bbox 1098 4953 1490 5013; x_wconf 75' lang='lat' dir='ltr'><strong>misericordes,</strong></span> <span class='ocrx_word' id='word_1_746' title='bbox 1525 4951 1642 5020; x_wconf 86' lang='lat' dir='ltr'><strong>quia</strong></span> <span class='ocrx_word' id='word_1_747' title='bbox 1674 4955 1910 5022; x_wconf 90' lang='lat' dir='ltr'><strong>ipsorum</strong></span> 
     </span>
    </p>
   </div>
   <div class='ocr_carea' id='block_1_97' title="bbox 320 5041 1913 5111">
    <p class='ocr_par' dir='ltr' id='par_1_97' title="bbox 320 5041 1913 5111">
     <span class='ocr_line' id='line_1_97' title="bbox 320 5041 1913 5111; baseline -0.004 -10"><span class='ocrx_word' id='word_1_748' title='bbox 320 5046 674 5101; x_wconf 72' lang='lat' dir='ltr'><strong>miserebitur</strong></span> <span class='ocrx_word' id='word_1_749' title='bbox 705 5045 866 5108; x_wconf 80' lang='lat' dir='ltr'><strong>Deus.</strong></span> <span class='ocrx_word' id='word_1_750' title='bbox 909 5043 974 5097; x_wconf 82' lang='lat' dir='ltr'><strong>Et</strong></span> <span class='ocrx_word' id='word_1_751' title='bbox 1021 5044 1120 5097; x_wconf 92' lang='lat' dir='ltr'><strong>hoc</strong></span> <span class='ocrx_word' id='word_1_752' title='bbox 1151 5044 1330 5109; x_wconf 85' lang='lat' dir='ltr'><strong>utique</strong></span> <span class='ocrx_word' id='word_1_753' title='bbox 1358 5043 1556 5111; x_wconf 89' lang='lat' dir='ltr'><strong>justum</strong></span> <span class='ocrx_word' id='word_1_754' title='bbox 1598 5053 1679 5096; x_wconf 90' lang='lat' dir='ltr'><strong>est</strong></span> <span class='ocrx_word' id='word_1_755' title='bbox 1704 5083 1719 5106; x_wconf 87' lang='lat'><strong>,</strong></span> <span class='ocrx_word' id='word_1_756' title='bbox 1749 5050 1806 5095; x_wconf 89' lang='lat' dir='ltr'><strong>ut</strong></span> <span class='ocrx_word' id='word_1_757' title='bbox 1833 5041 1913 5095; x_wconf 88' lang='lat' dir='ltr'><strong>di-</strong></span> 
     </span>
    </p>
   </div>
   <div class='ocr_carea' id='block_1_98' title="bbox 319 5133 1912 5203">
    <p class='ocr_par' dir='ltr' id='par_1_98' title="bbox 319 5133 1912 5203">
     <span class='ocr_line' id='line_1_98' title="bbox 319 5133 1912 5203; baseline -0.004 -10"><span class='ocrx_word' id='word_1_758' title='bbox 319 5140 574 5193; x_wconf 82' lang='lat' dir='ltr'><strong>mittatur</strong></span> <span class='ocrx_word' id='word_1_759' title='bbox 605 5135 710 5201; x_wconf 87' lang='lat' dir='ltr'><strong>eis,</strong></span> <span class='ocrx_word' id='word_1_760' title='bbox 736 5135 853 5203; x_wconf 88' lang='lat' dir='ltr'><strong>quia</strong></span> <span class='ocrx_word' id='word_1_761' title='bbox 885 5135 1233 5202; x_wconf 82' lang='lat' dir='ltr'><strong>dimiserunt,</strong></span> <span class='ocrx_word' id='word_1_762' title='bbox 1263 5144 1316 5187; x_wconf 91' lang='lat' dir='ltr'><strong>et</strong></span> <span class='ocrx_word' id='word_1_763' title='bbox 1343 5134 1498 5187; x_wconf 89' lang='lat' dir='ltr'><strong>detur</strong></span> <span class='ocrx_word' id='word_1_764' title='bbox 1520 5134 1597 5187; x_wconf 89' lang='lat' dir='ltr'><strong>eis</strong></span> <span class='ocrx_word' id='word_1_765' title='bbox 1618 5176 1632 5198; x_wconf 95' lang='lat'><strong>,</strong></span> <span class='ocrx_word' id='word_1_766' title='bbox 1667 5133 1788 5200; x_wconf 88' lang='lat' dir='ltr'><strong>quia</strong></span> <span class='ocrx_word' id='word_1_767' title='bbox 1815 5133 1912 5186; x_wconf 88' lang='lat' dir='ltr'><strong>de-</strong></span> 
     </span>
    </p>
   </div>
   <div class='ocr_carea' id='block_1_99' title="bbox 320 5227 1912 5297">
    <p class='ocr_par' dir='ltr' id='par_1_99' title="bbox 320 5227 1912 5297">
     <span class='ocr_line' id='line_1_99' title="bbox 320 5227 1912 5297; baseline -0.002 -13"><span class='ocrx_word' id='word_1_768' title='bbox 320 5233 548 5284; x_wconf 84' lang='lat' dir='ltr'><strong>derunt.</strong></span> <span class='ocrx_word' id='word_1_769' title='bbox 584 5229 724 5281; x_wconf 83' lang='lat' dir='ltr'><strong>Inest</strong></span> <span class='ocrx_word' id='word_1_770' title='bbox 754 5230 946 5297; x_wconf 79' lang='lat' dir='ltr'><strong>quippe</strong></span> <span class='ocrx_word' id='word_1_771' title='bbox 1007 5229 1114 5281; x_wconf 86' lang='lat' dir='ltr'><strong>Deo</strong></span> <span class='ocrx_word' id='word_1_772' title='bbox 1156 5239 1206 5279; x_wconf 92' lang='lat' dir='ltr'><strong>et</strong></span> <span class='ocrx_word' id='word_1_773' title='bbox 1239 5228 1602 5281; x_wconf 83' lang='lat' dir='ltr'><strong>misericordia</strong></span> <span class='ocrx_word' id='word_1_774' title='bbox 1631 5227 1912 5295; x_wconf 86' lang='lat' dir='ltr'><strong>judicauti,</strong></span> 
     </span>
    </p>
   </div>
   <div class='ocr_carea' id='block_1_100' title="bbox 320 5317 1914 5393">
    <p class='ocr_par' dir='ltr' id='par_1_100' title="bbox 320 5317 1914 5393">
     <span class='ocr_line' id='line_1_100' title="bbox 320 5317 1914 5393; baseline -0.002 -20"><span class='ocrx_word' id='word_1_775' title='bbox 320 5334 369 5377; x_wconf 87' lang='lat' dir='ltr'><strong>et</strong></span> <span class='ocrx_word' id='word_1_776' title='bbox 393 5321 664 5393; x_wconf 77' lang='lat' dir='ltr'><strong>judicium</strong></span> <span class='ocrx_word' id='word_1_777' title='bbox 694 5319 967 5372; x_wconf 65' lang='grc' dir='ltr'><strong>ιιιὶειεπτιιιιί</strong></span> <span class='ocrx_word' id='word_1_778' title='bbox 995 5336 1009 5376; x_wconf 81' lang='lat'><strong>;</strong></span> <span class='ocrx_word' id='word_1_779' title='bbox 1043 5330 1258 5385; x_wconf 85' lang='lat' dir='ltr'><strong>propter</strong></span> <span class='ocrx_word' id='word_1_780' title='bbox 1298 5319 1436 5387; x_wconf 89' lang='lat' dir='ltr'><strong>quod</strong></span> <span class='ocrx_word' id='word_1_781' title='bbox 1470 5319 1515 5371; x_wconf 89' lang='lat' dir='ltr'><strong>ei</strong></span> <span class='ocrx_word' id='word_1_782' title='bbox 1547 5317 1741 5370; x_wconf 88' lang='lat' dir='ltr'><strong>dicitur</strong></span> <span class='ocrx_word' id='word_1_783' title='bbox 1774 5335 1786 5369; x_wconf 90' lang='lat'><strong>:</strong></span> <span class='ocrx_word' id='word_1_784' title='bbox 1818 5318 1914 5370; x_wconf 80' lang='lat' dir='ltr'><strong>Mi-</strong></span> 
     </span>
    </p>
   </div>
   <div class='ocr_carea' id='block_1_101' title="bbox 310 5408 1905 5477">
    <p class='ocr_par' dir='ltr' id='par_1_101' title="bbox 310 5408 1905 5477">
     <span class='ocr_line' id='line_1_101' title="bbox 310 5408 1905 5477; baseline -0.003 -11"><span class='ocrx_word' id='word_1_785' title='bbox 310 5410 675 5467; x_wconf 52' lang='lat' dir='ltr'><strong>sericord&#39;am</strong></span> <span class='ocrx_word' id='word_1_786' title='bbox 705 5410 1033 5477; x_wconf 86' lang='lat' dir='ltr'><strong>ctjudicium</strong></span> <span class='ocrx_word' id='word_1_787' title='bbox 1066 5412 1303 5463; x_wconf 85' lang='lat' dir='ltr'><strong>cantabo</strong></span> <span class='ocrx_word' id='word_1_788' title='bbox 1337 5408 1454 5473; x_wconf 89' lang='lat' dir='ltr'><strong>tibi,</strong></span> <span class='ocrx_word' id='word_1_789' title='bbox 1494 5409 1746 5473; x_wconf 88' lang='lat' dir='ltr'><strong>Domine;</strong></span> <span class='ocrx_word' id='word_1_790' title='bbox 1786 5425 1905 5463; x_wconf 88' lang='lat' dir='ltr'><strong>nam</strong></span> 
     </span>
    </p>
   </div>
   <div class='ocr_carea' id='block_1_102' title="bbox 308 5500 1911 5577">
    <p class='ocr_par' dir='ltr' id='par_1_102' title="bbox 308 5500 1911 5577">
     <span class='ocr_line' id='line_1_102' title="bbox 308 5500 1911 5577; baseline -0.002 -17"><span class='ocrx_word' id='word_1_791' title='bbox 308 5507 568 5577; x_wconf 88' lang='lat' dir='ltr'><strong>quisquis</strong></span> <span class='ocrx_word' id='word_1_792' title='bbox 591 5507 736 5556; x_wconf 66' lang='lat' dir='ltr'><strong>velut</strong></span> <span class='ocrx_word' id='word_1_793' title='bbox 781 5502 1002 5554; x_wconf 88' lang='lat' dir='ltr'><strong>nitnium</strong></span> <span class='ocrx_word' id='word_1_794' title='bbox 1043 5503 1220 5569; x_wconf 57' lang='lat' dir='ltr'><strong>justus</strong></span> <span class='ocrx_word' id='word_1_795' title='bbox 1246 5500 1504 5568; x_wconf 88' lang='lat' dir='ltr'><strong>judicium</strong></span> <span class='ocrx_word' id='word_1_796' title='bbox 1543 5503 1659 5554; x_wconf 88' lang='lat' dir='ltr'><strong>sine</strong></span> <span class='ocrx_word' id='word_1_797' title='bbox 1701 5504 1911 5557; x_wconf 88' lang='lat' dir='ltr'><strong>miseri-</strong></span> 
     </span>
    </p>
   </div>
   <div class='ocr_carea' id='block_1_103' title="bbox 313 5593 1909 5665">
    <p class='ocr_par' dir='ltr' id='par_1_103' title="bbox 313 5593 1909 5665">
     <span class='ocr_line' id='line_1_103' title="bbox 313 5593 1909 5665; baseline -0.003 -13"><span class='ocrx_word' id='word_1_798' title='bbox 313 5598 504 5652; x_wconf 63' lang='lat' dir='ltr'><strong>cordia</strong></span> <span class='ocrx_word' id='word_1_799' title='bbox 554 5595 706 5665; x_wconf 89' lang='lat' dir='ltr'><strong>quasi</strong></span> <span class='ocrx_word' id='word_1_800' title='bbox 755 5609 976 5648; x_wconf 65' lang='lat' dir='ltr'><strong>securus</strong></span> <span class='ocrx_word' id='word_1_801' title='bbox 1025 5604 1340 5660; x_wconf 66' lang='lat' dir='ltr'><strong>exsitectat,</strong></span> <span class='ocrx_word' id='word_1_802' title='bbox 1388 5593 1517 5645; x_wconf 86' lang='lat' dir='ltr'><strong>iram</strong></span> <span class='ocrx_word' id='word_1_803' title='bbox 1559 5593 1909 5661; x_wconf 71' lang='lat' dir='ltr'><strong>justissimzem</strong></span> 
     </span>
    </p>
   </div>
   <div class='ocr_carea' id='block_1_104' title="bbox 315 5682 1908 5759">
    <p class='ocr_par' dir='ltr' id='par_1_104' title="bbox 315 5682 1908 5759">
     <span class='ocr_line' id='line_1_104' title="bbox 315 5682 1908 5759; baseline -0.003 -19"><span class='ocrx_word' id='word_1_804' title='bbox 315 5697 616 5759; x_wconf 60' lang='lat' dir='ltr'><strong>provomit,</strong></span> <span class='ocrx_word' id='word_1_805' title='bbox 636 5700 802 5755; x_wconf 81' lang='lat' dir='ltr'><strong>quam</strong></span> <span class='ocrx_word' id='word_1_806' title='bbox 833 5685 1025 5737; x_wconf 89' lang='lat' dir='ltr'><strong>timens</strong></span> <span class='ocrx_word' id='word_1_807' title='bbox 1055 5683 1144 5736; x_wconf 88' lang='lat' dir='ltr'><strong>ille</strong></span> <span class='ocrx_word' id='word_1_808' title='bbox 1168 5684 1296 5736; x_wconf 87' lang='lat' dir='ltr'><strong>dicit</strong></span> <span class='ocrx_word' id='word_1_809' title='bbox 1324 5700 1335 5735; x_wconf 91' lang='lat'>:</span> <span class='ocrx_word' id='word_1_810' title='bbox 1363 5683 1438 5736; x_wconf 79' lang='lat' dir='ltr'><strong>Ne</strong></span> <span class='ocrx_word' id='word_1_811' title='bbox 1483 5684 1648 5736; x_wconf 86' lang='lat' dir='ltr'><strong>intres</strong></span> <span class='ocrx_word' id='word_1_812' title='bbox 1689 5684 1738 5736; x_wconf 91' lang='lat' dir='ltr'><strong>in</strong></span> <span class='ocrx_word' id='word_1_813' title='bbox 1764 5682 1908 5750; x_wconf 89' lang='lat' dir='ltr'><strong>judi—</strong></span> 
     </span>
    </p>
   </div>
   <div class='ocr_carea' id='block_1_105' title="bbox 315 5773 1904 5841">
    <p class='ocr_par' dir='ltr' id='par_1_105' title="bbox 315 5773 1904 5841">
     <span class='ocr_line' id='line_1_105' title="bbox 315 5773 1904 5841; baseline -0.004 -8"><span class='ocrx_word' id='word_1_814' title='bbox 315 5795 404 5834; x_wconf 80' lang='lat' dir='ltr'><strong>cm</strong></span> <span class='ocrx_word' id='word_1_815' title='bbox 438 5795 562 5832; x_wconf 81' lang='lat' dir='ltr'><strong>cum</strong></span> <span class='ocrx_word' id='word_1_816' title='bbox 596 5792 753 5831; x_wconf 84' lang='lat' dir='ltr'><strong>servo</strong></span> <span class='ocrx_word' id='word_1_817' title='bbox 782 5787 891 5829; x_wconf 91' lang='lat' dir='ltr'><strong>tuo.</strong></span> <span class='ocrx_word' id='word_1_818' title='bbox 927 5773 1075 5830; x_wconf 87' lang='lat' dir='ltr'><strong>Unde</strong></span> <span class='ocrx_word' id='word_1_819' title='bbox 1103 5773 1296 5826; x_wconf 85' lang='lat' dir='ltr'><strong>dicitur</strong></span> <span class='ocrx_word' id='word_1_820' title='bbox 1338 5774 1532 5841; x_wconf 90' lang='lat' dir='ltr'><strong>populo</strong></span> <span class='ocrx_word' id='word_1_821' title='bbox 1560 5773 1861 5826; x_wconf 80' lang='lat' dir='ltr'><strong>rontumaci</strong></span> <span class='ocrx_word' id='word_1_822' title='bbox 1893 5789 1904 5826; x_wconf 92' lang='lat'><strong>:</strong></span> 
     </span>
    </p>
   </div>
   <div class='ocr_carea' id='block_1_106' title="bbox 319 5863 1904 5937">
    <p class='ocr_par' dir='ltr' id='par_1_106' title="bbox 319 5863 1904 5937">
     <span class='ocr_line' id='line_1_106' title="bbox 319 5863 1904 5937; baseline -0.001 -20"><span class='ocrx_word' id='word_1_823' title='bbox 319 5871 461 5937; x_wconf 76' lang='lat' dir='ltr'><strong>Quid</strong></span> <span class='ocrx_word' id='word_1_824' title='bbox 513 5867 672 5921; x_wconf 80' lang='lat' dir='ltr'><strong>vultis</strong></span> <span class='ocrx_word' id='word_1_825' title='bbox 721 5881 927 5922; x_wconf 88' lang='lat' dir='ltr'><strong>mecum</strong></span> <span class='ocrx_word' id='word_1_826' title='bbox 966 5864 1166 5934; x_wconf 77' lang='lat' dir='ltr'><strong>judicio</strong></span> <span class='ocrx_word' id='word_1_827' title='bbox 1215 5863 1574 5921; x_wconf 61' lang='lat' dir='ltr'><strong>contundere?</strong></span> <span class='ocrx_word' id='word_1_828' title='bbox 1604 5864 1733 5919; x_wconf 80' lang='lat' dir='ltr'><strong>Cum</strong></span> <span class='ocrx_word' id='word_1_829' title='bbox 1767 5863 1904 5919; x_wconf 76' lang='lat' dir='ltr'><strong>cuiu)</strong></span> 
     </span>
    </p>
   </div>
   <div class='ocr_carea' id='block_1_107' title="bbox 2021 4673 3599 4746">
    <p class='ocr_par' dir='ltr' id='par_1_107' title="bbox 2021 4673 3599 4746">
     <span class='ocr_line' id='line_1_107' title="bbox 2021 4673 3599 4746; baseline 0.004 -19"><span class='ocrx_word' id='word_1_830' title='bbox 2021 4676 2113 4728; x_wconf 90' lang='lat' dir='ltr'><strong>tita</strong></span> <span class='ocrx_word' id='word_1_831' title='bbox 2145 4673 2338 4728; x_wconf 88' lang='lat' dir='ltr'><strong>dicitur</strong></span> <span class='ocrx_word' id='word_1_832' title='bbox 2379 4675 2584 4742; x_wconf 91' lang='lat' dir='ltr'><strong>virtus,</strong></span> <span class='ocrx_word' id='word_1_833' title='bbox 2618 4691 2683 4730; x_wconf 91' lang='lat' dir='ltr'><strong>ex</strong></span> <span class='ocrx_word' id='word_1_834' title='bbox 2735 4677 2902 4746; x_wconf 91' lang='lat' dir='ltr'><strong>ipsius</strong></span> <span class='ocrx_word' id='word_1_835' title='bbox 2950 4677 3152 4731; x_wconf 83' lang='lat' dir='ltr'><strong>amoris</strong></span> <span class='ocrx_word' id='word_1_836' title='bbox 3194 4680 3339 4731; x_wconf 88' lang='lat' dir='ltr'><strong>vario</strong></span> <span class='ocrx_word' id='word_1_837' title='bbox 3372 4679 3599 4746; x_wconf 86' lang='lat' dir='ltr'><strong>quodam</strong></span> 
     </span>
    </p>
   </div>
   <div class='ocr_carea' id='block_1_108' title="bbox 2017 4765 3598 4840">
    <p class='ocr_par' dir='ltr' id='par_1_108' title="bbox 2017 4765 3598 4840">
     <span class='ocr_line' id='line_1_108' title="bbox 2017 4765 3598 4840; baseline 0.003 -20"><span class='ocrx_word' id='word_1_838' title='bbox 2017 4767 2212 4821; x_wconf 84' lang='lat' dir='ltr'><strong>all&#39;ectu</strong></span> <span class='ocrx_word' id='word_1_839' title='bbox 2244 4765 2475 4837; x_wconf 90' lang='lat' dir='ltr'><strong>dicitur,</strong></span> <span class='ocrx_word' id='word_1_840' title='bbox 2535 4777 2592 4822; x_wconf 90' lang='lat' dir='ltr'><strong>ut</strong></span> <span class='ocrx_word' id='word_1_841' title='bbox 2624 4770 2974 4838; x_wconf 89' lang='lat' dir='ltr'><strong>temperantia</strong></span> <span class='ocrx_word' id='word_1_842' title='bbox 3013 4771 3082 4824; x_wconf 90' lang='lat' dir='ltr'><strong>sit</strong></span> <span class='ocrx_word' id='word_1_843' title='bbox 3129 4786 3275 4823; x_wconf 78' lang='lat' dir='ltr'><strong>arnor</strong></span> <span class='ocrx_word' id='word_1_844' title='bbox 3332 4773 3598 4840; x_wconf 80' lang='lat' dir='ltr'><strong>integrum</strong></span> 
     </span>
    </p>
   </div>
   <div class='ocr_carea' id='block_1_109' title="bbox 2017 4859 3599 4929">
    <p class='ocr_par' dir='ltr' id='par_1_109' title="bbox 2017 4859 3599 4929">
     <span class='ocr_line' id='line_1_109' title="bbox 2017 4859 3599 4929; baseline 0.005 -18"><span class='ocrx_word' id='word_1_845' title='bbox 2017 4875 2077 4913; x_wconf 88' lang='lat' dir='ltr'><strong>se</strong></span> <span class='ocrx_word' id='word_1_846' title='bbox 2110 4859 2355 4927; x_wconf 63' lang='lat' dir='ltr'><strong>praabens</strong></span> <span class='ocrx_word' id='word_1_847' title='bbox 2400 4859 2452 4916; x_wconf 90' lang='lat' dir='ltr'><strong>ei</strong></span> <span class='ocrx_word' id='word_1_848' title='bbox 2470 4860 2621 4929; x_wconf 81' lang='lat' dir='ltr'><strong>quod</strong></span> <span class='ocrx_word' id='word_1_849' title='bbox 2649 4873 2898 4926; x_wconf 88' lang='lat' dir='ltr'><strong>amatur;</strong></span> <span class='ocrx_word' id='word_1_850' title='bbox 2933 4861 3208 4928; x_wconf 81' lang='lat' dir='ltr'><strong>fortitudo,</strong></span> <span class='ocrx_word' id='word_1_851' title='bbox 3237 4879 3388 4918; x_wconf 90' lang='lat' dir='ltr'><strong>amor</strong></span> <span class='ocrx_word' id='word_1_852' title='bbox 3443 4865 3599 4919; x_wconf 87' lang='lat' dir='ltr'><strong>facile</strong></span> 
     </span>
    </p>
   </div>
   <div class='ocr_carea' id='block_1_110' title="bbox 2021 4953 3601 5025">
    <p class='ocr_par' dir='ltr' id='par_1_110' title="bbox 2021 4953 3601 5025">
     <span class='ocr_line' id='line_1_110' title="bbox 2021 4953 3601 5025; baseline 0.006 -23"><span class='ocrx_word' id='word_1_853' title='bbox 2021 4954 2256 5004; x_wconf 84' lang='lat' dir='ltr'><strong>tolerans</strong></span> <span class='ocrx_word' id='word_1_854' title='bbox 2288 4954 2465 5005; x_wconf 90' lang='lat' dir='ltr'><strong>omnia</strong></span> <span class='ocrx_word' id='word_1_855' title='bbox 2498 4962 2717 5022; x_wconf 74' lang='lat' dir='ltr'><strong>propter</strong></span> <span class='ocrx_word' id='word_1_856' title='bbox 2745 4953 2886 5021; x_wconf 90' lang='lat' dir='ltr'><strong>quod</strong></span> <span class='ocrx_word' id='word_1_857' title='bbox 2931 4966 3169 5018; x_wconf 84' lang='lat' dir='ltr'><strong>amatur;</strong></span> <span class='ocrx_word' id='word_1_858' title='bbox 3197 4955 3404 5025; x_wconf 81' lang='lat' dir='ltr'><strong>ju-titia</strong></span> <span class='ocrx_word' id='word_1_859' title='bbox 3450 4973 3601 5012; x_wconf 88' lang='lat' dir='ltr'><strong>amor</strong></span> 
     </span>
    </p>
   </div>
   <div class='ocr_carea' id='block_1_111' title="bbox 2017 5042 3597 5114">
    <p class='ocr_par' dir='ltr' id='par_1_111' title="bbox 2017 5042 3597 5114">
     <span class='ocr_line' id='line_1_111' title="bbox 2017 5042 3597 5114; baseline 0.005 -21"><span class='ocrx_word' id='word_1_860' title='bbox 2017 5042 2118 5094; x_wconf 89' lang='lat' dir='ltr'><strong>soli</strong></span> <span class='ocrx_word' id='word_1_861' title='bbox 2151 5053 2331 5096; x_wconf 89' lang='lat' dir='ltr'><strong>amato</strong></span> <span class='ocrx_word' id='word_1_862' title='bbox 2359 5045 2605 5098; x_wconf 79' lang='lat' dir='ltr'><strong>serviens</strong></span> <span class='ocrx_word' id='word_1_863' title='bbox 2629 5087 2643 5112; x_wconf 89' lang='lat'><strong>,</strong></span> <span class='ocrx_word' id='word_1_864' title='bbox 2675 5054 2732 5098; x_wconf 89' lang='lat' dir='ltr'><strong>et</strong></span> <span class='ocrx_word' id='word_1_865' title='bbox 2779 5055 3060 5114; x_wconf 88' lang='lat' dir='ltr'><strong>propterea</strong></span> <span class='ocrx_word' id='word_1_866' title='bbox 3097 5058 3240 5100; x_wconf 87' lang='lat' dir='ltr'><strong>recte</strong></span> <span class='ocrx_word' id='word_1_867' title='bbox 3269 5048 3552 5101; x_wconf 88' lang='lat' dir='ltr'><strong>dominans</strong></span> <span class='ocrx_word' id='word_1_868' title='bbox 3581 5063 3597 5101; x_wconf 70' lang='grc' dir='ltr'>ξ</span> 
     </span>
    </p>
   </div>
   <div class='ocr_carea' id='block_1_112' title="bbox 2021 5133 3597 5206">
    <p class='ocr_par' dir='ltr' id='par_1_112' title="bbox 2021 5133 3597 5206">
     <span class='ocr_line' id='line_1_112' title="bbox 2021 5133 3597 5206; baseline 0.003 -22"><span class='ocrx_word' id='word_1_869' title='bbox 2021 5133 2304 5201; x_wconf 89' lang='lat' dir='ltr'><strong>prudentia</strong></span> <span class='ocrx_word' id='word_1_870' title='bbox 2331 5174 2347 5200; x_wconf 90' lang='lat'><strong>,</strong></span> <span class='ocrx_word' id='word_1_871' title='bbox 2383 5150 2532 5189; x_wconf 89' lang='lat' dir='ltr'><strong>amor</strong></span> <span class='ocrx_word' id='word_1_872' title='bbox 2577 5151 2638 5190; x_wconf 88' lang='lat' dir='ltr'><strong>ea</strong></span> <span class='ocrx_word' id='word_1_873' title='bbox 2670 5135 2862 5205; x_wconf 86' lang='lat' dir='ltr'><strong>quibus</strong></span> <span class='ocrx_word' id='word_1_874' title='bbox 2888 5136 3174 5206; x_wconf 86' lang='lat' dir='ltr'><strong>adjuvatur</strong></span> <span class='ocrx_word' id='word_1_875' title='bbox 3211 5138 3278 5191; x_wconf 91' lang='lat' dir='ltr'><strong>ab</strong></span> <span class='ocrx_word' id='word_1_876' title='bbox 3307 5141 3385 5191; x_wconf 89' lang='lat' dir='ltr'><strong>eis</strong></span> <span class='ocrx_word' id='word_1_877' title='bbox 3406 5139 3597 5206; x_wconf 89' lang='lat' dir='ltr'><strong>quibus</strong></span> 
     </span>
    </p>
   </div>
   <div class='ocr_carea' id='block_1_113' title="bbox 2018 5221 3594 5296">
    <p class='ocr_par' dir='ltr' id='par_1_113' title="bbox 2018 5221 3594 5296">
     <span class='ocr_line' id='line_1_113' title="bbox 2018 5221 3594 5296; baseline 0.004 -20"><span class='ocrx_word' id='word_1_878' title='bbox 2018 5221 2308 5292; x_wconf 89' lang='lat' dir='ltr'><strong>impeditur</strong></span> <span class='ocrx_word' id='word_1_879' title='bbox 2352 5226 2617 5294; x_wconf 87' lang='lat' dir='ltr'><strong>sagaciter</strong></span> <span class='ocrx_word' id='word_1_880' title='bbox 2646 5227 2847 5296; x_wconf 76' lang='lat' dir='ltr'><strong>eligens</strong></span> <span class='ocrx_word' id='word_1_881' title='bbox 2881 5245 2896 5286; x_wconf 88' lang='lat'><strong>:</strong></span> <span class='ocrx_word' id='word_1_882' title='bbox 2927 5230 3020 5283; x_wconf 82' lang='lat' dir='ltr'><strong>sed</strong></span> <span class='ocrx_word' id='word_1_883' title='bbox 3054 5229 3192 5282; x_wconf 90' lang='lat' dir='ltr'><strong>hunc</strong></span> <span class='ocrx_word' id='word_1_884' title='bbox 3222 5244 3456 5281; x_wconf 89' lang='lat' dir='ltr'><strong>amorem</strong></span> <span class='ocrx_word' id='word_1_885' title='bbox 3492 5245 3594 5282; x_wconf 85' lang='lat' dir='ltr'><strong>non</strong></span> 
     </span>
    </p>
   </div>
   <div class='ocr_carea' id='block_1_114' title="bbox 2015 5313 3598 5384">
    <p class='ocr_par' dir='ltr' id='par_1_114' title="bbox 2015 5313 3598 5384">
     <span class='ocr_line' id='line_1_114' title="bbox 2015 5313 3598 5384; baseline 0.003 -18"><span class='ocrx_word' id='word_1_886' title='bbox 2015 5313 2339 5382; x_wconf 85' lang='lat' dir='ltr'><strong>enjuslibet,</strong></span> <span class='ocrx_word' id='word_1_887' title='bbox 2373 5315 2468 5369; x_wconf 86' lang='lat' dir='ltr'><strong>sed</strong></span> <span class='ocrx_word' id='word_1_888' title='bbox 2525 5317 2617 5371; x_wconf 92' lang='lat' dir='ltr'><strong>Dei</strong></span> <span class='ocrx_word' id='word_1_889' title='bbox 2655 5333 2777 5373; x_wconf 84' lang='lat' dir='ltr'><strong>esse</strong></span> <span class='ocrx_word' id='word_1_890' title='bbox 2818 5319 3083 5384; x_wconf 89' lang='lat' dir='ltr'><strong>diximus,</strong></span> <span class='ocrx_word' id='word_1_891' title='bbox 3141 5318 3191 5371; x_wconf 91' lang='lat' dir='ltr'><strong>id</strong></span> <span class='ocrx_word' id='word_1_892' title='bbox 3239 5325 3355 5381; x_wconf 90' lang='lat' dir='ltr'><strong>est,</strong></span> <span class='ocrx_word' id='word_1_893' title='bbox 3399 5319 3598 5371; x_wconf 89' lang='lat' dir='ltr'><strong>summi</strong></span> 
     </span>
    </p>
   </div>
   <div class='ocr_carea' id='block_1_115' title="bbox 2015 5405 3593 5477">
    <p class='ocr_par' dir='ltr' id='par_1_115' title="bbox 2015 5405 3593 5477">
     <span class='ocr_line' id='line_1_115' title="bbox 2015 5405 3593 5477; baseline 0.002 -19"><span class='ocrx_word' id='word_1_894' title='bbox 2015 5405 2138 5458; x_wconf 90' lang='lat' dir='ltr'><strong>boni</strong></span> <span class='ocrx_word' id='word_1_895' title='bbox 2168 5447 2182 5470; x_wconf 94' lang='lat'><strong>,</strong></span> <span class='ocrx_word' id='word_1_896' title='bbox 2237 5421 2464 5461; x_wconf 74' lang='lat' dir='ltr'><strong>summa:</strong></span> <span class='ocrx_word' id='word_1_897' title='bbox 2510 5410 2832 5477; x_wconf 76' lang='lat' dir='ltr'><strong>sapientiae,</strong></span> <span class='ocrx_word' id='word_1_898' title='bbox 2886 5424 3217 5474; x_wconf 68' lang='lat' dir='ltr'><strong>summmque</strong></span> <span class='ocrx_word' id='word_1_899' title='bbox 3269 5407 3593 5461; x_wconf 70' lang='lat' dir='ltr'><strong>concordim.</strong></span> 
     </span>
    </p>
   </div>
   <div class='ocr_carea' id='block_1_116' title="bbox 2014 5496 3597 5563">
    <p class='ocr_par' dir='ltr' id='par_1_116' title="bbox 2014 5496 3597 5563">
     <span class='ocr_line' id='line_1_116' title="bbox 2014 5496 3597 5563; baseline 0.003 -17"><span class='ocrx_word' id='word_1_900' title='bbox 2014 5496 2190 5561; x_wconf 88' lang='lat' dir='ltr'><strong>Quare</strong></span> <span class='ocrx_word' id='word_1_901' title='bbox 2232 5496 2457 5552; x_wconf 85' lang='lat' dir='ltr'><strong>delinire</strong></span> <span class='ocrx_word' id='word_1_902' title='bbox 2484 5501 2643 5552; x_wconf 84' lang='lat' dir='ltr'><strong>etiam</strong></span> <span class='ocrx_word' id='word_1_903' title='bbox 2675 5501 2754 5554; x_wconf 91' lang='lat' dir='ltr'><strong>sic</strong></span> <span class='ocrx_word' id='word_1_904' title='bbox 2785 5500 2927 5563; x_wconf 85' lang='lat' dir='ltr'><strong>licet,</strong></span> <span class='ocrx_word' id='word_1_905' title='bbox 2987 5506 3043 5550; x_wconf 92' lang='lat' dir='ltr'><strong>ut</strong></span> <span class='ocrx_word' id='word_1_906' title='bbox 3083 5496 3490 5563; x_wconf 89' lang='lat' dir='ltr'><strong>temperantiam</strong></span> <span class='ocrx_word' id='word_1_907' title='bbox 3515 5497 3597 5550; x_wconf 84' lang='lat' dir='ltr'><strong>di-</strong></span> 
     </span>
    </p>
   </div>
   <div class='ocr_carea' id='block_1_117' title="bbox 2014 5585 3598 5653">
    <p class='ocr_par' dir='ltr' id='par_1_117' title="bbox 2014 5585 3598 5653">
     <span class='ocr_line' id='line_1_117' title="bbox 2014 5585 3598 5653; baseline 0.001 -15"><span class='ocrx_word' id='word_1_908' title='bbox 2014 5599 2196 5638; x_wconf 82' lang='lat' dir='ltr'><strong>eamns</strong></span> <span class='ocrx_word' id='word_1_909' title='bbox 2221 5601 2340 5641; x_wconf 90' lang='lat' dir='ltr'><strong>esse</strong></span> <span class='ocrx_word' id='word_1_910' title='bbox 2369 5602 2607 5641; x_wconf 91' lang='lat' dir='ltr'><strong>amorem</strong></span> <span class='ocrx_word' id='word_1_911' title='bbox 2643 5589 2753 5641; x_wconf 88' lang='lat' dir='ltr'><strong>Deo</strong></span> <span class='ocrx_word' id='word_1_912' title='bbox 2779 5602 2837 5642; x_wconf 91' lang='lat' dir='ltr'><strong>se</strong></span> <span class='ocrx_word' id='word_1_913' title='bbox 2883 5587 3147 5653; x_wconf 82' lang='lat' dir='ltr'><strong>integrum</strong></span> <span class='ocrx_word' id='word_1_914' title='bbox 3204 5585 3598 5653; x_wconf 87' lang='lat' dir='ltr'><strong>incorruptum-</strong></span> 
     </span>
    </p>
   </div>
   <div class='ocr_carea' id='block_1_118' title="bbox 2013 5665 3596 5744">
    <p class='ocr_par' dir='ltr' id='par_1_118' title="bbox 2013 5665 3596 5744">
     <span class='ocr_line' id='line_1_118' title="bbox 2013 5665 3596 5744; baseline 0.001 -16"><span class='ocrx_word' id='word_1_915' title='bbox 2013 5691 2117 5744; x_wconf 89' lang='lat' dir='ltr'><strong>que</strong></span> <span class='ocrx_word' id='word_1_916' title='bbox 2141 5665 2465 5741; x_wconf 79' lang='lat' dir='ltr'><strong>servantem;</strong></span> <span class='ocrx_word' id='word_1_917' title='bbox 2497 5677 2856 5730; x_wconf 78' lang='lat' dir='ltr'><strong>fortitudinem</strong></span> <span class='ocrx_word' id='word_1_918' title='bbox 2881 5689 3138 5743; x_wconf 88' lang='lat' dir='ltr'><strong>amorem,</strong></span> <span class='ocrx_word' id='word_1_919' title='bbox 3165 5689 3343 5729; x_wconf 82' lang='lat' dir='ltr'><strong>omnia</strong></span> <span class='ocrx_word' id='word_1_920' title='bbox 3379 5685 3596 5744; x_wconf 88' lang='lat' dir='ltr'><strong>propter</strong></span> 
     </span>
    </p>
   </div>
   <div class='ocr_carea' id='block_1_119' title="bbox 2020 5766 3594 5836">
    <p class='ocr_par' dir='ltr' id='par_1_119' title="bbox 2020 5766 3594 5836">
     <span class='ocr_line' id='line_1_119' title="bbox 2020 5766 3594 5836; baseline 0.002 -18"><span class='ocrx_word' id='word_1_921' title='bbox 2020 5767 2184 5821; x_wconf 87' lang='lat' dir='ltr'><strong>Deum</strong></span> <span class='ocrx_word' id='word_1_922' title='bbox 2218 5769 2373 5823; x_wconf 89' lang='lat' dir='ltr'><strong>facile</strong></span> <span class='ocrx_word' id='word_1_923' title='bbox 2422 5771 2776 5836; x_wconf 86' lang='lat' dir='ltr'><strong>perferentem</strong></span> <span class='ocrx_word' id='word_1_924' title='bbox 2806 5783 2819 5831; x_wconf 87' lang='lat'><strong>;</strong></span> <span class='ocrx_word' id='word_1_925' title='bbox 2847 5769 3130 5836; x_wconf 83' lang='lat' dir='ltr'><strong>justitiam,</strong></span> <span class='ocrx_word' id='word_1_926' title='bbox 3183 5782 3426 5822; x_wconf 90' lang='lat' dir='ltr'><strong>amorem</strong></span> <span class='ocrx_word' id='word_1_927' title='bbox 3485 5766 3594 5822; x_wconf 88' lang='lat' dir='ltr'><strong>Deo</strong></span> 
     </span>
    </p>
   </div>
   <div class='ocr_carea' id='block_1_120' title="bbox 2016 5860 3587 5931">
    <p class='ocr_par' dir='ltr' id='par_1_120' title="bbox 2016 5860 3587 5931">
     <span class='ocr_line' id='line_1_120' title="bbox 2016 5860 3587 5931; baseline -0.001 -18"><span class='ocrx_word' id='word_1_928' title='bbox 2016 5869 2217 5916; x_wconf 86' lang='lat' dir='ltr'><strong>tantum</strong></span> <span class='ocrx_word' id='word_1_929' title='bbox 2251 5863 2599 5930; x_wconf 84' lang='lat' dir='ltr'><strong>servientem,</strong></span> <span class='ocrx_word' id='word_1_930' title='bbox 2625 5869 2679 5916; x_wconf 88' lang='lat' dir='ltr'><strong>ct</strong></span> <span class='ocrx_word' id='word_1_931' title='bbox 2703 5860 2773 5918; x_wconf 89' lang='lat' dir='ltr'><strong>ob</strong></span> <span class='ocrx_word' id='word_1_932' title='bbox 2802 5862 2900 5917; x_wconf 86' lang='lat' dir='ltr'><strong>hoc</strong></span> <span class='ocrx_word' id='word_1_933' title='bbox 2947 5861 3080 5920; x_wconf 73' lang='lat' dir='ltr'><strong>bene</strong></span> <span class='ocrx_word' id='word_1_934' title='bbox 3111 5862 3459 5931; x_wconf 69' lang='lat' dir='ltr'><strong>impotentem</strong></span> <span class='ocrx_word' id='word_1_935' title='bbox 3487 5873 3587 5914; x_wconf 71' lang='lat' dir='ltr'><strong>cai-</strong></span> 
     </span>
    </p>
   </div>
  </div>
