  <div class='ocr_page' id='page_1' title='image "/cluster/home/n/w/nwhite01/storage/ocr_20150623/62/hvd.32044054758693/291.png"; bbox 0 0 3962 6178; ppageno 0'>
   <div class='ocr_carea' id='block_1_1' title="bbox 400 312 1997 378">
    <p class='ocr_par' dir='ltr' id='par_1_1' title="bbox 400 315 1995 378">
     <span class='ocr_line' id='line_1_1' title="bbox 400 315 1995 378; baseline -0.006 0"><span class='ocrx_word' id='word_1_1' title='bbox 400 324 495 378; x_wconf 71' lang='grc'><strong>571</strong></span> <span class='ocrx_word' id='word_1_2' title='bbox 1489 319 1550 372; x_wconf 91' lang='lat' dir='ltr'><strong>D.</strong></span> <span class='ocrx_word' id='word_1_3' title='bbox 1596 315 1913 375; x_wconf 72' lang='lat' dir='ltr'><strong>EUGYPPII</strong></span> <span class='ocrx_word' id='word_1_4' title='bbox 1955 315 1995 369; x_wconf 80' lang='grc' dir='ltr'><strong>Δ</strong></span> 
     </span>
    </p>
   </div>
   <div class='ocr_carea' id='block_1_2' title="bbox 2104 312 3641 378">
    <p class='ocr_par' dir='ltr' id='par_1_2' title="bbox 2104 312 3641 374">
     <span class='ocr_line' id='line_1_2' title="bbox 2104 312 3641 374; baseline 0.003 -5"><span class='ocrx_word' id='word_1_5' title='bbox 2104 315 2243 371; x_wconf 55' lang='grc' dir='ltr'><strong>ὶτξὸ</strong></span> <span class='ocrx_word' id='word_1_6' title='bbox 2284 312 2600 369; x_wconf 69' lang='grc' dir='ltr'><strong>ΑιηιιεΑΝι</strong></span> <span class='ocrx_word' id='word_1_7' title='bbox 3544 319 3641 374; x_wconf 69' lang='grc' dir='ltr'><strong>5η·</strong></span> 
     </span>
    </p>
   </div>
   <div class='ocr_carea' id='block_1_3' title="bbox 400 423 3640 506">
    <p class='ocr_par' dir='ltr' id='par_1_3' title="bbox 400 423 3640 506">
     <span class='ocr_line' id='line_1_3' title="bbox 400 423 3640 506; baseline -0.005 -15"><span class='ocrx_word' id='word_1_8' title='bbox 400 440 529 492; x_wconf 79' lang='lat' dir='ltr'><strong>teris</strong></span> <span class='ocrx_word' id='word_1_9' title='bbox 550 452 671 506; x_wconf 67' lang='lat' dir='ltr'><strong>qua:</strong></span> <span class='ocrx_word' id='word_1_10' title='bbox 697 436 898 491; x_wconf 89' lang='lat' dir='ltr'><strong>homini</strong></span> <span class='ocrx_word' id='word_1_11' title='bbox 923 435 1159 505; x_wconf 86' lang='lat' dir='ltr'><strong>subjecta</strong></span> <span class='ocrx_word' id='word_1_12' title='bbox 1189 441 1332 497; x_wconf 89' lang='lat' dir='ltr'><strong>sunt;</strong></span> <span class='ocrx_word' id='word_1_13' title='bbox 1358 430 1716 500; x_wconf 87' lang='lat' dir='ltr'><strong>prudentiam,</strong></span> <span class='ocrx_word' id='word_1_14' title='bbox 1738 442 1975 481; x_wconf 84' lang='lat' dir='ltr'><strong>amorem</strong></span> <span class='ocrx_word' id='word_1_15' title='bbox 2013 431 2055 487; x_wconf 73' lang='grc' dir='ltr'>Α</span> <span class='ocrx_word' id='word_1_16' title='bbox 2083 442 2201 496; x_wconf 73' lang='lat' dir='ltr'><strong>qua:</strong></span> <span class='ocrx_word' id='word_1_17' title='bbox 2242 425 2618 494; x_wconf 66' lang='lat' dir='ltr'><strong>praetereundo</strong></span> <span class='ocrx_word' id='word_1_18' title='bbox 2640 424 2694 478; x_wconf 89' lang='lat' dir='ltr'><strong>in</strong></span> <span class='ocrx_word' id='word_1_19' title='bbox 2718 424 2971 479; x_wconf 82' lang='lat' dir='ltr'><strong>memoria</strong></span> <span class='ocrx_word' id='word_1_20' title='bbox 3003 423 3393 493; x_wconf 83' lang='lat' dir='ltr'><strong>derelinquent,</strong></span> <span class='ocrx_word' id='word_1_21' title='bbox 3423 427 3640 494; x_wconf 72' lang='lat' dir='ltr'><strong>reperie-</strong></span> 
     </span>
    </p>
   </div>
   <div class='ocr_carea' id='block_1_4' title="bbox 404 518 1980 596">
    <p class='ocr_par' dir='ltr' id='par_1_4' title="bbox 404 518 1980 596">
     <span class='ocr_line' id='line_1_4' title="bbox 404 518 1980 596; baseline -0.008 -15"><span class='ocrx_word' id='word_1_22' title='bbox 404 530 540 584; x_wconf 84' lang='lat' dir='ltr'><strong>bene</strong></span> <span class='ocrx_word' id='word_1_23' title='bbox 562 518 953 583; x_wconf 67' lang='lat' dir='ltr'><strong>discernentem</strong></span> <span class='ocrx_word' id='word_1_24' title='bbox 983 543 1045 582; x_wconf 88' lang='lat' dir='ltr'><strong>ea</strong></span> <span class='ocrx_word' id='word_1_25' title='bbox 1072 526 1266 596; x_wconf 85' lang='lat' dir='ltr'><strong>quibus</strong></span> <span class='ocrx_word' id='word_1_26' title='bbox 1305 523 1596 592; x_wconf 81' lang='lat' dir='ltr'><strong>adjuvetur</strong></span> <span class='ocrx_word' id='word_1_27' title='bbox 1628 522 1680 573; x_wconf 90' lang='lat' dir='ltr'><strong>in</strong></span> <span class='ocrx_word' id='word_1_28' title='bbox 1714 521 1877 573; x_wconf 83' lang='lat' dir='ltr'><strong>Deum</strong></span> <span class='ocrx_word' id='word_1_29' title='bbox 1911 518 1980 570; x_wconf 89' lang='lat' dir='ltr'><strong>ab</strong></span> 
     </span>
    </p>
   </div>
   <div class='ocr_carea' id='block_1_5' title="bbox 406 608 1983 688">
    <p class='ocr_par' dir='ltr' id='par_1_5' title="bbox 406 608 1983 688">
     <span class='ocr_line' id='line_1_5' title="bbox 406 608 1983 688; baseline -0.007 -18"><span class='ocrx_word' id='word_1_30' title='bbox 406 619 490 672; x_wconf 94' lang='lat' dir='ltr'><strong>his</strong></span> <span class='ocrx_word' id='word_1_31' title='bbox 514 621 708 688; x_wconf 82' lang='lat' dir='ltr'><strong>quibus</strong></span> <span class='ocrx_word' id='word_1_32' title='bbox 748 617 993 685; x_wconf 82' lang='lat' dir='ltr'><strong>impediri</strong></span> <span class='ocrx_word' id='word_1_33' title='bbox 1046 624 1241 684; x_wconf 89' lang='lat' dir='ltr'><strong>potest.</strong></span> <span class='ocrx_word' id='word_1_34' title='bbox 1275 613 1415 678; x_wconf 88' lang='lat' dir='ltr'><strong>Qttid</strong></span> <span class='ocrx_word' id='word_1_35' title='bbox 1444 610 1674 678; x_wconf 82' lang='lat' dir='ltr'><strong>amplius</strong></span> <span class='ocrx_word' id='word_1_36' title='bbox 1715 610 1784 663; x_wconf 90' lang='lat' dir='ltr'><strong>de</strong></span> <span class='ocrx_word' id='word_1_37' title='bbox 1821 608 1983 661; x_wconf 81' lang='lat' dir='ltr'><strong>mori-</strong></span> 
     </span>
    </p>
   </div>
   <div class='ocr_carea' id='block_1_6' title="bbox 409 700 1982 782">
    <p class='ocr_par' dir='ltr' id='par_1_6' title="bbox 409 700 1982 782">
     <span class='ocr_line' id='line_1_6' title="bbox 409 700 1982 782; baseline -0.008 -15"><span class='ocrx_word' id='word_1_38' title='bbox 409 716 507 767; x_wconf 87' lang='lat' dir='ltr'><strong>bus</strong></span> <span class='ocrx_word' id='word_1_39' title='bbox 534 713 847 782; x_wconf 74' lang='lat' dir='ltr'><strong>disputem?</strong></span> <span class='ocrx_word' id='word_1_40' title='bbox 877 712 933 766; x_wconf 87' lang='lat' dir='ltr'><strong>Si</strong></span> <span class='ocrx_word' id='word_1_41' title='bbox 958 714 1101 765; x_wconf 80' lang='lat' dir='ltr'><strong>enim</strong></span> <span class='ocrx_word' id='word_1_42' title='bbox 1142 710 1279 763; x_wconf 85' lang='lat' dir='ltr'><strong>Deus</strong></span> <span class='ocrx_word' id='word_1_43' title='bbox 1318 714 1402 761; x_wconf 84' lang='lat' dir='ltr'><strong>est</strong></span> <span class='ocrx_word' id='word_1_44' title='bbox 1443 719 1710 759; x_wconf 84' lang='lat' dir='ltr'><strong>summum</strong></span> <span class='ocrx_word' id='word_1_45' title='bbox 1749 700 1982 756; x_wconf 79' lang='lat' dir='ltr'><strong>hominis</strong></span> 
     </span>
    </p>
   </div>
   <div class='ocr_carea' id='block_1_7' title="bbox 408 794 1981 870">
    <p class='ocr_par' dir='ltr' id='par_1_7' title="bbox 408 794 1981 870">
     <span class='ocr_line' id='line_1_7' title="bbox 408 794 1981 870; baseline -0.006 -13"><span class='ocrx_word' id='word_1_46' title='bbox 408 807 603 858; x_wconf 87' lang='lat' dir='ltr'><strong>bonttm</strong></span> <span class='ocrx_word' id='word_1_47' title='bbox 627 844 641 867; x_wconf 92' lang='lat'><strong>,</strong></span> <span class='ocrx_word' id='word_1_48' title='bbox 671 804 811 869; x_wconf 89' lang='lat' dir='ltr'><strong>quod</strong></span> <span class='ocrx_word' id='word_1_49' title='bbox 855 801 1034 870; x_wconf 86' lang='lat' dir='ltr'><strong>negari</strong></span> <span class='ocrx_word' id='word_1_50' title='bbox 1068 815 1174 853; x_wconf 90' lang='lat' dir='ltr'><strong>non</strong></span> <span class='ocrx_word' id='word_1_51' title='bbox 1209 807 1415 867; x_wconf 85' lang='lat' dir='ltr'><strong>potest,</strong></span> <span class='ocrx_word' id='word_1_52' title='bbox 1459 798 1704 865; x_wconf 89' lang='lat' dir='ltr'><strong>sequitur</strong></span> <span class='ocrx_word' id='word_1_53' title='bbox 1726 794 1981 864; x_wconf 85' lang='lat' dir='ltr'><strong>quoniam</strong></span> 
     </span>
    </p>
   </div>
   <div class='ocr_carea' id='block_1_8' title="bbox 406 884 1982 960">
    <p class='ocr_par' dir='ltr' id='par_1_8' title="bbox 406 884 1982 960">
     <span class='ocr_line' id='line_1_8' title="bbox 406 884 1982 960; baseline -0.008 -12"><span class='ocrx_word' id='word_1_54' title='bbox 406 910 671 948; x_wconf 87' lang='lat' dir='ltr'><strong>summum</strong></span> <span class='ocrx_word' id='word_1_55' title='bbox 703 895 897 946; x_wconf 89' lang='lat' dir='ltr'><strong>bonum</strong></span> <span class='ocrx_word' id='word_1_56' title='bbox 927 903 1181 960; x_wconf 63' lang='lat' dir='ltr'><strong>appetere</strong></span> <span class='ocrx_word' id='word_1_57' title='bbox 1207 899 1291 946; x_wconf 87' lang='lat' dir='ltr'><strong>est</strong></span> <span class='ocrx_word' id='word_1_58' title='bbox 1320 889 1457 943; x_wconf 89' lang='lat' dir='ltr'><strong>bene</strong></span> <span class='ocrx_word' id='word_1_59' title='bbox 1495 889 1675 941; x_wconf 85' lang='lat' dir='ltr'><strong>vivere</strong></span> <span class='ocrx_word' id='word_1_60' title='bbox 1698 924 1713 948; x_wconf 90' lang='lat'><strong>,</strong></span> <span class='ocrx_word' id='word_1_61' title='bbox 1757 895 1813 939; x_wconf 92' lang='lat' dir='ltr'><strong>ut</strong></span> <span class='ocrx_word' id='word_1_62' title='bbox 1852 884 1982 937; x_wconf 86' lang='lat' dir='ltr'><strong>nihil</strong></span> 
     </span>
    </p>
   </div>
   <div class='ocr_carea' id='block_1_9' title="bbox 409 979 1980 1051">
    <p class='ocr_par' dir='ltr' id='par_1_9' title="bbox 409 979 1980 1051">
     <span class='ocr_line' id='line_1_9' title="bbox 409 979 1980 1051; baseline -0.007 -14"><span class='ocrx_word' id='word_1_63' title='bbox 409 986 480 1039; x_wconf 87' lang='lat' dir='ltr'><strong>sit</strong></span> <span class='ocrx_word' id='word_1_64' title='bbox 502 984 641 1038; x_wconf 80' lang='lat' dir='ltr'><strong>aliud</strong></span> <span class='ocrx_word' id='word_1_65' title='bbox 672 984 808 1038; x_wconf 71' lang='lat' dir='ltr'><strong>bene</strong></span> <span class='ocrx_word' id='word_1_66' title='bbox 835 984 1022 1037; x_wconf 82' lang='lat' dir='ltr'><strong>vivere</strong></span> <span class='ocrx_word' id='word_1_67' title='bbox 1060 999 1217 1051; x_wconf 88' lang='lat' dir='ltr'><strong>quam</strong></span> <span class='ocrx_word' id='word_1_68' title='bbox 1254 991 1364 1035; x_wconf 88' lang='lat' dir='ltr'><strong>toto</strong></span> <span class='ocrx_word' id='word_1_69' title='bbox 1413 979 1606 1037; x_wconf 84' lang='lat' dir='ltr'><strong>corde.</strong></span> <span class='ocrx_word' id='word_1_70' title='bbox 1640 985 1748 1032; x_wconf 88' lang='lat' dir='ltr'><strong>tota</strong></span> <span class='ocrx_word' id='word_1_71' title='bbox 1781 979 1980 1037; x_wconf 77' lang='lat' dir='ltr'><strong>anima,</strong></span> 
     </span>
    </p>
   </div>
   <div class='ocr_carea' id='block_1_10' title="bbox 407 1068 1987 1144">
    <p class='ocr_par' dir='ltr' id='par_1_10' title="bbox 407 1068 1987 1144">
     <span class='ocr_line' id='line_1_10' title="bbox 407 1068 1987 1144; baseline -0.005 -18"><span class='ocrx_word' id='word_1_72' title='bbox 407 1083 518 1127; x_wconf 89' lang='lat' dir='ltr'><strong>tota</strong></span> <span class='ocrx_word' id='word_1_73' title='bbox 550 1088 727 1129; x_wconf 88' lang='lat' dir='ltr'><strong>mente</strong></span> <span class='ocrx_word' id='word_1_74' title='bbox 771 1074 997 1144; x_wconf 76' lang='lat' dir='ltr'><strong>diligere</strong></span> <span class='ocrx_word' id='word_1_75' title='bbox 1037 1073 1206 1127; x_wconf 88' lang='lat' dir='ltr'><strong>Deum</strong></span> <span class='ocrx_word' id='word_1_76' title='bbox 1246 1087 1276 1125; x_wconf 86' lang='lat' dir='ltr'><strong>a</strong></span> <span class='ocrx_word' id='word_1_77' title='bbox 1315 1087 1423 1140; x_wconf 85' lang='lat' dir='ltr'><strong>quo</strong></span> <span class='ocrx_word' id='word_1_78' title='bbox 1463 1068 1685 1132; x_wconf 70' lang='lat' dir='ltr'><strong>existit,</strong></span> <span class='ocrx_word' id='word_1_79' title='bbox 1718 1078 1775 1121; x_wconf 92' lang='lat' dir='ltr'><strong>ut</strong></span> <span class='ocrx_word' id='word_1_80' title='bbox 1807 1068 1987 1129; x_wconf 73' lang='lat' dir='ltr'><strong>illl&#39;Ol&#39;r</strong></span> 
     </span>
    </p>
   </div>
   <div class='ocr_carea' id='block_1_11' title="bbox 410 1156 1984 1234">
    <p class='ocr_par' dir='ltr' id='par_1_11' title="bbox 410 1156 1984 1234">
     <span class='ocr_line' id='line_1_11' title="bbox 410 1156 1984 1234; baseline -0.006 -15"><span class='ocrx_word' id='word_1_81' title='bbox 410 1176 597 1234; x_wconf 88' lang='lat' dir='ltr'><strong>ruptus</strong></span> <span class='ocrx_word' id='word_1_82' title='bbox 626 1168 675 1218; x_wconf 91' lang='lat' dir='ltr'><strong>in</strong></span> <span class='ocrx_word' id='word_1_83' title='bbox 702 1181 768 1220; x_wconf 92' lang='lat' dir='ltr'><strong>eo</strong></span> <span class='ocrx_word' id='word_1_84' title='bbox 805 1180 959 1218; x_wconf 89' lang='lat' dir='ltr'><strong>amor</strong></span> <span class='ocrx_word' id='word_1_85' title='bbox 996 1172 1159 1232; x_wconf 88' lang='lat' dir='ltr'><strong>atque</strong></span> <span class='ocrx_word' id='word_1_86' title='bbox 1198 1165 1402 1230; x_wconf 78' lang='lat' dir='ltr'><strong>inti-ger</strong></span> <span class='ocrx_word' id='word_1_87' title='bbox 1439 1159 1805 1223; x_wconf 69' lang='lat' dir='ltr'><strong>custodiatur,</strong></span> <span class='ocrx_word' id='word_1_88' title='bbox 1843 1156 1984 1226; x_wconf 89' lang='lat' dir='ltr'><strong>quod</strong></span> 
     </span>
    </p>
   </div>
   <div class='ocr_carea' id='block_1_12' title="bbox 410 1245 1985 1322">
    <p class='ocr_par' dir='ltr' id='par_1_12' title="bbox 410 1245 1985 1322">
     <span class='ocr_line' id='line_1_12' title="bbox 410 1245 1985 1322; baseline -0.006 -14"><span class='ocrx_word' id='word_1_89' title='bbox 410 1266 493 1308; x_wconf 83' lang='lat' dir='ltr'><strong>est</strong></span> <span class='ocrx_word' id='word_1_90' title='bbox 519 1255 915 1322; x_wconf 56' lang='lat' dir='ltr'><strong>temperantiae;</strong></span> <span class='ocrx_word' id='word_1_91' title='bbox 953 1253 1112 1307; x_wconf 89' lang='lat' dir='ltr'><strong>nullis</strong></span> <span class='ocrx_word' id='word_1_92' title='bbox 1145 1254 1416 1320; x_wconf 82' lang='lat' dir='ltr'><strong>frangatur</strong></span> <span class='ocrx_word' id='word_1_93' title='bbox 1444 1248 1817 1311; x_wconf 83' lang='lat' dir='ltr'><strong>incommodis,</strong></span> <span class='ocrx_word' id='word_1_94' title='bbox 1844 1245 1985 1315; x_wconf 88' lang='lat' dir='ltr'><strong>quod</strong></span> 
     </span>
    </p>
   </div>
   <div class='ocr_carea' id='block_1_13' title="bbox 382 1338 1990 1415">
    <p class='ocr_par' dir='ltr' id='par_1_13' title="bbox 382 1338 1990 1415">
     <span class='ocr_line' id='line_1_13' title="bbox 382 1338 1990 1415; baseline -0.007 -14"><span class='ocrx_word' id='word_1_95' title='bbox 382 1356 461 1401; x_wconf 84' lang='lat' dir='ltr'><strong>est</strong></span> <span class='ocrx_word' id='word_1_96' title='bbox 475 1345 955 1415; x_wconf 71' lang='lat' dir='ltr'><strong>fortitudinismulli</strong></span> <span class='ocrx_word' id='word_1_97' title='bbox 970 1344 1057 1398; x_wconf 90' lang='lat' dir='ltr'><strong>alii</strong></span> <span class='ocrx_word' id='word_1_98' title='bbox 1075 1342 1445 1411; x_wconf 86' lang='lat' dir='ltr'><strong>serviat,quod</strong></span> <span class='ocrx_word' id='word_1_99' title='bbox 1460 1340 1793 1408; x_wconf 72' lang='lat' dir='ltr'><strong>estjustitite;</strong></span> <span class='ocrx_word' id='word_1_100' title='bbox 1809 1338 1990 1407; x_wconf 86' lang='lat' dir='ltr'><strong>vigilet</strong></span> 
     </span>
    </p>
   </div>
   <div class='ocr_carea' id='block_1_14' title="bbox 411 1430 1990 1502">
    <p class='ocr_par' dir='ltr' id='par_1_14' title="bbox 411 1430 1990 1502">
     <span class='ocr_line' id='line_1_14' title="bbox 411 1430 1990 1502; baseline -0.006 -9"><span class='ocrx_word' id='word_1_101' title='bbox 411 1442 463 1493; x_wconf 90' lang='lat' dir='ltr'><strong>in</strong></span> <span class='ocrx_word' id='word_1_102' title='bbox 503 1438 872 1492; x_wconf 73' lang='lat' dir='ltr'><strong>discernendis</strong></span> <span class='ocrx_word' id='word_1_103' title='bbox 912 1439 1106 1500; x_wconf 87' lang='lat' dir='ltr'><strong>rebus,</strong></span> <span class='ocrx_word' id='word_1_104' title='bbox 1147 1451 1214 1491; x_wconf 90' lang='lat' dir='ltr'><strong>ne</strong></span> <span class='ocrx_word' id='word_1_105' title='bbox 1253 1436 1460 1488; x_wconf 90' lang='lat' dir='ltr'><strong>fallacia</strong></span> <span class='ocrx_word' id='word_1_106' title='bbox 1490 1432 1743 1502; x_wconf 87' lang='lat' dir='ltr'><strong>paulatim</strong></span> <span class='ocrx_word' id='word_1_107' title='bbox 1768 1430 1990 1485; x_wconf 71' lang='lat' dir='ltr'><strong>doiusve</strong></span> 
     </span>
    </p>
   </div>
   <div class='ocr_carea' id='block_1_15' title="bbox 413 1526 1987 1601">
    <p class='ocr_par' dir='ltr' id='par_1_15' title="bbox 413 1526 1987 1601">
     <span class='ocr_line' id='line_1_15' title="bbox 413 1526 1987 1601; baseline -0.006 -14"><span class='ocrx_word' id='word_1_108' title='bbox 413 1533 687 1601; x_wconf 82' lang='lat' dir='ltr'><strong>subrepat,</strong></span> <span class='ocrx_word' id='word_1_109' title='bbox 706 1532 858 1601; x_wconf 67' lang='lat' dir='ltr'><strong>&#39;qttod</strong></span> <span class='ocrx_word' id='word_1_110' title='bbox 884 1540 966 1586; x_wconf 91' lang='lat' dir='ltr'><strong>est</strong></span> <span class='ocrx_word' id='word_1_111' title='bbox 1006 1529 1325 1599; x_wconf 70' lang='lat' dir='ltr'><strong>prudentia).</strong></span> <span class='ocrx_word' id='word_1_112' title='bbox 1362 1528 1485 1581; x_wconf 64' lang='lat' dir='ltr'><strong>Haec</strong></span> <span class='ocrx_word' id='word_1_113' title='bbox 1514 1537 1595 1582; x_wconf 89' lang='lat' dir='ltr'><strong>est</strong></span> <span class='ocrx_word' id='word_1_114' title='bbox 1625 1526 1859 1579; x_wconf 91' lang='lat' dir='ltr'><strong>hominis</strong></span> <span class='ocrx_word' id='word_1_115' title='bbox 1887 1539 1987 1578; x_wconf 84' lang='lat' dir='ltr'><strong>t-na</strong></span> 
     </span>
    </p>
   </div>
   <div class='ocr_carea' id='block_1_16' title="bbox 412 1615 1990 1693">
    <p class='ocr_par' dir='ltr' id='par_1_16' title="bbox 412 1615 1990 1693">
     <span class='ocr_line' id='line_1_16' title="bbox 412 1615 1990 1693; baseline -0.007 -13"><span class='ocrx_word' id='word_1_116' title='bbox 412 1624 702 1693; x_wconf 88' lang='lat' dir='ltr'><strong>perfectio,</strong></span> <span class='ocrx_word' id='word_1_117' title='bbox 761 1639 883 1693; x_wconf 73' lang='lat' dir='ltr'><strong>qua:</strong></span> <span class='ocrx_word' id='word_1_118' title='bbox 920 1625 1036 1677; x_wconf 90' lang='lat' dir='ltr'><strong>sola</strong></span> <span class='ocrx_word' id='word_1_119' title='bbox 1077 1624 1325 1691; x_wconf 84' lang='lat' dir='ltr'><strong>impetrat</strong></span> <span class='ocrx_word' id='word_1_120' title='bbox 1388 1630 1444 1673; x_wconf 91' lang='lat' dir='ltr'><strong>ut</strong></span> <span class='ocrx_word' id='word_1_121' title='bbox 1487 1620 1728 1674; x_wconf 87' lang='lat' dir='ltr'><strong>veritatis</strong></span> <span class='ocrx_word' id='word_1_122' title='bbox 1770 1615 1990 1670; x_wconf 82' lang='lat' dir='ltr'><strong>sinceri-</strong></span> 
     </span>
    </p>
   </div>
   <div class='ocr_carea' id='block_1_17' title="bbox 413 1715 1991 1785">
    <p class='ocr_par' dir='ltr' id='par_1_17' title="bbox 413 1715 1991 1785">
     <span class='ocr_line' id='line_1_17' title="bbox 413 1715 1991 1785; baseline -0.007 -14"><span class='ocrx_word' id='word_1_123' title='bbox 413 1727 520 1771; x_wconf 91' lang='lat' dir='ltr'><strong>tate</strong></span> <span class='ocrx_word' id='word_1_124' title='bbox 550 1716 873 1785; x_wconf 82' lang='lat' dir='ltr'><strong>perfruatur.</strong></span> <span class='ocrx_word' id='word_1_125' title='bbox 908 1715 1031 1769; x_wconf 71' lang='lat' dir='ltr'><strong>Hazc</strong></span> <span class='ocrx_word' id='word_1_126' title='bbox 1063 1715 1217 1767; x_wconf 85' lang='lat' dir='ltr'><strong>nobis</strong></span> <span class='ocrx_word' id='word_1_127' title='bbox 1246 1715 1591 1766; x_wconf 82' lang='lat' dir='ltr'><strong>Testamento</strong></span> <span class='ocrx_word' id='word_1_128' title='bbox 1613 1720 1836 1778; x_wconf 90' lang='lat' dir='ltr'><strong>utroque</strong></span> <span class='ocrx_word' id='word_1_129' title='bbox 1863 1724 1991 1761; x_wconf 89' lang='lat' dir='ltr'><strong>con-</strong></span> 
     </span>
    </p>
   </div>
   <div class='ocr_carea' id='block_1_18' title="bbox 2085 506 3640 589">
    <p class='ocr_par' dir='ltr' id='par_1_18' title="bbox 2085 506 3640 589">
     <span class='ocr_line' id='line_1_18' title="bbox 2085 506 3640 589; baseline 0.002 -18"><span class='ocrx_word' id='word_1_130' title='bbox 2085 533 2206 571; x_wconf 88' lang='lat' dir='ltr'><strong>mus</strong></span> <span class='ocrx_word' id='word_1_131' title='bbox 2238 536 2253 570; x_wconf 85' lang='lat'><strong>:</strong></span> <span class='ocrx_word' id='word_1_132' title='bbox 2286 518 2407 588; x_wconf 86' lang='lat' dir='ltr'><strong>quia</strong></span> <span class='ocrx_word' id='word_1_133' title='bbox 2456 529 2508 572; x_wconf 91' lang='lat' dir='ltr'><strong>et</strong></span> <span class='ocrx_word' id='word_1_134' title='bbox 2542 527 2669 571; x_wconf 88' lang='lat' dir='ltr'><strong>tunc</strong></span> <span class='ocrx_word' id='word_1_135' title='bbox 2725 517 2940 570; x_wconf 85' lang='lat' dir='ltr'><strong>trinitas</strong></span> <span class='ocrx_word' id='word_1_136' title='bbox 2981 517 3108 579; x_wconf 87' lang='lat' dir='ltr'><strong>erit,</strong></span> <span class='ocrx_word' id='word_1_137' title='bbox 3149 532 3272 572; x_wconf 89' lang='lat' dir='ltr'><strong>cum</strong></span> <span class='ocrx_word' id='word_1_138' title='bbox 3322 506 3442 573; x_wconf 62' lang='lat' dir='ltr'><strong>illud</strong></span> <span class='ocrx_word' id='word_1_139' title='bbox 3471 522 3640 589; x_wconf 84' lang='lat' dir='ltr'><strong>quale-</strong></span> 
     </span>
    </p>
   </div>
   <div class='ocr_carea' id='block_1_19' title="bbox 2084 608 3644 677">
    <p class='ocr_par' dir='ltr' id='par_1_19' title="bbox 2084 608 3644 677">
     <span class='ocr_line' id='line_1_19' title="bbox 2084 608 3644 677; baseline 0.003 -16"><span class='ocrx_word' id='word_1_140' title='bbox 2084 624 2293 677; x_wconf 86' lang='lat' dir='ltr'><strong>cunque</strong></span> <span class='ocrx_word' id='word_1_141' title='bbox 2339 609 2659 677; x_wconf 79' lang='lat' dir='ltr'><strong>vestigium,</strong></span> <span class='ocrx_word' id='word_1_142' title='bbox 2727 618 2784 661; x_wconf 89' lang='lat' dir='ltr'><strong>et</strong></span> <span class='ocrx_word' id='word_1_143' title='bbox 2848 608 3164 662; x_wconf 89' lang='lat' dir='ltr'><strong>memoriter</strong></span> <span class='ocrx_word' id='word_1_144' title='bbox 3212 610 3544 674; x_wconf 80' lang='lat' dir='ltr'><strong>retinebitur,</strong></span> <span class='ocrx_word' id='word_1_145' title='bbox 3590 620 3644 667; x_wconf 87' lang='lat' dir='ltr'><strong>et</strong></span> 
     </span>
    </p>
   </div>
   <div class='ocr_carea' id='block_1_20' title="bbox 2085 700 3644 770">
    <p class='ocr_par' dir='ltr' id='par_1_20' title="bbox 2085 700 3644 770">
     <span class='ocr_line' id='line_1_20' title="bbox 2085 700 3644 770; baseline 0.002 -17"><span class='ocrx_word' id='word_1_146' title='bbox 2085 708 2404 768; x_wconf 80' lang='lat' dir='ltr'><strong>agnoseetur</strong></span> <span class='ocrx_word' id='word_1_147' title='bbox 2430 700 2694 755; x_wconf 86' lang='lat' dir='ltr'><strong>veraciter</strong></span> <span class='ocrx_word' id='word_1_148' title='bbox 2722 739 2737 764; x_wconf 94' lang='lat'><strong>,</strong></span> <span class='ocrx_word' id='word_1_149' title='bbox 2766 710 2817 755; x_wconf 91' lang='lat' dir='ltr'><strong>et</strong></span> <span class='ocrx_word' id='word_1_150' title='bbox 2852 700 2953 754; x_wconf 91' lang='lat' dir='ltr'><strong>hoc</strong></span> <span class='ocrx_word' id='word_1_151' title='bbox 2982 708 3266 770; x_wconf 88' lang='lat' dir='ltr'><strong>utrumque</strong></span> <span class='ocrx_word' id='word_1_152' title='bbox 3292 700 3439 754; x_wconf 85' lang='lat' dir='ltr'><strong>tertia</strong></span> <span class='ocrx_word' id='word_1_153' title='bbox 3464 701 3644 756; x_wconf 81' lang='lat' dir='ltr'><strong>volun-</strong></span> 
     </span>
    </p>
   </div>
   <div class='ocr_carea' id='block_1_21' title="bbox 2086 780 3313 860">
    <p class='ocr_par' dir='ltr' id='par_1_21' title="bbox 2086 780 3313 860">
     <span class='ocr_line' id='line_1_21' title="bbox 2086 780 3313 860; baseline -0.004 -16"><span class='ocrx_word' id='word_1_154' title='bbox 2086 780 2192 845; x_wconf 74' lang='lat' dir='ltr'><strong>tate</strong></span> <span class='ocrx_word' id='word_1_155' title='bbox 2214 789 2493 860; x_wconf 70' lang='lat' dir='ltr'><strong>iungetur.</strong></span> <span class='ocrx_word' id='word_1_156' title='bbox 3290 830 3313 839; x_wconf 88' lang='lat'><strong>-</strong></span> 
     </span>
    </p>
   </div>
   <div class='ocr_carea' id='block_1_22' title="bbox 2703 879 3051 936">
    <p class='ocr_par' dir='ltr' id='par_1_22' title="bbox 2703 879 3051 936">
     <span class='ocr_line' id='line_1_22' title="bbox 2703 879 3051 936; baseline 0.003 -1"><span class='ocrx_word' id='word_1_157' title='bbox 2703 880 2929 936; x_wconf 82' lang='lat' dir='ltr'><strong>CAPUT</strong></span> <span class='ocrx_word' id='word_1_158' title='bbox 2965 879 3051 936; x_wconf 82' lang='lat' dir='ltr'><strong>IV.</strong></span> 
     </span>
    </p>
   </div>
   <div class='ocr_carea' id='block_1_23' title="bbox 2086 970 3650 1042">
    <p class='ocr_par' dir='ltr' id='par_1_23' title="bbox 2086 970 3650 1042">
     <span class='ocr_line' id='line_1_23' title="bbox 2086 970 3650 1042; baseline -0.003 -15"><span class='ocrx_word' id='word_1_159' title='bbox 2086 972 2167 1027; x_wconf 80' lang='lat' dir='ltr'><strong>De</strong></span> <span class='ocrx_word' id='word_1_160' title='bbox 2191 982 2411 1042; x_wconf 79' lang='lat' dir='ltr'><strong>quatuor</strong></span> <span class='ocrx_word' id='word_1_161' title='bbox 2437 973 2815 1038; x_wconf 72' lang='lat' dir='ltr'><strong>eihi-tionibus,</strong></span> <span class='ocrx_word' id='word_1_162' title='bbox 2844 988 2975 1037; x_wconf 81' lang='lat' dir='ltr'><strong>quas</strong></span> <span class='ocrx_word' id='word_1_163' title='bbox 3005 988 3035 1022; x_wconf 85' lang='grc' dir='ltr'><strong>α</strong></span> <span class='ocrx_word' id='word_1_164' title='bbox 3056 970 3299 1042; x_wconf 75' lang='lat' dir='ltr'><strong>Cicerone</strong></span> <span class='ocrx_word' id='word_1_165' title='bbox 3326 971 3650 1039; x_wconf 79' lang='lat' dir='ltr'><strong>perturbatio-</strong></span> 
     </span>
    </p>
   </div>
   <div class='ocr_carea' id='block_1_24' title="bbox 2160 1041 3648 1111">
    <p class='ocr_par' dir='ltr' id='par_1_24' title="bbox 2160 1041 3648 1111">
     <span class='ocr_line' id='line_1_24' title="bbox 2160 1041 3648 1111; baseline -0.002 -16"><span class='ocrx_word' id='word_1_166' title='bbox 2160 1061 2268 1108; x_wconf 74' lang='lat' dir='ltr'><strong>nes,</strong></span> <span class='ocrx_word' id='word_1_167' title='bbox 2295 1044 2355 1096; x_wconf 66' lang='lat' dir='ltr'><strong>ob</strong></span> <span class='ocrx_word' id='word_1_168' title='bbox 2381 1046 2501 1096; x_wconf 85' lang='lat' dir='ltr'><strong>aliis</strong></span> <span class='ocrx_word' id='word_1_169' title='bbox 2534 1043 2796 1107; x_wconf 72' lang='lat' dir='ltr'><strong>passiones</strong></span> <span class='ocrx_word' id='word_1_170' title='bbox 2840 1042 3150 1111; x_wconf 53' lang='lat' dir='ltr'><strong>appellatas,</strong></span> <span class='ocrx_word' id='word_1_171' title='bbox 3204 1041 3444 1109; x_wconf 79' lang='lat' dir='ltr'><strong>Virgitius</strong></span> <span class='ocrx_word' id='word_1_172' title='bbox 3474 1042 3648 1095; x_wconf 78' lang='lat' dir='ltr'><strong>homini</strong></span> 
     </span>
    </p>
   </div>
   <div class='ocr_carea' id='block_1_25' title="bbox 2159 1111 3650 1235">
    <p class='ocr_par' dir='ltr' id='par_1_25' title="bbox 2159 1111 3650 1235">
     <span class='ocr_line' id='line_1_25' title="bbox 2159 1111 3650 1235; baseline -0.001 -70"><span class='ocrx_word' id='word_1_173' title='bbox 2159 1132 2286 1235; x_wconf 59' lang='grc' dir='ltr'><strong>ιίἶορ</strong></span> <span class='ocrx_word' id='word_1_174' title='bbox 2309 1131 2365 1166; x_wconf 84' lang='lat' dir='ltr'><strong>er</strong></span> <span class='ocrx_word' id='word_1_175' title='bbox 2394 1130 2599 1166; x_wconf 85' lang='lat' dir='ltr'><strong>carnem</strong></span> <span class='ocrx_word' id='word_1_176' title='bbox 2620 1115 2781 1167; x_wconf 84' lang='lat' dir='ltr'><strong>inesse</strong></span> <span class='ocrx_word' id='word_1_177' title='bbox 2804 1112 2934 1165; x_wconf 76' lang='lat' dir='ltr'><strong>dixit</strong></span> <span class='ocrx_word' id='word_1_178' title='bbox 2958 1128 2977 1176; x_wconf 90' lang='lat'><strong><em>;</em></strong></span> <span class='ocrx_word' id='word_1_179' title='bbox 3005 1128 3066 1166; x_wconf 76' lang='lat' dir='ltr'><strong>ex</strong></span> <span class='ocrx_word' id='word_1_180' title='bbox 3092 1111 3221 1165; x_wconf 85' lang='lat' dir='ltr'><strong>libro</strong></span> <span class='ocrx_word' id='word_1_181' title='bbox 3249 1128 3333 1166; x_wconf 64' lang='grc' dir='ltr'><strong>λιν</strong></span> <span class='ocrx_word' id='word_1_182' title='bbox 3368 1112 3427 1165; x_wconf 74' lang='lat' dir='ltr'><strong>de</strong></span> <span class='ocrx_word' id='word_1_183' title='bbox 3457 1111 3650 1166; x_wconf 80' lang='lat' dir='ltr'><strong>Civitate</strong></span> 
     </span>
     <span class='ocr_line' id='line_1_26' title="bbox 2213 1202 2278 1235; baseline 0 0"><span class='ocrx_word' id='word_1_184' title='bbox 2213 1202 2278 1235; x_wconf 76' lang='grc' dir='ltr'><strong>ιί.</strong></span> 
     </span>
    </p>
   </div>
   <div class='ocr_carea' id='block_1_26' title="bbox 2213 1202 2278 1236">
    <p class='ocr_par' dir='ltr' id='par_1_26' title="bbox 2213 1202 2278 1236">
     <span class='ocr_line' id='line_1_27' title="bbox 2213 1202 2278 1236; baseline 0 0"><span class='ocrx_word' id='word_1_185' title='bbox 2213 1202 2254 1236; x_wconf 80' lang='grc' dir='ltr'><strong><em>ιί</em></strong></span> <span class='ocrx_word' id='word_1_186' title='bbox 2266 1224 2278 1236; x_wconf 87' lang='grc'><strong>.</strong></span> 
     </span>
    </p>
   </div>
   <div class='ocr_carea' id='block_1_27' title="bbox 2160 1272 3641 1344">
    <p class='ocr_par' dir='ltr' id='par_1_27' title="bbox 2160 1272 3641 1344">
     <span class='ocr_line' id='line_1_28' title="bbox 2160 1272 3641 1344; baseline -0.001 -16"><span class='ocrx_word' id='word_1_187' title='bbox 2160 1274 2527 1344; x_wconf 77' lang='lat' dir='ltr'><strong>Aggravamur</strong></span> <span class='ocrx_word' id='word_1_188' title='bbox 2555 1289 2682 1342; x_wconf 86' lang='lat' dir='ltr'><strong>ergo</strong></span> <span class='ocrx_word' id='word_1_189' title='bbox 2711 1273 3044 1342; x_wconf 88' lang='lat' dir='ltr'><strong>corruptibili</strong></span> <span class='ocrx_word' id='word_1_190' title='bbox 3094 1287 3353 1341; x_wconf 88' lang='lat' dir='ltr'><strong>corpore,</strong></span> <span class='ocrx_word' id='word_1_191' title='bbox 3401 1282 3452 1328; x_wconf 89' lang='lat' dir='ltr'><strong>et</strong></span> <span class='ocrx_word' id='word_1_192' title='bbox 3488 1272 3641 1342; x_wconf 77' lang='lat' dir='ltr'><strong>ipsius</strong></span> 
     </span>
    </p>
   </div>
   <div class='ocr_carea' id='block_1_28' title="bbox 2090 1364 3656 1433">
    <p class='ocr_par' dir='ltr' id='par_1_28' title="bbox 2090 1364 3656 1433">
     <span class='ocr_line' id='line_1_29' title="bbox 2090 1364 3656 1433; baseline 0.001 -16"><span class='ocrx_word' id='word_1_193' title='bbox 2090 1364 2481 1433; x_wconf 79' lang='lat' dir='ltr'><strong>aggravationis</strong></span> <span class='ocrx_word' id='word_1_194' title='bbox 2519 1379 2735 1419; x_wconf 75' lang='lat' dir='ltr'><strong>causam</strong></span> <span class='ocrx_word' id='word_1_195' title='bbox 2755 1405 2771 1431; x_wconf 92' lang='lat'><strong>,</strong></span> <span class='ocrx_word' id='word_1_196' title='bbox 2803 1378 2909 1418; x_wconf 89' lang='lat' dir='ltr'><strong>non</strong></span> <span class='ocrx_word' id='word_1_197' title='bbox 2940 1373 3187 1418; x_wconf 81' lang='lat' dir='ltr'><strong>naturam</strong></span> <span class='ocrx_word' id='word_1_198' title='bbox 3219 1365 3656 1432; x_wconf 84' lang='lat' dir='ltr'><strong>substantiamque</strong></span> 
     </span>
    </p>
   </div>
   <div class='ocr_carea' id='block_1_29' title="bbox 2091 1455 3655 1525">
    <p class='ocr_par' dir='ltr' id='par_1_29' title="bbox 2091 1455 3655 1525">
     <span class='ocr_line' id='line_1_30' title="bbox 2091 1455 3655 1525; baseline -0.001 -15"><span class='ocrx_word' id='word_1_199' title='bbox 2091 1456 2355 1524; x_wconf 91' lang='lat' dir='ltr'><strong>corporis,</strong></span> <span class='ocrx_word' id='word_1_200' title='bbox 2395 1456 2488 1510; x_wconf 89' lang='lat' dir='ltr'><strong>sed</strong></span> <span class='ocrx_word' id='word_1_201' title='bbox 2537 1455 2654 1525; x_wconf 85' lang='lat' dir='ltr'><strong>ejus</strong></span> <span class='ocrx_word' id='word_1_202' title='bbox 2700 1455 3100 1521; x_wconf 82' lang='lat' dir='ltr'><strong>corruptionem</strong></span> <span class='ocrx_word' id='word_1_203' title='bbox 3144 1456 3395 1519; x_wconf 81' lang='lat' dir='ltr'><strong>scientes,</strong></span> <span class='ocrx_word' id='word_1_204' title='bbox 3426 1456 3655 1509; x_wconf 88' lang='lat' dir='ltr'><strong>nolmuus</strong></span> 
     </span>
    </p>
   </div>
   <div class='ocr_carea' id='block_1_30' title="bbox 2092 1546 3657 1617">
    <p class='ocr_par' dir='ltr' id='par_1_30' title="bbox 2092 1546 3657 1617">
     <span class='ocr_line' id='line_1_31' title="bbox 2092 1546 3657 1617; baseline -0.002 -16"><span class='ocrx_word' id='word_1_205' title='bbox 2092 1562 2317 1617; x_wconf 86' lang='lat' dir='ltr'><strong>corpore</strong></span> <span class='ocrx_word' id='word_1_206' title='bbox 2347 1547 2657 1611; x_wconf 80' lang='lat' dir='ltr'><strong>exspoliari,</strong></span> <span class='ocrx_word' id='word_1_207' title='bbox 2690 1548 2784 1601; x_wconf 90' lang='lat' dir='ltr'><strong>sed</strong></span> <span class='ocrx_word' id='word_1_208' title='bbox 2818 1547 2935 1616; x_wconf 85' lang='lat' dir='ltr'><strong>ejus</strong></span> <span class='ocrx_word' id='word_1_209' title='bbox 2962 1547 3364 1600; x_wconf 85' lang='lat' dir='ltr'><strong>immortalitate</strong></span> <span class='ocrx_word' id='word_1_210' title='bbox 3389 1546 3579 1600; x_wconf 88' lang='lat' dir='ltr'><strong>vestiri:</strong></span> <span class='ocrx_word' id='word_1_211' title='bbox 3608 1555 3657 1600; x_wconf 88' lang='lat' dir='ltr'><strong>et</strong></span> 
     </span>
    </p>
   </div>
   <div class='ocr_carea' id='block_1_31' title="bbox 2095 1637 3657 1707">
    <p class='ocr_par' dir='ltr' id='par_1_31' title="bbox 2095 1637 3657 1707">
     <span class='ocr_line' id='line_1_32' title="bbox 2095 1637 3657 1707; baseline -0.002 -16"><span class='ocrx_word' id='word_1_212' title='bbox 2095 1648 2222 1691; x_wconf 87' lang='lat' dir='ltr'><strong>tunc</strong></span> <span class='ocrx_word' id='word_1_213' title='bbox 2251 1638 2393 1691; x_wconf 90' lang='lat' dir='ltr'><strong>enim</strong></span> <span class='ocrx_word' id='word_1_214' title='bbox 2423 1639 2545 1701; x_wconf 88' lang='lat' dir='ltr'><strong>erit,</strong></span> <span class='ocrx_word' id='word_1_215' title='bbox 2595 1638 2688 1691; x_wconf 91' lang='lat' dir='ltr'><strong>sed</strong></span> <span class='ocrx_word' id='word_1_216' title='bbox 2720 1639 2839 1707; x_wconf 88' lang='lat' dir='ltr'><strong>quia</strong></span> <span class='ocrx_word' id='word_1_217' title='bbox 2869 1637 3219 1707; x_wconf 89' lang='lat' dir='ltr'><strong>corruptibile</strong></span> <span class='ocrx_word' id='word_1_218' title='bbox 3249 1652 3352 1691; x_wconf 89' lang='lat' dir='ltr'><strong>non</strong></span> <span class='ocrx_word' id='word_1_219' title='bbox 3399 1638 3517 1701; x_wconf 88' lang='lat' dir='ltr'><strong>erit,</strong></span> <span class='ocrx_word' id='word_1_220' title='bbox 3564 1650 3657 1689; x_wconf 90' lang='lat' dir='ltr'><strong>non</strong></span> 
     </span>
    </p>
   </div>
   <div class='ocr_carea' id='block_1_32' title="bbox 2097 1729 3659 1799">
    <p class='ocr_par' dir='ltr' id='par_1_32' title="bbox 2097 1729 3659 1799">
     <span class='ocr_line' id='line_1_33' title="bbox 2097 1729 3659 1799; baseline 0 -19"><span class='ocrx_word' id='word_1_221' title='bbox 2097 1730 2362 1797; x_wconf 77' lang='lat' dir='ltr'><strong>gravabit.</strong></span> <span class='ocrx_word' id='word_1_222' title='bbox 2407 1731 2678 1799; x_wconf 81' lang='lat' dir='ltr'><strong>Aggravat</strong></span> <span class='ocrx_word' id='word_1_223' title='bbox 2727 1744 2856 1798; x_wconf 85' lang='lat' dir='ltr'><strong>ergo</strong></span> <span class='ocrx_word' id='word_1_224' title='bbox 2900 1745 3039 1784; x_wconf 91' lang='lat' dir='ltr'><strong>nunc</strong></span> <span class='ocrx_word' id='word_1_225' title='bbox 3073 1729 3308 1783; x_wconf 88' lang='lat' dir='ltr'><strong>animam</strong></span> <span class='ocrx_word' id='word_1_226' title='bbox 3346 1743 3533 1796; x_wconf 84' lang='lat' dir='ltr'><strong>corpus</strong></span> <span class='ocrx_word' id='word_1_227' title='bbox 3554 1743 3659 1781; x_wconf 81' lang='lat' dir='ltr'><strong>cor—</strong></span> 
     </span>
    </p>
   </div>
   <div class='ocr_carea' id='block_1_33' title="bbox 415 1800 3659 1888">
    <p class='ocr_par' dir='ltr' id='par_1_33' title="bbox 415 1800 3659 1888">
     <span class='ocr_line' id='line_1_34' title="bbox 415 1800 3659 1888; baseline -0.001 -12"><span class='ocrx_word' id='word_1_228' title='bbox 415 1813 643 1874; x_wconf 70' lang='lat' dir='ltr'><strong>cit-itur.</strong></span> <span class='ocrx_word' id='word_1_229' title='bbox 686 1810 799 1863; x_wconf 71' lang='lat' dir='ltr'><strong>lucc</strong></span> <span class='ocrx_word' id='word_1_230' title='bbox 838 1809 993 1862; x_wconf 64' lang='lat' dir='ltr'><strong>nobis</strong></span> <span class='ocrx_word' id='word_1_231' title='bbox 1034 1808 1157 1861; x_wconf 82' lang='lat' dir='ltr'><strong>hinc</strong></span> <span class='ocrx_word' id='word_1_232' title='bbox 1195 1815 1356 1874; x_wconf 75' lang='lat' dir='ltr'><strong>atque</strong></span> <span class='ocrx_word' id='word_1_233' title='bbox 1395 1807 1520 1858; x_wconf 71' lang='lat' dir='ltr'><strong>inde</strong></span> <span class='ocrx_word' id='word_1_234' title='bbox 1546 1804 1824 1858; x_wconf 71' lang='grc' dir='ltr'><strong>ευδιιειυν-</strong></span> <span class='ocrx_word' id='word_1_235' title='bbox 1861 1801 1991 1855; x_wconf 76' lang='grc' dir='ltr'><strong>ῡίιὶ·</strong></span> <span class='ocrx_word' id='word_1_236' title='bbox 2027 1800 2071 1859; x_wconf 85' lang='grc' dir='ltr'><strong><em>Β</em></strong></span> <span class='ocrx_word' id='word_1_237' title='bbox 2103 1819 2368 1887; x_wconf 73' lang='lat' dir='ltr'><strong>rttplibtlc,</strong></span> <span class='ocrx_word' id='word_1_238' title='bbox 2422 1830 2476 1873; x_wconf 84' lang='lat' dir='ltr'><strong>et.</strong></span> <span class='ocrx_word' id='word_1_239' title='bbox 2524 1819 2780 1888; x_wconf 90' lang='lat' dir='ltr'><strong>deprimit</strong></span> <span class='ocrx_word' id='word_1_240' title='bbox 2831 1831 3042 1875; x_wconf 88' lang='lat' dir='ltr'><strong>terrena</strong></span> <span class='ocrx_word' id='word_1_241' title='bbox 3096 1820 3413 1875; x_wconf 83' lang='lat' dir='ltr'><strong>inhaltitatio</strong></span> <span class='ocrx_word' id='word_1_242' title='bbox 3462 1834 3659 1874; x_wconf 85' lang='lat' dir='ltr'><strong>sensum</strong></span> 
     </span>
    </p>
   </div>
   <div class='ocr_carea' id='block_1_34' title="bbox 415 1893 1992 1971">
    <p class='ocr_par' dir='ltr' id='par_1_34' title="bbox 415 1893 1992 1971">
     <span class='ocr_line' id='line_1_35' title="bbox 415 1893 1992 1971; baseline -0.008 -15"><span class='ocrx_word' id='word_1_243' title='bbox 415 1918 601 1970; x_wconf 87' lang='lat' dir='ltr'><strong>gamus</strong></span> <span class='ocrx_word' id='word_1_244' title='bbox 629 1903 788 1971; x_wconf 77' lang='lat' dir='ltr'><strong>igitur</strong></span> <span class='ocrx_word' id='word_1_245' title='bbox 818 1903 981 1956; x_wconf 82' lang='lat' dir='ltr'><strong>Deum</strong></span> <span class='ocrx_word' id='word_1_246' title='bbox 1006 1916 1075 1954; x_wconf 80' lang='lat' dir='ltr'><strong>ex</strong></span> <span class='ocrx_word' id='word_1_247' title='bbox 1108 1909 1221 1952; x_wconf 91' lang='lat' dir='ltr'><strong>toto</strong></span> <span class='ocrx_word' id='word_1_248' title='bbox 1241 1897 1435 1959; x_wconf 82' lang='lat' dir='ltr'><strong>corde,</strong></span> <span class='ocrx_word' id='word_1_249' title='bbox 1461 1910 1529 1949; x_wconf 75' lang='lat' dir='ltr'><strong>ex</strong></span> <span class='ocrx_word' id='word_1_250' title='bbox 1561 1904 1669 1948; x_wconf 87' lang='lat' dir='ltr'><strong>tota</strong></span> <span class='ocrx_word' id='word_1_251' title='bbox 1696 1893 1894 1956; x_wconf 87' lang='lat' dir='ltr'><strong>anima,</strong></span> <span class='ocrx_word' id='word_1_252' title='bbox 1926 1906 1992 1946; x_wconf 78' lang='lat' dir='ltr'><strong>ex</strong></span> 
     </span>
    </p>
   </div>
   <div class='ocr_carea' id='block_1_35' title="bbox 417 1983 1997 2060">
    <p class='ocr_par' dir='ltr' id='par_1_35' title="bbox 417 1983 1997 2060">
     <span class='ocr_line' id='line_1_36' title="bbox 417 1983 1997 2060; baseline -0.005 -15"><span class='ocrx_word' id='word_1_253' title='bbox 417 2002 524 2047; x_wconf 86' lang='lat' dir='ltr'><strong>tota</strong></span> <span class='ocrx_word' id='word_1_254' title='bbox 549 2003 758 2055; x_wconf 91' lang='lat' dir='ltr'><strong>mente,</strong></span> <span class='ocrx_word' id='word_1_255' title='bbox 792 1993 1091 2060; x_wconf 87' lang='lat' dir='ltr'><strong>quicunque</strong></span> <span class='ocrx_word' id='word_1_256' title='bbox 1135 1989 1201 2043; x_wconf 88' lang='lat' dir='ltr'><strong>ad</strong></span> <span class='ocrx_word' id='word_1_257' title='bbox 1232 1991 1394 2041; x_wconf 88' lang='lat' dir='ltr'><strong>vitam</strong></span> <span class='ocrx_word' id='word_1_258' title='bbox 1425 1996 1680 2040; x_wconf 65' lang='lat' dir='ltr'><strong>aeternam</strong></span> <span class='ocrx_word' id='word_1_259' title='bbox 1713 1983 1997 2053; x_wconf 88' lang='lat' dir='ltr'><strong>pervenire</strong></span> 
     </span>
    </p>
   </div>
   <div class='ocr_carea' id='block_1_36' title="bbox 418 2076 1992 2151">
    <p class='ocr_par' dir='ltr' id='par_1_36' title="bbox 418 2076 1992 2151">
     <span class='ocr_line' id='line_1_37' title="bbox 418 2076 1992 2151; baseline -0.006 -16"><span class='ocrx_word' id='word_1_260' title='bbox 418 2084 814 2151; x_wconf 78' lang='lat' dir='ltr'><strong>proposuimus.</strong></span> <span class='ocrx_word' id='word_1_261' title='bbox 844 2081 970 2135; x_wconf 64' lang='lat' dir='ltr'><strong>llxc</strong></span> <span class='ocrx_word' id='word_1_262' title='bbox 997 2090 1099 2145; x_wconf 89' lang='lat' dir='ltr'><strong>est,</strong></span> <span class='ocrx_word' id='word_1_263' title='bbox 1130 2077 1303 2146; x_wconf 84' lang='lat' dir='ltr'><strong>inquit</strong></span> <span class='ocrx_word' id='word_1_264' title='bbox 1325 2078 1595 2138; x_wconf 75' lang='lat' dir='ltr'><strong>Salvator,</strong></span> <span class='ocrx_word' id='word_1_265' title='bbox 1628 2076 1738 2128; x_wconf 88' lang='lat' dir='ltr'><strong>vita</strong></span> <span class='ocrx_word' id='word_1_266' title='bbox 1771 2084 1992 2138; x_wconf 69' lang='lat' dir='ltr'><strong>aeterna,</strong></span> 
     </span>
    </p>
   </div>
   <div class='ocr_carea' id='block_1_37' title="bbox 418 2167 2001 2243">
    <p class='ocr_par' dir='ltr' id='par_1_37' title="bbox 418 2167 2001 2243">
     <span class='ocr_line' id='line_1_38' title="bbox 418 2167 2001 2243; baseline -0.004 -15"><span class='ocrx_word' id='word_1_267' title='bbox 418 2185 476 2229; x_wconf 92' lang='lat' dir='ltr'><strong>ut</strong></span> <span class='ocrx_word' id='word_1_268' title='bbox 513 2182 837 2243; x_wconf 85' lang='lat' dir='ltr'><strong>cognoscant</strong></span> <span class='ocrx_word' id='word_1_269' title='bbox 877 2183 928 2227; x_wconf 87' lang='lat' dir='ltr'><strong>te</strong></span> <span class='ocrx_word' id='word_1_270' title='bbox 966 2187 1149 2226; x_wconf 90' lang='lat' dir='ltr'><strong>verum</strong></span> <span class='ocrx_word' id='word_1_271' title='bbox 1192 2171 1379 2234; x_wconf 87' lang='lat' dir='ltr'><strong>Deum,</strong></span> <span class='ocrx_word' id='word_1_272' title='bbox 1418 2182 1471 2224; x_wconf 92' lang='lat' dir='ltr'><strong>et</strong></span> <span class='ocrx_word' id='word_1_273' title='bbox 1492 2184 1648 2238; x_wconf 91' lang='lat' dir='ltr'><strong>quem</strong></span> <span class='ocrx_word' id='word_1_274' title='bbox 1681 2168 1867 2221; x_wconf 77' lang='lat' dir='ltr'><strong>misisti</strong></span> <span class='ocrx_word' id='word_1_275' title='bbox 1910 2167 2001 2222; x_wconf 81' lang='lat' dir='ltr'><strong>Je-</strong></span> 
     </span>
    </p>
   </div>
   <div class='ocr_carea' id='block_1_38' title="bbox 418 2259 2000 2331">
    <p class='ocr_par' dir='ltr' id='par_1_38' title="bbox 418 2259 2000 2331">
     <span class='ocr_line' id='line_1_39' title="bbox 418 2259 2000 2331; baseline -0.004 -12"><span class='ocrx_word' id='word_1_276' title='bbox 418 2281 534 2319; x_wconf 85' lang='lat' dir='ltr'><strong>sum</strong></span> <span class='ocrx_word' id='word_1_277' title='bbox 573 2268 866 2319; x_wconf 70' lang='lat' dir='ltr'><strong>Christum.</strong></span> <span class='ocrx_word' id='word_1_278' title='bbox 910 2263 1129 2317; x_wconf 64' lang='lat' dir='ltr'><strong>rEterna</strong></span> <span class='ocrx_word' id='word_1_279' title='bbox 1159 2263 1318 2331; x_wconf 79' lang='lat' dir='ltr'><strong>igitur</strong></span> <span class='ocrx_word' id='word_1_280' title='bbox 1356 2264 1461 2315; x_wconf 90' lang='lat' dir='ltr'><strong>vita</strong></span> <span class='ocrx_word' id='word_1_281' title='bbox 1493 2271 1578 2316; x_wconf 91' lang='lat' dir='ltr'><strong>est</strong></span> <span class='ocrx_word' id='word_1_282' title='bbox 1614 2262 1725 2330; x_wconf 88' lang='lat' dir='ltr'><strong>ipsa</strong></span> <span class='ocrx_word' id='word_1_283' title='bbox 1764 2259 2000 2328; x_wconf 75' lang='lat' dir='ltr'><strong>cognitio</strong></span> 
     </span>
    </p>
   </div>
   <div class='ocr_carea' id='block_1_39' title="bbox 419 2352 1997 2427">
    <p class='ocr_par' dir='ltr' id='par_1_39' title="bbox 419 2352 1997 2427">
     <span class='ocr_line' id='line_1_40' title="bbox 419 2352 1997 2427; baseline -0.004 -15"><span class='ocrx_word' id='word_1_284' title='bbox 419 2360 678 2421; x_wconf 79' lang='lat' dir='ltr'><strong>veritatis;</strong></span> <span class='ocrx_word' id='word_1_285' title='bbox 695 2356 1044 2427; x_wconf 82' lang='lat' dir='ltr'><strong>quamobrem</strong></span> <span class='ocrx_word' id='word_1_286' title='bbox 1064 2371 1221 2424; x_wconf 82' lang='lat' dir='ltr'><strong>quam</strong></span> <span class='ocrx_word' id='word_1_287' title='bbox 1242 2355 1474 2422; x_wconf 78' lang='lat' dir='ltr'><strong>perversi</strong></span> <span class='ocrx_word' id='word_1_288' title='bbox 1499 2364 1660 2423; x_wconf 90' lang='lat' dir='ltr'><strong>atque</strong></span> <span class='ocrx_word' id='word_1_289' title='bbox 1684 2352 1997 2420; x_wconf 68' lang='lat' dir='ltr'><strong>praeposteri</strong></span> 
     </span>
    </p>
   </div>
   <div class='ocr_carea' id='block_1_40' title="bbox 426 2446 2001 2517">
    <p class='ocr_par' dir='ltr' id='par_1_40' title="bbox 426 2446 2001 2517">
     <span class='ocr_line' id='line_1_41' title="bbox 426 2446 2001 2517; baseline -0.004 -13"><span class='ocrx_word' id='word_1_290' title='bbox 426 2459 583 2514; x_wconf 90' lang='lat' dir='ltr'><strong>sunt,</strong></span> <span class='ocrx_word' id='word_1_291' title='bbox 607 2450 694 2517; x_wconf 92' lang='lat' dir='ltr'><strong>qui</strong></span> <span class='ocrx_word' id='word_1_292' title='bbox 723 2465 782 2503; x_wconf 89' lang='lat' dir='ltr'><strong>se</strong></span> <span class='ocrx_word' id='word_1_293' title='bbox 803 2450 1134 2502; x_wconf 86' lang='lat' dir='ltr'><strong>arbitrantur</strong></span> <span class='ocrx_word' id='word_1_294' title='bbox 1161 2448 1253 2502; x_wconf 90' lang='lat' dir='ltr'><strong>Dei</strong></span> <span class='ocrx_word' id='word_1_295' title='bbox 1292 2447 1652 2517; x_wconf 80' lang='lat' dir='ltr'><strong>cognitionem</strong></span> <span class='ocrx_word' id='word_1_296' title='bbox 1696 2446 1909 2500; x_wconf 86' lang='lat' dir='ltr'><strong>tradere</strong></span> <span class='ocrx_word' id='word_1_297' title='bbox 1940 2453 2001 2498; x_wconf 91' lang='lat' dir='ltr'><strong>ut</strong></span> 
     </span>
    </p>
   </div>
   <div class='ocr_carea' id='block_1_41' title="bbox 421 2533 1995 2610">
    <p class='ocr_par' dir='ltr' id='par_1_41' title="bbox 421 2533 1995 2610">
     <span class='ocr_line' id='line_1_42' title="bbox 421 2533 1995 2610; baseline -0.006 -13"><span class='ocrx_word' id='word_1_298' title='bbox 421 2541 998 2610; x_wconf 79' lang='lat' dir='ltr'><strong>perfertissimus,cum</strong></span> <span class='ocrx_word' id='word_1_299' title='bbox 1032 2538 1389 2608; x_wconf 87' lang='lat' dir='ltr'><strong>perfectorum</strong></span> <span class='ocrx_word' id='word_1_300' title='bbox 1430 2540 1544 2602; x_wconf 86' lang='lat' dir='ltr'><strong>ipsa</strong></span> <span class='ocrx_word' id='word_1_301' title='bbox 1576 2536 1642 2589; x_wconf 92' lang='lat' dir='ltr'><strong>sit</strong></span> <span class='ocrx_word' id='word_1_302' title='bbox 1670 2535 1948 2603; x_wconf 68' lang='lat' dir='ltr'><strong>prmmitttn</strong></span> <span class='ocrx_word' id='word_1_303' title='bbox 1981 2533 1995 2587; x_wconf 84' lang='lat' dir='ltr'><strong>l</strong></span> 
     </span>
    </p>
   </div>
   <div class='ocr_carea' id='block_1_42' title="bbox 425 2627 2001 2699">
    <p class='ocr_par' dir='ltr' id='par_1_42' title="bbox 425 2627 2001 2699">
     <span class='ocr_line' id='line_1_43' title="bbox 425 2627 2001 2699; baseline -0.005 -14"><span class='ocrx_word' id='word_1_304' title='bbox 425 2631 561 2698; x_wconf 80' lang='lat' dir='ltr'><strong>Quid</strong></span> <span class='ocrx_word' id='word_1_305' title='bbox 577 2645 705 2699; x_wconf 79' lang='lat' dir='ltr'><strong>ergo</strong></span> <span class='ocrx_word' id='word_1_306' title='bbox 722 2631 983 2699; x_wconf 84' lang='lat' dir='ltr'><strong>agendum</strong></span> <span class='ocrx_word' id='word_1_307' title='bbox 1002 2670 1017 2694; x_wconf 94' lang='lat'><strong>,</strong></span> <span class='ocrx_word' id='word_1_308' title='bbox 1048 2628 1147 2682; x_wconf 88' lang='lat' dir='ltr'><strong>nisi</strong></span> <span class='ocrx_word' id='word_1_309' title='bbox 1172 2638 1230 2682; x_wconf 90' lang='lat' dir='ltr'><strong>ut</strong></span> <span class='ocrx_word' id='word_1_310' title='bbox 1250 2643 1372 2681; x_wconf 90' lang='lat' dir='ltr'><strong>eum</strong></span> <span class='ocrx_word' id='word_1_311' title='bbox 1403 2627 1577 2695; x_wconf 91' lang='lat' dir='ltr'><strong>ipsum</strong></span> <span class='ocrx_word' id='word_1_312' title='bbox 1617 2641 1774 2695; x_wconf 88' lang='lat' dir='ltr'><strong>quem</strong></span> <span class='ocrx_word' id='word_1_313' title='bbox 1799 2639 2001 2690; x_wconf 62' lang='lat' dir='ltr'><strong>cogno-</strong></span> 
     </span>
    </p>
   </div>
   <div class='ocr_carea' id='block_1_43' title="bbox 420 2716 1912 2789">
    <p class='ocr_par' dir='ltr' id='par_1_43' title="bbox 420 2716 1912 2789">
     <span class='ocr_line' id='line_1_44' title="bbox 420 2716 1912 2789; baseline -0.006 -11"><span class='ocrx_word' id='word_1_314' title='bbox 420 2738 574 2778; x_wconf 82' lang='lat' dir='ltr'><strong>scere</strong></span> <span class='ocrx_word' id='word_1_315' title='bbox 594 2722 864 2787; x_wconf 87' lang='lat' dir='ltr'><strong>volumus,</strong></span> <span class='ocrx_word' id='word_1_316' title='bbox 906 2723 1053 2789; x_wconf 88' lang='lat' dir='ltr'><strong>prius</strong></span> <span class='ocrx_word' id='word_1_317' title='bbox 1072 2722 1282 2775; x_wconf 86' lang='lat' dir='ltr'><strong>sincera</strong></span> <span class='ocrx_word' id='word_1_318' title='bbox 1304 2719 1366 2773; x_wconf 82' lang='lat' dir='ltr'><strong>ch</strong></span> <span class='ocrx_word' id='word_1_319' title='bbox 1379 2722 1565 2772; x_wconf 86' lang='lat' dir='ltr'><strong>aritate</strong></span> <span class='ocrx_word' id='word_1_320' title='bbox 1588 2716 1912 2786; x_wconf 79' lang='lat' dir='ltr'><strong>diligamus?</strong></span> 
     </span>
    </p>
   </div>
   <div class='ocr_carea' id='block_1_44' title="bbox 931 2809 1381 2882">
    <p class='ocr_par' dir='ltr' id='par_1_44' title="bbox 931 2809 1381 2882">
     <span class='ocr_line' id='line_1_45' title="bbox 931 2809 1381 2882; baseline -0.011 -18"><span class='ocrx_word' id='word_1_321' title='bbox 931 2813 982 2882; x_wconf 86' lang='lat'><strong>5</strong></span> <span class='ocrx_word' id='word_1_322' title='bbox 1028 2809 1253 2864; x_wconf 81' lang='lat' dir='ltr'><strong>CAPUT</strong></span> <span class='ocrx_word' id='word_1_323' title='bbox 1295 2809 1381 2861; x_wconf 91' lang='lat' dir='ltr'><strong>tu.</strong></span> 
     </span>
    </p>
   </div>
   <div class='ocr_carea' id='block_1_45' title="bbox 422 2897 2003 2965">
    <p class='ocr_par' dir='ltr' id='par_1_45' title="bbox 422 2897 2003 2965">
     <span class='ocr_line' id='line_1_46' title="bbox 422 2897 2003 2965; baseline -0.004 -8"><span class='ocrx_word' id='word_1_324' title='bbox 422 2907 499 2957; x_wconf 78' lang='lat' dir='ltr'><strong>An</strong></span> <span class='ocrx_word' id='word_1_325' title='bbox 521 2904 729 2957; x_wconf 78' lang='lat' dir='ltr'><strong>virtutes</strong></span> <span class='ocrx_word' id='word_1_326' title='bbox 759 2902 938 2965; x_wconf 79' lang='lat' dir='ltr'><strong>quibus</strong></span> <span class='ocrx_word' id='word_1_327' title='bbox 979 2902 1059 2959; x_wconf 16' lang='lat' dir='ltr'><strong>ad,</strong></span> <span class='ocrx_word' id='word_1_328' title='bbox 1083 2900 1413 2955; x_wconf 76' lang='lat' dir='ltr'><strong>a’ternitatem</strong></span> <span class='ocrx_word' id='word_1_329' title='bbox 1445 2900 1672 2952; x_wconf 75' lang='lat' dir='ltr'><strong>truditur</strong></span> <span class='ocrx_word' id='word_1_330' title='bbox 1696 2938 1710 2957; x_wconf 90' lang='lat'><strong>,</strong></span> <span class='ocrx_word' id='word_1_331' title='bbox 1761 2897 2003 2950; x_wconf 67' lang='lat' dir='ltr'><strong>desituros</strong></span> 
     </span>
    </p>
   </div>
   <div class='ocr_carea' id='block_1_46' title="bbox 487 2967 2002 3054">
    <p class='ocr_par' dir='ltr' id='par_1_46' title="bbox 487 2967 2002 3054">
     <span class='ocr_line' id='line_1_47' title="bbox 487 2967 2002 3054; baseline -0.005 -26"><span class='ocrx_word' id='word_1_332' title='bbox 487 2978 608 3038; x_wconf 80' lang='lat' dir='ltr'><strong>sint,</strong></span> <span class='ocrx_word' id='word_1_333' title='bbox 640 2991 761 3054; x_wconf 60' lang='lat' dir='ltr'><strong>cuni</strong></span> <span class='ocrx_word' id='word_1_334' title='bbox 783 2975 849 3026; x_wconf 85' lang='lat' dir='ltr'><strong>ad</strong></span> <span class='ocrx_word' id='word_1_335' title='bbox 877 2984 1067 3027; x_wconf 69' lang='lat' dir='ltr'><strong>(eterna</strong></span> <span class='ocrx_word' id='word_1_336' title='bbox 1099 2972 1460 3041; x_wconf 58' lang='lat' dir='ltr'><strong>perduxerint;</strong></span> <span class='ocrx_word' id='word_1_337' title='bbox 1488 2986 1553 3023; x_wconf 76' lang='lat' dir='ltr'><strong>ea:</strong></span> <span class='ocrx_word' id='word_1_338' title='bbox 1580 2970 1710 3023; x_wconf 79' lang='lat' dir='ltr'><strong>libro</strong></span> <span class='ocrx_word' id='word_1_339' title='bbox 1739 2969 1803 3022; x_wconf 79' lang='lat' dir='ltr'><strong>de</strong></span> <span class='ocrx_word' id='word_1_340' title='bbox 1827 2967 2002 3021; x_wconf 77' lang='lat' dir='ltr'><strong>Ttt&#39;iti-</strong></span> 
     </span>
    </p>
   </div>
   <div class='ocr_carea' id='block_1_47' title="bbox 495 3053 1684 3097">
    <p class='ocr_par' dir='ltr' id='par_1_47' title="bbox 495 3053 1684 3097">
     <span class='ocr_line' id='line_1_48' title="bbox 495 3053 1684 3097; baseline -0.002 -1"><span class='ocrx_word' id='word_1_341' title='bbox 495 3056 596 3097; x_wconf 84' lang='lat' dir='ltr'><strong>tate</strong></span> <span class='ocrx_word' id='word_1_342' title='bbox 630 3060 713 3097; x_wconf 69' lang='lat' dir='ltr'><strong>stv</strong></span> <span class='ocrx_word' id='word_1_343' title='bbox 744 3053 872 3096; x_wconf 80' lang='lat' dir='ltr'><strong>inter</strong></span> <span class='ocrx_word' id='word_1_344' title='bbox 899 3053 1101 3096; x_wconf 75' lang='lat' dir='ltr'><strong>ca&#39;tera.</strong></span> <span class='ocrx_word' id='word_1_345' title='bbox 1682 3065 1684 3069; x_wconf 56' lang='grc' dir='ltr'><em>ν</em></span> 
     </span>
    </p>
   </div>
   <div class='ocr_carea' id='block_1_48' title="bbox 492 3125 1997 3197">
    <p class='ocr_par' dir='ltr' id='par_1_48' title="bbox 492 3125 1997 3197">
     <span class='ocr_line' id='line_1_49' title="bbox 492 3125 1997 3197; baseline -0.007 -8"><span class='ocrx_word' id='word_1_346' title='bbox 492 3133 680 3189; x_wconf 85' lang='lat' dir='ltr'><strong>Utrum</strong></span> <span class='ocrx_word' id='word_1_347' title='bbox 711 3143 885 3188; x_wconf 90' lang='lat' dir='ltr'><strong>autem</strong></span> <span class='ocrx_word' id='word_1_348' title='bbox 926 3131 1085 3185; x_wconf 87' lang='lat' dir='ltr'><strong>etiam</strong></span> <span class='ocrx_word' id='word_1_349' title='bbox 1126 3130 1347 3185; x_wconf 67' lang='lat' dir='ltr'><strong>virtutes</strong></span> <span class='ocrx_word' id='word_1_350' title='bbox 1377 3138 1527 3193; x_wconf 87' lang='lat' dir='ltr'><strong>tunc,</strong></span> <span class='ocrx_word' id='word_1_351' title='bbox 1574 3127 1771 3197; x_wconf 88' lang='lat' dir='ltr'><strong>quibus</strong></span> <span class='ocrx_word' id='word_1_352' title='bbox 1812 3126 1866 3180; x_wconf 92' lang='lat' dir='ltr'><strong>iu</strong></span> <span class='ocrx_word' id='word_1_353' title='bbox 1896 3125 1997 3179; x_wconf 86' lang='lat' dir='ltr'><strong>hac</strong></span> 
     </span>
    </p>
   </div>
   <div class='ocr_carea' id='block_1_49' title="bbox 420 3219 1997 3292">
    <p class='ocr_par' dir='ltr' id='par_1_49' title="bbox 420 3219 1997 3292">
     <span class='ocr_line' id='line_1_50' title="bbox 420 3219 1997 3292; baseline -0.006 -10"><span class='ocrx_word' id='word_1_354' title='bbox 420 3229 743 3282; x_wconf 71' lang='lat' dir='ltr'><strong>mortalitate</strong></span> <span class='ocrx_word' id='word_1_355' title='bbox 771 3226 907 3280; x_wconf 87' lang='lat' dir='ltr'><strong>bene</strong></span> <span class='ocrx_word' id='word_1_356' title='bbox 949 3224 1162 3288; x_wconf 71' lang='lat' dir='ltr'><strong>vivitur,</strong></span> <span class='ocrx_word' id='word_1_357' title='bbox 1195 3223 1319 3292; x_wconf 91' lang='lat' dir='ltr'><strong>quia</strong></span> <span class='ocrx_word' id='word_1_358' title='bbox 1351 3230 1403 3276; x_wconf 90' lang='lat' dir='ltr'><strong>et</strong></span> <span class='ocrx_word' id='word_1_359' title='bbox 1437 3224 1564 3291; x_wconf 71' lang='lat' dir='ltr'><strong>ipsa:</strong></span> <span class='ocrx_word' id='word_1_360' title='bbox 1595 3219 1855 3288; x_wconf 85' lang='lat' dir='ltr'><strong>incipiunt</strong></span> <span class='ocrx_word' id='word_1_361' title='bbox 1878 3224 1997 3274; x_wconf 86' lang='lat' dir='ltr'><strong>e’ssc</strong></span> 
     </span>
    </p>
   </div>
   <div class='ocr_carea' id='block_1_50' title="bbox 421 3311 2001 3385">
    <p class='ocr_par' dir='ltr' id='par_1_50' title="bbox 421 3311 2001 3385">
     <span class='ocr_line' id='line_1_51' title="bbox 421 3311 2001 3385; baseline -0.004 -13"><span class='ocrx_word' id='word_1_362' title='bbox 421 3320 473 3372; x_wconf 91' lang='lat' dir='ltr'><strong>in</strong></span> <span class='ocrx_word' id='word_1_363' title='bbox 504 3318 704 3381; x_wconf 89' lang='lat' dir='ltr'><strong>animo,</strong></span> <span class='ocrx_word' id='word_1_364' title='bbox 737 3317 825 3385; x_wconf 91' lang='lat' dir='ltr'><strong>qui</strong></span> <span class='ocrx_word' id='word_1_365' title='bbox 858 3330 978 3370; x_wconf 84' lang='lat' dir='ltr'><strong>cum</strong></span> <span class='ocrx_word' id='word_1_366' title='bbox 1010 3315 1124 3369; x_wconf 90' lang='lat' dir='ltr'><strong>sine</strong></span> <span class='ocrx_word' id='word_1_367' title='bbox 1158 3314 1262 3369; x_wconf 91' lang='lat' dir='ltr'><strong>illis</strong></span> <span class='ocrx_word' id='word_1_368' title='bbox 1293 3314 1440 3383; x_wconf 91' lang='lat' dir='ltr'><strong>prius</strong></span> <span class='ocrx_word' id='word_1_369' title='bbox 1463 3323 1624 3376; x_wconf 89' lang='lat' dir='ltr'><strong>esset,</strong></span> <span class='ocrx_word' id='word_1_370' title='bbox 1658 3322 1836 3366; x_wconf 87' lang='lat' dir='ltr'><strong>tamen</strong></span> <span class='ocrx_word' id='word_1_371' title='bbox 1882 3311 2001 3365; x_wconf 90' lang='lat' dir='ltr'><strong>ani-</strong></span> 
     </span>
    </p>
   </div>
   <div class='ocr_carea' id='block_1_51' title="bbox 423 3403 2000 3474">
    <p class='ocr_par' dir='ltr' id='par_1_51' title="bbox 423 3403 2000 3474">
     <span class='ocr_line' id='line_1_52' title="bbox 423 3403 2000 3474; baseline -0.003 -13"><span class='ocrx_word' id='word_1_372' title='bbox 423 3422 540 3461; x_wconf 87' lang='lat' dir='ltr'><strong>mus</strong></span> <span class='ocrx_word' id='word_1_373' title='bbox 568 3416 702 3469; x_wconf 88' lang='lat' dir='ltr'><strong>erat,</strong></span> <span class='ocrx_word' id='word_1_374' title='bbox 728 3408 975 3461; x_wconf 90' lang='lat' dir='ltr'><strong>desinant</strong></span> <span class='ocrx_word' id='word_1_375' title='bbox 1004 3421 1123 3460; x_wconf 90' lang='lat' dir='ltr'><strong>esse</strong></span> <span class='ocrx_word' id='word_1_376' title='bbox 1151 3421 1270 3458; x_wconf 89' lang='lat' dir='ltr'><strong>cum</strong></span> <span class='ocrx_word' id='word_1_377' title='bbox 1301 3403 1364 3457; x_wconf 88' lang='lat' dir='ltr'><strong>ad</strong></span> <span class='ocrx_word' id='word_1_378' title='bbox 1398 3415 1598 3459; x_wconf 82' lang='lat' dir='ltr'><strong>aeterna</strong></span> <span class='ocrx_word' id='word_1_379' title='bbox 1625 3403 2000 3474; x_wconf 80' lang='lat' dir='ltr'><strong>perduxerint,</strong></span> 
     </span>
    </p>
   </div>
   <div class='ocr_carea' id='block_1_52' title="bbox 426 3498 2000 3568">
    <p class='ocr_par' dir='ltr' id='par_1_52' title="bbox 426 3498 2000 3568">
     <span class='ocr_line' id='line_1_53' title="bbox 426 3498 2000 3568; baseline -0.003 -13"><span class='ocrx_word' id='word_1_380' title='bbox 426 3501 678 3555; x_wconf 88' lang='lat' dir='ltr'><strong>nonnulla</strong></span> <span class='ocrx_word' id='word_1_381' title='bbox 716 3499 941 3568; x_wconf 65' lang='lat' dir='ltr'><strong>qttxzslio</strong></span> <span class='ocrx_word' id='word_1_382' title='bbox 987 3510 1088 3554; x_wconf 90' lang='lat' dir='ltr'><strong>est.</strong></span> <span class='ocrx_word' id='word_1_383' title='bbox 1130 3498 1458 3565; x_wconf 81' lang='lat' dir='ltr'><strong>Quibusdam</strong></span> <span class='ocrx_word' id='word_1_384' title='bbox 1505 3499 1647 3553; x_wconf 89' lang='lat' dir='ltr'><strong>enim</strong></span> <span class='ocrx_word' id='word_1_385' title='bbox 1680 3501 1851 3552; x_wconf 85' lang='lat' dir='ltr'><strong>visum</strong></span> <span class='ocrx_word' id='word_1_386' title='bbox 1898 3507 2000 3563; x_wconf 86' lang='lat' dir='ltr'><strong>est,</strong></span> 
     </span>
    </p>
   </div>
   <div class='ocr_carea' id='block_1_53' title="bbox 425 3591 1999 3660">
    <p class='ocr_par' dir='ltr' id='par_1_53' title="bbox 425 3591 1999 3660">
     <span class='ocr_line' id='line_1_54' title="bbox 425 3591 1999 3660; baseline 0 -15"><span class='ocrx_word' id='word_1_387' title='bbox 425 3592 711 3655; x_wconf 74' lang='lat' dir='ltr'><strong>desituros,</strong></span> <span class='ocrx_word' id='word_1_388' title='bbox 745 3602 799 3646; x_wconf 87' lang='lat' dir='ltr'><strong>et</strong></span> <span class='ocrx_word' id='word_1_389' title='bbox 843 3592 1010 3646; x_wconf 90' lang='lat' dir='ltr'><strong>bonos</strong></span> <span class='ocrx_word' id='word_1_390' title='bbox 1041 3594 1250 3646; x_wconf 88' lang='lat' dir='ltr'><strong>animos</strong></span> <span class='ocrx_word' id='word_1_391' title='bbox 1289 3593 1401 3647; x_wconf 90' lang='lat' dir='ltr'><strong>sola</strong></span> <span class='ocrx_word' id='word_1_392' title='bbox 1434 3593 1621 3647; x_wconf 87' lang='lat' dir='ltr'><strong>beatos</strong></span> <span class='ocrx_word' id='word_1_393' title='bbox 1661 3607 1779 3648; x_wconf 85' lang='lat' dir='ltr'><strong>esse</strong></span> <span class='ocrx_word' id='word_1_394' title='bbox 1810 3591 1999 3660; x_wconf 82' lang='lat' dir='ltr'><strong>cogni-</strong></span> 
     </span>
    </p>
   </div>
   <div class='ocr_carea' id='block_1_54' title="bbox 427 3682 1999 3752">
    <p class='ocr_par' dir='ltr' id='par_1_54' title="bbox 427 3682 1999 3752">
     <span class='ocr_line' id='line_1_55' title="bbox 427 3682 1999 3752; baseline 0.001 -18"><span class='ocrx_word' id='word_1_395' title='bbox 427 3685 571 3737; x_wconf 88' lang='lat' dir='ltr'><strong>tione</strong></span> <span class='ocrx_word' id='word_1_396' title='bbox 626 3696 675 3737; x_wconf 90' lang='lat' dir='ltr'><strong>et</strong></span> <span class='ocrx_word' id='word_1_397' title='bbox 724 3684 973 3748; x_wconf 78' lang='lat' dir='ltr'><strong>srietttia,</strong></span> <span class='ocrx_word' id='word_1_398' title='bbox 1014 3682 1117 3737; x_wconf 91' lang='lat' dir='ltr'><strong>hoc</strong></span> <span class='ocrx_word' id='word_1_399' title='bbox 1150 3692 1233 3738; x_wconf 87' lang='lat' dir='ltr'><strong>est</strong></span> <span class='ocrx_word' id='word_1_400' title='bbox 1274 3683 1725 3752; x_wconf 87' lang='lat' dir='ltr'><strong>contemplatione</strong></span> <span class='ocrx_word' id='word_1_401' title='bbox 1774 3692 1999 3746; x_wconf 61' lang='lat' dir='ltr'><strong>natura‘,</strong></span> 
     </span>
    </p>
   </div>
   <div class='ocr_carea' id='block_1_55' title="bbox 425 3773 2003 3844">
    <p class='ocr_par' dir='ltr' id='par_1_55' title="bbox 425 3773 2003 3844">
     <span class='ocr_line' id='line_1_56' title="bbox 425 3773 2003 3844; baseline 0.001 -17"><span class='ocrx_word' id='word_1_402' title='bbox 425 3774 475 3827; x_wconf 91' lang='lat' dir='ltr'><strong>iu</strong></span> <span class='ocrx_word' id='word_1_403' title='bbox 509 3790 609 3843; x_wconf 87' lang='lat' dir='ltr'><strong>qua</strong></span> <span class='ocrx_word' id='word_1_404' title='bbox 643 3773 773 3827; x_wconf 90' lang='lat' dir='ltr'><strong>nihil</strong></span> <span class='ocrx_word' id='word_1_405' title='bbox 803 3783 884 3827; x_wconf 86' lang='lat' dir='ltr'><strong>est</strong></span> <span class='ocrx_word' id='word_1_406' title='bbox 917 3775 1108 3827; x_wconf 88' lang='lat' dir='ltr'><strong>melius</strong></span> <span class='ocrx_word' id='word_1_407' title='bbox 1156 3783 1210 3827; x_wconf 89' lang='lat' dir='ltr'><strong>et</strong></span> <span class='ocrx_word' id='word_1_408' title='bbox 1244 3775 1523 3828; x_wconf 86' lang='lat' dir='ltr'><strong>amabilius</strong></span> <span class='ocrx_word' id='word_1_409' title='bbox 1570 3790 1630 3828; x_wconf 89' lang='lat' dir='ltr'><strong>ea</strong></span> <span class='ocrx_word' id='word_1_410' title='bbox 1663 3785 1851 3827; x_wconf 89' lang='lat' dir='ltr'><strong>natura</strong></span> <span class='ocrx_word' id='word_1_411' title='bbox 1883 3790 2003 3844; x_wconf 75' lang='lat' dir='ltr'><strong>qua:</strong></span> 
     </span>
    </p>
   </div>
   <div class='ocr_carea' id='block_1_56' title="bbox 422 3864 2003 3933">
    <p class='ocr_par' dir='ltr' id='par_1_56' title="bbox 422 3864 2003 3933">
     <span class='ocr_line' id='line_1_57' title="bbox 422 3864 2003 3933; baseline 0.002 -17"><span class='ocrx_word' id='word_1_412' title='bbox 422 3864 622 3917; x_wconf 86' lang='lat' dir='ltr'><strong>creavit</strong></span> <span class='ocrx_word' id='word_1_413' title='bbox 665 3873 888 3918; x_wconf 63' lang='lat' dir='ltr'><strong>ett-teras</strong></span> <span class='ocrx_word' id='word_1_414' title='bbox 919 3880 1106 3917; x_wconf 79' lang='lat' dir='ltr'><strong>omnes</strong></span> <span class='ocrx_word' id='word_1_415' title='bbox 1138 3864 1471 3933; x_wconf 88' lang='lat' dir='ltr'><strong>instituitque</strong></span> <span class='ocrx_word' id='word_1_416' title='bbox 1501 3874 1736 3919; x_wconf 90' lang='lat' dir='ltr'><strong>naturas.</strong></span> <span class='ocrx_word' id='word_1_417' title='bbox 1774 3864 1869 3919; x_wconf 87' lang='lat' dir='ltr'><strong>Cui</strong></span> <span class='ocrx_word' id='word_1_418' title='bbox 1916 3880 2003 3919; x_wconf 87' lang='lat' dir='ltr'><strong>re-</strong></span> 
     </span>
    </p>
   </div>
   <div class='ocr_carea' id='block_1_57' title="bbox 422 3954 2005 4023">
    <p class='ocr_par' dir='ltr' id='par_1_57' title="bbox 422 3954 2005 4023">
     <span class='ocr_line' id='line_1_58' title="bbox 422 3954 2005 4023; baseline 0.001 -16"><span class='ocrx_word' id='word_1_419' title='bbox 422 3956 564 4023; x_wconf 85' lang='lat' dir='ltr'><strong>genti</strong></span> <span class='ocrx_word' id='word_1_420' title='bbox 593 3965 723 4009; x_wconf 82' lang='lat' dir='ltr'><strong>esse</strong></span> <span class='ocrx_word' id='word_1_421' title='bbox 761 3955 1030 4008; x_wconf 88' lang='lat' dir='ltr'><strong>subditum</strong></span> <span class='ocrx_word' id='word_1_422' title='bbox 1076 3956 1119 4008; x_wconf 91' lang='lat' dir='ltr'><strong>si</strong></span> <span class='ocrx_word' id='word_1_423' title='bbox 1161 3954 1370 4023; x_wconf 89' lang='lat' dir='ltr'><strong>justitia</strong></span> <span class='ocrx_word' id='word_1_424' title='bbox 1402 3964 1506 4021; x_wconf 77' lang='lat' dir='ltr'><strong>est,</strong></span> <span class='ocrx_word' id='word_1_425' title='bbox 1561 3956 1877 4010; x_wconf 87' lang='lat' dir='ltr'><strong>immortalis</strong></span> <span class='ocrx_word' id='word_1_426' title='bbox 1920 3964 2005 4009; x_wconf 86' lang='lat' dir='ltr'><strong>est</strong></span> 
     </span>
    </p>
   </div>
   <div class='ocr_carea' id='block_1_58' title="bbox 423 4046 2001 4115">
    <p class='ocr_par' dir='ltr' id='par_1_58' title="bbox 423 4046 2001 4115">
     <span class='ocr_line' id='line_1_59' title="bbox 423 4046 2001 4115; baseline 0.001 -16"><span class='ocrx_word' id='word_1_427' title='bbox 423 4046 642 4099; x_wconf 89' lang='lat' dir='ltr'><strong>omnino</strong></span> <span class='ocrx_word' id='word_1_428' title='bbox 668 4046 889 4115; x_wconf 85' lang='lat' dir='ltr'><strong>justitia,</strong></span> <span class='ocrx_word' id='word_1_429' title='bbox 937 4062 1033 4101; x_wconf 89' lang='lat' dir='ltr'><strong>nec</strong></span> <span class='ocrx_word' id='word_1_430' title='bbox 1056 4047 1107 4099; x_wconf 91' lang='lat' dir='ltr'><strong>in</strong></span> <span class='ocrx_word' id='word_1_431' title='bbox 1139 4048 1228 4101; x_wconf 90' lang='lat' dir='ltr'><strong>illa</strong></span> <span class='ocrx_word' id='word_1_432' title='bbox 1257 4062 1377 4102; x_wconf 84' lang='lat' dir='ltr'><strong>esse</strong></span> <span class='ocrx_word' id='word_1_433' title='bbox 1409 4048 1740 4103; x_wconf 85' lang='lat' dir='ltr'><strong>beatitudine</strong></span> <span class='ocrx_word' id='word_1_434' title='bbox 1768 4048 2001 4112; x_wconf 82' lang='lat' dir='ltr'><strong>desinet,</strong></span> 
     </span>
    </p>
   </div>
   <div class='ocr_carea' id='block_1_59' title="bbox 423 4140 2004 4210">
    <p class='ocr_par' dir='ltr' id='par_1_59' title="bbox 423 4140 2004 4210">
     <span class='ocr_line' id='line_1_60' title="bbox 423 4140 2004 4210; baseline 0.001 -16"><span class='ocrx_word' id='word_1_435' title='bbox 423 4140 515 4195; x_wconf 89' lang='lat' dir='ltr'><strong>sed</strong></span> <span class='ocrx_word' id='word_1_436' title='bbox 549 4142 671 4195; x_wconf 86' lang='lat' dir='ltr'><strong>talis</strong></span> <span class='ocrx_word' id='word_1_437' title='bbox 706 4157 769 4196; x_wconf 89' lang='lat' dir='ltr'><strong>ac</strong></span> <span class='ocrx_word' id='word_1_438' title='bbox 799 4152 940 4194; x_wconf 89' lang='lat' dir='ltr'><strong>tanta</strong></span> <span class='ocrx_word' id='word_1_439' title='bbox 971 4142 1101 4203; x_wconf 85' lang='lat' dir='ltr'><strong>erit,</strong></span> <span class='ocrx_word' id='word_1_440' title='bbox 1156 4151 1210 4194; x_wconf 94' lang='lat' dir='ltr'><strong>ut</strong></span> <span class='ocrx_word' id='word_1_441' title='bbox 1256 4141 1543 4210; x_wconf 88' lang='lat' dir='ltr'><strong>perfectior</strong></span> <span class='ocrx_word' id='word_1_442' title='bbox 1587 4152 1636 4196; x_wconf 92' lang='lat' dir='ltr'><strong>et</strong></span> <span class='ocrx_word' id='word_1_443' title='bbox 1676 4142 1847 4210; x_wconf 77' lang='lat' dir='ltr'><strong>major</strong></span> <span class='ocrx_word' id='word_1_444' title='bbox 1882 4154 2004 4195; x_wconf 87' lang='lat' dir='ltr'><strong>esse</strong></span> 
     </span>
    </p>
   </div>
   <div class='ocr_carea' id='block_1_60' title="bbox 426 4232 2000 4301">
    <p class='ocr_par' dir='ltr' id='par_1_60' title="bbox 426 4232 2000 4301">
     <span class='ocr_line' id='line_1_61' title="bbox 426 4232 2000 4301; baseline 0.001 -15"><span class='ocrx_word' id='word_1_445' title='bbox 426 4248 528 4286; x_wconf 88' lang='lat' dir='ltr'><strong>non</strong></span> <span class='ocrx_word' id='word_1_446' title='bbox 562 4234 749 4301; x_wconf 82' lang='lat' dir='ltr'><strong>possit.</strong></span> <span class='ocrx_word' id='word_1_447' title='bbox 807 4232 1070 4286; x_wconf 81' lang='lat' dir='ltr'><strong>Fortassis</strong></span> <span class='ocrx_word' id='word_1_448' title='bbox 1101 4244 1152 4287; x_wconf 89' lang='lat' dir='ltr'><strong>et</strong></span> <span class='ocrx_word' id='word_1_449' title='bbox 1180 4234 1297 4287; x_wconf 73' lang='lat' dir='ltr'><strong>aliru</strong></span> <span class='ocrx_word' id='word_1_450' title='bbox 1329 4244 1437 4289; x_wconf 89' lang='lat' dir='ltr'><strong>tres</strong></span> <span class='ocrx_word' id='word_1_451' title='bbox 1467 4234 1710 4295; x_wconf 79' lang='lat' dir='ltr'><strong>virtutes,</strong></span> <span class='ocrx_word' id='word_1_452' title='bbox 1768 4232 2000 4301; x_wconf 89' lang='lat' dir='ltr'><strong>pruden-</strong></span> 
     </span>
    </p>
   </div>
   <div class='ocr_carea' id='block_1_61' title="bbox 422 4323 2006 4392">
    <p class='ocr_par' dir='ltr' id='par_1_61' title="bbox 422 4323 2006 4392">
     <span class='ocr_line' id='line_1_62' title="bbox 422 4323 2006 4392; baseline 0.001 -15"><span class='ocrx_word' id='word_1_453' title='bbox 422 4325 494 4377; x_wconf 88' lang='lat' dir='ltr'><strong>tia</strong></span> <span class='ocrx_word' id='word_1_454' title='bbox 526 4325 641 4377; x_wconf 89' lang='lat' dir='ltr'><strong>sine</strong></span> <span class='ocrx_word' id='word_1_455' title='bbox 666 4324 774 4392; x_wconf 70' lang='lat' dir='ltr'><strong>iam</strong></span> <span class='ocrx_word' id='word_1_456' title='bbox 807 4323 917 4377; x_wconf 91' lang='lat' dir='ltr'><strong>ullo</strong></span> <span class='ocrx_word' id='word_1_457' title='bbox 949 4324 1181 4390; x_wconf 85' lang='lat' dir='ltr'><strong>periculo</strong></span> <span class='ocrx_word' id='word_1_458' title='bbox 1207 4326 1425 4390; x_wconf 86' lang='lat' dir='ltr'><strong>erroris,</strong></span> <span class='ocrx_word' id='word_1_459' title='bbox 1462 4325 1718 4377; x_wconf 88' lang='lat' dir='ltr'><strong>fortitudo</strong></span> <span class='ocrx_word' id='word_1_460' title='bbox 1745 4325 1862 4379; x_wconf 86' lang='lat' dir='ltr'><strong>sine</strong></span> <span class='ocrx_word' id='word_1_461' title='bbox 1892 4340 2006 4378; x_wconf 89' lang='lat' dir='ltr'><strong>mo-</strong></span> 
     </span>
    </p>
   </div>
   <div class='ocr_carea' id='block_1_62' title="bbox 422 4416 2006 4484">
    <p class='ocr_par' dir='ltr' id='par_1_62' title="bbox 422 4416 2006 4484">
     <span class='ocr_line' id='line_1_63' title="bbox 422 4416 2006 4484; baseline -0.001 -13"><span class='ocrx_word' id='word_1_462' title='bbox 422 4416 572 4471; x_wconf 89' lang='lat' dir='ltr'><strong>lestia</strong></span> <span class='ocrx_word' id='word_1_463' title='bbox 615 4417 1009 4470; x_wconf 75' lang='lat' dir='ltr'><strong>tolcrattdnrum</strong></span> <span class='ocrx_word' id='word_1_464' title='bbox 1042 4416 1326 4484; x_wconf 85' lang='lat' dir='ltr'><strong>malorum,</strong></span> <span class='ocrx_word' id='word_1_465' title='bbox 1370 4418 1719 4483; x_wconf 88' lang='lat' dir='ltr'><strong>temperantia</strong></span> <span class='ocrx_word' id='word_1_466' title='bbox 1751 4416 1867 4470; x_wconf 91' lang='lat' dir='ltr'><strong>siue</strong></span> <span class='ocrx_word' id='word_1_467' title='bbox 1908 4432 2006 4469; x_wconf 89' lang='lat' dir='ltr'><strong>re-</strong></span> 
     </span>
    </p>
   </div>
   <div class='ocr_carea' id='block_1_63' title="bbox 428 4508 2004 4578">
    <p class='ocr_par' dir='ltr' id='par_1_63' title="bbox 428 4508 2004 4578">
     <span class='ocr_line' id='line_1_64' title="bbox 428 4508 2004 4578; baseline -0.001 -15"><span class='ocrx_word' id='word_1_468' title='bbox 428 4510 752 4578; x_wconf 81' lang='lat' dir='ltr'><strong>pugnatiune</strong></span> <span class='ocrx_word' id='word_1_469' title='bbox 805 4509 1109 4573; x_wconf 79' lang='lat' dir='ltr'><strong>libidinum,</strong></span> <span class='ocrx_word' id='word_1_470' title='bbox 1160 4520 1318 4563; x_wconf 83' lang='lat' dir='ltr'><strong>erUut</strong></span> <span class='ocrx_word' id='word_1_471' title='bbox 1366 4509 1419 4563; x_wconf 87' lang='lat' dir='ltr'><strong>in</strong></span> <span class='ocrx_word' id='word_1_472' title='bbox 1463 4510 1551 4563; x_wconf 86' lang='lat' dir='ltr'><strong>illa</strong></span> <span class='ocrx_word' id='word_1_473' title='bbox 1609 4508 1883 4564; x_wconf 75' lang='lat' dir='ltr'><strong>felicitate.</strong></span> <span class='ocrx_word' id='word_1_474' title='bbox 1937 4508 2004 4563; x_wconf 88' lang='lat' dir='ltr'><strong>Ut</strong></span> 
     </span>
    </p>
   </div>
   <div class='ocr_carea' id='block_1_64' title="bbox 426 4601 2000 4671">
    <p class='ocr_par' dir='ltr' id='par_1_64' title="bbox 426 4601 2000 4671">
     <span class='ocr_line' id='line_1_65' title="bbox 426 4601 2000 4671; baseline 0.003 -19"><span class='ocrx_word' id='word_1_475' title='bbox 426 4602 829 4670; x_wconf 77' lang='lat' dir='ltr'><strong>prudentiae‘sit</strong></span> <span class='ocrx_word' id='word_1_476' title='bbox 895 4601 1094 4655; x_wconf 91' lang='lat' dir='ltr'><strong>nullum</strong></span> <span class='ocrx_word' id='word_1_477' title='bbox 1150 4601 1347 4655; x_wconf 91' lang='lat' dir='ltr'><strong>bonum</strong></span> <span class='ocrx_word' id='word_1_478' title='bbox 1398 4602 1508 4656; x_wconf 87' lang='lat' dir='ltr'><strong>Deo</strong></span> <span class='ocrx_word' id='word_1_479' title='bbox 1556 4618 1867 4671; x_wconf 77' lang='lat' dir='ltr'><strong>praeponere</strong></span> <span class='ocrx_word' id='word_1_480' title='bbox 1915 4603 2000 4657; x_wconf 85' lang='lat' dir='ltr'><strong>vel</strong></span> 
     </span>
    </p>
   </div>
   <div class='ocr_carea' id='block_1_65' title="bbox 424 4691 2004 4761">
    <p class='ocr_par' dir='ltr' id='par_1_65' title="bbox 424 4691 2004 4761">
     <span class='ocr_line' id='line_1_66' title="bbox 424 4691 2004 4761; baseline 0 -16"><span class='ocrx_word' id='word_1_481' title='bbox 424 4706 637 4761; x_wconf 66' lang='lat' dir='ltr'><strong>aequare</strong></span> <span class='ocrx_word' id='word_1_482' title='bbox 669 4709 682 4756; x_wconf 93' lang='lat'>;</span> <span class='ocrx_word' id='word_1_483' title='bbox 719 4691 1060 4755; x_wconf 81' lang='lat' dir='ltr'><strong>fortitudinis,</strong></span> <span class='ocrx_word' id='word_1_484' title='bbox 1102 4692 1151 4745; x_wconf 83' lang='lat' dir='ltr'><strong>ei</strong></span> <span class='ocrx_word' id='word_1_485' title='bbox 1195 4691 1497 4745; x_wconf 86' lang='lat' dir='ltr'><strong>firmissime</strong></span> <span class='ocrx_word' id='word_1_486' title='bbox 1524 4692 1797 4746; x_wconf 59' lang='lat' dir='ltr'><strong>cohaerere</strong></span> <span class='ocrx_word' id='word_1_487' title='bbox 1824 4709 1838 4758; x_wconf 90' lang='lat'><strong>;</strong></span> <span class='ocrx_word' id='word_1_488' title='bbox 1869 4701 2004 4746; x_wconf 81' lang='lat' dir='ltr'><strong>tem-</strong></span> 
     </span>
    </p>
   </div>
   <div class='ocr_carea' id='block_1_66' title="bbox 425 4783 1999 4855">
    <p class='ocr_par' dir='ltr' id='par_1_66' title="bbox 425 4783 1999 4855">
     <span class='ocr_line' id='line_1_67' title="bbox 425 4783 1999 4855; baseline 0.001 -17"><span class='ocrx_word' id='word_1_489' title='bbox 425 4786 700 4855; x_wconf 68' lang='lat' dir='ltr'><strong>perantia),</strong></span> <span class='ocrx_word' id='word_1_490' title='bbox 732 4785 876 4838; x_wconf 89' lang='lat' dir='ltr'><strong>nullo</strong></span> <span class='ocrx_word' id='word_1_491' title='bbox 906 4785 1112 4838; x_wconf 86' lang='lat' dir='ltr'><strong>defectu</strong></span> <span class='ocrx_word' id='word_1_492' title='bbox 1144 4786 1301 4837; x_wconf 81' lang='lat' dir='ltr'><strong>noxio</strong></span> <span class='ocrx_word' id='word_1_493' title='bbox 1327 4784 1605 4838; x_wconf 86' lang='lat' dir='ltr'><strong>delectari.</strong></span> <span class='ocrx_word' id='word_1_494' title='bbox 1642 4783 1793 4838; x_wconf 87' lang='lat' dir='ltr'><strong>Nunc</strong></span> <span class='ocrx_word' id='word_1_495' title='bbox 1818 4795 1999 4839; x_wconf 88' lang='lat' dir='ltr'><strong>autem</strong></span> 
     </span>
    </p>
   </div>
   <div class='ocr_carea' id='block_1_67' title="bbox 426 4873 2003 4946">
    <p class='ocr_par' dir='ltr' id='par_1_67' title="bbox 426 4873 2003 4946">
     <span class='ocr_line' id='line_1_68' title="bbox 426 4873 2003 4946; baseline 0.002 -20"><span class='ocrx_word' id='word_1_496' title='bbox 426 4875 567 4944; x_wconf 90' lang='lat' dir='ltr'><strong>quod</strong></span> <span class='ocrx_word' id='word_1_497' title='bbox 600 4873 928 4946; x_wconf 82' lang='lat' dir='ltr'><strong>agitjustitia</strong></span> <span class='ocrx_word' id='word_1_498' title='bbox 961 4878 1008 4927; x_wconf 91' lang='lat' dir='ltr'><strong>in</strong></span> <span class='ocrx_word' id='word_1_499' title='bbox 1034 4875 1403 4929; x_wconf 85' lang='lat' dir='ltr'><strong>subvenietth</strong></span> <span class='ocrx_word' id='word_1_500' title='bbox 1434 4875 1669 4939; x_wconf 82' lang='lat' dir='ltr'><strong>miseris,</strong></span> <span class='ocrx_word' id='word_1_501' title='bbox 1711 4876 1851 4944; x_wconf 91' lang='lat' dir='ltr'><strong>quod</strong></span> <span class='ocrx_word' id='word_1_502' title='bbox 1878 4892 2003 4944; x_wconf 85' lang='lat' dir='ltr'><strong>pru-</strong></span> 
     </span>
    </p>
   </div>
   <div class='ocr_carea' id='block_1_68' title="bbox 425 4964 1998 5035">
    <p class='ocr_par' dir='ltr' id='par_1_68' title="bbox 425 4964 1998 5035">
     <span class='ocr_line' id='line_1_69' title="bbox 425 4964 1998 5035; baseline -0.001 -15"><span class='ocrx_word' id='word_1_503' title='bbox 425 4965 605 5020; x_wconf 82' lang='lat' dir='ltr'><strong>dentia</strong></span> <span class='ocrx_word' id='word_1_504' title='bbox 651 4966 701 5018; x_wconf 90' lang='lat' dir='ltr'><strong>in</strong></span> <span class='ocrx_word' id='word_1_505' title='bbox 758 4966 1119 5034; x_wconf 62' lang='lat' dir='ltr'><strong>praecaveudis</strong></span> <span class='ocrx_word' id='word_1_506' title='bbox 1166 4967 1401 5031; x_wconf 88' lang='lat' dir='ltr'><strong>insidiis,</strong></span> <span class='ocrx_word' id='word_1_507' title='bbox 1448 4964 1589 5035; x_wconf 90' lang='lat' dir='ltr'><strong>quod</strong></span> <span class='ocrx_word' id='word_1_508' title='bbox 1633 4965 1893 5019; x_wconf 85' lang='lat' dir='ltr'><strong>fortitudo</strong></span> <span class='ocrx_word' id='word_1_509' title='bbox 1946 4968 1998 5020; x_wconf 91' lang='lat' dir='ltr'><strong>in</strong></span> 
     </span>
    </p>
   </div>
   <div class='ocr_carea' id='block_1_69' title="bbox 425 5056 2005 5128">
    <p class='ocr_par' dir='ltr' id='par_1_69' title="bbox 425 5056 2005 5128">
     <span class='ocr_line' id='line_1_70' title="bbox 425 5056 2005 5128; baseline -0.001 -17"><span class='ocrx_word' id='word_1_510' title='bbox 425 5075 506 5128; x_wconf 83' lang='lat' dir='ltr'><strong>pet</strong></span> <span class='ocrx_word' id='word_1_511' title='bbox 523 5058 755 5112; x_wconf 83' lang='lat' dir='ltr'><strong>ferendis</strong></span> <span class='ocrx_word' id='word_1_512' title='bbox 779 5057 1055 5115; x_wconf 84' lang='lat' dir='ltr'><strong>molestiis,</strong></span> <span class='ocrx_word' id='word_1_513' title='bbox 1080 5058 1219 5127; x_wconf 89' lang='lat' dir='ltr'><strong>quod</strong></span> <span class='ocrx_word' id='word_1_514' title='bbox 1249 5058 1601 5126; x_wconf 68' lang='lat' dir='ltr'><strong>temperantia</strong></span> <span class='ocrx_word' id='word_1_515' title='bbox 1619 5056 1673 5109; x_wconf 92' lang='lat' dir='ltr'><strong>in</strong></span> <span class='ocrx_word' id='word_1_516' title='bbox 1690 5057 2005 5111; x_wconf 85' lang='lat' dir='ltr'><strong>eoerceudis</strong></span> 
     </span>
    </p>
   </div>
   <div class='ocr_carea' id='block_1_70' title="bbox 424 5148 2002 5217">
    <p class='ocr_par' dir='ltr' id='par_1_70' title="bbox 424 5148 2002 5217">
     <span class='ocr_line' id='line_1_71' title="bbox 424 5148 2002 5217; baseline -0.002 -13"><span class='ocrx_word' id='word_1_517' title='bbox 424 5150 867 5206; x_wconf 86' lang='lat' dir='ltr'><strong>delectationibus</strong></span> <span class='ocrx_word' id='word_1_518' title='bbox 894 5150 1089 5217; x_wconf 85' lang='lat' dir='ltr'><strong>pravis,</strong></span> <span class='ocrx_word' id='word_1_519' title='bbox 1124 5167 1227 5203; x_wconf 90' lang='lat' dir='ltr'><strong>non</strong></span> <span class='ocrx_word' id='word_1_520' title='bbox 1259 5151 1331 5211; x_wconf 87' lang='lat' dir='ltr'><strong>ibi</strong></span> <span class='ocrx_word' id='word_1_521' title='bbox 1363 5151 1467 5203; x_wconf 88' lang='lat' dir='ltr'><strong>erit</strong></span> <span class='ocrx_word' id='word_1_522' title='bbox 1497 5149 1585 5203; x_wconf 89' lang='lat' dir='ltr'><strong>ubi</strong></span> <span class='ocrx_word' id='word_1_523' title='bbox 1617 5148 1749 5202; x_wconf 87' lang='lat' dir='ltr'><strong>nihil</strong></span> <span class='ocrx_word' id='word_1_524' title='bbox 1781 5148 2002 5201; x_wconf 89' lang='lat' dir='ltr'><strong>omnino</strong></span> 
     </span>
    </p>
   </div>
   <div class='ocr_carea' id='block_1_71' title="bbox 429 5241 2006 5311">
    <p class='ocr_par' dir='ltr' id='par_1_71' title="bbox 429 5241 2006 5311">
     <span class='ocr_line' id='line_1_72' title="bbox 429 5241 2006 5311; baseline 0.001 -16"><span class='ocrx_word' id='word_1_525' title='bbox 429 5243 550 5296; x_wconf 90' lang='lat' dir='ltr'><strong>mali</strong></span> <span class='ocrx_word' id='word_1_526' title='bbox 579 5243 701 5296; x_wconf 89' lang='lat' dir='ltr'><strong>erit.</strong></span> <span class='ocrx_word' id='word_1_527' title='bbox 736 5243 813 5295; x_wconf 86' lang='lat' dir='ltr'><strong>Ac</strong></span> <span class='ocrx_word' id='word_1_528' title='bbox 846 5256 935 5310; x_wconf 76' lang='lat' dir='ltr'><strong>per</strong></span> <span class='ocrx_word' id='word_1_529' title='bbox 967 5241 1088 5305; x_wconf 89' lang='lat' dir='ltr'><strong>hoc,</strong></span> <span class='ocrx_word' id='word_1_530' title='bbox 1133 5242 1230 5295; x_wconf 89' lang='lat' dir='ltr'><strong>ista</strong></span> <span class='ocrx_word' id='word_1_531' title='bbox 1266 5243 1515 5295; x_wconf 85' lang='lat' dir='ltr'><strong>virtutum</strong></span> <span class='ocrx_word' id='word_1_532' title='bbox 1544 5257 1704 5310; x_wconf 88' lang='lat' dir='ltr'><strong>opera</strong></span> <span class='ocrx_word' id='word_1_533' title='bbox 1733 5256 1852 5311; x_wconf 75' lang='lat' dir='ltr'><strong>qua:</strong></span> <span class='ocrx_word' id='word_1_534' title='bbox 1881 5242 2006 5296; x_wconf 88' lang='lat' dir='ltr'><strong>huic</strong></span> 
     </span>
    </p>
   </div>
   <div class='ocr_carea' id='block_1_72' title="bbox 428 5333 2004 5402">
    <p class='ocr_par' dir='ltr' id='par_1_72' title="bbox 428 5333 2004 5402">
     <span class='ocr_line' id='line_1_73' title="bbox 428 5333 2004 5402; baseline -0.003 -11"><span class='ocrx_word' id='word_1_535' title='bbox 428 5338 637 5392; x_wconf 81' lang='lat' dir='ltr'><strong>mortali</strong></span> <span class='ocrx_word' id='word_1_536' title='bbox 680 5338 805 5391; x_wconf 77' lang='lat' dir='ltr'><strong>vita:</strong></span> <span class='ocrx_word' id='word_1_537' title='bbox 844 5347 969 5391; x_wconf 85' lang='lat' dir='ltr'><strong>sunt</strong></span> <span class='ocrx_word' id='word_1_538' title='bbox 998 5336 1321 5399; x_wconf 82' lang='lat' dir='ltr'><strong>necessaria,</strong></span> <span class='ocrx_word' id='word_1_539' title='bbox 1379 5334 1517 5388; x_wconf 83' lang='lat' dir='ltr'><strong>sicut</strong></span> <span class='ocrx_word' id='word_1_540' title='bbox 1549 5334 1713 5401; x_wconf 83' lang='lat' dir='ltr'><strong>fides,</strong></span> <span class='ocrx_word' id='word_1_541' title='bbox 1747 5333 1812 5387; x_wconf 83' lang='lat' dir='ltr'><strong>ad</strong></span> <span class='ocrx_word' id='word_1_542' title='bbox 1843 5350 2004 5402; x_wconf 88' lang='lat' dir='ltr'><strong>quam</strong></span> 
     </span>
    </p>
   </div>
   <div class='ocr_carea' id='block_1_73' title="bbox 427 5427 2006 5497">
    <p class='ocr_par' dir='ltr' id='par_1_73' title="bbox 427 5427 2006 5497">
     <span class='ocr_line' id='line_1_74' title="bbox 427 5427 2006 5497; baseline -0.003 -14"><span class='ocrx_word' id='word_1_543' title='bbox 427 5430 705 5485; x_wconf 85' lang='lat' dir='ltr'><strong>referenda</strong></span> <span class='ocrx_word' id='word_1_544' title='bbox 750 5430 800 5483; x_wconf 90' lang='lat' dir='ltr'><strong>in</strong></span> <span class='ocrx_word' id='word_1_545' title='bbox 860 5429 1146 5497; x_wconf 71' lang='lat' dir='ltr'><strong>prazteritis</strong></span> <span class='ocrx_word' id='word_1_546' title='bbox 1178 5427 1537 5491; x_wconf 89' lang='lat' dir='ltr'><strong>habebuntur,</strong></span> <span class='ocrx_word' id='word_1_547' title='bbox 1570 5436 1623 5480; x_wconf 91' lang='lat' dir='ltr'><strong>et</strong></span> <span class='ocrx_word' id='word_1_548' title='bbox 1666 5428 1823 5480; x_wconf 83' lang='lat' dir='ltr'><strong>aliam</strong></span> <span class='ocrx_word' id='word_1_549' title='bbox 1866 5440 2006 5479; x_wconf 90' lang='lat' dir='ltr'><strong>nunc</strong></span> 
     </span>
    </p>
   </div>
   <div class='ocr_carea' id='block_1_74' title="bbox 424 5518 2004 5587">
    <p class='ocr_par' dir='ltr' id='par_1_74' title="bbox 424 5518 2004 5587">
     <span class='ocr_line' id='line_1_75' title="bbox 424 5518 2004 5587; baseline -0.003 -13"><span class='ocrx_word' id='word_1_550' title='bbox 424 5522 630 5578; x_wconf 84' lang='lat' dir='ltr'><strong>faciunt</strong></span> <span class='ocrx_word' id='word_1_551' title='bbox 671 5521 983 5587; x_wconf 84' lang='lat' dir='ltr'><strong>trinitatem,</strong></span> <span class='ocrx_word' id='word_1_552' title='bbox 1015 5536 1135 5575; x_wconf 89' lang='lat' dir='ltr'><strong>cum</strong></span> <span class='ocrx_word' id='word_1_553' title='bbox 1160 5536 1218 5575; x_wconf 70' lang='lat' dir='ltr'><strong>ea</strong></span> <span class='ocrx_word' id='word_1_554' title='bbox 1250 5518 1533 5583; x_wconf 66' lang='lat' dir='ltr'><strong>praesentia</strong></span> <span class='ocrx_word' id='word_1_555' title='bbox 1567 5527 1830 5574; x_wconf 87' lang='lat' dir='ltr'><strong>tenemus.</strong></span> <span class='ocrx_word' id='word_1_556' title='bbox 1858 5534 2004 5572; x_wconf 88' lang='lat' dir='ltr'><strong>ama-</strong></span> 
     </span>
    </p>
   </div>
   <div class='ocr_carea' id='block_1_75' title="bbox 425 5609 2003 5682">
    <p class='ocr_par' dir='ltr' id='par_1_75' title="bbox 425 5609 2003 5682">
     <span class='ocr_line' id='line_1_76' title="bbox 425 5609 2003 5682; baseline -0.005 -11"><span class='ocrx_word' id='word_1_557' title='bbox 425 5631 562 5680; x_wconf 84' lang='lat' dir='ltr'><strong>mus,</strong></span> <span class='ocrx_word' id='word_1_558' title='bbox 594 5616 905 5682; x_wconf 79' lang='lat' dir='ltr'><strong>aspicimus,</strong></span> <span class='ocrx_word' id='word_1_559' title='bbox 961 5613 1121 5666; x_wconf 84' lang='lat' dir='ltr'><strong>aliam</strong></span> <span class='ocrx_word' id='word_1_560' title='bbox 1174 5620 1295 5666; x_wconf 86' lang='lat' dir='ltr'><strong>tmte</strong></span> <span class='ocrx_word' id='word_1_561' title='bbox 1345 5609 1546 5664; x_wconf 88' lang='lat' dir='ltr'><strong>factura</strong></span> <span class='ocrx_word' id='word_1_562' title='bbox 1593 5618 1738 5675; x_wconf 91' lang='lat' dir='ltr'><strong>sunt,</strong></span> <span class='ocrx_word' id='word_1_563' title='bbox 1788 5623 1911 5663; x_wconf 92' lang='lat' dir='ltr'><strong>cum</strong></span> <span class='ocrx_word' id='word_1_564' title='bbox 1941 5624 2003 5663; x_wconf 82' lang='lat' dir='ltr'><strong>ea</strong></span> 
     </span>
    </p>
   </div>
   <div class='ocr_carea' id='block_1_76' title="bbox 424 5700 2001 5770">
    <p class='ocr_par' dir='ltr' id='par_1_76' title="bbox 424 5700 2001 5770">
     <span class='ocr_line' id='line_1_77' title="bbox 424 5700 2001 5770; baseline -0.006 -10"><span class='ocrx_word' id='word_1_565' title='bbox 424 5720 529 5760; x_wconf 90' lang='lat' dir='ltr'><strong>non</strong></span> <span class='ocrx_word' id='word_1_566' title='bbox 574 5718 694 5758; x_wconf 86' lang='lat' dir='ltr'><strong>esse</strong></span> <span class='ocrx_word' id='word_1_567' title='bbox 736 5703 829 5758; x_wconf 86' lang='lat' dir='ltr'><strong>sed</strong></span> <span class='ocrx_word' id='word_1_568' title='bbox 878 5702 977 5755; x_wconf 83' lang='lat' dir='ltr'><strong>tuis</strong></span> <span class='ocrx_word' id='word_1_569' title='bbox 1008 5718 1059 5765; x_wconf 86' lang='lat' dir='ltr'><strong>c,</strong></span> <span class='ocrx_word' id='word_1_570' title='bbox 1106 5716 1200 5770; x_wconf 86' lang='lat' dir='ltr'><strong>per</strong></span> <span class='ocrx_word' id='word_1_571' title='bbox 1240 5700 1484 5770; x_wconf 78' lang='lat' dir='ltr'><strong>quaedam</strong></span> <span class='ocrx_word' id='word_1_572' title='bbox 1530 5714 1715 5754; x_wconf 80' lang='lat' dir='ltr'><strong>eorum</strong></span> <span class='ocrx_word' id='word_1_573' title='bbox 1756 5702 2001 5769; x_wconf 75' lang='lat' dir='ltr'><strong>vestigia,</strong></span> 
     </span>
    </p>
   </div>
   <div class='ocr_carea' id='block_1_77' title="bbox 498 5838 2109 5907">
    <p class='ocr_par' dir='ltr' id='par_1_77' title="bbox 498 5838 2109 5907">
     <span class='ocr_line' id='line_1_78' title="bbox 498 5838 2109 5907; baseline -0.001 -12"><span class='ocrx_word' id='word_1_574' title='bbox 498 5843 519 5867; x_wconf 83' lang='lat'><strong><em>‘</em></strong></span> <span class='ocrx_word' id='word_1_575' title='bbox 547 5838 765 5895; x_wconf 86' lang='lat' dir='ltr'><strong>Uncinis</strong></span> <span class='ocrx_word' id='word_1_576' title='bbox 787 5839 989 5893; x_wconf 88' lang='lat' dir='ltr'><strong>inclusa</strong></span> <span class='ocrx_word' id='word_1_577' title='bbox 1006 5841 1203 5896; x_wconf 87' lang='lat' dir='ltr'><strong>desunt</strong></span> <span class='ocrx_word' id='word_1_578' title='bbox 1225 5844 1277 5893; x_wconf 93' lang='lat' dir='ltr'><strong>in</strong></span> <span class='ocrx_word' id='word_1_579' title='bbox 1301 5839 1359 5893; x_wconf 84' lang='lat' dir='ltr'><strong>S.</strong></span> <span class='ocrx_word' id='word_1_580' title='bbox 1396 5839 1529 5907; x_wconf 78' lang='lat' dir='ltr'><strong>Aug.</strong></span> <span class='ocrx_word' id='word_1_581' title='bbox 1561 5838 1691 5897; x_wconf 86' lang='lat' dir='ltr'><strong>edit.</strong></span> <span class='ocrx_word' id='word_1_582' title='bbox 1723 5838 1922 5894; x_wconf 82' lang='lat' dir='ltr'><strong>Beucd.</strong></span> <span class='ocrx_word' id='word_1_583' title='bbox 1959 5839 2109 5894; x_wconf 79' lang='lat' dir='ltr'><strong>Eutr.</strong></span> 
     </span>
    </p>
   </div>
   <div class='ocr_carea' id='block_1_78' title="bbox 2102 1910 3660 1981">
    <p class='ocr_par' dir='ltr' id='par_1_78' title="bbox 2102 1910 3660 1981">
     <span class='ocr_line' id='line_1_79' title="bbox 2102 1910 3660 1981; baseline 0 -18"><span class='ocrx_word' id='word_1_584' title='bbox 2102 1910 2263 1963; x_wconf 88' lang='lat' dir='ltr'><strong>multa</strong></span> <span class='ocrx_word' id='word_1_585' title='bbox 2322 1910 2667 1978; x_wconf 77' lang='lat' dir='ltr'><strong>cogitantem.</strong></span> <span class='ocrx_word' id='word_1_586' title='bbox 2727 1910 3108 1966; x_wconf 80' lang='lat' dir='ltr'><strong>Verumtamen</strong></span> <span class='ocrx_word' id='word_1_587' title='bbox 3173 1913 3263 1981; x_wconf 90' lang='lat' dir='ltr'><strong>qui</strong></span> <span class='ocrx_word' id='word_1_588' title='bbox 3315 1912 3489 1965; x_wconf 89' lang='lat' dir='ltr'><strong>omnia</strong></span> <span class='ocrx_word' id='word_1_589' title='bbox 3538 1912 3660 1964; x_wconf 82' lang='lat' dir='ltr'><strong>mala</strong></span> 
     </span>
    </p>
   </div>
   <div class='ocr_carea' id='block_1_79' title="bbox 2101 2002 3660 2072">
    <p class='ocr_par' dir='ltr' id='par_1_79' title="bbox 2101 2002 3660 2072">
     <span class='ocr_line' id='line_1_80' title="bbox 2101 2002 3660 2072; baseline -0.002 -17"><span class='ocrx_word' id='word_1_590' title='bbox 2101 2003 2289 2057; x_wconf 69' lang='lat' dir='ltr'><strong>anima:</strong></span> <span class='ocrx_word' id='word_1_591' title='bbox 2321 2019 2387 2057; x_wconf 80' lang='lat' dir='ltr'><strong>ex</strong></span> <span class='ocrx_word' id='word_1_592' title='bbox 2427 2018 2652 2070; x_wconf 89' lang='lat' dir='ltr'><strong>corpore</strong></span> <span class='ocrx_word' id='word_1_593' title='bbox 2684 2011 2869 2072; x_wconf 87' lang='lat' dir='ltr'><strong>putant</strong></span> <span class='ocrx_word' id='word_1_594' title='bbox 2915 2003 3194 2069; x_wconf 83' lang='lat' dir='ltr'><strong>accidisse,</strong></span> <span class='ocrx_word' id='word_1_595' title='bbox 3228 2002 3280 2057; x_wconf 91' lang='lat' dir='ltr'><strong>in</strong></span> <span class='ocrx_word' id='word_1_596' title='bbox 3312 2018 3491 2057; x_wconf 89' lang='lat' dir='ltr'><strong>errore</strong></span> <span class='ocrx_word' id='word_1_597' title='bbox 3532 2009 3660 2055; x_wconf 83' lang='lat' dir='ltr'><strong>sunt.</strong></span> 
     </span>
    </p>
   </div>
   <div class='ocr_carea' id='block_1_80' title="bbox 2101 2094 3661 2165">
    <p class='ocr_par' dir='ltr' id='par_1_80' title="bbox 2101 2094 3661 2165">
     <span class='ocr_line' id='line_1_81' title="bbox 2101 2094 3661 2165; baseline 0.001 -19"><span class='ocrx_word' id='word_1_598' title='bbox 2101 2094 2359 2159; x_wconf 86' lang='lat' dir='ltr'><strong>Quamvis</strong></span> <span class='ocrx_word' id='word_1_599' title='bbox 2403 2096 2547 2149; x_wconf 85' lang='lat' dir='ltr'><strong>enim</strong></span> <span class='ocrx_word' id='word_1_600' title='bbox 2582 2094 2836 2165; x_wconf 77' lang='lat' dir='ltr'><strong>Virgilius</strong></span> <span class='ocrx_word' id='word_1_601' title='bbox 2885 2095 3215 2149; x_wconf 80' lang='lat' dir='ltr'><strong>Platonicam</strong></span> <span class='ocrx_word' id='word_1_602' title='bbox 3249 2095 3489 2150; x_wconf 87' lang='lat' dir='ltr'><strong>videatur</strong></span> <span class='ocrx_word' id='word_1_603' title='bbox 3527 2094 3661 2149; x_wconf 78' lang='lat' dir='ltr'><strong>lucu-</strong></span> 
     </span>
    </p>
   </div>
   <div class='ocr_carea' id='block_1_81' title="bbox 2104 2185 3469 2254">
    <p class='ocr_par' dir='ltr' id='par_1_81' title="bbox 2104 2185 3469 2254">
     <span class='ocr_line' id='line_1_82' title="bbox 2104 2185 3469 2254; baseline -0.001 -14"><span class='ocrx_word' id='word_1_604' title='bbox 2104 2187 2263 2240; x_wconf 87' lang='lat' dir='ltr'><strong>lentis</strong></span> <span class='ocrx_word' id='word_1_605' title='bbox 2292 2185 2534 2239; x_wconf 84' lang='lat' dir='ltr'><strong>versibus</strong></span> <span class='ocrx_word' id='word_1_606' title='bbox 2557 2186 2836 2254; x_wconf 83' lang='lat' dir='ltr'><strong>explicare</strong></span> <span class='ocrx_word' id='word_1_607' title='bbox 2862 2188 3204 2250; x_wconf 85' lang='lat' dir='ltr'><strong>sententiam,</strong></span> <span class='ocrx_word' id='word_1_608' title='bbox 3242 2186 3426 2239; x_wconf 84' lang='lat' dir='ltr'><strong>dicens</strong></span> <span class='ocrx_word' id='word_1_609' title='bbox 3454 2202 3469 2239; x_wconf 85' lang='lat'><strong>:</strong></span> 
     </span>
    </p>
   </div>
   <div class='ocr_carea' id='block_1_82' title="bbox 2226 2278 3464 2341">
    <p class='ocr_par' dir='ltr' id='par_1_82' title="bbox 2226 2278 3464 2341">
     <span class='ocr_line' id='line_1_83' title="bbox 2226 2278 3464 2341; baseline -0.001 -15"><span class='ocrx_word' id='word_1_610' title='bbox 2226 2279 2411 2341; x_wconf 83' lang='lat' dir='ltr'><strong>lgneus</strong></span> <span class='ocrx_word' id='word_1_611' title='bbox 2437 2288 2512 2329; x_wconf 75' lang='lat' dir='ltr'><strong>est</strong></span> <span class='ocrx_word' id='word_1_612' title='bbox 2536 2280 2631 2327; x_wconf 80' lang='lat' dir='ltr'><strong>illis</strong></span> <span class='ocrx_word' id='word_1_613' title='bbox 2654 2278 2803 2339; x_wconf 80' lang='lat' dir='ltr'><strong>[ollis]</strong></span> <span class='ocrx_word' id='word_1_614' title='bbox 2832 2279 2988 2341; x_wconf 74' lang='lat' dir='ltr'><strong>tigor,</strong></span> <span class='ocrx_word' id='word_1_615' title='bbox 3019 2286 3068 2326; x_wconf 91' lang='lat' dir='ltr'><strong>et</strong></span> <span class='ocrx_word' id='word_1_616' title='bbox 3085 2279 3306 2328; x_wconf 76' lang='lat' dir='ltr'><strong>rmlestis</strong></span> <span class='ocrx_word' id='word_1_617' title='bbox 3328 2280 3464 2340; x_wconf 79' lang='lat' dir='ltr'><strong>origo</strong></span> 
     </span>
    </p>
   </div>
   <div class='ocr_carea' id='block_1_83' title="bbox 2224 2342 3536 2403">
    <p class='ocr_par' dir='ltr' id='par_1_83' title="bbox 2224 2342 3536 2403">
     <span class='ocr_line' id='line_1_84' title="bbox 2224 2342 3536 2403; baseline -0.001 -15"><span class='ocrx_word' id='word_1_618' title='bbox 2224 2342 2526 2403; x_wconf 78' lang='lat' dir='ltr'><strong>Seminibus,</strong></span> <span class='ocrx_word' id='word_1_619' title='bbox 2568 2350 2800 2402; x_wconf 82' lang='lat' dir='ltr'><strong>quantum</strong></span> <span class='ocrx_word' id='word_1_620' title='bbox 2826 2354 2921 2389; x_wconf 90' lang='lat' dir='ltr'><strong>non</strong></span> <span class='ocrx_word' id='word_1_621' title='bbox 2944 2342 3087 2389; x_wconf 75' lang='lat' dir='ltr'><strong>noxia</strong></span> <span class='ocrx_word' id='word_1_622' title='bbox 3106 2354 3311 2402; x_wconf 85' lang='lat' dir='ltr'><strong>corpora</strong></span> <span class='ocrx_word' id='word_1_623' title='bbox 3338 2342 3536 2396; x_wconf 78' lang='lat' dir='ltr'><strong>tardant,</strong></span> 
     </span>
    </p>
   </div>
   <div class='ocr_carea' id='block_1_84' title="bbox 2225 2402 3611 2472">
    <p class='ocr_par' dir='ltr' id='par_1_84' title="bbox 2225 2402 3611 2472">
     <span class='ocr_line' id='line_1_85' title="bbox 2225 2402 3611 2472; baseline -0.004 -20"><span class='ocrx_word' id='word_1_624' title='bbox 2225 2403 2539 2461; x_wconf 80' lang='lat' dir='ltr'><strong>&#39;l&#39;erreuique</strong></span> <span class='ocrx_word' id='word_1_625' title='bbox 2565 2404 2804 2451; x_wconf 82' lang='lat' dir='ltr'><strong>hebetant</strong></span> <span class='ocrx_word' id='word_1_626' title='bbox 2821 2403 3365 2472; x_wconf 61' lang='lat' dir='ltr'><strong>artusmoribundaque</strong></span> <span class='ocrx_word' id='word_1_627' title='bbox 3392 2402 3611 2461; x_wconf 82' lang='lat' dir='ltr'><strong>membra;</strong></span> 
     </span>
    </p>
   </div>
   <div class='ocr_carea' id='block_1_85' title="bbox 2101 2483 3659 2556">
    <p class='ocr_par' dir='ltr' id='par_1_85' title="bbox 2101 2483 3659 2556">
     <span class='ocr_line' id='line_1_86' title="bbox 2101 2483 3659 2556; baseline -0.003 -16"><span class='ocrx_word' id='word_1_628' title='bbox 2101 2500 2398 2556; x_wconf 79' lang='lat' dir='ltr'><strong>omnesque</strong></span> <span class='ocrx_word' id='word_1_629' title='bbox 2455 2486 2574 2539; x_wconf 89' lang='lat' dir='ltr'><strong>illas</strong></span> <span class='ocrx_word' id='word_1_630' title='bbox 2625 2483 2930 2538; x_wconf 86' lang='lat' dir='ltr'><strong>notissimas</strong></span> <span class='ocrx_word' id='word_1_631' title='bbox 2962 2496 3191 2553; x_wconf 90' lang='lat' dir='ltr'><strong>quatuor</strong></span> <span class='ocrx_word' id='word_1_632' title='bbox 3216 2486 3379 2541; x_wconf 88' lang='lat' dir='ltr'><strong>animi</strong></span> <span class='ocrx_word' id='word_1_633' title='bbox 3412 2486 3659 2552; x_wconf 82' lang='lat' dir='ltr'><strong>perturba-</strong></span> 
     </span>
    </p>
   </div>
   <div class='ocr_carea' id='block_1_86' title="bbox 2106 2576 3661 2645">
    <p class='ocr_par' dir='ltr' id='par_1_86' title="bbox 2106 2576 3661 2645">
     <span class='ocr_line' id='line_1_87' title="bbox 2106 2576 3661 2645; baseline -0.005 -14"><span class='ocrx_word' id='word_1_634' title='bbox 2106 2578 2300 2644; x_wconf 87' lang='lat' dir='ltr'><strong>tiones,</strong></span> <span class='ocrx_word' id='word_1_635' title='bbox 2348 2577 2717 2645; x_wconf 84' lang='lat' dir='ltr'><strong>cupiditatem,</strong></span> <span class='ocrx_word' id='word_1_636' title='bbox 2760 2577 3030 2641; x_wconf 89' lang='lat' dir='ltr'><strong>timorem,</strong></span> <span class='ocrx_word' id='word_1_637' title='bbox 3073 2576 3340 2642; x_wconf 68' lang='lat' dir='ltr'><strong>laetitiaui,</strong></span> <span class='ocrx_word' id='word_1_638' title='bbox 3390 2577 3661 2639; x_wconf 81' lang='lat' dir='ltr'><strong>tristitiam,</strong></span> 
     </span>
    </p>
   </div>
   <div class='ocr_carea' id='block_1_87' title="bbox 2104 2668 3664 2739">
    <p class='ocr_par' dir='ltr' id='par_1_87' title="bbox 2104 2668 3664 2739">
     <span class='ocr_line' id='line_1_88' title="bbox 2104 2668 3664 2739; baseline -0.001 -20"><span class='ocrx_word' id='word_1_639' title='bbox 2104 2685 2238 2739; x_wconf 87' lang='lat' dir='ltr'><strong>quas</strong></span> <span class='ocrx_word' id='word_1_640' title='bbox 2290 2670 2526 2738; x_wconf 84' lang='lat' dir='ltr'><strong>origines</strong></span> <span class='ocrx_word' id='word_1_641' title='bbox 2573 2668 2811 2722; x_wconf 88' lang='lat' dir='ltr'><strong>omnium</strong></span> <span class='ocrx_word' id='word_1_642' title='bbox 2860 2676 3199 2736; x_wconf 88' lang='lat' dir='ltr'><strong>peccatorum</strong></span> <span class='ocrx_word' id='word_1_643' title='bbox 3257 2678 3413 2736; x_wconf 83' lang='lat' dir='ltr'><strong>atque</strong></span> <span class='ocrx_word' id='word_1_644' title='bbox 3440 2670 3664 2719; x_wconf 87' lang='lat' dir='ltr'><strong>vitiorum</strong></span> 
     </span>
    </p>
   </div>
   <div class='ocr_carea' id='block_1_88' title="bbox 2103 2756 3666 2829">
    <p class='ocr_par' dir='ltr' id='par_1_88' title="bbox 2103 2756 3666 2829">
     <span class='ocr_line' id='line_1_89' title="bbox 2103 2756 3666 2829; baseline -0.004 -16"><span class='ocrx_word' id='word_1_645' title='bbox 2103 2762 2288 2813; x_wconf 82' lang='lat' dir='ltr'><strong>volens</strong></span> <span class='ocrx_word' id='word_1_646' title='bbox 2330 2758 2556 2829; x_wconf 88' lang='lat' dir='ltr'><strong>intelligi</strong></span> <span class='ocrx_word' id='word_1_647' title='bbox 2605 2772 2671 2814; x_wconf 77' lang='lat' dir='ltr'><strong>ex</strong></span> <span class='ocrx_word' id='word_1_648' title='bbox 2723 2772 2949 2828; x_wconf 90' lang='lat' dir='ltr'><strong>oorpore</strong></span> <span class='ocrx_word' id='word_1_649' title='bbox 2998 2757 3270 2826; x_wconf 89' lang='lat' dir='ltr'><strong>accidere,</strong></span> <span class='ocrx_word' id='word_1_650' title='bbox 3328 2756 3597 2827; x_wconf 68' lang='lat' dir='ltr'><strong>subiungat</strong></span> <span class='ocrx_word' id='word_1_651' title='bbox 3621 2764 3666 2809; x_wconf 88' lang='lat' dir='ltr'><strong>ct</strong></span> 
     </span>
    </p>
   </div>
   <div class='ocr_carea' id='block_1_89' title="bbox 2102 2852 2293 2907">
    <p class='ocr_par' dir='ltr' id='par_1_89' title="bbox 2102 2852 2293 2907">
     <span class='ocr_line' id='line_1_90' title="bbox 2102 2852 2293 2907; baseline -0.01 0"><span class='ocrx_word' id='word_1_652' title='bbox 2102 2852 2242 2907; x_wconf 74' lang='lat' dir='ltr'><strong>dicat</strong></span> <span class='ocrx_word' id='word_1_653' title='bbox 2279 2868 2293 2905; x_wconf 92' lang='lat'><strong>:</strong></span> 
     </span>
    </p>
   </div>
   <div class='ocr_carea' id='block_1_90' title="bbox 2227 2960 3673 3081">
    <p class='ocr_par' dir='ltr' id='par_1_90' title="bbox 2227 2960 3673 3081">
     <span class='ocr_line' id='line_1_91' title="bbox 2227 2960 3673 3081; baseline -0.007 -67"><span class='ocrx_word' id='word_1_654' title='bbox 2227 2964 2354 3014; x_wconf 90' lang='lat' dir='ltr'><strong>llinc</strong></span> <span class='ocrx_word' id='word_1_655' title='bbox 2386 2969 2644 3023; x_wconf 86' lang='lat' dir='ltr'><strong>metuunt,</strong></span> <span class='ocrx_word' id='word_1_656' title='bbox 2674 2963 2997 3026; x_wconf 87' lang='lat' dir='ltr'><strong>cupiuntque,</strong></span> <span class='ocrx_word' id='word_1_657' title='bbox 3026 2960 3199 3012; x_wconf 87' lang='lat' dir='ltr'><strong>dolent</strong></span> <span class='ocrx_word' id='word_1_658' title='bbox 3236 2960 3673 3081; x_wconf 41' lang='lat' dir='ltr'><strong>gaudentqiisﬁrgec</strong></span> 
     </span>
    </p>
   </div>
   <div class='ocr_carea' id='block_1_91' title="bbox 2227 3084 3670 3205">
    <p class='ocr_par' dir='ltr' id='par_1_91' title="bbox 2227 3084 3670 3205">
     <span class='ocr_line' id='line_1_92' title="bbox 2227 3084 3670 3205; baseline -0.003 -68"><span class='ocrx_word' id='word_1_659' title='bbox 2227 3087 2513 3150; x_wconf 82' lang='lat' dir='ltr'><strong>Suscipiunt</strong></span> <span class='ocrx_word' id='word_1_660' title='bbox 2546 3086 2858 3149; x_wconf 83' lang='lat' dir='ltr'><strong>[respiciunt]</strong></span> <span class='ocrx_word' id='word_1_661' title='bbox 2894 3085 3071 3135; x_wconf 72' lang='lat' dir='ltr'><strong>clausa:</strong></span> <span class='ocrx_word' id='word_1_662' title='bbox 3100 3084 3365 3146; x_wconf 87' lang='lat' dir='ltr'><strong>tenebris,</strong></span> <span class='ocrx_word' id='word_1_663' title='bbox 3400 3092 3452 3133; x_wconf 85' lang='lat' dir='ltr'><strong>et</strong></span> <span class='ocrx_word' id='word_1_664' title='bbox 3488 3094 3670 3205; x_wconf 44' lang='lat' dir='ltr'><strong>ﬁngite</strong></span> 
     </span>
     <span class='ocr_line' id='line_1_93' title="bbox 3630 3178 3646 3203; baseline 0 0"><span class='ocrx_word' id='word_1_665' title='bbox 3630 3178 3646 3203; x_wconf 70' lang='grc' dir='ltr'><strong>ν</strong></span> 
     </span>
    </p>
   </div>
   <div class='ocr_carea' id='block_1_92' title="bbox 2111 3238 3673 3305">
    <p class='ocr_par' dir='ltr' id='par_1_92' title="bbox 2111 3238 3673 3305">
     <span class='ocr_line' id='line_1_94' title="bbox 2111 3238 3673 3305; baseline -0.008 -6"><span class='ocrx_word' id='word_1_666' title='bbox 2111 3255 2286 3299; x_wconf 88' lang='lat' dir='ltr'><strong>tamen</strong></span> <span class='ocrx_word' id='word_1_667' title='bbox 2333 3243 2488 3297; x_wconf 88' lang='lat' dir='ltr'><strong>aliter</strong></span> <span class='ocrx_word' id='word_1_668' title='bbox 2515 3257 2576 3297; x_wconf 89' lang='lat' dir='ltr'><strong>se</strong></span> <span class='ocrx_word' id='word_1_669' title='bbox 2614 3240 2776 3295; x_wconf 89' lang='lat' dir='ltr'><strong>habet</strong></span> <span class='ocrx_word' id='word_1_670' title='bbox 2814 3240 2947 3295; x_wconf 84' lang='lat' dir='ltr'><strong>ﬁdes</strong></span> <span class='ocrx_word' id='word_1_671' title='bbox 2986 3248 3168 3294; x_wconf 86' lang='lat' dir='ltr'><strong>nostra</strong></span> <span class='ocrx_word' id='word_1_672' title='bbox 3203 3256 3220 3295; x_wconf 91' lang='lat'><strong>:</strong></span> <span class='ocrx_word' id='word_1_673' title='bbox 3252 3254 3374 3295; x_wconf 89' lang='lat' dir='ltr'><strong>nam</strong></span> <span class='ocrx_word' id='word_1_674' title='bbox 3420 3238 3673 3305; x_wconf 84' lang='lat' dir='ltr'><strong>corruptio</strong></span> 
     </span>
    </p>
   </div>
   <div class='ocr_carea' id='block_1_93' title="bbox 2104 3326 3672 3400">
    <p class='ocr_par' dir='ltr' id='par_1_93' title="bbox 2104 3326 3672 3400">
     <span class='ocr_line' id='line_1_95' title="bbox 2104 3326 3672 3400; baseline -0.008 -12"><span class='ocrx_word' id='word_1_675' title='bbox 2104 3332 2348 3400; x_wconf 88' lang='lat' dir='ltr'><strong>corporis</strong></span> <span class='ocrx_word' id='word_1_676' title='bbox 2373 3344 2494 3399; x_wconf 67' lang='lat' dir='ltr'><strong>quae</strong></span> <span class='ocrx_word' id='word_1_677' title='bbox 2516 3341 2768 3399; x_wconf 83' lang='lat' dir='ltr'><strong>aggravat</strong></span> <span class='ocrx_word' id='word_1_678' title='bbox 2797 3329 3029 3383; x_wconf 77' lang='lat' dir='ltr'><strong>animam</strong></span> <span class='ocrx_word' id='word_1_679' title='bbox 3062 3345 3165 3383; x_wconf 88' lang='lat' dir='ltr'><strong>non</strong></span> <span class='ocrx_word' id='word_1_680' title='bbox 3199 3329 3403 3398; x_wconf 88' lang='lat' dir='ltr'><strong>peccati</strong></span> <span class='ocrx_word' id='word_1_681' title='bbox 3428 3326 3573 3398; x_wconf 90' lang='lat' dir='ltr'><strong>primi</strong></span> <span class='ocrx_word' id='word_1_682' title='bbox 3600 3331 3672 3380; x_wconf 84' lang='lat' dir='ltr'><strong>est</strong></span> 
     </span>
    </p>
   </div>
   <div class='ocr_carea' id='block_1_94' title="bbox 2103 3418 3670 3489">
    <p class='ocr_par' dir='ltr' id='par_1_94' title="bbox 2103 3418 3670 3489">
     <span class='ocr_line' id='line_1_96' title="bbox 2103 3418 3670 3489; baseline -0.003 -15"><span class='ocrx_word' id='word_1_683' title='bbox 2103 3436 2283 3485; x_wconf 84' lang='lat' dir='ltr'><strong>causa.</strong></span> <span class='ocrx_word' id='word_1_684' title='bbox 2334 3420 2427 3475; x_wconf 90' lang='lat' dir='ltr'><strong>scd</strong></span> <span class='ocrx_word' id='word_1_685' title='bbox 2474 3434 2653 3489; x_wconf 72' lang='lat' dir='ltr'><strong>pinna.</strong></span> <span class='ocrx_word' id='word_1_686' title='bbox 2708 3419 2819 3474; x_wconf 85' lang='lat' dir='ltr'><strong>Nec</strong></span> <span class='ocrx_word' id='word_1_687' title='bbox 2866 3434 2993 3473; x_wconf 85' lang='lat' dir='ltr'><strong>caro</strong></span> <span class='ocrx_word' id='word_1_688' title='bbox 3042 3418 3411 3487; x_wconf 78' lang='lat' dir='ltr'><strong>cerruptibilis</strong></span> <span class='ocrx_word' id='word_1_689' title='bbox 3455 3418 3670 3472; x_wconf 88' lang='lat' dir='ltr'><strong>animam</strong></span> 
     </span>
    </p>
   </div>
   <div class='ocr_carea' id='block_1_95' title="bbox 2106 3509 3667 3580">
    <p class='ocr_par' dir='ltr' id='par_1_95' title="bbox 2106 3509 3667 3580">
     <span class='ocr_line' id='line_1_97' title="bbox 2106 3509 3667 3580; baseline -0.006 -13"><span class='ocrx_word' id='word_1_690' title='bbox 2106 3512 2482 3580; x_wconf 83' lang='lat' dir='ltr'><strong>peccatricem,</strong></span> <span class='ocrx_word' id='word_1_691' title='bbox 2502 3511 2595 3566; x_wconf 89' lang='lat' dir='ltr'><strong>sed</strong></span> <span class='ocrx_word' id='word_1_692' title='bbox 2618 3511 2796 3565; x_wconf 80' lang='lat' dir='ltr'><strong>anima</strong></span> <span class='ocrx_word' id='word_1_693' title='bbox 2825 3512 3096 3580; x_wconf 76' lang='lat' dir='ltr'><strong>peccatrix</strong></span> <span class='ocrx_word' id='word_1_694' title='bbox 3122 3509 3256 3564; x_wconf 82' lang='lat' dir='ltr'><strong>fecit</strong></span> <span class='ocrx_word' id='word_1_695' title='bbox 3275 3526 3393 3567; x_wconf 87' lang='lat' dir='ltr'><strong>esse</strong></span> <span class='ocrx_word' id='word_1_696' title='bbox 3421 3509 3667 3576; x_wconf 87' lang='lat' dir='ltr'><strong>corrupti-</strong></span> 
     </span>
    </p>
   </div>
   <div class='ocr_carea' id='block_1_96' title="bbox 2105 3601 3670 3671">
    <p class='ocr_par' dir='ltr' id='par_1_96' title="bbox 2105 3601 3670 3671">
     <span class='ocr_line' id='line_1_98' title="bbox 2105 3601 3670 3671; baseline -0.001 -13"><span class='ocrx_word' id='word_1_697' title='bbox 2105 3605 2267 3658; x_wconf 89' lang='lat' dir='ltr'><strong>bilem</strong></span> <span class='ocrx_word' id='word_1_698' title='bbox 2325 3618 2566 3658; x_wconf 84' lang='lat' dir='ltr'><strong>carnem.</strong></span> <span class='ocrx_word' id='word_1_699' title='bbox 2618 3603 2693 3656; x_wconf 73' lang='lat' dir='ltr'><strong>Ex</strong></span> <span class='ocrx_word' id='word_1_700' title='bbox 2744 3619 2844 3670; x_wconf 80' lang='lat' dir='ltr'><strong>qua</strong></span> <span class='ocrx_word' id='word_1_701' title='bbox 2897 3603 3241 3671; x_wconf 81' lang='lat' dir='ltr'><strong>curruptione</strong></span> <span class='ocrx_word' id='word_1_702' title='bbox 3296 3605 3509 3668; x_wconf 86' lang='lat' dir='ltr'><strong>carnis,</strong></span> <span class='ocrx_word' id='word_1_703' title='bbox 3556 3601 3670 3656; x_wconf 66' lang='lat' dir='ltr'><strong>licet</strong></span> 
     </span>
    </p>
   </div>
   <div class='ocr_carea' id='block_1_97' title="bbox 2105 3694 3672 3765">
    <p class='ocr_par' dir='ltr' id='par_1_97' title="bbox 2105 3694 3672 3765">
     <span class='ocr_line' id='line_1_99' title="bbox 2105 3694 3672 3765; baseline -0.003 -16"><span class='ocrx_word' id='word_1_704' title='bbox 2105 3700 2335 3749; x_wconf 75' lang='lat' dir='ltr'><strong>existant</strong></span> <span class='ocrx_word' id='word_1_705' title='bbox 2366 3694 2609 3764; x_wconf 75' lang='lat' dir='ltr'><strong>quzedam</strong></span> <span class='ocrx_word' id='word_1_706' title='bbox 2640 3694 2981 3749; x_wconf 80' lang='lat' dir='ltr'><strong>imitamenta</strong></span> <span class='ocrx_word' id='word_1_707' title='bbox 3012 3696 3289 3760; x_wconf 81' lang='lat' dir='ltr'><strong>vitiorum,</strong></span> <span class='ocrx_word' id='word_1_708' title='bbox 3320 3705 3376 3751; x_wconf 90' lang='lat' dir='ltr'><strong>et</strong></span> <span class='ocrx_word' id='word_1_709' title='bbox 3406 3697 3512 3765; x_wconf 86' lang='lat' dir='ltr'><strong>ipsa</strong></span> <span class='ocrx_word' id='word_1_710' title='bbox 3540 3694 3672 3747; x_wconf 79' lang='lat' dir='ltr'><strong>desi-</strong></span> 
     </span>
    </p>
   </div>
   <div class='ocr_carea' id='block_1_98' title="bbox 2105 3784 3673 3859">
    <p class='ocr_par' dir='ltr' id='par_1_98' title="bbox 2105 3784 3673 3859">
     <span class='ocr_line' id='line_1_100' title="bbox 2105 3784 3673 3859; baseline -0.002 -18"><span class='ocrx_word' id='word_1_711' title='bbox 2105 3789 2252 3841; x_wconf 80' lang='lat' dir='ltr'><strong>deria</strong></span> <span class='ocrx_word' id='word_1_712' title='bbox 2299 3789 2516 3852; x_wconf 88' lang='lat' dir='ltr'><strong>vitiosa,</strong></span> <span class='ocrx_word' id='word_1_713' title='bbox 2583 3804 2689 3841; x_wconf 89' lang='lat' dir='ltr'><strong>non</strong></span> <span class='ocrx_word' id='word_1_714' title='bbox 2749 3798 2927 3843; x_wconf 84' lang='lat' dir='ltr'><strong>tamen</strong></span> <span class='ocrx_word' id='word_1_715' title='bbox 2965 3790 3142 3844; x_wconf 88' lang='lat' dir='ltr'><strong>omnia</strong></span> <span class='ocrx_word' id='word_1_716' title='bbox 3191 3790 3390 3859; x_wconf 68' lang='lat' dir='ltr'><strong>iniqua:</strong></span> <span class='ocrx_word' id='word_1_717' title='bbox 3420 3788 3534 3842; x_wconf 64' lang='lat' dir='ltr'><strong>vita!</strong></span> <span class='ocrx_word' id='word_1_718' title='bbox 3563 3784 3673 3840; x_wconf 82' lang='lat' dir='ltr'><strong>vitia</strong></span> 
     </span>
    </p>
   </div>
   <div class='ocr_carea' id='block_1_99' title="bbox 2107 3881 3669 3951">
    <p class='ocr_par' dir='ltr' id='par_1_99' title="bbox 2107 3881 3669 3951">
     <span class='ocr_line' id='line_1_101' title="bbox 2107 3881 3669 3951; baseline -0.001 -17"><span class='ocrx_word' id='word_1_719' title='bbox 2107 3881 2389 3935; x_wconf 87' lang='lat' dir='ltr'><strong>tribuenda</strong></span> <span class='ocrx_word' id='word_1_720' title='bbox 2434 3891 2561 3934; x_wconf 90' lang='lat' dir='ltr'><strong>sunt</strong></span> <span class='ocrx_word' id='word_1_721' title='bbox 2590 3882 2764 3945; x_wconf 86' lang='lat' dir='ltr'><strong>carni,</strong></span> <span class='ocrx_word' id='word_1_722' title='bbox 2806 3900 2872 3937; x_wconf 86' lang='lat' dir='ltr'><strong>tte</strong></span> <span class='ocrx_word' id='word_1_723' title='bbox 2908 3883 2975 3936; x_wconf 88' lang='lat' dir='ltr'><strong>ah</strong></span> <span class='ocrx_word' id='word_1_724' title='bbox 3012 3881 3095 3935; x_wconf 89' lang='lat' dir='ltr'><strong>his</strong></span> <span class='ocrx_word' id='word_1_725' title='bbox 3123 3884 3379 3938; x_wconf 84' lang='lat' dir='ltr'><strong>omnibus</strong></span> <span class='ocrx_word' id='word_1_726' title='bbox 3406 3894 3669 3951; x_wconf 85' lang='lat' dir='ltr'><strong>purgemus</strong></span> 
     </span>
    </p>
   </div>
   <div class='ocr_carea' id='block_1_100' title="bbox 2105 3970 3672 4039">
    <p class='ocr_par' dir='ltr' id='par_1_100' title="bbox 2105 3970 3672 4039">
     <span class='ocr_line' id='line_1_102' title="bbox 2105 3970 3672 4039; baseline -0.001 -15"><span class='ocrx_word' id='word_1_727' title='bbox 2105 3970 2395 4036; x_wconf 84' lang='lat' dir='ltr'><strong>diabolum,</strong></span> <span class='ocrx_word' id='word_1_728' title='bbox 2427 3971 2516 4039; x_wconf 89' lang='lat' dir='ltr'><strong>qui</strong></span> <span class='ocrx_word' id='word_1_729' title='bbox 2560 3987 2663 4026; x_wconf 92' lang='lat' dir='ltr'><strong>non</strong></span> <span class='ocrx_word' id='word_1_730' title='bbox 2707 3976 2867 4028; x_wconf 86' lang='lat' dir='ltr'><strong>habet</strong></span> <span class='ocrx_word' id='word_1_731' title='bbox 2894 3988 3131 4026; x_wconf 87' lang='lat' dir='ltr'><strong>carnem.</strong></span> <span class='ocrx_word' id='word_1_732' title='bbox 3181 3973 3296 4028; x_wconf 84' lang='lat' dir='ltr'><strong>Etsi</strong></span> <span class='ocrx_word' id='word_1_733' title='bbox 3325 3973 3465 4028; x_wconf 90' lang='lat' dir='ltr'><strong>enim</strong></span> <span class='ocrx_word' id='word_1_734' title='bbox 3506 3970 3672 4026; x_wconf 86' lang='lat' dir='ltr'><strong>diabo-</strong></span> 
     </span>
    </p>
   </div>
   <div class='ocr_carea' id='block_1_101' title="bbox 2109 4060 3675 4135">
    <p class='ocr_par' dir='ltr' id='par_1_101' title="bbox 2109 4060 3675 4135">
     <span class='ocr_line' id='line_1_103' title="bbox 2109 4060 3675 4135; baseline 0.001 -20"><span class='ocrx_word' id='word_1_735' title='bbox 2109 4062 2213 4124; x_wconf 90' lang='lat' dir='ltr'><strong>lus,</strong></span> <span class='ocrx_word' id='word_1_736' title='bbox 2242 4060 2353 4132; x_wconf 91' lang='lat' dir='ltr'><strong>[qui</strong></span> <span class='ocrx_word' id='word_1_737' title='bbox 2378 4078 2480 4117; x_wconf 93' lang='lat' dir='ltr'><strong>uou</strong></span> <span class='ocrx_word' id='word_1_738' title='bbox 2503 4063 2665 4117; x_wconf 86' lang='lat' dir='ltr'><strong>habet</strong></span> <span class='ocrx_word' id='word_1_739' title='bbox 2691 4079 2909 4119; x_wconf 90' lang='lat' dir='ltr'><strong>carnem</strong></span> <span class='ocrx_word' id='word_1_740' title='bbox 2925 4062 2992 4135; x_wconf 84' lang='grc'><strong>⁸,]</strong></span> <span class='ocrx_word' id='word_1_741' title='bbox 3014 4063 3308 4119; x_wconf 73' lang='lat' dir='ltr'><strong>fornicator</strong></span> <span class='ocrx_word' id='word_1_742' title='bbox 3324 4066 3407 4121; x_wconf 84' lang='lat' dir='ltr'><strong>vel</strong></span> <span class='ocrx_word' id='word_1_743' title='bbox 3424 4064 3675 4125; x_wconf 78' lang='lat' dir='ltr'><strong>ebriOSuS.</strong></span> 
     </span>
    </p>
   </div>
   <div class='ocr_carea' id='block_1_102' title="bbox 2108 4153 3676 4225">
    <p class='ocr_par' dir='ltr' id='par_1_102' title="bbox 2108 4153 3676 4225">
     <span class='ocr_line' id='line_1_104' title="bbox 2108 4153 3676 4225; baseline 0 -20"><span class='ocrx_word' id='word_1_744' title='bbox 2108 4153 2190 4206; x_wconf 83' lang='lat' dir='ltr'><strong>vel</strong></span> <span class='ocrx_word' id='word_1_745' title='bbox 2220 4155 2263 4208; x_wconf 90' lang='lat' dir='ltr'><strong>si</strong></span> <span class='ocrx_word' id='word_1_746' title='bbox 2295 4153 2422 4223; x_wconf 86' lang='lat' dir='ltr'><strong>quid</strong></span> <span class='ocrx_word' id='word_1_747' title='bbox 2468 4154 2774 4225; x_wconf 82' lang='lat' dir='ltr'><strong>hujusntodi</strong></span> <span class='ocrx_word' id='word_1_748' title='bbox 2827 4155 2951 4209; x_wconf 90' lang='lat' dir='ltr'><strong>mali</strong></span> <span class='ocrx_word' id='word_1_749' title='bbox 2982 4164 3065 4209; x_wconf 71' lang='lat' dir='ltr'><strong>est</strong></span> <span class='ocrx_word' id='word_1_750' title='bbox 3092 4155 3234 4224; x_wconf 85' lang='lat' dir='ltr'><strong>quod</strong></span> <span class='ocrx_word' id='word_1_751' title='bbox 3267 4156 3333 4208; x_wconf 91' lang='lat' dir='ltr'><strong>ad</strong></span> <span class='ocrx_word' id='word_1_752' title='bbox 3365 4156 3538 4209; x_wconf 77' lang='lat' dir='ltr'><strong>carnis</strong></span> <span class='ocrx_word' id='word_1_753' title='bbox 3568 4167 3676 4222; x_wconf 88' lang='lat' dir='ltr'><strong>per-</strong></span> 
     </span>
    </p>
   </div>
   <div class='ocr_carea' id='block_1_103' title="bbox 2110 4246 3677 4316">
    <p class='ocr_par' dir='ltr' id='par_1_103' title="bbox 2110 4246 3677 4316">
     <span class='ocr_line' id='line_1_105' title="bbox 2110 4246 3677 4316; baseline 0 -19"><span class='ocrx_word' id='word_1_754' title='bbox 2110 4246 2244 4300; x_wconf 89' lang='lat' dir='ltr'><strong>tinet</strong></span> <span class='ocrx_word' id='word_1_755' title='bbox 2271 4248 2587 4315; x_wconf 78' lang='lat' dir='ltr'><strong>voluptates,</strong></span> <span class='ocrx_word' id='word_1_756' title='bbox 2642 4263 2748 4301; x_wconf 89' lang='lat' dir='ltr'><strong>nou</strong></span> <span class='ocrx_word' id='word_1_757' title='bbox 2792 4256 2968 4316; x_wconf 91' lang='lat' dir='ltr'><strong>potest</strong></span> <span class='ocrx_word' id='word_1_758' title='bbox 2994 4248 3121 4311; x_wconf 91' lang='lat' dir='ltr'><strong>dici,</strong></span> <span class='ocrx_word' id='word_1_759' title='bbox 3148 4263 3271 4303; x_wconf 89' lang='lat' dir='ltr'><strong>cum</strong></span> <span class='ocrx_word' id='word_1_760' title='bbox 3320 4248 3389 4302; x_wconf 87' lang='lat' dir='ltr'><strong>sit</strong></span> <span class='ocrx_word' id='word_1_761' title='bbox 3417 4248 3573 4301; x_wconf 88' lang='lat' dir='ltr'><strong>etiam</strong></span> <span class='ocrx_word' id='word_1_762' title='bbox 3603 4253 3677 4297; x_wconf 85' lang='lat' dir='ltr'><strong>ta-</strong></span> 
     </span>
    </p>
   </div>
   <div class='ocr_carea' id='block_1_104' title="bbox 2107 4337 3678 4408">
    <p class='ocr_par' dir='ltr' id='par_1_104' title="bbox 2107 4337 3678 4408">
     <span class='ocr_line' id='line_1_106' title="bbox 2107 4337 3678 4408; baseline -0.001 -18"><span class='ocrx_word' id='word_1_763' title='bbox 2107 4337 2240 4391; x_wconf 86' lang='lat' dir='ltr'><strong>lium</strong></span> <span class='ocrx_word' id='word_1_764' title='bbox 2270 4351 2611 4406; x_wconf 83' lang='lat' dir='ltr'><strong>percatorum</strong></span> <span class='ocrx_word' id='word_1_765' title='bbox 2648 4355 2838 4393; x_wconf 86' lang='lat' dir='ltr'><strong>suasor</strong></span> <span class='ocrx_word' id='word_1_766' title='bbox 2875 4350 2930 4394; x_wconf 91' lang='lat' dir='ltr'><strong>et</strong></span> <span class='ocrx_word' id='word_1_767' title='bbox 2972 4339 3251 4408; x_wconf 86' lang='lat' dir='ltr'><strong>instigator</strong></span> <span class='ocrx_word' id='word_1_768' title='bbox 3311 4339 3572 4399; x_wconf 90' lang='lat' dir='ltr'><strong>occultus,</strong></span> <span class='ocrx_word' id='word_1_769' title='bbox 3602 4342 3678 4389; x_wconf 82' lang='lat' dir='ltr'><strong>est</strong></span> 
     </span>
    </p>
   </div>
   <div class='ocr_carea' id='block_1_105' title="bbox 2110 4417 3679 4499">
    <p class='ocr_par' dir='ltr' id='par_1_105' title="bbox 2110 4417 3679 4499">
     <span class='ocr_line' id='line_1_107' title="bbox 2110 4417 3679 4499; baseline -0.001 -19"><span class='ocrx_word' id='word_1_770' title='bbox 2110 4438 2287 4484; x_wconf 85' lang='lat' dir='ltr'><strong>tamen</strong></span> <span class='ocrx_word' id='word_1_771' title='bbox 2332 4430 2563 4485; x_wconf 79' lang='lat' dir='ltr'><strong>maxime</strong></span> <span class='ocrx_word' id='word_1_772' title='bbox 2600 4431 2863 4499; x_wconf 88' lang='lat' dir='ltr'><strong>superbus</strong></span> <span class='ocrx_word' id='word_1_773' title='bbox 2898 4440 3058 4499; x_wconf 87' lang='lat' dir='ltr'><strong>atque</strong></span> <span class='ocrx_word' id='word_1_774' title='bbox 3098 4430 3351 4486; x_wconf 83' lang='lat' dir='ltr'><strong>invidus:</strong></span> <span class='ocrx_word' id='word_1_775' title='bbox 3385 4446 3502 4499; x_wconf 74' lang='lat' dir='ltr'><strong>qua:</strong></span> <span class='ocrx_word' id='word_1_776' title='bbox 3543 4417 3679 4481; x_wconf 81' lang='lat' dir='ltr'><strong>illum</strong></span> 
     </span>
    </p>
   </div>
   <div class='ocr_carea' id='block_1_106' title="bbox 2036 4519 3674 4613">
    <p class='ocr_par' dir='ltr' id='par_1_106' title="bbox 2036 4519 3674 4613">
     <span class='ocr_line' id='line_1_108' title="bbox 2036 4519 3674 4613; baseline -0.002 -41"><span class='ocrx_word' id='word_1_777' title='bbox 2036 4554 2084 4613; x_wconf 67' lang='grc' dir='ltr'>υ</span> <span class='ocrx_word' id='word_1_778' title='bbox 2112 4521 2372 4576; x_wconf 87' lang='lat' dir='ltr'><strong>vitiositas</strong></span> <span class='ocrx_word' id='word_1_779' title='bbox 2405 4523 2483 4576; x_wconf 89' lang='lat' dir='ltr'><strong>sic</strong></span> <span class='ocrx_word' id='word_1_780' title='bbox 2515 4522 2776 4586; x_wconf 90' lang='lat' dir='ltr'><strong>obtinuit,</strong></span> <span class='ocrx_word' id='word_1_781' title='bbox 2817 4530 2878 4575; x_wconf 91' lang='lat' dir='ltr'><strong>ut</strong></span> <span class='ocrx_word' id='word_1_782' title='bbox 2906 4532 3123 4590; x_wconf 91' lang='lat' dir='ltr'><strong>propter</strong></span> <span class='ocrx_word' id='word_1_783' title='bbox 3150 4521 3290 4576; x_wconf 89' lang='lat' dir='ltr'><strong>hanc</strong></span> <span class='ocrx_word' id='word_1_784' title='bbox 3319 4528 3462 4576; x_wconf 88' lang='lat' dir='ltr'><strong>esset</strong></span> <span class='ocrx_word' id='word_1_785' title='bbox 3486 4519 3541 4572; x_wconf 89' lang='lat' dir='ltr'><strong>in</strong></span> <span class='ocrx_word' id='word_1_786' title='bbox 3564 4532 3674 4570; x_wconf 87' lang='lat' dir='ltr'><strong>car-</strong></span> 
     </span>
    </p>
   </div>
   <div class='ocr_carea' id='block_1_107' title="bbox 2110 4611 3681 4681">
    <p class='ocr_par' dir='ltr' id='par_1_107' title="bbox 2110 4611 3681 4681">
     <span class='ocr_line' id='line_1_109' title="bbox 2110 4611 3681 4681; baseline -0.003 -16"><span class='ocrx_word' id='word_1_787' title='bbox 2110 4616 2321 4679; x_wconf 70' lang='lat' dir='ltr'><strong>ceribus</strong></span> <span class='ocrx_word' id='word_1_788' title='bbox 2374 4612 2645 4681; x_wconf 86' lang='lat' dir='ltr'><strong>caliginosi</strong></span> <span class='ocrx_word' id='word_1_789' title='bbox 2727 4613 2885 4680; x_wconf 86' lang='lat' dir='ltr'><strong>huius</strong></span> <span class='ocrx_word' id='word_1_790' title='bbox 2955 4614 3097 4668; x_wconf 89' lang='lat' dir='ltr'><strong>aeris</strong></span> <span class='ocrx_word' id='word_1_791' title='bbox 3168 4623 3377 4668; x_wconf 77' lang='lat' dir='ltr'><strong>:eterno</strong></span> <span class='ocrx_word' id='word_1_792' title='bbox 3430 4611 3681 4680; x_wconf 88' lang='lat' dir='ltr'><strong>supplicio</strong></span> 
     </span>
    </p>
   </div>
   <div class='ocr_carea' id='block_1_108' title="bbox 2112 4699 3680 4774">
    <p class='ocr_par' dir='ltr' id='par_1_108' title="bbox 2112 4699 3680 4774">
     <span class='ocr_line' id='line_1_110' title="bbox 2112 4699 3680 4774; baseline -0.005 -14"><span class='ocrx_word' id='word_1_793' title='bbox 2112 4707 2428 4761; x_wconf 75' lang='lat' dir='ltr'><strong>destinatus.</strong></span> <span class='ocrx_word' id='word_1_794' title='bbox 2464 4706 2586 4760; x_wconf 61' lang='lat' dir='ltr'><strong>llaec</strong></span> <span class='ocrx_word' id='word_1_795' title='bbox 2612 4714 2790 4759; x_wconf 88' lang='lat' dir='ltr'><strong>autem</strong></span> <span class='ocrx_word' id='word_1_796' title='bbox 2824 4706 2973 4769; x_wconf 89' lang='lat' dir='ltr'><strong>vitia,</strong></span> <span class='ocrx_word' id='word_1_797' title='bbox 3008 4721 3127 4774; x_wconf 75' lang='lat' dir='ltr'><strong>qum</strong></span> <span class='ocrx_word' id='word_1_798' title='bbox 3156 4713 3340 4759; x_wconf 82' lang='lat' dir='ltr'><strong>tenent</strong></span> <span class='ocrx_word' id='word_1_799' title='bbox 3379 4704 3431 4758; x_wconf 93' lang='lat' dir='ltr'><strong>iu</strong></span> <span class='ocrx_word' id='word_1_800' title='bbox 3478 4699 3680 4754; x_wconf 87' lang='lat' dir='ltr'><strong>diabolo</strong></span> 
     </span>
    </p>
   </div>
   <div class='ocr_carea' id='block_1_109' title="bbox 2114 4797 3678 4868">
    <p class='ocr_par' dir='ltr' id='par_1_109' title="bbox 2114 4797 3678 4868">
     <span class='ocr_line' id='line_1_111' title="bbox 2114 4797 3678 4868; baseline -0.006 -16"><span class='ocrx_word' id='word_1_801' title='bbox 2114 4800 2488 4868; x_wconf 78' lang='lat' dir='ltr'><strong>principatum,</strong></span> <span class='ocrx_word' id='word_1_802' title='bbox 2529 4799 2681 4852; x_wconf 85' lang='lat' dir='ltr'><strong>earni</strong></span> <span class='ocrx_word' id='word_1_803' title='bbox 2726 4797 2912 4851; x_wconf 78' lang='lat' dir='ltr'><strong>tribuit</strong></span> <span class='ocrx_word' id='word_1_804' title='bbox 2941 4798 3251 4864; x_wconf 72' lang='lat' dir='ltr'><strong>Apostolus,</strong></span> <span class='ocrx_word' id='word_1_805' title='bbox 3291 4810 3451 4865; x_wconf 86' lang='lat' dir='ltr'><strong>quam</strong></span> <span class='ocrx_word' id='word_1_806' title='bbox 3484 4800 3678 4847; x_wconf 83' lang='lat' dir='ltr'><strong>certum</strong></span> 
     </span>
    </p>
   </div>
   <div class='ocr_carea' id='block_1_110' title="bbox 2111 4880 3677 4948">
    <p class='ocr_par' dir='ltr' id='par_1_110' title="bbox 2111 4880 3677 4948">
     <span class='ocr_line' id='line_1_112' title="bbox 2111 4880 3677 4948; baseline -0.008 -5"><span class='ocrx_word' id='word_1_807' title='bbox 2111 4897 2194 4943; x_wconf 89' lang='lat' dir='ltr'><strong>est</strong></span> <span class='ocrx_word' id='word_1_808' title='bbox 2222 4888 2494 4942; x_wconf 89' lang='lat' dir='ltr'><strong>diabolum</strong></span> <span class='ocrx_word' id='word_1_809' title='bbox 2543 4901 2649 4940; x_wconf 91' lang='lat' dir='ltr'><strong>non</strong></span> <span class='ocrx_word' id='word_1_810' title='bbox 2688 4886 2908 4942; x_wconf 83' lang='lat' dir='ltr'><strong>habere.</strong></span> <span class='ocrx_word' id='word_1_811' title='bbox 2960 4885 3096 4941; x_wconf 89' lang='lat' dir='ltr'><strong>Dicit</strong></span> <span class='ocrx_word' id='word_1_812' title='bbox 3140 4885 3281 4940; x_wconf 89' lang='lat' dir='ltr'><strong>enim</strong></span> <span class='ocrx_word' id='word_1_813' title='bbox 3308 4923 3324 4948; x_wconf 92' lang='lat'><strong>,</strong></span> <span class='ocrx_word' id='word_1_814' title='bbox 3356 4880 3677 4945; x_wconf 87' lang='lat' dir='ltr'><strong>ininticitias,</strong></span> 
     </span>
    </p>
   </div>
   <div class='ocr_carea' id='block_1_111' title="bbox 2106 4976 3679 5055">
    <p class='ocr_par' dir='ltr' id='par_1_111' title="bbox 2106 4976 3679 5055">
     <span class='ocr_line' id='line_1_113' title="bbox 2106 4976 3679 5055; baseline -0.009 -16"><span class='ocrx_word' id='word_1_815' title='bbox 2106 4976 3679 5055; x_wconf 67' lang='lat' dir='ltr'><strong>contentiones,mmulationes.animositates,invidias,ope</strong></span> 
     </span>
    </p>
   </div>
   <div class='ocr_carea' id='block_1_112' title="bbox 2108 5069 3676 5140">
    <p class='ocr_par' dir='ltr' id='par_1_112' title="bbox 2108 5069 3676 5140">
     <span class='ocr_line' id='line_1_114' title="bbox 2108 5069 3676 5140; baseline -0.007 -14"><span class='ocrx_word' id='word_1_816' title='bbox 2108 5088 2164 5127; x_wconf 89' lang='lat' dir='ltr'><strong>ra</strong></span> <span class='ocrx_word' id='word_1_817' title='bbox 2190 5086 2312 5126; x_wconf 83' lang='lat' dir='ltr'><strong>esse</strong></span> <span class='ocrx_word' id='word_1_818' title='bbox 2338 5070 2535 5135; x_wconf 88' lang='lat' dir='ltr'><strong>carnis;</strong></span> <span class='ocrx_word' id='word_1_819' title='bbox 2562 5086 2788 5140; x_wconf 90' lang='lat' dir='ltr'><strong>quorum</strong></span> <span class='ocrx_word' id='word_1_820' title='bbox 2809 5072 3046 5124; x_wconf 87' lang='lat' dir='ltr'><strong>onminm</strong></span> <span class='ocrx_word' id='word_1_821' title='bbox 3070 5069 3330 5124; x_wconf 88' lang='lat' dir='ltr'><strong>malorum</strong></span> <span class='ocrx_word' id='word_1_822' title='bbox 3347 5074 3507 5136; x_wconf 86' lang='lat' dir='ltr'><strong>caput</strong></span> <span class='ocrx_word' id='word_1_823' title='bbox 3527 5074 3676 5132; x_wconf 81' lang='lat' dir='ltr'><strong>atque</strong></span> 
     </span>
    </p>
   </div>
   <div class='ocr_carea' id='block_1_113' title="bbox 2106 5155 3673 5232">
    <p class='ocr_par' dir='ltr' id='par_1_113' title="bbox 2106 5155 3673 5232">
     <span class='ocr_line' id='line_1_115' title="bbox 2106 5155 3673 5232; baseline -0.005 -15"><span class='ocrx_word' id='word_1_824' title='bbox 2106 5165 2255 5231; x_wconf 78' lang='lat' dir='ltr'><strong>origo</strong></span> <span class='ocrx_word' id='word_1_825' title='bbox 2284 5162 2531 5231; x_wconf 88' lang='lat' dir='ltr'><strong>superbia</strong></span> <span class='ocrx_word' id='word_1_826' title='bbox 2556 5171 2659 5229; x_wconf 87' lang='lat' dir='ltr'><strong>est,</strong></span> <span class='ocrx_word' id='word_1_827' title='bbox 2683 5177 2799 5232; x_wconf 69' lang='lat' dir='ltr'><strong>quae</strong></span> <span class='ocrx_word' id='word_1_828' title='bbox 2826 5161 2942 5217; x_wconf 88' lang='lat' dir='ltr'><strong>sine</strong></span> <span class='ocrx_word' id='word_1_829' title='bbox 2960 5176 3123 5216; x_wconf 87' lang='lat' dir='ltr'><strong>carne</strong></span> <span class='ocrx_word' id='word_1_830' title='bbox 3155 5171 3342 5230; x_wconf 85' lang='lat' dir='ltr'><strong>regnat</strong></span> <span class='ocrx_word' id='word_1_831' title='bbox 3374 5160 3429 5214; x_wconf 92' lang='lat' dir='ltr'><strong>in</strong></span> <span class='ocrx_word' id='word_1_832' title='bbox 3449 5155 3673 5213; x_wconf 86' lang='lat' dir='ltr'><strong>diabolo.</strong></span> 
     </span>
    </p>
   </div>
   <div class='ocr_carea' id='block_1_114' title="bbox 2107 5249 3675 5319">
    <p class='ocr_par' dir='ltr' id='par_1_114' title="bbox 2107 5249 3675 5319">
     <span class='ocr_line' id='line_1_116' title="bbox 2107 5249 3675 5319; baseline -0.006 -13"><span class='ocrx_word' id='word_1_833' title='bbox 2107 5252 2237 5317; x_wconf 90' lang='lat' dir='ltr'><strong>Quis</strong></span> <span class='ocrx_word' id='word_1_834' title='bbox 2275 5260 2455 5305; x_wconf 87' lang='lat' dir='ltr'><strong>autem</strong></span> <span class='ocrx_word' id='word_1_835' title='bbox 2487 5251 2577 5305; x_wconf 92' lang='lat' dir='ltr'><strong>illo</strong></span> <span class='ocrx_word' id='word_1_836' title='bbox 2608 5261 2692 5307; x_wconf 90' lang='lat' dir='ltr'><strong>est</strong></span> <span class='ocrx_word' id='word_1_837' title='bbox 2728 5252 3037 5306; x_wconf 89' lang='lat' dir='ltr'><strong>inimicitior</strong></span> <span class='ocrx_word' id='word_1_838' title='bbox 3063 5251 3294 5306; x_wconf 74' lang='lat' dir='ltr'><strong>sanctis?</strong></span> <span class='ocrx_word' id='word_1_839' title='bbox 3320 5250 3442 5319; x_wconf 89' lang='lat' dir='ltr'><strong>quis</strong></span> <span class='ocrx_word' id='word_1_840' title='bbox 3492 5249 3675 5299; x_wconf 84' lang='lat' dir='ltr'><strong>adver-</strong></span> 
     </span>
    </p>
   </div>
   <div class='ocr_carea' id='block_1_115' title="bbox 2110 5337 3673 5409">
    <p class='ocr_par' dir='ltr' id='par_1_115' title="bbox 2110 5337 3673 5409">
     <span class='ocr_line' id='line_1_117' title="bbox 2110 5337 3673 5409; baseline -0.005 -14"><span class='ocrx_word' id='word_1_841' title='bbox 2110 5356 2202 5396; x_wconf 88' lang='lat' dir='ltr'><strong>sus</strong></span> <span class='ocrx_word' id='word_1_842' title='bbox 2244 5355 2336 5397; x_wconf 88' lang='lat' dir='ltr'><strong>eos</strong></span> <span class='ocrx_word' id='word_1_843' title='bbox 2382 5341 2791 5407; x_wconf 86' lang='lat' dir='ltr'><strong>contentiosior,</strong></span> <span class='ocrx_word' id='word_1_844' title='bbox 2816 5343 3130 5407; x_wconf 83' lang='lat' dir='ltr'><strong>animosior,</strong></span> <span class='ocrx_word' id='word_1_845' title='bbox 3169 5352 3223 5395; x_wconf 89' lang='lat' dir='ltr'><strong>et</strong></span> <span class='ocrx_word' id='word_1_846' title='bbox 3260 5341 3428 5409; x_wconf 86' lang='lat' dir='ltr'><strong>magis</strong></span> <span class='ocrx_word' id='word_1_847' title='bbox 3462 5337 3673 5394; x_wconf 64' lang='lat' dir='ltr'><strong>aemulus</strong></span> 
     </span>
    </p>
   </div>
   <div class='ocr_carea' id='block_1_116' title="bbox 2111 5427 3676 5500">
    <p class='ocr_par' dir='ltr' id='par_1_116' title="bbox 2111 5427 3676 5500">
     <span class='ocr_line' id='line_1_118' title="bbox 2111 5427 3676 5500; baseline -0.003 -18"><span class='ocrx_word' id='word_1_848' title='bbox 2111 5442 2270 5500; x_wconf 84' lang='lat' dir='ltr'><strong>atque</strong></span> <span class='ocrx_word' id='word_1_849' title='bbox 2300 5430 2507 5485; x_wconf 85' lang='lat' dir='ltr'><strong>invidus</strong></span> <span class='ocrx_word' id='word_1_850' title='bbox 2532 5430 2838 5485; x_wconf 79' lang='lat' dir='ltr'><strong>invenitur?</strong></span> <span class='ocrx_word' id='word_1_851' title='bbox 2888 5429 2953 5484; x_wconf 87' lang='lat' dir='ltr'><strong>Et</strong></span> <span class='ocrx_word' id='word_1_852' title='bbox 2988 5432 3102 5487; x_wconf 74' lang='lat' dir='ltr'><strong>haec</strong></span> <span class='ocrx_word' id='word_1_853' title='bbox 3130 5431 3311 5485; x_wconf 85' lang='lat' dir='ltr'><strong>omnia</strong></span> <span class='ocrx_word' id='word_1_854' title='bbox 3341 5444 3461 5483; x_wconf 88' lang='lat' dir='ltr'><strong>cum</strong></span> <span class='ocrx_word' id='word_1_855' title='bbox 3493 5427 3676 5481; x_wconf 86' lang='lat' dir='ltr'><strong>habeat</strong></span> 
     </span>
    </p>
   </div>
   <div class='ocr_carea' id='block_1_117' title="bbox 2112 5518 3674 5596">
    <p class='ocr_par' dir='ltr' id='par_1_117' title="bbox 2112 5518 3674 5596">
     <span class='ocr_line' id='line_1_119' title="bbox 2112 5518 3674 5596; baseline -0.002 -18"><span class='ocrx_word' id='word_1_856' title='bbox 2112 5523 2229 5578; x_wconf 82' lang='lat' dir='ltr'><strong>sine</strong></span> <span class='ocrx_word' id='word_1_857' title='bbox 2277 5538 2461 5588; x_wconf 88' lang='lat' dir='ltr'><strong>carne,</strong></span> <span class='ocrx_word' id='word_1_858' title='bbox 2512 5524 2780 5589; x_wconf 88' lang='lat' dir='ltr'><strong>quomodo</strong></span> <span class='ocrx_word' id='word_1_859' title='bbox 2820 5535 2943 5579; x_wconf 91' lang='lat' dir='ltr'><strong>sunt</strong></span> <span class='ocrx_word' id='word_1_860' title='bbox 2988 5524 3088 5579; x_wconf 88' lang='lat' dir='ltr'><strong>ista</strong></span> <span class='ocrx_word' id='word_1_861' title='bbox 3119 5542 3281 5596; x_wconf 89' lang='lat' dir='ltr'><strong>opera</strong></span> <span class='ocrx_word' id='word_1_862' title='bbox 3318 5526 3526 5588; x_wconf 84' lang='lat' dir='ltr'><strong>carnis,</strong></span> <span class='ocrx_word' id='word_1_863' title='bbox 3582 5518 3674 5576; x_wconf 85' lang='lat' dir='ltr'><strong>nisi</strong></span> 
     </span>
    </p>
   </div>
   <div class='ocr_carea' id='block_1_118' title="bbox 2111 5613 3675 5686">
    <p class='ocr_par' dir='ltr' id='par_1_118' title="bbox 2111 5613 3675 5686">
     <span class='ocr_line' id='line_1_120' title="bbox 2111 5613 3675 5686; baseline -0.001 -17"><span class='ocrx_word' id='word_1_864' title='bbox 2111 5617 2230 5685; x_wconf 89' lang='lat' dir='ltr'><strong>quia</strong></span> <span class='ocrx_word' id='word_1_865' title='bbox 2259 5631 2418 5686; x_wconf 87' lang='lat' dir='ltr'><strong>opera</strong></span> <span class='ocrx_word' id='word_1_866' title='bbox 2467 5623 2593 5669; x_wconf 88' lang='lat' dir='ltr'><strong>sunt</strong></span> <span class='ocrx_word' id='word_1_867' title='bbox 2624 5613 2891 5680; x_wconf 88' lang='lat' dir='ltr'><strong>hominis,</strong></span> <span class='ocrx_word' id='word_1_868' title='bbox 2920 5633 3101 5685; x_wconf 84' lang='lat' dir='ltr'><strong>quem,</strong></span> <span class='ocrx_word' id='word_1_869' title='bbox 3131 5621 3269 5675; x_wconf 86' lang='lat' dir='ltr'><strong>sicut</strong></span> <span class='ocrx_word' id='word_1_870' title='bbox 3292 5618 3420 5682; x_wconf 84' lang='lat' dir='ltr'><strong>dixi,</strong></span> <span class='ocrx_word' id='word_1_871' title='bbox 3471 5616 3675 5670; x_wconf 82' lang='lat' dir='ltr'><strong>nomine</strong></span> 
     </span>
    </p>
   </div>
   <div class='ocr_carea' id='block_1_119' title="bbox 2110 5702 3671 5775">
    <p class='ocr_par' dir='ltr' id='par_1_119' title="bbox 2110 5702 3671 5775">
     <span class='ocr_line' id='line_1_121' title="bbox 2110 5702 3671 5775; baseline -0.001 -14"><span class='ocrx_word' id='word_1_872' title='bbox 2110 5705 2289 5762; x_wconf 84' lang='lat' dir='ltr'><strong>carnis</strong></span> <span class='ocrx_word' id='word_1_873' title='bbox 2334 5704 2614 5775; x_wconf 80' lang='lat' dir='ltr'><strong>appellat?</strong></span> <span class='ocrx_word' id='word_1_874' title='bbox 2645 5702 2759 5759; x_wconf 88' lang='lat' dir='ltr'><strong>Non</strong></span> <span class='ocrx_word' id='word_1_875' title='bbox 2791 5704 2934 5761; x_wconf 89' lang='lat' dir='ltr'><strong>enim</strong></span> <span class='ocrx_word' id='word_1_876' title='bbox 2984 5707 3226 5765; x_wconf 79' lang='lat' dir='ltr'><strong>habendo</strong></span> <span class='ocrx_word' id='word_1_877' title='bbox 3254 5723 3489 5772; x_wconf 53' lang='lat' dir='ltr'><strong>carnem,</strong></span> <span class='ocrx_word' id='word_1_878' title='bbox 3521 5717 3671 5775; x_wconf 83' lang='lat' dir='ltr'><strong>quam</strong></span> 
     </span>
    </p>
   </div>
   <div class='ocr_carea' id='block_1_120' title="bbox 3244 5820 3278 5861">
    <p class='ocr_par' dir='ltr' id='par_1_120' title="bbox 3244 5820 3278 5861">
     <span class='ocr_line' id='line_1_122' title="bbox 3244 5820 3278 5861; baseline 0 0"><span class='ocrx_word' id='word_1_879' title='bbox 3244 5820 3278 5861; x_wconf 58' lang='grc' dir='ltr'><strong>ἐκ.</strong></span> 
     </span>
    </p>
   </div>
  </div>
