3956 6180
279 368 382 423 573»

1546 359 1980 419 TlIESAUBUS.
2020 360 2171 418 CAP.
2218 361 2305 417 IV.

3449 372 3558 435 574

280 495 385 532 non
416 477 578 533 habet
606 475 871 541 diabolus,
903 474 997 529 sed
1029 474 1255 529 vivendo
1276 473 1569 529 secundum
1599 475 1858 542 scipsnm,
1893 480 1934 539 Α
1966 489 2257 543 sanatnqne
2303 474 2635 541 doctrinam,
2671 476 2817 532 cives
2846 488 3048 535 sanctae
3100 482 3334 539 civitatis
3367 484 3459 541 Del
3498 488 3555 543 in

276 569 377 621 hac
408 576 511 629 est,
548 566 839 619 secundum
876 563 1168 625 hominem,
1200 564 1367 616 factus
1399 571 1481 615 est
1512 565 1673 616 homo
1712 562 1863 615 siuti-

276 664 342 715 lis
394 660 637 726 diabolo,
684 659 807 727 quia
849 666 903 711 et
938 658 1025 711 ille
1071 656 1364 710 secundum
1409 656 1642 722 seipsum
1684 656 1865 709 vivere

275 752 472 815 voluit,
504 751 718 818 quando
742 751 793 803 in
821 751 1047 802 veritate
1085 763 1190 801 non
1224 746 1365 801 stetit
1392 788 1405 810 ,
1430 758 1485 799 ut
1518 762 1621 799 non
1652 745 1719 799 de
1748 746 1861 812 Dei,

270 844 365 899 sed
407 847 476 898 de
506 860 607 899 suo
653 843 990 896 mendacium
1032 841 1364 908 loqueretur,
1403 841 1491 907 qui
1537 854 1641 892 non
1689 840 1861 893 solum

271 934 537 995 mendax,
571 947 755 987 verum
785 930 947 985 etiam
997 930 1259 984 mendacii
1305 942 1456 998 pater
1501 938 1583 984 est
1614 947 1627 981 :
1662 932 1864 997 primus

269 1037 354 1080 est
385 1024 585 1093 quippe
612 1022 889 1086 mentitus,
926 1029 979 1073 et
1006 1035 1035 1073 a
1066 1035 1171 1089 quo
1203 1032 1506 1089 peccatum,
1539 1020 1607 1073 ab
1636 1021 1727 1074 illo
1755 1034 1867 1074 cte-

269 1114 348 1181 pit
371 1126 495 1165 esse
522 1109 881 1163 mendacium.
907 1105 1038 1161 Cum
1070 1120 1200 1176 ergo
1229 1107 1359 1159 vivit
1390 1106 1549 1160 homo
1571 1108 1863 1161 secundum

271 1204 568 1266 hominem,
600 1217 705 1254 nou
739 1200 1031 1255 secundum
1064 1200 1251 1265 Deum,
1281 1200 1474 1254 similis
1504 1208 1585 1252 est
1628 1200 1861 1254 diabolo.

269 1293 387 1347 Non
418 1308 487 1348 ex
518 1306 690 1347 carae,
710 1302 914 1345 tantum
947 1287 1179 1344 afficitur
1204 1291 1400 1355 anima,
1433 1299 1487 1343 ut
1516 1290 1720 1359 cupiat,
1755 1307 1867 1344 me-

278 1392 419 1446 tuat,
468 1383 702 1445 laetetur,
747 1390 1026 1451 :rgrescat,
1056 1396 1239 1434 verum
1274 1380 1436 1434 etiam
1466 1394 1529 1433 ex
1565 1382 1741 1449 seipsa
1785 1381 1867 1435 his

269 1484 449 1542 potest
481 1475 709 1527 motibus
740 1474 950 1543 agitari.
983 1473 1213 1527 interest
1241 1480 1423 1527 autem
1478 1473 1653 1539 qualis
1675 1474 1745 1527 sit
1775 1488 1869 1528 vo-

269 1565 455 1619 luntas
486 1564 882 1630 hominis,quia
906 1564 948 1617 si
980 1577 1230 1632 perversa
1259 1558 1365 1628 est,
1388 1577 1674 1631 perversos
1706 1564 1868 1617 habe-

271 1656 354 1709 bit
390 1660 491 1711 hos
516 1666 694 1709 motus
732 1671 746 1721 ;
772 1654 815 1708 si
843 1662 1022 1707 autem
1052 1664 1195 1707 recta
1223 1662 1327 1717 est,
1363 1668 1465 1705 non
1494 1652 1666 1705 solmn
1698 1652 1868 1704 inenl-

270 1750 517 1817 pabiles,
562 1764 746 1804 verum
789 1748 952 1803 etiam
1021 1747 1315 1802 laudabiles
1361 1758 1555 1813 erunt;
1617 1752 1865 1801 voluntas

1970 564 2129 634 hujus
2158 565 2279 619 vitm
2323 567 2776 637 peregrinatione,
2827 573 3125 627 secundum
3172 574 3339 629 Deum
3372 577 3556 633 viven-

1968 667 2083 719 tes,
2129 664 2370 709 metuunt
2415 658 2785 728 cupiuntque,
2843 661 3025 718 dolent
3074 667 3451 736 gaudentque;
3502 676 3557 723 et

1966 749 2086 816 quia
2120 756 2296 800 rectus
2326 758 2408 801 est
2438 764 2589 803 amor
2628 765 2836 816 eorum,
2868 755 2998 809 istas
3026 769 3215 813 omnes
3244 757 3558 815 affectiones

1966 847 2144 890 reetas
2195 836 2429 891 habent:
2464 848 2710 895 metuunt
2750 857 2961 911 ptenam
3005 856 3286 916 :eternam,
3336 851 3559 919 cupiunt

1966 929 2126 981 vitam
2150 938 2427 993 aeternam,
2457 929 2641 984 dolent
2666 932 2717 985 in
2749 948 2827 999 re,
2856 934 2980 1003 quia
3019 936 3118 1005 ipsi
3167 939 3217 991 in
3250 940 3556 1006 semetipsis

1971 1021 2148 1075 adhuc
2178 1021 2902 1093 ingeniiscunt,adoptionem
2923 1036 3319 1098 exspectantes,
3345 1032 3558 1087 redem-

1970 1112 2204 1179 ptionem
2254 1113 2499 1180 corporis
2549 1116 2662 1180 sui;
2712 1117 2945 1184 gaudent
2989 1117 3043 1172 in
3101 1134 3227 1189 spe,
3281 1123 3402 1191 quia
3463 1121 3556 1177 fiet

1968 1218 2150 1257 sermo
2172 1206 2259 1273 qui
2306 1207 2538 1273 scriptus
2567 1215 2650 1260 cst
2675 1224 2689 1258 :
2723 1208 2985 1277 Absorpta
3028 1218 3112 1263 est
3134 1226 3277 1266 mors
3306 1212 3359 1266 in
3388 1213 3561 1266 vit-to-

1967 1296 2123 1350 riam.
2169 1294 2297 1349 item
2329 1284 2576 1350 metuunt
2621 1310 2865 1365 peccare,
2912 1301 3133 1369 cupiunt
3179 1312 3555 1369 perseverare.

1969 1386 2152 1441 dolent
2200 1389 2252 1440 in
2301 1389 2555 1454 peccatis,
2606 1392 2837 1456 gaudent
2878 1393 2930 1445 in
2970 1394 3223 1463 operibus
3264 1393 3438 1448 bonis.
3490 1393 3562 1449 Ut

1969 1481 2111 1533 enim
2140 1489 2379 1533 metuant
2430 1494 2673 1546 peccare,
2721 1482 2945 1536 audiunt
2977 1484 3281 1549 :Quoniam
3313 1484 3554 1539 abunda«

1973 1570 2047 1623 bit
2079 1571 2356 1637 iniquitas,
2394 1562 2707 1640 refrigescet
2744 1573 2980 1627 charitas
3012 1575 3326 1631 multorum.
3364 1575 3432 1629 Ut
3461 1589 3559 1629 cu-

1973 1659 2121 1727 piant
2153 1675 2535 1725 perseverare,
2582 1661 2804 1715 audiunt
2834 1664 2973 1743 quod
3011 1666 3268 1734 scriptum
3310 1675 3391 1719 est
3416 1682 3429 1718 :
3454 1665 3556 1732 Qui

1978 1758 2399 1818 perseveraverit
2431 1766 2599 1817 usque
2638 1752 2689 1804 in
2736 1753 2924 1818 tinem,
2969 1756 3149 1808 salvus
3179 1757 3301 1811 erit.
3347 1755 3418 1811 Ut
3455 1756 3558 1809 do-

268 1843 470 1910 quippe
492 1850 575 1895 est
599 1842 650 1894 in
684 1840 954 1903 omnibus,
1002 1838 1114 1893 imo
1138 1853 1327 1892 omnes
1358 1838 1491 1892 nihil
1521 1839 1662 1891 aliud
1697 1853 1857 1908 quam
1899 1838 1943 1897 Β
1976 1842 2123 1894 leant
2151 1842 2202 1894 in
2232 1843 2487 1909 peccatis,
2521 1843 2744 1896 audiunt
2772 1862 2786 1896 ;
2814 1844 2868 1897 Si
2900 1847 3192 1901 dixerimus
3212 1848 3335 1916 quia
3371 1862 3559 1918 pecca-

270 1938 579 1989 vofnntales
611 1943 758 1989 sunt.
806 1933 937 1987 Nam
976 1931 1103 2001 quid
1146 1942 1229 1987 est
1271 1932 1538 2001 cupiditas
1564 1941 1619 1987 et
1650 1934 1857 2000 ltetitia,

273 2028 377 2080 nisi
410 2027 666 2080 voluntas
691 2026 743 2079 in
770 2039 955 2080 eorum
987 2023 1343 2079 consensione
1364 2040 1484 2093 quae
1508 2023 1783 2078 volumus?
1810 2033 1865 2079 et

272 2116 400 2184 quid
431 2126 516 2170 est
561 2124 733 2171 ructus
763 2126 923 2185 atque
959 2115 1202 2180 tristitia,
1256 2114 1358 2168 nisi
1386 2115 1634 2169 voluntas
1664 2115 1715 2168 in
1758 2115 1866 2169 dis-

276 2209 535 2264 sensione
565 2208 633 2262 ab
658 2208 738 2262 his
762 2224 882 2278 qua:
909 2206 1192 2261 nolumus?
1210 2205 1316 2262 Sed
1343 2222 1465 2260 cum
1492 2208 1865 2260 consentimus

273 2299 577 2370 appetendo
606 2314 667 2353 ea
707 2314 827 2368 qua:
867 2298 1136 2362 volumus,
1174 2296 1466 2365 cupiditas;
1515 2312 1636 2350 cum
1683 2311 1862 2351 autem

274 2391 642 2445 consentimus
671 2389 894 2445 fruendo
917 2390 998 2444 his
1029 2391 1149 2459 qute
1169 2389 1437 2454 volumus,
1488 2387 1671 2443 ltetitia
1705 2404 1865 2443 voca-

273 2495 377 2538 tur.
438 2486 674 2551 Itemque
729 2497 849 2537 cum
916 2481 1262 2536 dissentimus
1328 2476 1526 2536 ab'eo
1588 2483 1729 2551 quod
1775 2497 1864 2536 ac-

272 2576 453 2631 cidere
519 2575 804 2640 nolumus,
856 2573 977 2629 talis
1038 2574 1285 2628 voluntas
1335 2584 1509 2627 metus
1566 2590 1677 2640 est;
1742 2590 1863 2630 cum

270 2685 449 2729 autem
509 2674 856 2730 dissentimus
912 2674 980 2727 ab
1039 2688 1105 2728 eo
1161 2672 1301 2742 quod
1362 2674 1667 2728 nolentibus
1725 2675 1866 2729 acci-

271 2776 369 2837 dit,
399 2776 524 2829 talis
570 2776 816 2829 voluntas
867 2773 1083 2827 tristitia
1114 2783 1233 2837 est;
1268 2782 1323 2828 et
1369 2774 1606 2839 omnino,
1656 2789 1870 2841 prota-

272 2878 465 2931 rietate
521 2891 702 2931 rerum
762 2889 881 2943 qua:
948 2884 1271 2943 appetuntur
1327 2884 1487 2944 atque
1547 2872 1866 2943 fugiuntur,

267 2980 413 3033 sicut
438 2977 675 3030 allicitur
717 2976 799 3028 vel
839 2973 1126 3029 offenditur
1148 2977 1391 3029 voluntas
1415 2975 1668 3041 hominis,
1709 2976 1777 3029 ita
1813 2974 1865 3032 in

268 3072 372 3133 hos
398 3078 485 3131 vel
519 3078 572 3131 in
596 3076 715 3131 illos
742 3075 969 3131 affectus
990 3083 1225 3130 mutatur
1249 3086 1303 3131 et
1324 3077 1566 3131 vertitur.
1584 3078 1865 3147 Quaprop—

271 3190 355 3233 ter
378 3178 566 3243 horno,
588 3179 676 3246 qui
700 3176 993 3231 secundum
1020 3176 1208 3241 Deum,
1235 3192 1337 3231 non
1366 3180 1658 3233 secundum
1696 3180 1866 3234 humi-

266 3295 395 3336 nem
419 3278 577 3344 vivit,
601 3288 806 3347 oportet
831 3288 889 3331 ut
927 3279 998 3331 sit
1023 3287 1233 3332 amator
1256 3279 1403 3342 boni,
1434 3280 1575 3333 unde
1599 3282 1656 3333 tit
1677 3296 1870 3336 consc-

268 3398 443 3453 quens
465 3392 523 3435 ut
542 3381 737 3434 malum
762 3378 935 3434 oderit
960 3396 972 3433 :
997 3389 1048 3433 et
1070 3381 1323 3447 quoniam
1352 3395 1510 3435 nemo
1534 3390 1745 3447 natura,
1769 3382 1867 3436 sed

268 3475 518 3544 quisquis
546 3472 714 3525 malus
734 3479 837 3535 est,
864 3471 992 3525 vitio
1025 3472 1197 3526 malus
1238 3481 1340 3535 est,
1360 3472 1533 3541 perfer
1554 3483 1662 3526 tum
1688 3474 1867 3526 odium

268 3579 435 3634 debet
488 3575 644 3629 malis
666 3577 751 3645 qui
780 3574 1074 3630 secundum
1096 3574 1259 3628 Deum
1286 3575 1433 3638 vivit,
1455 3585 1508 3627 ut
1540 3591 1637 3629 nec
1657 3583 1874 3644 propter

270 3672 468 3726 vitium
490 3670 667 3724 oderit
697 3668 992 3732 hominem,
1022 3682 1121 3722 nec
1148 3677 1287 3720 amet
1320 3668 1503 3721 vitium
1534 3677 1748 3737 propter
1776 3668 1871 3720 hn-

272 3764 503 3829 minem,
537 3760 631 3815 sed
657 3760 829 3814 oderit
857 3760 1044 3813 vitium
1083 3768 1135 3813 et
1164 3768 1308 3812 amet
1344 3757 1645 3822 hominem;
1678 3767 1868 3811 sanato

269 3856 416 3912 enim
447 3856 600 3916 vitio,
637 3862 803 3907 totum
827 3854 966 3922 quod
991 3866 1199 3918 amare,
1237 3850 1368 3904 nihil
1393 3861 1575 3905 autem
1606 3851 1746 3919 quod
1774 3852 1872 3905 de-

271 3947 399 4001 beat
434 3946 636 4007 odisse,
680 3943 999 3997 remanebit.
1046 3943 1176 3996 Nam
1218 3942 1370 4010 cuius
1411 3945 1742 4012 propositum
1788 3952 1872 3997 est

272 4051 459 4091 amare
495 4036 684 4101 Deum,
715 4044 767 4087 et
790 4049 894 4087 non
926 4035 1218 4089 secundum
1244 4034 1533 4097 hominem,
1557 4034 1650 4087 sed
1683 4048 1873 4088 secun-

274 4131 405 4183 dum
458 4128 623 4180 Deum
661 4140 843 4179 amare
873 4126 1196 4192 proximum,
1248 4126 1388 4180 sicut
1414 4127 1577 4180 etiam
1608 4126 1869 4195 scipsum,

276 4218 631 4289 proculdubio
671 4227 893 4286 propter
933 4218 1072 4271 hunc
1128 4231 1366 4272 amorem
1399 4218 1597 4272 dicitur
1622 4218 1870 4272 volunta-

276 4314 350 4367 tis
378 4313 555 4373 bonas,
582 4323 701 4378 qua:
732 4308 979 4362 usitatius
1007 4310 1057 4361 in
1085 4308 1376 4378 Scripturis
1405 4310 1607 4363 sanctis
1634 4309 1869 4364 charitas

276 4406 616 4476 appellatur;
649 4403 743 4458 sed
775 4418 927 4456 amor
958 4418 1169 4472 quoque
1210 4404 1503 4457 secundum
1533 4403 1747 4457 eaedem
1778 4418 1870 4458 sa-

276 4514 405 4553 cras
435 4498 635 4552 litteras
675 4493 891 4549 dicitur.
923 4494 1180 4548 Nonnulli
1223 4495 1549 4549 arbitrantur
1576 4494 1719 4548 aliud
1751 4509 1871 4548 esse

1970 1942 2079 1987 tum
2111 1950 2213 1986 non
2242 1934 2521 1999 habemus,
2550 1934 2796 2002 nosipsos
2826 1936 3154 2006 seducimus,
3186 1948 3240 1994 et
3262 1940 3461 1994 veritas
3493 1939 3551 1994 in

1969 2022 2127 2077 nobis
2165 2037 2269 2077 non
2300 2032 2403 2077 est.
2452 2023 2519 2078 Ut
2547 2024 2816 2092 gaudeant
2865 2028 2916 2079 in
2949 2028 3207 2096 operibus
3243 2029 3417 2095 bonis,
3467 2045 3562 2083 au-

1968 2115 2122 2169 diunt
2154 2131 2167 2168 :
2206 2116 2437 2169 lltlarcm
2470 2118 2713 2170 datorem
2738 2117 2911 2187 diligit
2942 2118 3105 2173 Deus.
3133 2119 3284 2185 Item,
3310 2122 3469 2176 sicuti
3499 2138 3561 2177 se

1969 2207 2254 2261 infirmitas
2278 2222 2461 2261 eorum
2509 2208 2835 2277 firmitasque
2861 2211 3133 2277 habuerit,
3167 2223 3413 2269 metuunt
3442 2226 3557 2269 ten-

1971 2303 2093 2363 tari,
2135 2301 2355 2368 cupiunt
2395 2300 2588 2355 tentari
2618 2318 2633 2354 :
2662 2302 2848 2358 dolent
2878 2304 2929 2357 in
2976 2306 3379 2373 tentationibus,
3420 2324 3557 2378 gau-

1968 2394 2096 2448 dent
2125 2394 2179 2447 in
2213 2395 2617 2448 tentationibus.
2651 2395 2718 2450 Ut
2756 2397 2898 2450 enim
2924 2408 3163 2453 metuant
3204 2402 3417 2466 tentari,
3449 2418 3548 2456 au-

1969 2485 2125 2540 diunt
2156 2503 2169 2538 :
2195 2484 2250 2541 Si
2272 2488 2394 2554 quis
2425 2499 2828 2556 prmoccupatus
2855 2487 3013 2543 fuerit
3045 2492 3096 2544 in
3119 2491 3298 2561 aliquo
3329 2493 3553 2560 delicto,

1971 2591 2065 2630 vos
2096 2576 2184 2645 qui
2207 2576 2478 2643 spiritales
2507 2579 2661 2643 estis,
2692 2580 2938 2634 instruite
2963 2580 3267 2649 hujusmodi
3291 2582 3340 2636 in
3363 2585 3558 2652 spiritu

1970 2670 2416 2734 mansuetudinis,
2468 2671 2746 2726 intendens
2782 2674 3144 2743 temetipsum,
3178 2691 3244 2731 ne
3273 2685 3326 2731 et
3357 2686 3411 2731 tu
3443 2686 3558 2731 ten-

1972 2761 2119 2815 teris.
2149 2762 2218 2815 Ut
2243 2771 2422 2816 autem
2455 2762 2670 2831 cupiant
2693 2767 3140 2829 tentari,a’udiunt
3170 2769 3340 2824 virum
3372 2786 3560 2840 quem-

1969 2850 2091 2903 dam
2162 2850 2352 2905 fortem
2409 2854 2641 2907 civitatis
2700 2853 2793 2909 Dei
2833 2855 3101 2911 dicentem
3158 2876 3172 2910 :
3230 2859 3401 2912 Proba
3442 2876 3550 2927 me,

1975 2941 2218 3007 Domine,
2249 2953 2303 2996 et
2334 2952 2477 2997 tenta
2513 2959 2596 2998 me
2627 2961 2641 3008 ;
2675 2961 2769 2999 ure
2800 2962 2956 3002 renes
2987 2964 3135 3004 meos
3158 2960 3213 3004 et
3237 2965 3331 3005 cor
3359 2966 3558 3009 meum.

1972 3032 2041 3088 Ut
2061 3034 2279 3089 doleant
2318 3035 2368 3089 in
2403 3037 2808 3106 tentationibus,
2852 3040 3035 3096 vident
3061 3040 3277 3098 Petrum
3308 3045 3559 3113 flentem;

1974 3134 2028 3179 ut
2068 3128 2332 3197 gaudeant
2372 3128 2423 3182 in
2465 3131 2873 3196 tentationibus,
2916 3134 3137 3188 audiunt
3174 3134 3432 3192 Jacohum
3482 3139 3532 3192 di

1899 3222 1943 3283 C
1977 3229 2188 3272 centem
2233 3220 2453 3274 :Omne
2505 3221 2755 3289 gaudium
2812 3223 3136 3291 existimate,
3193 3225 3387 3281 fratres
3433 3226 3559 3291 mei,

1973 3323 2093 3363 cum
2120 3311 2168 3363 in
2200 3312 2519 3365 tentationes
2542 3312 2715 3366 varias
2745 3314 3060 3371 incideritis.
3108 3316 3147 3368 Ν
3190 3333 3219 3369 n
3248 3320 3419 3371 solum
3453 3333 3548 3371 au-

1976 3409 2081 3468 tem
2129 3414 2346 3473 promer
2398 3405 2604 3473 seipsos
2652 3407 2733 3461 his
2784 3420 3067 3462 moventur
3114 3408 3416 3477 affectibus,
3467 3427 3561 3465 ve-

1973 3496 2254 3549 rumetiam
2305 3508 2521 3565 propter
2552 3512 2643 3551 eos
2688 3513 2823 3565 quos
2870 3499 3089 3553 liberari
3128 3482 3451 3571 cupiunt,et
3498 3520 3563 3558 no

1976 3598 2197 3654 pereant
2223 3599 2483 3652 metuunt,
2518 3598 2571 3643 et
2601 3590 2787 3644 dolo-nt
2817 3591 2861 3645 si
2896 3602 3140 3661 pereant,
3171 3605 3223 3647 et
3253 3594 3488 3663 gaudent
3517 3598 3561 3650 si

1975 3679 2289 3732 liberantur.
2326 3680 2476 3734 lllnm
2505 3682 2700 3749 quippe
2731 3684 2989 3751 θριίιηηη
3021 3693 3074 3738 et
3102 3682 3452 3740 fortissimum
3486 3688 3559 3739 vi-

1974 3785 2112 3834 rum,
2144 3773 2231 3838 qui
2266 3770 2319 3823 in
2352 3774 2463 3823 suis
2489 3771 2889 3827 infirmitatibus
2917 3775 3197 3843 gloriatur,
3227 3787 3280 3828 ut
3306 3792 3428 3832 cum
3465 3794 3560 3845 po-

1975 3862 2237 3917 tissimnm
2268 3879 2778 3932 commemoremus,
2810 3866 2898 3937 qui
2941 3868 2991 3921 in
3019 3868 3311 3921 Ecclesium
3361 3868 3561 3923 Citriin

1971 3970 2033 4009 ex
2060 3956 2304 4024 gentibus
2322 3956 2581 4018 venimus,
2603 3956 3134 4027 Doctoremgentium
3168 3959 3222 4012 in
3247 3958 3349 4013 fide
3390 3968 3443 4012 ct
3472 3976 3561 4014 vc-

1972 4048 2151 4109 ritatc,
2179 4046 2267 4114 qui
2297 4058 2349 4101 et
2380 4047 2496 4116 plus
2514 4048 2764 4123 omnibus
2792 4049 2904 4102 suis
2930 4049 3251 4119 eoapostolis
3278 4050 3558 4111 laboravit,

1973 4152 2036 4191 ex
2089 4138 2325 4207 pluribus
2361 4137 2616 4207 Epistolis
2666 4139 2890 4208 populos
2934 4139 3047 4204 Dei,
3091 4154 3196 4194 non
3228 4155 3322 4194 eos
3354 4148 3559 4195 tantum

1973 4228 2059 4298 qui
2095 4240 2383 4298 praesentes
2410 4230 2476 4283 ab
2520 4231 2612 4283 illo
2641 4230 2979 4293 videbantur,
3010 4246 3192 4286 verum
3231 4231 3391 4286 etiam
3435 4232 3558 4287 illos

1972 4322 2060 4392 qui
2094 4322 2253 4376 futuri
2292 4323 2724 4391 prrevidebantur
2767 4321 3062 4386 instruxit;
3101 4322 3274 4387 illum,
3311 4325 3550 4390 inquam,

1973 4416 2165 4478 virum,
2197 4414 2455 4467 athletam
2498 4413 2722 4478 Christi,
2754 4413 2966 4468 domum
2999 4414 3065 4468 ab
3094 4414 3202 4478 illo,
3238 4427 3456 4469 unctum
3488 4417 3556 4470 de

1975 4507 2090 4571 illo,
2120 4505 2441 4560 crucifixum
2466 4522 2585 4560 cum
2621 4506 3036 4575 illo,gloriosum
3071 4506 3123 4561 in
3146 4506 3256 4573 illo,
3281 4508 3330 4559 in
3357 4508 3563 4561 theatro

280 4589 654 4651 dilectionem,
688 4588 801 4641 sive
830 4586 1168 4650 charitatem,
1201 4585 1343 4639 aliud
1375 4601 1609 4640 amorem
1643 4601 1654 4637 :
1690 4585 1867 4639 dicunt

1978 4600 2135 4666 hujus
2166 4598 2373 4663 mundi,
2425 4598 2509 4651 cui
2556 4598 2919 4667 spectaculum
2960 4597 3133 4653 factus
3162 4608 3242 4652 est
3272 4599 3477 4667 angelis
3507 4608 3564 4653 et

279 4681 431 4735 enim
474 4678 811 4733 dileCtioneni
854 4678 1222 4745 accipiendam
1254 4679 1304 4730 in
1334 4677 1493 4741 bono,
1546 4691 1784 4731 amorem
1815 4676 1867 4730 in

276 4775 449 4829 malo.
500 4769 589 4826 Sic
618 4780 793 4825 autem
824 4784 921 4824 nec
953 4770 1098 4838 ipsos
1136 4778 1384 4823 auctores
1414 4768 1748 4823 sacularium
1782 4768 1869 4823 ιιι-

276 4878 519 4919 terarum
552 4864 755 4916 locutos
783 4876 903 4916 esse
945 4862 1302 4915 certissimum
1350 4868 1454 4913 est.
1498 4857 1659 4911 Recta
1694 4857 1872 4925 itaque

273 4956 538 5011 voluntas
584 4962 664 5007 est
715 4951 886 5005 bonus
913 4967 1086 5017 amor,
1120 4959 1175 5005 et
1204 4952 1447 5003 voluntas
1476 4964 1724 5017 perversa
1755 4965 1871 5002 ma-

272 5062 372 5116 lus
392 5072 560 5111 arnor.
585 5056 639 5126 6
660 5058 823 5112 Amor
849 5068 977 5123 ergo
1007 5053 1221 5107 inhians
1252 5052 1447 5107 habere
1472 5049 1612 5121 quod
1634 5057 1868 5115 amatur,

271 5158 553 5226 cvpiditas
585 5167 707 5219 est;
740 5155 789 5209 id
844 5165 1023 5208 autem
1056 5153 1260 5207 habens
1300 5160 1458 5219 atque
1506 5151 1707 5217 fruens,
1740 5150 1875 5202 beti-

272 5259 357 5310 tia
381 5261 464 5307 est
495 5268 509 5305 :
543 5249 749 5319 fugiens
774 5246 914 5318 quod
936 5250 981 5301 ei
1006 5246 1337 5303 adversatur,
1369 5246 1526 5298 timor
1555 5252 1637 5296 est
1666 5260 1677 5295 :
1714 5241 1873 5310 idque

269 5352 325 5402 si
364 5343 617 5399 acciderit
646 5340 908 5403 sentiens,
941 5338 1155 5391 tristitia
1181 5346 1282 5391 est.
1314 5334 1545 5389 Proinde
1586 5333 1722 5386 mala
1750 5341 1874 5386 Sunt

273 5443 414 5498 ista,
442 5434 487 5487 si
517 5432 686 5486 maius
726 5444 879 5484 amor
917 5439 999 5483 est
1028 5445 1042 5489 ;
1069 5428 1230 5493 bona,
1258 5427 1299 5481 si
1329 5426 1520 5479 bonus.
1554 5423 1743 5477 Verum
1794 5421 1874 5474 his

276 5528 647 5605 philosophis,
675 5526 814 5593 quod
840 5525 904 5579 ad
934 5525 1086 5578 istam
1109 5521 1454 5592 quas-tionem
1479 5519 1545 5573 de
1570 5515 1729 5570 animi
1760 5530 1876 5584 per-

279 5621 690 5686 turbationibus
711 5618 1041 5686 attinct,jam
1074 5613 1449 5684 respondimus
1479 5612 1529 5665 in
1552 5624 1692 5665 nono
1719 5607 1874 5674 hujus

275 5719 471 5789 operis
514 5715 696 5776 libro,
750 5710 1097 5766 ostendentes
1143 5722 1236 5761 eos
1286 5720 1389 5759 non
1443 5713 1547 5756 tam
1597 5700 1664 5755 dc
1712 5698 1874 5753 rebus

276 5829 449 5881 quam
483 5810 551 5863 de
591 5805 790 5865 verbis.
842 5802 1142 5869 cupidiores
1172 5814 1291 5854 esse
1322 5792 1678 5851 Contentionis
1708 5808 1867 5860 quam

284 5924 383 5963 των
413 5918 459 5955 :a
490 5902 554 5954 is.
592 5895 739 5966 Apud
783 5909 881 5949 nos
907 5896 1103 5958 autem,
1136 5892 1280 5962 juxta
1311 5888 1615 5957 Setiptut'as
1658 5893 1870 5939 sanctas

1978 4688 2309 4753 hominibus,
2344 4686 2573 4755 legitime
2606 4702 2855 4755 magnum
2884 4702 3108 4757 agonem
3141 4698 3462 4751 certantem,
3504 4698 3560 4743 et

1980 4778 2212 4847 palmam
2245 4793 2492 4849 supernae
2518 4779 2815 4833 vocationis
2845 4779 2898 4833 in
2938 4779 3210 4835 anteriora
3244 4790 3562 4846 sectantem,

1976 4872 2145 4926 oculis
2214 4871 2335 4925 fidei
2411 4870 2765 4924 libentissime
2817 4880 3100 4938 spectant,
3150 4871 3381 4941 gaudere
3440 4886 3562 4925 cum

1977 4961 2371 5030 gaudentibus,
2428 4961 2556 5015 flere
2606 4976 2725 5015 cum
2774 4959 3047 5024 flentibus,
3100 4960 3233 5014 foris
3283 4960 3564 5015 habentem

1979 5069 2206 5123 pugnas,
2258 5053 2401 5106 intus
2452 5053 2689 5117 timores,
2740 5053 3044 5122 cupientem
3092 5051 3308 5106 dissolvi
3354 5061 3406 5105 ct
3447 5065 3565 5103 esse

1978 5158 2101 5196 cum
2131 5142 2369 5203 Christo,
2403 5142 2801 5195 desiderantem
2840 5141 3023 5195 videre
3054 5139 3347 5204 Romanos,
3381 5148 3435 5190 ut
3466 5136 3563 5190 ali-

1976 5251 2135 5306 quem
2171 5236 2399 5289 fructum
2434 5234 2627 5288 habeat
2680 5244 2733 5289 et
2773 5234 2825 5287 in
2856 5234 2983 5297 illis,
3018 5232 3156 5289 sicut
3186 5241 3240 5286 et
3271 5232 3321 5285 in
3353 5227 3563 5285 cteteris

1978 5326 2247 5397 gentibus,
2275 5326 2615 5381 :emulantem
2646 5325 2973 5391 Corinthios,
3003 5335 3053 5379 et
3080 5324 3192 5393 ipsa
3223 5322 3565 5377 aemulatione

1982 5433 2333 5485 metuentem,
2365 5436 2433 5476 ne
2462 5422 2786 5475 seducautur
2826 5433 3012 5473 eorum
3064 5424 3269 5470 mentes
3313 5429 3342 5468 a
3398 5413 3564 5467 casti-

1984 5522 2089 5569 tate
2110 5528 2227 5584 qua:
2257 5513 2310 5567 in
2337 5512 2550 5567 Christo
2579 5520 2692 5577 est,
2729 5524 2973 5580 magnam
3007 5508 3277 5561 tristitiam
3309 5515 3363 5563 et
3391 5507 3566 5561 conti-

1981 5621 2146 5660 nuum
2196 5606 2438 5660 dolorem
2490 5604 2669 5658 cordis
2715 5602 2797 5655 sui
2844 5602 2911 5654 de
2957 5598 3214 5654 lsraelitis
3253 5598 3562 5667 habentem,

1976 5696 2119 5766 quod
2148 5696 2456 5765 ignorantes
2488 5695 2575 5748 Dei
2601 5692 2888 5763 justitiam,
2919 5701 2972 5746 et
2998 5705 3147 5743 suam
3176 5691 3425 5745 volentes
3456 5702 3565 5743 sta-

1978 5798 2147 5853 tuere,
2177 5786 2400 5855 justitite
2442 5786 2535 5838 Dei
2572 5800 2674 5838 non
2706 5784 2815 5837 sitit
2842 5783 3090 5853 subjecti,
3125 5798 3224 5837 nec
3252 5783 3425 5837 solum
3470 5782 3567 5835 do.

1973 5881 2163 5947 lurem,
2197 5894 2380 5934 verum
2426 5878 2582 5932 etiam
2618 5876 2817 5930 Initum
2852 5892 3004 5932 suum
3037 5875 3442 5932 denuntiantem
3497 5872 3567 5929 tle
