3956 6180
456 330 559 387 573

1557 321 1619 374 D.
1662 318 1979 377 EUGYPPiI
2020 316 2310 379 ABBATIS
2348 315 2667 371 AFRICASI

3563 315 3655 367 5Ἱῦ

454 443 765 515 quibusdam
796 439 884 509 qui
914 447 1039 493 ante
1067 445 1422 506 peccaverunt
1443 444 1499 491 et
1522 451 1626 489 non
1657 443 1882 504 egerunt
1908 449 2021 504 ρω-
2050 436 2100 494 Λ
2123 441 2176 486 et
2203 431 2377 485 amavi
2407 439 2479 485 te.
2508 431 2614 485 Sed
2640 428 2902 485 eternium
2930 435 2984 483 et
3014 434 3179 493 terra,
3205 435 3256 481 et
3279 428 3453 479 omnia
3480 443 3588 495 quin
3610 428 3657 481 iu

455 533 732 589 nitentiattt
760 547 920 600 euper
949 528 1283 583 immunditia
1316 536 1374 583 et
1414 526 1852 583 iornicationibus
1888 525 2018 580 suis.

455 604 518 678 Iti
550 632 749 687 multis,
801 622 853 674 hi
884 620 1131 679 aﬂectus,
1178 618 1246 672 de
1292 632 1477 672 amore
1507 617 1631 670 boni
1663 626 1718 669 et
1745 615 1812 669 de
1840 626 2024 668 sancta

454 715 712 769 charitate
751 712 1049 774 venientes,
1094 712 1140 764 si
1173 711 1298 763 vilia
1330 708 1566 763 vocanda
1597 718 1743 770 sunt,
1785 707 2025 760 sinamus

456 815 511 860 ut
549 821 611 860 ea
645 820 768 873 quae
808 819 932 859 vere
975 804 1101 856 vitia
1141 811 1267 856 sunt
1311 803 1533 855 virtutes
1578 808 1877 853 vectantur:
1927 798 2022 851 se-l

456 910 574 950 cum
623 904 822 949 rectam
861 894 1118 947 rationem
1160 901 1454 959 sequantur
1518 891 1635 945 istm
1695 889 2023 952 aﬂectioncs,

454 984 666 1050 quando
704 984 789 1037 ubi
818 991 1031 1051 oportet
1076 981 1423 1042 adhibentur,
1474 978 1596 1046 quis
1623 992 1717 1031 eas
1753 976 2025 1030 morbidos

454 1091 550 1131 seu
588 1077 807 1131 vitiosas
852 1076 1124 1143 passiones
1155 1075 1348 1127 audeat
1396 1072 1613 1126 dicere?
1663 1070 2026 1136 Quamobrem

453 1166 615 1219 etiam
647 1166 758 1233 ipse
820 1167 1074 1219 Dominus
1121 1164 1174 1218 in
1224 1162 1394 1216 forma
1426 1161 1519 1215 Dei
1560 1176 1718 1230 agere
1756 1160 1919 1213 vitam
1947 1157 2027 1212 di-

458 1266 650 1325 gnatus
691 1265 773 1310 est
818 1254 1126 1315 humanam,
1178 1251 1272 1305 sed
1318 1252 1521 1305 nullum
1570 1250 1773 1305 habens
1809 1248 2028 1301 ontniuo

459 1356 760 1414 peccatum,
786 1344 1027 1398 adhibuit
1072 1357 1164 1399 eas
1208 1342 1295 1395 ubi
1325 1339 1658 1395 adhibendas
1680 1353 1801 1392 esse
1825 1337 2030 1405 judica-

458 1436 555 1490 vit.
582 1435 764 1504 Neque
785 1435 927 1487 enim
961 1433 1013 1485 in
1045 1446 1149 1499 quo
1175 1444 1357 1483 verum
1396 1437 1514 1483 erat
1544 1427 1775 1483 hominis
1803 1443 2023 1495 corpus,

458 1536 510 1580 et
543 1538 702 1577 verus
741 1522 971 1576 hominis
998 1520 1229 1585 animus,
1276 1517 1443 1571 falsus
1480 1524 1597 1570 erat
1637 1516 1902 1571 humanus
1943 1516 2027 1568 af-

461 1615 651 1669 fectus.
683 1614 817 1667 Cum
849 1627 979 1681 ergo
1008 1610 1123 1680 ejus
1164 1608 1218 1662 in
1254 1607 1539 1676 Evangelia
1567 1606 1667 1661 ista
1698 1607 2027 1670 referuntur,

457 1706 596 1775 quod
616 1719 788 1772 super
815 1702 1063 1756 duritiam
1092 1698 1270 1754 cordis
1295 1697 1600 1752 Iudaeorum
1640 1712 1761 1752 cum
1790 1696 1869 1750 ira
1894 1711 2027 1750 con-

2124 524 2204 576 eis
2232 531 2378 586 sunt,
2402 536 2528 578 ecce
2558 522 2792 590 undique
2822 519 2951 575 mihi
2979 517 3165 575 dicunt
3211 527 3267 572 ut
3287 526 3337 573 te
3359 533 3545 584 amem,
3573 533 3658 572 nec

2125 621 2340 668 cessant
2385 613 2566 667 dicere
2596 612 2867 672 omnibus,
2902 620 2957 664 ut
2987 610 3094 663 sint
3137 610 3532 665 inexcusabilcs.
3578 609 3658 662 Al-

2126 702 2232 769 tius
2260 710 2437 757 autem
2467 713 2519 755 tu
2551 700 2893 774 misereberis
2941 699 3026 752 cui
3061 697 3308 752 misertus
3344 680 3470 762 eris,
3498 708 3548 753 et
3572 701 3661 754 mi-

2125 793 2470 853 sericordiam
2516 776 2795 861 prrstabis
2838 790 2923 844 cui
2968 788 3272 842 misericors
3321 788 3477 845 lueris
3507 805 3520 852 ;
3549 789 3665 841 alio-

2126 883 2252 952 quin
2284 884 2476 939 rmlum
2515 892 2569 936 et
2612 891 2749 936 terra
2794 878 2971 935 surdis
3007 879 3293 948 loquuntur
3331 877 3507 933 laudes
3542 891 3663 933 tuas.

2124 972 2261 1040 Quid
2291 982 2467 1027 autem
2495 988 2637 1035 amo,
2682 986 2802 1025 cum
2833 978 2885 1025 te
2913 969 3070 1023 amo!
3100 984 3205 1021 non
3243 952 3668 1035 speciem-corpo-

2127 1066 2221 1128 ris,
2252 1079 2351 1119 nec
2403 1063 2565 1121 decus
2599 1061 2890 1132 temporis,
2934 1075 3038 1115 non
3070 1058 3358 1113 candorem
3397 1056 3521 1111 lucis
3556 1072 3669 1112 ecce

2128 1156 2244 1211 istis
2267 1156 2497 1209 amicum
2526 1153 2719 1217 oculis,
2760 1167 2866 1207 non
2898 1151 3082 1206 dulces
3117 1148 3375 1205 melodias
3403 1147 3669 1203 cantilena-

2127 1261 2243 1300 rum
2286 1245 2741 1308 omnimodarum,
2784 1257 2891 1296 non
2927 1240 3117 1295 norum
3148 1247 3204 1293 et
3233 1247 3602 1308 unguentorum
3625 1246 3670 1292 et

2127 1348 2425 1392 aromatum
2480 1333 2925 1399 suaveolentiam,
2954 1349 3060 1387 non
3087 1345 3280 1404 manna
3305 1340 3360 1384 et
3383 1329 3550 1392 mella,
3579 1344 3671 1381 non

2130 1430 2368 1485 membra
2412 1426 2762 1497 acceptabilia
2805 1425 2983 1479 carnis
3022 1422 3398 1490 amplexibus;
3427 1436 3525 1474 nou
3573 1418 3672 1471 ha‘c

2128 1535 2273 1583 amo,
2312 1535 2434 1573 cum
2472 1534 2595 1573 amo
2650 1519 2815 1573 Deum
2860 1530 3058 1573 meum.
3114 1515 3164 1584 7
3219 1515 3287 1566 Et
3342 1522 3512 1567 tamen
3566 1526 3673 1565 amo

2128 1609 2412 1677 quamdam
2453 1609 2647 1671 lucem,
2679 1619 2735 1662 et
2772 1605 3056 1676 quamdam
3083 1618 3293 1672 vocem,
3333 1612 3389 1657 et
3413 1601 3671 1667 quemdam

2128 1701 2389 1765 odorem,
2442 1712 2496 1756 et
2550 1699 2828 1770 quemdam
2874 1699 3193 1765 cibum,et
3254 1694 3530 1765 quemdam
3579 1707 3674 1745 am-

458 1798 700 1851 tristatus
729 1798 838 1860 sit;
879 1793 1020 1863 quod
1065 1791 1302 1845 dixerit:
1332 1789 1551 1843 Gaudeo
1596 1797 1816 1857 prorter
1841 1803 1934 1842 Vos
1973 1796 2029 1840 ut
2062 1784 2102 1842 Β
2134 1790 2342 1860 plexum
2368 1832 2386 1858 ,
2438 1806 2560 1845 cum
2610 1804 2731 1843 amo
2785 1789 2948 1842 Deum
2993 1802 3193 1852 meum,
3240 1785 3433 1849 lucem,
3488 1797 3674 1845 vocem,

458 1888 719 1949 credatis;
761 1884 905 1954 quod
944 1884 1199 1938 Lazarum
1244 1880 1597 1933 susci'aturtts
1641 1882 1799 1933 etiam
1851 1880 2024 1948 Iacry-

458 1992 571 2033 mas
603 1977 829 2038 fuderit;
884 1977 1023 2043 quod
1054 1971 1418 2038 concupiverit
1455 1984 1575 2023 cum
1606 1970 1885 2037 disripulis
1914 1970 2025 2021 suis

460 2067 782 2121 manducare
848 2066 1087 2131 multa;
1138 2063 1275 2131 quod
1334 2061 1727 2130 propinquante
1781 2062 2027 2129 passione

460 2155 629 2207 tristis
660 2152 815 2207 fuerit
845 2154 1021 2206 anima
1043 2151 1176 2219 ejus,
1207 2166 1309 2202 nou
1338 2151 1469 2204 falso
1490 2149 1669 2217 utique
1699 2148 2022 2205 referuntur.

461 2242 652 2311 Verum
688 2242 774 2295 ille
803 2241 901 2295 hos
916 2252 1090 2294 motus
1104 2254 1261 2294 cerua
1279 2238 1696 2307 dispensationis
1719 2243 1912 2309 gratia,
1931 2243 2023 2307 ita,

461 2346 582 2385 Cum
615 2330 799 2393 voluit,
824 2329 1061 2397 suscepit
1088 2330 1264 2382 animo
1284 2329 1536 2394 humano,
1579 2339 1656 2392 ttt,
1689 2345 1808 2384 cum
1838 2332 2024 2397 voluit,

462 2421 632 2475 lactus
657 2431 740 2473 est
780 2420 957 2474 homo.
988 2421 1232 2483 l‘roiude,
1258 2421 1396 2487 quod
1432 2420 1701 2476 fatendum
1734 2432 1837 2485 est,
1866 2426 2027 2480 etiam

463 2527 575 2567 cum
599 2524 769 2566 rectas
795 2524 848 2566 et
875 2513 1165 2567 secundum
1202 2513 1361 2566 Deum
1382 2513 1639 2569 habemus
1669 2514 1763 2567 has
1785 2516 2027 2570 affectio-

462 2618 574 2667 nes,
612 2603 767 2671 hujus
796 2605 919 2657 vitae
946 2615 1048 2667 est,
1080 2620 1183 2657 non
1226 2604 1364 2657 illius
1402 2621 1558 2672 quam
1590 2604 1819 2658 futuram
1849 2621 2030 2673 spera-

462 2705 595 2755 mus,
646 2702 700 2744 et
737 2707 877 2761 saepe
910 2691 1011 2745 illis
1050 2694 1210 2746 etiam
1242 2691 1391 2745 inviti
1418 2693 1676 2747 cedimus.
1721 2695 1902 2763 Itaque
1929 2697 2028 2749 ali-

463 2784 699 2851 quando,
740 2783 983 2853 quamvis
1016 2799 1123 2838 non
1169 2783 1419 2851 culpabili
1450 2785 1765 2853 cupiditate,
1796 2786 1890 2839 sed
1920 2787 2031 2839 lau-

463 2873 620 2927 dabili
674 2874 935 2929 charitate
962 2890 1290 2939 moveamur,
1325 2874 1485 2930 etiam
1518 2876 1641 2929 dum
1665 2876 1910 2930 nolumus
1934 2877 2028 2932 ﬂe-

464 2980 598 3019 ntus.
655 2966 919 3020 Habemus
947 2981 1073 3035 ergo
1101 2980 1191 3021 eas
1219 2981 1281 3021 ex
1316 2964 1560 3020 humana:
1599 2968 1921 3021 conditionis
1953 2968 2030 3021 in-

464 3056 875 3110 Iirinitateznou
921 3067 1100 3111 autem
1145 3059 1215 3110 ita
1260 3055 1517 3112 Dominus
1564 3056 1738 3123 Iesus,
1781 3060 1933 3127 cujus
1979 3068 2033 3113 ct

2126 1882 2365 1955 odorem,
2414 1883 2614 1947 cibum,
2664 1880 2967 1949 amplexum
2994 1877 3266 1933 interioris
3298 1876 3520 1931 hominis
3544 1874 3674 1927 mei:

2128 1972 2215 2029 uhi
2243 1972 2408 2041 fulget
2435 1973 2631 2026 animm
2664 1985 2797 2025 mea:
2834 1969 2976 2038 quod
3011 1984 3115 2023 non
3142 1968 3288 2035 capit
3316 1967 3480 2029 locus,
3514 1974 3564 2019 et
3599 1964 3675 2017 ubi

2134 2076 2294 2120 sonat
2321 2066 2462 2135 quod
2494 2081 2599 2119 non
2629 2064 2768 2133 rapit
2795 2074 3023 2132 tempus,
3050 2074 3105 2116 et
3134 2062 3222 2116 ubi
3254 2062 3368 2115 olet
3406 2057 3541 2128 quod
3585 2072 3676 2110 non

2128 2158 2328 2225 spargit
2367 2158 2542 2215 Ilatus.
2580 2166 2634 2210 et
2679 2156 2765 2208 ubi
2811 2155 2949 2222 sapit
2998 2154 3140 2223 quod
3194 2168 3304 2207 non
3349 2152 3531 2207 minuit
3566 2150 3676 2203 ωτι.

2128 2251 2297 2312 citas,
2326 2258 2380 2300 et
2408 2246 2493 2301 ubi
2537 2247 2704 2301 haeret
2732 2245 2872 2314 quod
2904 2260 3010 2309 non
3049 2246 3262 2299 divellit
3307 2245 3547 2303 satietas;
3591 2241 3677 2293 hoc

2129 2348 2213 2393 est
2251 2337 2394 2405 quod
2446 2352 2590 2400 amo,
2642 2352 2763 2390 cum
2812 2336 2977 2390 Deum
3028 2350 3204 2390 meum
3259 2349 3404 2388 amo.
3461 2331 3523 2387 Et
3565 2329 3677 2398 quid

2129 2439 2211 2483 est
2265 2430 2400 2483 hoc?
2443 2429 2764 2499 Interrogavi
2816 2437 3054 2493 terram,
3095 2435 3150 2480 et
3187 2425 3369 2481 dixit:
3411 2424 3518 2479 Non
3540 2438 3677 2485 sum,

2130 2529 2186 2575 et
2230 2534 2560 2590 quascunque
2591 2521 2641 2573 in
2680 2517 2866 2574 eadem
2905 2527 3051 2581 sunt,
3092 2518 3232 2572 idem
3279 2517 3516 2571 confessa
3551 2522 3677 2568 sunt.

2134 2611 2456 2682 Interrogavi
2502 2624 2648 2665 mare
2686 2617 2738 2664 et
2791 2608 3033 2678 abyssos,
3080 2619 3134 2662 et
3171 2607 3382 2675 reptiiia
3410 2605 3680 2658 animarum

2132 2704 2395 2765 vivarum,
2447 2709 2503 2755 et
2538 2696 3105 2769 responderunt:Non
3151 2710 3342 2750 sumus
3384 2694 3516 2748 Deus
3555 2701 3679 2755 tuus,

2131 2807 2309 2862 quaeue
2330 2805 2489 2860 super
2512 2804 2627 2843 nos.
2653 2787 2975 2857 Interrogavi
3010 2801 3166 2841 auras
3196 2783 3424 2849 habiles,
3455 2792 3506 2837 et
3533 2779 3680 2853 inquit

2132 2879 2409 2935 Universos
2465 2893 2557 2933 aer
2611 2894 2730 2932 cum
2787 2877 2980 2931 incolis
3026 2875 3138 2928 suis
3180 2893 3192 2926 :
3240 2873 3465 2928 Fallitur
3510 2872 3681 2925 Anaxi-

2132 2988 2353 3042 menes,
2391 2988 2495 3028 non
2519 2988 2634 3026 sum
2682 2972 2841 3026 Deus.
2889 2969 3207 3039 Interrogavi
3250 2970 3448 3024 coelum
3471 3007 3485 3031 ,
3509 2967 3683 3026 solem,

2132 3069 2353 3137 lunam,
2415 3066 2601 3121 stellas
2659 3078 2673 3118 :
2718 3063 2901 3132 Neque
2971 3076 3069 3116 nos
3113 3075 3305 3115 sumus
3356 3060 3493 3114 Deus
3546 3073 3682 3127 quem

464 3152 743 3205 Inﬁrmitas
772 3150 869 3205 luit
892 3167 957 3207 ex
990 3160 1277 3220 potestate;
1327 3150 1421 3205 sed
1449 3150 1576 3205 dum
1606 3151 1727 3205 vita;
1760 3151 1916 3219 hujus
1948 3153 2029 3205 iu-
2060 3158 2102 3217 C
2134 3160 2329 3228 quaeris
2351 3199 2365 3221 ,
2397 3157 2664 3227 inquiunt.
2709 3155 2774 3208 Et
2798 3152 2909 3207 disi
2947 3154 3196 3208 omnibus
3226 3154 3312 3207 his
3339 3168 3456 3222 qua:
3479 3152 3687 3205 circum-

464 3241 768 3295 Iirmitatem
797 3241 1052 3311 gerimus,
1082 3241 1125 3294 si
1147 3256 1241 3296 eas
1268 3241 1490 3295 omnino
1514 3241 1688 3296 nullas
1718 3242 2030 3307 habeamus,

466 3336 591 3381 tunc
624 3331 800 3396 potius
847 3345 950 3383 non
986 3342 1132 3385 recte
1159 3329 1405 3384 vivimus.
1439 3331 1782 3400 Vituperalmt
1812 3335 1953 3389 enim
1984 3346 2038 3389 ct

464 3410 832 3472 detestabatur
888 3421 1172 3486 Apostolus
1224 3421 1424 3487 (Rom.
1457 3423 1517 3492 ι)
1569 3425 1851 3493 quosdam,
1905 3441 2038 3494 quos

466 3507 624 3564 etiam
649 3523 768 3562 esse
796 3509 929 3564 dixit
959 3511 1073 3565 sine
1099 3511 1399 3566 aﬂ'ectione.
1452 3513 1701 3583 Culpavit
1727 3515 1886 3571 etiam
1915 3517 2038 3573 illos

467 3613 620 3651 sacer
666 3598 930 3666 Psalmus,
985 3602 1052 3656 de
1097 3602 1287 3670 quibus
1312 3604 1386 3657 ait
1415 3620 1431 3658 :
1458 3603 1717 3669 Sustinui,
1747 3606 1836 3675 qui
1876 3606 2037 3660 simul

470 3690 974 3754 contristaretur,et
995 3705 1099 3743 non
1132 3690 1248 3745 fuit.
1279 3691 1408 3745 Nam
1447 3694 1667 3748 omnino
1696 3695 2034 3761 non'dolerc,

467 3777 593 3831 dum
622 3794 805 3833 sumus
834 3780 885 3833 in
916 3778 1016 3833 hoc
1039 3779 1155 3835 loco
1187 3781 1442 3849 miseriae,
1474 3784 1735 3852 profecto,
1753 3788 1893 3841 sicut
1921 3789 2039 3856 qui-

467 3867 588 3920 dam
634 3869 795 3922 etiam
846 3867 984 3939 apud
1032 3872 1211 3925 smculi
1264 3871 1419 3939 hujus
1467 3875 1733 3932 litteratos
1772 3879 1938 3931 sensit
1985 3888 2041 3934 et

467 3956 621 4021 dixit,
657 3974 760 4012 non
802 3960 917 4013 sine
966 3964 1213 4017 mercede
1269 3964 1553 4034 contingit,
1602 3966 1948 4022 immanitatis
1988 3969 2039 4024 in

466 4048 669 4112 animo,
693 4053 925 4117 stuporis
944 4055 994 4105 in
1011 4068 1251 4121 corpore.
1276 4056 1555 4123 Quocirca,
1582 4058 1663 4111 illa
1690 4074 1808 4127 quae
1824 4061 2043 4118 ἀπάθεια

468 4140 653 4199 Graace
690 4143 903 4209 dicitur,
932 4160 1071 4213 quae,
1117 4144 1161 4199 si
1188 4147 1373 4202 Latine
1404 4158 1601 4216 posset,
1643 4149 2044 4218 impassibilitas

468 4232 766 4296 diceretur,
798 4234 841 4288 si
874 4236 943 4288 ita
983 4235 1323 4305 intelligenda
1360 4246 1443 4291 est
1486 4240 1564 4309 (in
1603 4240 1784 4295 animo
1824 4244 2040 4313 quippe,

468 4336 573 4375 non
607 4322 658 4377 in
691 4339 915 4393 corpore
958 4326 1256 4397 accipitur),
1284 4336 1341 4381 ut
1387 4326 1501 4384 sine
1549 4329 1629 4383 his
1673 4332 2043 4389 ali‘ectionibus

480 4416 696 4469 vivatur
734 4432 849 4485 qua:
889 4428 1073 4471 contra
1122 4418 1383 4475 rationem
1422 4423 1672 4476 accidunt
1703 4436 2043 4495 mentemque

2136 3261 2279 3305 stant
2325 3248 2472 3304 fores
2502 3248 2680 3303 carnis
2706 3263 2873 3302 mem:
2908 3245 3077 3301 Dicite
3122 3245 3251 3298 mihi
3281 3246 3352 3299 de
3397 3244 3501 3300 Deo
3544 3254 3684 3305 meo,

2135 3344 2274 3413 quod
2310 3358 2405 3397 vos
2431 3358 2535 3396 non
2566 3342 2727 3406 estis,
2759 3340 2922 3395 dicite
2967 3339 3095 3392 mihi
3126 3337 3196 3391 de
3245 3337 3341 3391 illo
3378 3333 3586 3404 aliquid.
3630 3330 3685 3384 Et

2136 3438 2578 3490 exclamaverunt
2605 3446 2737 3487 voce
2762 3445 2952 3501 magna
2987 3447 3001 3481 :
3037 3428 3153 3496 Ipse
3179 3427 3307 3484 fecit
3334 3442 3454 3481 nos.
3484 3424 3685 3479 Interru-

2138 3529 2281 3595 gatio
2306 3540 2423 3579 mea
2451 3565 2464 3589 ,
2510 3523 2738 3578 intentio
2768 3537 2885 3577 mea
2912 3536 2927 3587 ;
2960 3531 3012 3577 et
3039 3521 3323 3589 responsio
3360 3533 3558 3580 eorum,
3585 3529 3686 3581 5pc-

2137 3616 2247 3672 cies
2273 3630 2481 3669 eorum.
2522 3615 2587 3668 Et
2615 3613 2784 3667 direxi
2830 3627 2916 3667 me
2958 3611 3023 3665 ad
3050 3625 3165 3676 me,
3193 3619 3251 3664 et
3280 3610 3393 3664 dixi
3422 3608 3548 3662 mihi
3574 3625 3587 3661 :
3618 3606 3687 3659 Tu

2138 3708 2261 3773 quis
2287 3709 2387 3762 es?
2420 3708 2482 3761 Et
2506 3707 2781 3777 respondi,
2820 3707 2991 3760 llomo
3022 3723 3034 3758 :
3064 3715 3121 3761 et
3143 3720 3275 3762 ecce
3302 3721 3493 3773 corpus
3521 3701 3687 3758 etaui-

2142 3814 2227 3853 uta
2260 3799 2312 3853 in
2340 3814 2425 3853 me
2447 3800 2575 3853 mihi
2607 3807 2801 3867 praesto
2821 3807 2970 3867 sunt,
3011 3814 3171 3852 unum
3200 3800 3468 3863 exterius,
3497 3805 3550 3850 et
3572 3796 3711 3862 alte-~

2141 3907 2256 3945 rum
2288 3891 2513 3945 interius
2558 3908 2573 3944 :
2601 3891 2729 3959 quid
2772 3890 2959 3946 horum
3005 3898 3088 3945 est
3127 3891 3270 3946 unde
3295 3904 3532 3960 quaerere
3552 3885 3689 3941 dcbtti

2145 3981 2309 4035 Deum
2340 3996 2537 4044 meum,
2559 3997 2717 4050 quem
2754 3980 2866 4049 jam
2919 3982 3270 4051 quaesiveram
3326 3997 3421 4051 per
3456 3992 3634 4048 corpus
3664 3990 3691 4028 a

2145 4082 2284 4129 terra
2316 4089 2481 4143 usque
2507 4074 2572 4128 ad
2602 4074 2819 4140 emtum,
2843 4088 3122 4143 quousque
3146 4075 3292 4141 potui
3334 4074 3540 4128 mittere
3574 4084 3693 4122 nun-

2144 4163 2266 4229 tios,
2288 4164 2468 4219 radios
2495 4163 2771 4219 oculorum
2802 4164 3068 4217 meorum?
3096 4161 3204 4217 Sed
3234 4165 3431 4217 melius
3466 4159 3599 4231 quod
3621 4158 3690 4211 iu-

2143 4256 2310 4310 terius
2328 4292 2346 4319 ,
2375 4255 2425 4310 ei
2449 4256 2645 4326 quippe
2666 4255 3046 4311 renuntiabant
3065 4269 3251 4309 omnes
3284 4254 3451 4309 nuntii
3473 4263 3695 4319 corpora-

2145 4345 2254 4409 les,
2299 4347 2605 4414 praesidenti
2631 4354 2687 4403 et
2724 4346 2983 4415 judicanti
3015 4346 3082 4400 de
3126 4344 3557 4415 responsionibus
3585 4339 3694 4395 costi

2144 4446 2199 4493 et
2229 4446 2420 4501 terrm,
2459 4448 2513 4492 et
2555 4438 2793 4492 omnium
2824 4453 2941 4508 qua:
2982 4438 3033 4493 in
3081 4439 3165 4493 eis
3214 4447 3342 4493 sunt
3385 4436 3698 4492 dicentium;

472 4507 805 4571 perturbant,
840 4507 975 4561 bona
999 4508 1155 4576 plane
1204 4518 1260 4564 et
1288 4512 1519 4566 maxime
1547 4515 1777 4583 optanda
1806 4525 1909 4580 est,
1940 4517 2033 4572 sed

2142 4527 2255 4583 Non
2284 4544 2468 4583 sumus
2507 4530 2674 4594 Deus,
2702 4530 2796 4586 sed
2827 4531 2939 4599 ipse
2966 4530 3089 4585 fecit
3132 4545 3251 4585 nos.
3298 4531 3468 4584 Ilomo
3492 4526 3694 4582 interior

475 4608 576 4647 nec
608 4596 720 4662 ipsa
754 4597 909 4665 hujus
952 4607 1032 4653 est
1059 4599 1199 4653 vitaz.
1257 4600 1373 4654 Non
1413 4603 1555 4656 enim
1594 4606 2043 4678 qualiumcunque

472 4680 747 4737 hominum
778 4700 879 4739 vox
911 4698 1024 4755 est,
1070 4691 1164 4743 sed
1197 4692 1429 4746 maxime
1461 4692 1667 4760 piorum
1716 4698 2045 4765 multumque

468 4770 733 4839 iustorum
778 4785 938 4846 atque
966 4792 1270 4836 sanctorum
1303 4800 1317 4838 :
1372 4784 1428 4840 Si
1468 4785 1763 4841 dixerimus
1793 4793 2042 4856 quoniam

473 4876 749 4931 peccatum
782 4884 887 4923 non
921 4873 1200 4941 habemus,
1242 4876 1487 4946 uosip~os
1518 4870 1841 4946 seducituus,
1874 4893 1927 4935 et
1956 4899 2047 4938 ve-

472 4956 604 5013 ritas
634 4960 683 5014 in
721 4962 874 5016 nobis
903 4981 1004 5018 nou
1035 4976 1135 5023 est.
1164 4971 1311 5026 'I‘uuc
1339 4970 1517 5041 itaque
1545 4974 1764 5030 ἀπάθεια
1795 4976 1890 5029 ista
1919 4976 2042 5042 exit,

473 5052 686 5119 quando
714 5066 985 5121 peccatum
1027 5057 1082 5111 in
1112 5060 1325 5115 homine
1354 5065 1555 5118 nullum
1584 5065 1705 5118 erit.
1739 5067 1888 5121 Nunc
1919 5083 2046 5122 vero

479 5144 610 5198 satis
644 5147 779 5199 bene
811 5148 1077 5209 viviiur,si
1096 5151 1210 5203 sine
1237 5153 1478 5218 crimine;
1497 5157 1612 5209 sine
1631 5167 1847 5224 peccato
1866 5167 2044 5211 autem

473 5238 564 5306 qui
604 5252 664 5293 se
688 5238 869 5293 vivere
895 5241 1181 5309 existimat,
1212 5258 1316 5297 non
1345 5245 1395 5297 id
1420 5248 1528 5315 agit
1555 5256 1611 5300 ut
1635 5258 1907 5315 peccatum
1940 5264 2044 5303 non

474 5328 690 5397 habeat,
720 5330 815 5386 sed
846 5341 903 5386 ut
924 5333 1128 5387 veniam
1157 5349 1260 5387 non
1288 5350 1333 5387 at
1353 5336 1533 5404 cipiat.

1109 5509 1332 5565 CAPUT
1372 5510 1437 5564 Υ.

473 5614 553 5671 οι
589 5618 812 5688 qumque
850 5621 1079 5692 corporis
1115 5624 1375 5690 sensibus,
1414 5640 1477 5678 ex
1513 5621 1643 5677 libro
1682 5640 1711 5678 ι
1753 5624 2048 5695 Confessio-

1201 5712 1345 5750 num.

546 5793 793 5864 Domine,
824 5814 945 5858 amo
972 5810 1023 5859 te
1041 5820 1054 5871 ;
1081 5808 1391 5875 percussisti
1412 5822 1506 5864 cor
1535 5822 1713 5865 meum
1743 5807 1908 5865 verbo
1933 5818 2043 5876 tuo,

2146 4622 2395 4689 cognovit
2422 4622 2536 4674 ha-c
2563 4637 2657 4690 per
2684 4623 2967 4676 exterioris
2993 4622 3347 4677 ministerium
3398 4640 3410 4674 :
3449 4636 3546 4690 ego
3574 4620 3698 4671 intc-

2148 4707 2259 4762 rior
2295 4710 2515 4777 c0gnovi
2540 4710 2675 4776 haec,
2694 4726 2814 4780 ego,
2837 4726 2936 4781 ego
2972 4711 3202 4775 animus,
3234 4728 3326 4781 per
3357 4725 3572 4766 sensum
3596 4721 3707 4777 colu.

2148 4802 2293 4869 poris
2315 4801 2440 4853 mei.
2466 4799 2791 4868 Interrogavi
2821 4800 3001 4855 mundi
3042 4802 3232 4855 molem
3264 4803 3332 4855 de
3357 4803 3465 4855 Deo
3501 4813 3632 4863 luco,
3653 4802 3702 4848 et

2146 4890 2420 4957 respondit
2448 4891 2577 4945 mihi
2611 4908 2623 4942 :
2660 4893 2771 4945 Non
2812 4908 2912 4961 ego
2950 4906 3067 4946 sum
3091 4932 3105 4957 ,
3152 4892 3243 4947 sed
3286 4894 3402 4960 ipse
3439 4906 3523 4945 me
3563 4888 3707 4959 fecit.

2148 4984 2341 5037 Nonne
2379 4983 2628 5037 omnibus
2654 4984 2848 5053 quibus
2886 4986 3092 5055 integer
3129 5000 3319 5039 sensus
3345 4994 3463 5047 est,
3500 4986 3703 5047 apparet

2151 5076 2265 5129 hmo
2314 5075 2557 5141 species?
2604 5074 2713 5129 Cur
2760 5091 2866 5129 non
2921 5076 3168 5130 omnibus
3208 5074 3393 5129 eadem
3446 5070 3701 5141 loquitur?

2150 5164 2411 5219 Animalia
2454 5166 2643 5235 pusilla
2681 5177 2733 5221 et
2774 5180 2959 5235 magna
2992 5164 3171 5220 vident
3215 5180 3332 5219 eam
3360 5205 3376 5227 ,
3417 5162 3508 5215 sed
3546 5160 3695 5213 inter-

2151 5272 2341 5323 rogare
2383 5268 2671 5327 nequeunt,
2716 5274 2819 5312 non
2872 5258 3013 5311 enim
3082 5256 3360 5325 prmposita
3407 5262 3487 5307 est
3545 5252 3590 5303 in
3627 5247 3699 5300 eis

2155 5349 2520 5403 nuntiantibus
2554 5350 2798 5404 sensibus
2833 5348 2997 5417 judex
3047 5349 3202 5401 ratio.
3250 5345 3502 5398 Homines
3534 5349 3694 5393 autem

2157 5451 2379 5509 possunt
2409 5441 2770 5509 interrogare,
2811 5449 2867 5493 ut
2913 5437 3194 5492 invisibilia
3234 5436 3328 5490 Dei
3373 5450 3469 5504 per
3510 5448 3567 5485 ea
3595 5440 3697 5496 ψιίυ

2157 5532 2290 5585 tacta
2321 5540 2445 5584 sunt
2494 5530 2761 5585 intellecta
2811 5529 3176 5598 conspiciant;
3225 5526 3316 5580 sed
3361 5536 3541 5577 amore
3578 5517 3694 5572 stib-
3734 5564 3735 5569 η

2152 5622 2352 5677 duntur
2372 5625 2472 5688 eis,
2503 5633 2555 5676 et
2579 5622 2774 5675 subditi
2796 5621 3038 5690 judicare
3067 5635 3171 5673 non
3214 5624 3457 5686 possunt;
3499 5623 3591 5663 "cc
3622 5619 3696 5657 "’"

2154 5718 2419 5784 spondent
2455 5716 2555 5770 ista
2582 5713 3041 5783 interrogantibus
3080 5710 3181 5765 nisi
3208 5704 3581 5778 iudicantibus,
3609 5708 3697 5751 nec

2154 5824 2336 5866 vocem
2368 5824 2517 5866 suam
2556 5815 2779 5876 mutant,
2812 5806 2864 5861 id
2910 5815 2993 5862 est
3035 5803 3267 5875 speciem
3301 5812 3470 5861 suam,
3509 5792 3553 5848 si
3575 5790 3697 5845 alitis
