3956 6180
240 351 339 406 ΓΠ

1529 335 1960 399 τιιεειυιιυε.
2001 334 2157 393 (ἒΛΡτ
2201 335 2286 392 Vl.
2386 388 2389 389 ν

3386 335 3494 393 578

240 475 447 524 tantum
472 464 673 531 videat,
713 464 854 519 alius
876 472 1060 519 autem
1089 460 1606 527 vidensinterroget,
1632 463 1693 509 ut
1720 452 1819 507 ali-
1845 456 1898 514 Α
1922 450 2218 506 caecitatem
2248 462 2421 505 meam
2449 464 2467 503 ε
2496 446 2756 518 l'lagrasti,
2784 445 2987 503 etdusi
3014 446 3292 516 spiritum,
3316 458 3372 503 ct
3397 464 3493 503 an-

238 570 321 614 ter
347 558 425 612 illi
440 564 723 625 appareat,
753 556 911 609 aliter
939 556 1062 609 huic
1087 572 1099 606 :
1141 552 1235 609 sed
1264 551 1455 606 eodem
1493 548 1653 602 modo
1682 548 1819 601 utri-

238 664 345 719 que
366 661 658 716 apparens,
690 646 765 699 illi
800 655 945 699 muta
966 654 1073 710 est,
1102 643 1225 697 huic
1261 641 1496 710 loquitur
1520 653 1535 702 ;
1564 640 1672 691 imo
1693 650 1823 693 vom

240 738 495 794 omnibus
532 737 800 804 loquitur,
828 735 924 789 sed
948 735 1021 789 illi
1054 734 1355 801 intelligunt
1375 732 1465 800 qui
1491 732 1613 796 ejus
1636 741 1820 781 vocem

243 839 519 897 acceptam
556 828 714 892 foris,
747 826 893 883 intus
916 842 1039 880 cum
1068 825 1292 880 veritate
1318 822 1621 877 conferunt.
1668 817 1823 873 Veri-

244 935 323 976 tas
362 923 508 977 enim
537 918 667 975 dicit
682 918 842 983 mihi,
876 917 992 974 Non
1027 926 1111 973 est
1132 916 1273 972 Deus
1298 924 1418 970 tuus
1451 924 1591 969 terra
1621 920 1679 966 et
1705 924 1819 966 cm-

241 1015 373 1071 lum.

849 1144 1073 1201 CAPUT
1128 1142 1207 1199 Vl,

248 1265 322 1320 De
366 1264 547 1319 iisdem
585 1263 807 1332 quinque
855 1262 1081 1329 corporis
1128 1260 1356 1332 sensibus
1412 1257 1578 1332 oratio
1606 1254 1823 1325 pulchra

459 1328 613 1402 atque
641 1328 866 1403 prolixa,
896 1328 958 1385 ea:
984 1332 1112 1384 libro
1136 1347 1166 1383 ι
1198 1328 1609 1398 Confessionum.

315 1451 460 1506 Ecce
507 1461 765 1519 quantum
803 1451 1065 1521 Spatiatus
1116 1465 1236 1507 sum
1288 1450 1342 1506 in
1385 1450 1640 1504 memoria
1680 1462 1818 1514 mea,

244 1562 495 1614 quaerens
522 1555 596 1611 te,
620 1547 865 1613 Domine,
895 1559 949 1603 et
979 1562 1083 1603 non
1112 1556 1162 1602 te
1185 1548 1363 1601 iuveni
1390 1555 1539 1601 extra
1564 1560 1705 1610 eam;
1732 1560 1824 1600 ne-

243 1652 349 1700 qne
377 1638 521 1691 enim
551 1638 619 1692 de
649 1647 701 1693 te
722 1637 920 1708 aliquid
950 1640 1127 1694 inveni
1159 1638 1300 1706 quod
1332 1654 1435 1693 non
1462 1638 1822 1693 meminissem

242 1742 304 1779 cx
335 1742 447 1794 quo
474 1727 636 1781 didici
666 1737 737 1782 te.
792 1728 923 1781 Nam
972 1744 1036 1783 ex
1077 1745 1183 1797 quo
1220 1728 1391 1783 didici
1446 1735 1520 1791 te,
1571 1741 1676 1781 non
1705 1742 1822 1781 sum

1925 542 2048 598 belo
2080 542 2206 607 tibi;
2237 540 2465 611 gustavi,
2491 552 2547 596 et
2570 542 2750 595 esurio
2775 550 2832 595 et
2857 541 3013 604 sitio;
3053 538 3273 608 tetigisti
3302 555 3410 605 tne,
3440 550 3499 595 et

1921 633 2098 688 exarsi
2120 631 2175 685 in
2194 646 2377 700 pacem
2395 640 2561 684 tuam.
2581 628 2713 683 Cum
2732 630 2998 683 inhaesero
3021 629 3114 685 tibi
3138 645 3202 683 ex
3229 630 3374 683 omni
3390 644 3495 692 me,
3516 636 3521 641 '

1924 738 2187 791 nusquam
2211 723 2312 777 erit
2336 723 2468 776 mihi
2498 724 2651 777 dolor
2679 732 2734 777 et
2763 724 2933 788 labor,
2963 732 3020 777 et
3071 724 3188 777 viva
3236 723 3344 777 erit
3390 724 3495 777 vita

1924 828 2065 880 mea,
2100 823 2207 867 tota
2257 813 2414 881 plena
2445 822 2517 866 te.
2546 813 2697 867 Nunc
2734 822 2910 867 autem
2958 815 3208 882 quoniam
3248 830 3406 884 quem
3440 826 3497 873 tu

1924 907 2115 974 imples
2138 904 2394 960 sublevas
2421 920 2568 969 eum,
2592 907 2845 973 quoniam
2871 908 2942 958 tui
2975 906 3165 973 plenus
3214 920 3320 960 non
3352 922 3493 973 sum,

1923 997 2072 1052 oneri
2101 995 2231 1050 mihi
2259 1011 2397 1049 sum.
2416 994 2758 1050 Couteuduut
2776 997 2981 1050 laetitia:
3004 1012 3141 1050 mea:
3170 996 3357 1053 ﬂendae
3373 1013 3495 1051 cum

1925 1088 2176 1143 laitandis
2206 1086 2551 1151 meroribus,
2582 1096 2637 1141 et
2684 1102 2750 1140 ex
2794 1102 2896 1155 qua
2940 1099 3086 1155 parte
3138 1099 3244 1142 stet
3281 1088 3495 1142 vit-toria

1925 1180 2131 1233 nescio.
2182 1177 2524 1233 Contendunt
2552 1191 2818 1231 mmrores
2846 1179 2949 1230 mei
2995 1177 3120 1230 mali
3150 1193 3269 1231 cum
3293 1178 3500 1245 gaudiis

1923 1271 2100 1334 bonis,
2121 1279 2178 1325 et
2205 1285 2274 1327 es
2296 1287 2400 1340 qua
2433 1279 2583 1339 parte
2609 1279 2717 1324 stet
2742 1270 2960 1324 victoria
2990 1272 3192 1325 nescio.
3210 1271 3303 1325 Hei
3328 1272 3459 1327 mihi
3481 1274 3493 1301 ’

1924 1360 2173 1431 Domine,
2207 1362 2468 1416 miserere
2488 1364 2634 1416 mei:
2657 1361 2747 1415 bei
2778 1361 2937 1415 mihi!
2980 1378 3106 1416 ecce
3134 1363 3352 1418 vulnera
3382 1377 3502 1418 mea

1925 1465 2031 1504 non
2084 1451 2398 1514 abscondo;
2429 1451 2670 1505 medicus
2698 1466 2780 1517 cs,
2830 1466 2971 1517 aeger
3004 1467 3162 1506 sum:
3196 1454 3502 1508 misericors

1924 1556 2005 1603 cs,
2041 1541 2203 1595 miser
2223 1541 2625 1610 sum.Nunquid
2653 1557 2759 1597 non
2784 1545 3008 1598 teutatio
3026 1554 3109 1599 est
3138 1547 3245 1599 vita
3269 1548 3500 1600 humana

1923 1643 2088 1698 super
2136 1631 2366 1684 ternum?
2403 1632 2524 1700 quis
2555 1632 2684 1686 velit
2722 1633 2995 1687 molestias
3024 1644 3078 1688 et
3122 1633 3500 1689 difﬁcultates?

1926 1719 2143 1773 tolerari
2159 1720 2313 1787 jubes
2329 1736 2558 1788 eas,nou
2577 1723 2765 1777 amari.
2780 1724 2943 1777 Nemo
2960 1724 3099 1791 quod
3125 1726 3314 1780 tolerat
3333 1737 3497 1789 amat,

244 1817 450 1869 oblitus
497 1820 597 1871 tni.
640 1816 740 1871 Ubi
780 1821 923 1873 enim
963 1818 1140 1873 inveni
1183 1819 1486 1883 veritatem,
1522 1818 1590 1871 ibi
1649 1817 1822 1871 inveni
1858 1829 1902 1888 Β
1928 1812 2027 1865 etsi
2053 1811 2284 1866 tolerare
2308 1816 2734 1882 amat;quamvis
2756 1815 2899 1870 enim
2916 1817 3143 1885 gaudeat
3165 1831 3224 1872 se
3248 1819 3499 1885 tolerare,

244 1906 414 1961 Deum
450 1923 625 1961 meum
667 1909 834 1977 ipsam
889 1909 1195 1975 veritatem,
1228 1924 1390 1978 quam
1418 1924 1485 1963 ex
1533 1922 1641 1978 quo
1664 1907 1824 1961 didici

246 2015 354 2052 Itnn
398 2014 518 2052 sum
557 1998 778 2053 oblitus.
830 2000 1010 2068 Itaque
1045 2014 1111 2053 ex
1141 2013 1250 2067 quo
1282 2008 1335 2052 te
1363 1998 1523 2051 didici
1565 2012 1750 2051 manes
1776 1996 1827 2051 iu

248 2093 514 2144 memoria
547 2106 687 2158 mea,
719 2100 772 2145 et
794 2091 901 2146 illic
932 2100 981 2144 te
1008 2092 1243 2156 invenio,
1271 2106 1394 2145 cum
1418 2088 1730 2145 reminiscor
1752 2088 1827 2143 tui

250 2192 305 2236 et
334 2182 575 2235 delector
611 2181 662 2233 in
694 2189 765 2235 te.
797 2180 889 2234 Hae
914 2190 1040 2234 sunt
1063 2190 1262 2235 sancta:
1301 2179 1508 2235 delicia:
1536 2193 1669 2234 meae
1697 2192 1831 2248 quas

245 2271 465 2326 donasti
524 2271 653 2324 mihi
684 2272 1051 2325 misericordia
1084 2282 1192 2337 tua,
1222 2270 1516 2339 respiciens
1543 2281 1831 2339 pauperta-

246 2372 357 2415 tem
386 2377 589 2416 meam.
622 2363 729 2417 Sed
755 2362 842 2417 ubi
875 2378 1061 2417 manes
1089 2364 1140 2418 in
1170 2365 1434 2421 memoria
1480 2378 1620 2428 mea,
1652 2364 1832 2418 Domi-

246 2468 340 2519 ne,
365 2452 455 2506 ubi
480 2452 585 2505 illic
609 2451 828 2506 manes?
851 2453 1009 2521 quale
1043 2453 1218 2508 cubile
1264 2452 1536 2509 fabricasti
1556 2453 1668 2508 illic
1699 2452 1831 2507 tibi?

251 2545 415 2614 quale
464 2547 826 2598 sanctuarium
871 2545 1144 2600 aedificasti
1190 2547 1323 2600 tibi?
1370 2547 1447 2601 Tu
1477 2547 1670 2603 dedisti
1693 2546 1833 2601 hanc

249 2634 623 2705 dignationem
654 2635 925 2688 memoriae
955 2650 1109 2702 meae,
1133 2644 1190 2691 ut
1216 2650 1431 2690 maneas
1453 2635 1504 2690 in
1535 2651 1620 2702 ea,
1649 2635 1747 2690 sed
1778 2636 1829 2690 in

250 2740 357 2793 qua
388 2723 509 2792 ejus
553 2736 704 2793 parte
746 2739 963 2779 maneas
1009 2724 1111 2780 hoc
1161 2726 1447 2780 considero
1480 2741 1494 2778 :
1529 2727 1831 2781 transcendi

250 2827 441 2887 partes
465 2816 605 2883 ejus,
637 2829 772 2884 quas
795 2814 993 2871 habent
1035 2826 1089 2871 et
1120 2815 1325 2881 bestiis,
1354 2831 1475 2871 cum
1506 2825 1558 2872 te
1583 2816 1832 2872 recorda-

253 2925 370 2969 rer,
404 2910 525 2979 quia
556 2908 627 2962 ibi
659 2922 763 2961 non
790 2918 840 2963 te
870 2909 1200 2963 inveniebam
1231 2909 1369 2964 inter
1386 2910 1639 2977 imagines
1654 2924 1830 2962 rerum

252 2998 623 3065 corporalium
651 3014 665 3051 :
696 3008 749 3051 et
773 2995 897 3053 veni
915 2999 982 3052 ad
1010 3006 1189 3068 partes
1212 2997 1446 3067 ejus,ubi
1467 2995 1832 3051 commendavi

253 3086 570 3142 aﬂectioncs
601 3088 760 3141 animi
790 3088 916 3155 mei,
964 3103 1063 3143 nec
1110 3087 1216 3143 illic
1245 3088 1421 3145 inveni
1454 3097 1537 3153 te;
1562 3096 1617 3143 et
1638 3087 1832 3141 intravi

1928 1902 2128 1956 mavult
2171 1914 2348 1956 tamen
2396 1917 2503 1957 non
2552 1918 2674 1960 esse
2716 1905 2857 1975 quod
2908 1908 3117 1961 toleret.
3151 1908 3407 1977 Prospera
3448 1911 3502 1966 in

1928 1991 2169 2047 adtersis
2197 1992 2470 2058 desidero,
2500 1994 2722 2049 adversa
2771 1997 2825 2049 in
2865 2000 3134 2065 prosperis
3165 2000 3358 2064 timeo;
3384 2002 3503 2069 quis

1932 2084 2070 2137 inter
2093 2084 2208 2138 hinc
2235 2084 2441 2140 medius
2471 2085 2641 2149 locus,
2663 2086 2752 2141 ubi
2773 2101 2879 2141 non
2906 2087 2976 2141 sit
3002 2089 3229 2142 humana
3253 2091 3358 2143 vita
3382 2100 3504 2145 leno

1932 2174 2097 2226 Litiot
2123 2173 2210 2228 \‘te
2239 2176 2685 2244 prosperitatibus
2713 2177 2894 2231 siculi
2921 2179 3090 2233 semel
3116 2188 3171 2233 et
3219 2181 3431 2246 iterum,
3472 2197 3503 2236 a

1934 2266 2129 2319 timore
2158 2265 2502 2320 adversitatis
2526 2277 2582 2322 et
2603 2281 2633 2321 a
2656 2270 3000 2336 corruptione
3028 2270 3225 2327 laetitia:
3251 2273 3264 2325 ε
3301 2272 3388 2326 Va:
3410 2273 3506 2327 ad~

1932 2360 2276 2415 versitatibus
2305 2362 2484 2416 saeculi
2512 2363 2675 2417 semel
2704 2374 2754 2417 et
2786 2367 2975 2419 iterum
2998 2376 3054 2420 et
3098 2368 3279 2434 tertio,
3312 2385 3342 2421 a
3363 2369 3504 2424 desi-

1933 2448 2088 2503 derio
2120 2451 2490 2518 prosperitatis
2518 2454 2531 2506 ι
2566 2463 2619 2505 et
2647 2454 2771 2521 quia
2798 2454 2911 2522 ipsa
2931 2456 3225 2512 adversitas
3252 2460 3382 2513 dura
3399 2472 3503 2522 est,

1931 2548 1985 2595 et
2009 2556 2077 2594 ne
2096 2539 2309 2611 frangat
2349 2543 2703 2597 tolerantiam.
2738 2543 2980 2613 Nunquid
3026 2562 3130 2601 non
3174 2550 3394 2601 tentatio
3419 2561 3503 2604 est

1934 2630 2039 2683 vita
2081 2631 2313 2685 humana
2352 2647 2513 2701 super
2546 2642 2741 2687 terram
2788 2635 2909 2690 sine
2942 2636 3049 2691 ullo
3076 2638 3401 2693 interstitio?
3441 2643 3506 2695 Et

1934 2731 2042 2775 tota
2071 2736 2197 2789 spes
2234 2739 2350 2778 mea
2382 2741 2487 2778 nun
2516 2726 2618 2779 nisi
2658 2726 2711 2781 in
2744 2742 2930 2795 magna
2955 2728 3110 2782 valde
3138 2730 3504 2786 misericordia

1936 2820 2047 2864 tua.
2092 2811 2166 2865 Da
2187 2814 2327 2881 quod
2351 2813 2531 2883 jubes,
2559 2816 2760 2884 etjuhe
2788 2818 2929 2887 quod
2963 2821 3063 2873 vis.
3095 2820 3330 2887 Imperas
3352 2824 3506 2876 nobis

1934 2901 2343 2969 continentiam,
2365 2913 2420 2957 et
2448 2918 2568 2958 cum
2590 2906 2806 2972 scirem,
2826 2912 2902 2961 ait
2927 2909 3162 2977 quidam,
3194 2913 3319 2981 quia
3351 2926 3507 2967 nemo

1937 3003 2113 3065 potest
2142 3010 2260 3049 esse
2288 2996 2571 3052 continens
2609 2998 2711 3053 nisi
2766 2999 2906 3055 Deus
2958 3000 3087 3068 det,
3123 3004 3304 3057 ethoc
3333 3005 3506 3071 ipsum

1936 3094 2054 3140 erat
2075 3086 2352 3153 sapientia:
2373 3087 2514 3143 scire
2534 3088 2685 3157 cujus
2712 3099 2855 3145 esset
2885 3090 2986 3145 hoc
3007 3092 3227 3145 donum.
3260 3092 3362 3148 Per
3380 3110 3507 3148 cono

256 3179 324 3233 ad
356 3177 532 3248 ipsius
552 3177 717 3232 animi
744 3180 847 3232 mei
875 3177 1080 3242 sedem,
1106 3193 1223 3248 qua:
1252 3176 1326 3231 illi
1374 3185 1459 3233 est
1502 3178 1552 3230 in
1579 3178 1832 3232 memoria
1863 3193 1907 3255 ς
1942 3177 2219 3233 tinentiam
2249 3176 2445 3245 quippe
2470 3177 2774 3246 colligimur
2818 3188 2874 3233 et
2920 3180 3210 3249 redigimur
3237 3182 3289 3236 in
3320 3198 3507 3250 unum,

256 3284 396 3336 mea,
422 3270 677 3340 quoniam
710 3269 792 3324 sui
824 3284 1034 3339 quoque
1075 3267 1317 3323 meminit
1355 3268 1588 3331 animus,
1618 3282 1717 3322 nec
1765 3266 1838 3323 ibi

258 3368 308 3413 tu
352 3374 479 3413 eras
512 3356 680 3427 :qnia
733 3358 875 3413 sicut
914 3372 1019 3412 non
1067 3372 1126 3412 es
1172 3358 1348 3428 imago
1393 3358 1690 3427 corporalis
1744 3371 1843 3412 nec

258 3448 473 3503 aﬂectio
504 3447 757 3525 viventis,
786 3448 959 3517 qualis
982 3457 1062 3501 est
1090 3462 1209 3502 cum
1258 3446 1530 3513 lzetamur,
1559 3446 1844 3501 contrista-

242 3540 399 3601 mur,
431 3538 700 3605 cuplmus,
725 3537 1029 3600 metuimus,
1061 3535 1424 3602 meminimus,
1450 3536 1841 3602 obliviscimur,

262 3636 313 3682 et
341 3624 609 3697 quidquid
643 3626 946 3695 hujusmodi
986 3638 1092 3691 est,
1138 3627 1210 3681 ita
1253 3643 1353 3683 nec
1386 3628 1497 3698 ipse
1525 3631 1735 3683 animus
1761 3643 1839 3694 es,

264 3721 388 3788 quia
417 3718 674 3773 Dominus
706 3717 845 3772 Deus
868 3718 1029 3773 animi
1056 3727 1109 3773 tu
1130 3734 1209 3783 es,
1229 3728 1285 3774 et
1312 3731 1710 3776 commutantur
1732 3721 1847 3776 haec

264 3810 468 3871 omnia,
496 3820 551 3861 tu
580 3816 754 3862 autem
774 3807 1224 3863 incommutabilis
1253 3825 1438 3865 manes
1463 3826 1626 3880 super
1641 3813 1841 3877 omnia,

267 3910 316 3952 et
343 3898 601 3966 dignatus
631 3912 689 3953 es
718 3897 957 3954 habitare
1007 3898 1058 3953 iu
1106 3900 1366 3955 memoria
1398 3916 1535 3964 mea,
1565 3916 1629 3956 ex
1660 3916 1767 3970 quo
1797 3910 1848 3956 te

271 3988 455 4042 didici.
497 3987 565 4041 Et
591 3986 721 4057 quid
751 4002 934 4058 qumro
964 4004 1070 4059 quo
1110 3988 1228 4043 loco
1264 3989 1380 4057 ejus
1432 3986 1660 4055 habites,
1700 3989 1848 4060 quasi

268 4094 393 4134 vero
425 4079 548 4134 loca
575 4079 645 4133 ibi
677 4078 819 4133 sint?
842 4079 1050 4134 habitas
1079 4089 1227 4136 certe
1273 4080 1326 4134 in
1353 4095 1441 4145 ea,
1472 4082 1722 4151 quoniam
1774 4082 1850 4136 tui

270 4169 517 4234 memini,
548 4183 617 4224 ex
644 4183 747 4239 quo
778 4175 829 4224 te
855 4168 1040 4236 didici,
1098 4180 1152 4224 et
1181 4169 1233 4223 in
1267 4184 1330 4224 ea
1382 4179 1434 4225 te
1482 4168 1698 4224 invenio
1724 4185 1849 4224 cum

273 4258 533 4314 recordor
561 4267 632 4311 te.
667 4256 765 4312 Ubi
797 4272 925 4326 ergo
956 4269 1009 4313 te
1037 4257 1213 4312 inveni
1256 4270 1312 4313 ut
1353 4258 1615 4313 discerem
1648 4260 1731 4314 te?
1760 4276 1853 4315 ue—

272 4366 375 4419 que
402 4351 551 4406 enim
588 4349 700 4419 jam
743 4364 863 4404 eras
915 4352 966 4405 in
1012 4350 1266 4404 memoria
1321 4366 1439 4404 mea
1472 4352 1773 4419 priusquam
1803 4360 1853 4404 te

275 4448 567 4502 discerem.
602 4444 698 4501 Ubi
722 4461 848 4517 ergo
881 4455 931 4499 te
957 4445 1135 4500 inveni
1167 4454 1223 4500 ut
1270 4444 1537 4500 discerem
1570 4454 1649 4511 te,
1676 4448 1775 4499 nisi
1801 4448 1852 4500 in

1940 3284 1971 3323 a
1999 3285 2103 3338 quo
2125 3267 2178 3322 in
2208 3273 2365 3323 multa
2396 3268 2715 3324 defluximus
2746 3285 2761 3323 :
2789 3271 2965 3324 minus
2981 3272 3124 3325 enim
3155 3281 3207 3328 te
3231 3284 3395 3334 amat,
3418 3276 3509 3343 qui

1944 3370 2117 3416 tecum
2140 3361 2338 3430 aliquid
2356 3374 2493 3415 amat
2512 3360 2656 3430 quod
2684 3378 2788 3416 non
2810 3374 3028 3432 propter
3051 3373 3103 3418 te
3125 3375 3287 3419 amat.
3305 3367 3510 3419 Damor

1943 3452 2036 3522 qui
2062 3467 2272 3520 semper
2295 3453 2453 3507 ardes
2478 3463 2535 3507 et
2578 3468 2847 3521 nunquam
2878 3455 3256 3523 exstingueris,
3279 3457 3513 3511 eharitas

1948 3542 2088 3597 Deus
2114 3556 2286 3606 meus,
2310 3542 2541 3597 accende
2565 3543 3076 3599 me.Continentiam
3102 3545 3276 3613 jubes,
3295 3548 3359 3600 da
3375 3550 3513 3616 quod

1942 3633 2119 3701 jubes,
2151 3644 2204 3687 ct
2225 3634 2352 3701 jube
2372 3634 2510 3702 quod
2546 3635 2647 3686 vis.
2678 3633 2842 3689 Jubes
2867 3648 3017 3691 certe
3053 3646 3110 3690 ut
3137 3646 3437 3691 contneam
3486 3656 3514 3691 a

1946 3725 2380 3792 concupiscentia
2422 3724 2619 3787 carnis,
2667 3732 2723 3778 et
2754 3728 3183 3794 concupiscentia
3213 3732 3513 3793 oculorum,

1944 3815 2002 3885 8
2018 3815 2376 3868 etantbitione
2392 3814 2816 3869 saacuIiJnssisti
2839 3831 2869 3870 a
2891 3818 3178 3873 concubitu
3197 3859 3212 3885 ,
3237 3833 3291 3875 et
3316 3824 3382 3876 de
3400 3823 3517 3889 ipso

1947 3904 2198 3973 conjugio
2231 3905 2424 3959 melius
2451 3904 2646 3974 aliquid
2687 3921 2846 3975 quam
2877 3910 3213 3977 conceSsisti,
3242 3915 3516 3967 monuisti.

1955 3994 2023 4049 Et
2051 3994 2307 4063 quoniam
2336 3994 2531 4050 dedisti
2567 3996 2762 4051 factum
2794 4009 2901 4059 est,
2924 4011 2981 4055 et
3004 4012 3288 4069 antequam
3316 4005 3516 4073 dispert.

1951 4097 2097 4138 satur
2116 4084 2437 4138 sacramenti
2470 4086 2543 4139 tui
2567 4086 2748 4140 fierem
2771 4088 2894 4143 :sed
2919 4090 3093 4144 adhuc
3123 4092 3303 4146 vivunt
3330 4095 3381 4147 in
3410 4113 3518 4149 tne-

1954 4179 2122 4233 moria
2144 4192 2285 4241 mea,
2315 4179 2379 4232 de
2409 4193 2512 4247 qua
2546 4180 2706 4234 multa
2740 4181 2944 4236 locutus
2972 4200 3112 4245 sum,
3133 4185 3312 4239 talium
3342 4202 3519 4241 rerum

1954 4268 2239 4337 imagines,
2264 4284 2397 4336 quas
2431 4270 2505 4323 ibi
2529 4272 2860 4324 consuetudo
2897 4287 3015 4325 mea
3062 4276 3209 4338 lixit;
3241 4286 3295 4330 et
3333 4292 3521 4332 occur-

1957 4371 2076 4414 sant
2142 4361 2272 4414 mihi
2323 4361 2555 4429 vigilanti
2603 4362 2819 4430 quidem
2860 4373 3108 4420 carentes
3161 4368 3400 4437 viribus,
3470 4372 3521 4425 in

1958 4457 2158 4509 somnis
2196 4464 2372 4509 autem
2422 4471 2525 4509 n..n
2560 4457 2734 4511 solum
2772 4472 2938 4525 usque
2973 4461 3040 4513 ad
3092 4462 3522 4531 delectationem,

280 4548 331 4592 te
356 4553 518 4606 supra
548 4536 657 4591 me?
677 4546 731 4590 et
761 4551 1022 4606 nusquam
1050 4536 1222 4602 locus,
1241 4547 1294 4590 et
1318 4538 1614 4591 recedimus
1633 4548 1686 4590 et
1704 4551 1840 4592 acco

1961 4546 2056 4601 sed
2091 4547 2250 4600 etiam
2279 4561 2445 4615 usque
2465 4547 2531 4599 ad
2556 4547 2962 4603 consensionem
2985 4547 3289 4619 factumque
3314 4554 3523 4609 similli-

278 4628 477 4692 dimus,
504 4637 558 4682 et
584 4643 845 4697 nusquam
876 4628 1045 4682 locus.
1104 4625 1309 4682 Veritas
1363 4627 1556 4696 ubique
1604 4626 1858 4696 praesides

280 4720 532 4774 omnibus
556 4720 958 4775 consulentibus
981 4729 1054 4785 te,
1079 4720 1343 4789 simulque
1367 4718 1664 4787 respondes
1686 4721 1862 4775 ninni-

281 4810 405 4877 bus,
434 4812 599 4863 etiam
618 4809 828 4865 diversa
853 4811 1287 4876 consulentibus;
1314 4809 1519 4878 liquide
1552 4820 1606 4862 tu
1638 4825 1859 4877 respuu-

1963 4650 2133 4699 mutn;
2165 4645 2221 4688 et
2242 4641 2444 4687 tantum
2469 4636 2607 4688 valet
2647 4635 2892 4705 imaginis
2930 4636 3104 4693 illusio
3134 4640 3185 4693 in
3212 4642 3389 4695 anima
3411 4659 3525 4698 mea

1962 4736 2018 4783 et
2048 4729 2099 4782 in
2131 4742 2295 4782 carne
2317 4742 2457 4791 nea,
2483 4736 2540 4781 ut
2565 4729 2848 4782 dortmenti
2870 4730 2999 4783 falsa
3025 4731 3134 4785 visa
3154 4735 3526 4803 persuadeant,

1963 4818 2104 4885 quod
2132 4817 2370 4887 vigilanti
2402 4832 2527 4871 vera
2580 4834 2685 4871 non
2737 4830 2977 4886 possunt.
3007 4820 3254 4890 Nunquid
3288 4835 3411 4880 tunc
3434 4842 3532 4895 rgo

280 4900 515 4967 des,setl
528 4900 1042 4970 nonliquideomnes
1056 4902 1296 4956 audiunt.
1311 4902 1511 4956 Omnc-s
1526 4906 1665 4955 unde
1680 4903 1865 4956 volunt
1963 4923 2071 4962 non
2099 4922 2239 4972 smn,
2269 4909 2491 4961 Domine
2522 4908 2661 4962 Deut
2700 4924 2849 4962 mens
2873 4911 2970 4965 Z’et
3011 4922 3191 4967 tamen
3221 4924 3426 4971 tantum
3456 4922 3525 4971 iu-

281 4995 591 5059 consulunt,
638 4991 732 5046 sed
781 5007 887 5046 non
941 5007 1156 5062 semper
1202 4992 1342 5060 quod
1384 4993 1567 5048 volunt
1612 4994 1858 5049 audiunt.

280 5084 530 5154 Optimus
584 5096 704 5141 tuus
733 5087 975 5140 minister
1023 5097 1129 5153 est,
1159 5087 1247 5156 qui
1293 5102 1397 5141 non
1429 5090 1599 5159 magis
1623 5088 1860 5144 intuetur

282 5177 384 5231 hoe:
412 5193 442 5231 a
474 5185 527 5231 te
554 5178 740 5233 audire
767 5177 906 5247 quod
935 5178 1048 5248 ipse
1091 5178 1342 5245 voluerit,
1391 5179 1485 5249 sed
1534 5181 1709 5248 potius
1757 5180 1859 5235 hoc

281 5270 424 5322 veile
456 5267 597 5335 quod
622 5284 650 5321 a
682 5277 732 5323 te
770 5269 1015 5325 audierit.
1044 5270 1177 5325 Sero
1207 5279 1259 5325 te
1295 5270 1492 5333 amavi,
1523 5270 1861 5338 pulchritudo

284 5370 394 5413 tam
426 5363 643 5431 antiqua
668 5371 723 5418 et
752 5373 857 5417 tam
876 5379 1032 5429 nova,
1051 5378 1172 5417 sero
1196 5373 1247 5418 te
1266 5363 1437 5416 amavi
1462 5362 1477 5417 ι
1502 5372 1555 5418 et
1575 5379 1698 5419 ecce
1718 5364 1864 5419 intus

282 5460 492 5516 eras,et
508 5466 607 5523 ego
628 5450 842 5520 foris,et
866 5454 959 5508 tibi
978 5464 1027 5507 te
1038 5454 1421 5523 quaerebam,et
1438 5456 1488 5510 iu
1508 5456 1607 5511 ista
1629 5457 1863 5512 formosa

284 5557 409 5609 quae
426 5541 598 5599 fecis1i
626 5543 882 5600 deformis
905 5545 1191 5610 irruebam;
1217 5561 1422 5603 mecum
1439 5563 1581 5614 eras,
1610 5560 1663 5604 et
1686 5559 1860 5606 tecum

287 5650 401 5687 non
424 5649 595 5704 eram,
625 5646 679 5690 et
703 5651 765 5690 ea
788 5650 875 5691 me
897 5636 1149 5691 tenebant
1174 5637 1327 5706 longe
1351 5651 1381 5690 a
1413 5648 1484 5705 te,
1507 5655 1627 5710 quae
1655 5642 1700 5695 si
1733 5641 1785 5696 in
1810 5651 1863 5696 te

287 5744 401 5784 non
427 5740 631 5798 essent,
656 5746 762 5786 non
792 5730 1293 5796 essent.Vocasti,et
1316 5731 1579 5799 clamasti,
1598 5743 1652 5789 et
1674 5735 1865 5803 rupisti

286 5819 609 5877 surditatem
656 5836 860 5889 meam;
886 5824 1200 5893 coruscasti,
1226 5822 1563 5895 splenduisti,
1588 5834 1642 5882 et
1665 5827 1860 5899 iugasti

1967 5007 2136 5055 terest
2188 5000 2326 5055 inter
2352 5004 2613 5068 meipsum
2655 5010 2711 5055 et
2738 5004 2999 5071 meipsum
3033 5004 3173 5058 intra
3204 5020 3529 5061 momentum

1951 5071 2069 5161 'quo
2082 5092 2204 5145 hinc
2232 5091 2299 5146 ad
2330 5106 2576 5159 soporem
2604 5102 2840 5159 transeo,
2861 5096 2938 5150 vel
2963 5096 3063 5150 huc
3090 5096 3214 5151 inde
3236 5099 3528 5152 retranseol

1967 5183 2065 5238 Ubi
2088 5194 2169 5237 est
2193 5193 2317 5236 tunc
2345 5182 2518 5237 oratio
2545 5182 2865 5257 [ratio],qua
2893 5187 3091 5241 talibus
3110 5172 3557 5257 suggestiouibulo

1964 5274 2163 5329 resistit
2189 5274 2452 5343 vigilans?
2475 5283 2532 5330 et
2559 5276 2602 5328 si
2626 5276 2713 5330 res
2737 5277 2866 5346 ipsa:
2896 5278 3225 5347 ingerantur,
3256 5280 3528 5332 inconcus-

1964 5380 2057 5420 sus
2080 5365 2307 5420 maneo?
2335 5366 2581 5432 Nunquid
2606 5368 2871 5421 clauditur
2900 5383 3020 5423 cum
3053 5367 3265 5422 oculis?
3294 5367 3530 5435 nunquid

1968 5456 2173 5526 sopitur
2183 5470 2302 5509 cum
2319 5457 2565 5511 sensibus
2592 5457 2933 5527 corporisiet
2960 5458 3099 5513 unde
3126 5472 3267 5527 saepe
3291 5462 3455 5513 etiam
3478 5458 3530 5513 iu

1967 5551 2172 5605 somnis
2228 5550 2549 5617 resistimus,
2609 5550 2884 5619 nostrique
2934 5550 3191 5620 propositi
3245 5566 3531 5618 memores,

1967 5652 2129 5713 atque
2156 5643 2209 5697 in
2230 5657 2296 5697 eo
2335 5645 2636 5697 castissime
2676 5652 3073 5711 permanentes,
3103 5644 3306 5700 nullum
3339 5648 3532 5705 talibus

1966 5735 2234 5790 illecebris
2281 5735 2599 5789 adhibemus
2647 5734 3047 5789 assensumiet
3104 5747 3276 5792 tamen
3328 5749 3532 5796 tantum

1969 5824 2216 5892 interest,
2265 5832 2323 5879 ut
2366 5839 2486 5881 cum
2528 5824 2682 5879 aliter
2710 5823 2924 5893 accidit,
2970 5828 3280 5899 cvigilaiitcs
3317 5832 3383 5887 ad
3410 5848 3530 5887 ευ...
