3956 6180
478 277 583 332 579

1557 276 1618 327 Ι).
1663 274 1980 331 EEGYPPII
2024 274 2308 329 ABBATIS
2344 273 2667 330 AFRICANI

3612 284 3696 340 ibi)

478 389 719 447 scientia.
749 388 988 459 requiem
1012 387 1314 451 redeamus,
1363 388 1587 457 ipsaque
1619 389 1874 443 distantia
1905 402 2061 457 repe-
2095 392 2144 450 Λ
2172 386 2292 454 pula
2315 398 2493 443 autem
2525 402 2905 458 nonnunquam
2926 390 3167 458 subrepit
3198 404 3352 446 servo
3382 401 3483 458 tuo;
3507 398 3691 453 miserta

474 482 677 537 riamus
729 497 828 537 nos
864 497 971 536 non
1002 479 1217 543 fecisse,
1264 481 1403 549 quod
1443 489 1620 535 tamen
1651 482 1703 534 in
1735 480 1889 536 nobis
1918 495 2055 550 quo-

478 574 751 644 quomodo
779 573 974 628 factum
1005 587 1127 628 esse
1149 572 1710 641 doleamus.Nunquid
1738 587 1843 627 non
1869 582 2060 640 potens

475 675 561 720 est
591 680 781 719 manus
808 674 917 730 tua,
949 664 1090 718 Deus
1118 662 1478 729 omnipotens,
1523 675 1715 717 sanare
1734 676 1923 715 omnes
1948 662 2061 714 lan-

478 769 678 825 guores
727 755 921 807 anima:
959 766 1117 818 meat,
1148 761 1311 819 atque
1351 750 1744 805 abundantiore
1771 751 1943 819 gratia
1971 760 2057 801 tua

474 848 708 902 lascivos
739 856 916 914 motus
945 845 1106 899 etiam
1131 845 1236 899 mei
1267 843 1510 910 corporis
1540 842 1923 912 exstinguere?
1953 844 2061 895 Au-

472 938 647 1006 gebis,
678 937 921 1000 Dauniae,
953 935 1120 1003 magis
1159 937 1434 1002 magisque
1474 935 1526 987 in
1571 948 1658 987 me
1687 946 1911 986 munera
1946 942 2058 993 tua,

485 1040 539 1082 ut
570 1029 747 1081 anima
787 1041 904 1080 mea
954 1034 1209 1094 sequatur
1257 1039 1344 1077 me
1371 1025 1437 1076 ad
1480 1034 1567 1089 te,
1609 1020 2060 1090 concupiscentia:

479 1121 629 1174 visco
657 1117 933 1186 expedita,
969 1125 1027 1169 ut
1052 1132 1158 1169 non
1188 1116 1257 1168 sit
1298 1114 1516 1169 rebellis
1552 1113 1673 1179 sibi,
1704 1123 1863 1181 atque
1912 1121 1968 1164 ut
2007 1113 2058 1165 in

475 1209 681 1265 somnis
704 1212 867 1262 etiam
898 1225 1000 1261 non
1034 1209 1209 1262 solum
1244 1222 1350 1259 non
1381 1216 1654 1276 perpetrat
1685 1208 1811 1259 istas
1834 1219 2061 1273 corrup-

476 1301 706 1356 telarum
737 1302 1116 1368 turpitudines,
1148 1315 1240 1368 pcr
1289 1298 1547 1367 imagines
1592 1296 1857 1350 animales
1895 1310 2061 1364 usque

472 1393 543 1449 ad
572 1394 753 1446 carnis
785 1394 1008 1456 ﬂuxum,
1040 1391 1135 1444 sed
1171 1406 1237 1445 tte
1279 1390 1580 1443 euttsentiat
1627 1388 1844 1456 quidem
1889 1404 1903 1439 :
1937 1401 2059 1439 nam

476 1494 536 1538 ut
562 1484 690 1537 nihil
714 1484 821 1537 tale
837 1484 916 1535 vel
943 1482 1204 1535 tantulum
1231 1481 1393 1535 libeat
1411 1481 1724 1549 quantulum
1745 1478 1910 1546 possit
1931 1488 2061 1531 nutu

473 1576 737 1637 cohiberi,
781 1575 942 1628 etiam
1010 1575 1059 1627 in
1097 1584 1248 1627 casto
1300 1572 1624 1625 dormientis
1680 1570 1898 1639 affectu,
1952 1585 2059 1623 non

476 1676 681 1721 tantum
710 1666 760 1717 in
788 1664 887 1717 hac
917 1664 1045 1726 vita,
1080 1663 1174 1717 sed
1205 1664 1364 1716 etiam
1395 1664 1445 1715 in
1472 1663 1570 1715 hac
1599 1669 1775 1722 aetate,
1808 1675 1911 1714 non
1948 1676 2059 1713 ma-

2166 476 2333 543 beris,
2360 492 2411 532 ιιι
2443 479 2598 545 longe
2623 478 2714 533 fiat
2739 494 2767 531 a
2798 494 2905 533 me.
2924 479 3090 534 Nemo
3114 482 3258 534 enim
3285 492 3450 550 potest
3467 500 3574 541 esse
3593 504 3697 544 con-

2164 569 2368 634 tinens,
2391 570 2491 623 nisi
2524 578 2578 623 tu
2602 570 2697 624 des
2722 586 2736 636 ;
2771 571 2935 624 multa
2965 570 3118 625 nobis
3140 572 3416 627 orantibus
3437 577 3628 639 tribuis,
3655 592 3702 636 ct

2170 660 2427 729 quidquid
2460 660 2585 714 boni
2616 669 2899 729 antequam
2945 675 3226 717 oraremus
3271 668 3575 733 accepimus,
3604 684 3627 721 a
3661 680 3703 725 te

2169 754 2496 822 accepimus.
2528 753 2592 805 Et
2614 764 2671 806 ut
2700 753 2801 807 hoc
2833 763 3014 819 postea
3043 769 3500 822 cognosceremus.
3519 774 3545 813 a
3568 770 3613 816 te
3633 779 3707 818 ac-

2166 842 2426 909 cepimus.
2476 842 2730 896 Ebriosus
2779 859 3049 912 nunquam
3098 846 3198 908 fui,
3242 847 3334 900 sed
3364 848 3639 904 ebriososa
3667 868 3707 908 te

2164 932 2335 987 factos
2375 934 2585 989 sobrios
2609 951 2708 1005 ego
2765 938 2921 1002 novi;
2961 952 3090 1007 ergo
3130 953 3160 991 a
3213 946 3267 994 te
3309 939 3494 994 factum
3544 956 3615 997 est
3661 956 3708 999 ut

2165 1024 2267 1077 hoc
2316 1039 2431 1078 non;
2452 1036 2632 1080 essent
2660 1030 2749 1095 qui
2779 1043 3049 1098 nunquam
3083 1032 3324 1094 fuerunt,
3368 1047 3396 1085 a
3424 1048 3522 1102 quo
3544 1036 3707 1091 factum

2162 1126 2249 1169 est
2286 1126 2345 1169 ut
2401 1115 2504 1170 hoc
2545 1133 2649 1170 non
2694 1132 2908 1186 semper
2937 1128 3118 1174 essent
3164 1121 3254 1189 qui
3296 1121 3518 1190 fuerunt,
3554 1140 3580 1177 a
3623 1144 3711 1197 quo

2161 1203 2322 1260 etiam
2389 1206 2587 1260 factum
2644 1219 2728 1262 est
2782 1220 2838 1262 ut
2886 1210 3084 1264 scirent
3126 1212 3389 1281 utriquea
3421 1230 3518 1282 quo
3544 1214 3709 1272 factum

2161 1306 2263 1352 est.
2290 1298 2485 1351 Audivi
2516 1299 2677 1353 aliam
2700 1316 2885 1355 vocem
2914 1312 3056 1356 tuam
3088 1320 3101 1355 :
3138 1303 3269 1358 Post
3289 1306 3711 1374 concupiscentias

2163 1395 2279 1440 tuas
2307 1403 2411 1441 non
2439 1402 2553 1451 cas,
2587 1397 2641 1442 et
2681 1404 2709 1441 a
2763 1391 3046 1445 voluntate
3092 1401 3183 1445 tua
3225 1403 3423 1449 vetare.
3468 1396 3641 1450 Audivi
3668 1409 3712 1451 et

2164 1477 2312 1531 illam
2344 1494 2407 1531 ea
2445 1495 2668 1535 munere
2690 1489 2802 1547 tuo,
2834 1497 2993 1551 quam
3024 1486 3252 1537 multum
3280 1489 3466 1551 amavi,
3495 1489 3654 1557 Neque
3674 1494 3709 1543 si

2169 1569 2672 1626 manducaverimus
2696 1573 3110 1638 abundabimus,
3142 1590 3320 1643 neque
3373 1579 3413 1629 si
3463 1582 3713 1633 manduca-

2166 1663 2402 1715 verimus
2425 1661 2791 1717 dceritnobis.
2825 1665 2936 1719 lioc
2964 1674 3046 1719 est
3081 1667 3289 1733 dicere,
3311 1666 3414 1721 Nec
3438 1669 3518 1723 illa
3546 1688 3622 1724 rus
3642 1688 3710 1725 me

478 1773 641 1826 gnutn
665 1766 750 1811 est
793 1753 1180 1822 Otnoipotenti,
1208 1754 1295 1822 qui
1328 1754 1474 1807 vales
1508 1751 1684 1805 facere
1712 1763 1871 1818 supra
1902 1764 2060 1819 quam
2094 1759 2139 1818 Β
2166 1754 2441 1821 copiosum
2477 1755 2654 1817 faciet,
2689 1770 2788 1811 nec
2820 1757 2906 1811 illa
2948 1772 3335 1813 mrumnosum.
3382 1762 3559 1815 Audivi
3586 1773 3630 1815 et
3651 1768 3710 1813 .1!-

478 1852 712 1920 petimus
755 1858 809 1902 ct
863 1847 1231 1917 intelligimus.
1282 1845 1432 1898 Nunc
1462 1853 1660 1903 tamen,
1714 1841 1840 1909 qttid
1886 1842 2059 1894 adhuc

475 1943 575 1995 sim
606 1943 655 1993 in
683 1943 781 1993 hoc
810 1954 1011 2008 genere
1044 1937 1168 1991 mali
1194 1938 1323 1999 mei,
1350 1934 1460 1988 dixi
1492 1935 1631 1988 bono
1658 1933 1888 1987 Domino
1916 1948 2056 2002 meo,

476 2034 753 2089 exsultans
779 2048 899 2087 cum
933 2042 1169 2086 tremore
1208 2033 1259 2083 in
1302 2044 1368 2083 eo
1396 2028 1538 2099 quod
1573 2029 1785 2083 densati
1813 2028 1966 2095 mibi,
2006 2036 2063 2084 et

479 2125 670 2193 lugens
700 2125 753 2177 in
785 2139 852 2177 eo
879 2123 1018 2192 quod
1048 2125 1503 2175 inconsummatus
1524 2134 1666 2182 sum,
1697 2134 1918 2188 sperans
1942 2134 2063 2187 per-

478 2216 742 2270 fecturum
769 2213 890 2270 tein
921 2230 1007 2267 tne
1034 2211 1428 2268 misericordias
1447 2222 1760 2279 tuas,usque
1786 2210 1851 2263 ad
1877 2224 2059 2278 pacem

479 2307 800 2377 plenariam,
831 2322 989 2376 quain
1015 2314 1193 2358 tecum
1228 2305 1501 2357 habebunt
1545 2304 1800 2358 interiora
1833 2311 1887 2355 et
1914 2311 2061 2356 exte-

479 2402 790 2471 riora|ntea,
822 2414 945 2452 cum
973 2398 1224 2466 absorpta
1258 2397 1414 2450 fuerit
1449 2407 1593 2449 mors
1623 2395 1673 2448 in
1697 2395 1939 2449 victoria.
1968 2394 2064 2448 Est

477 2491 580 2544 alia
612 2490 809 2544 malitia
842 2491 972 2555 diei,
1007 2505 1127 2557 qua:
1169 2488 1369 2542 utinam
1404 2486 1635 2540 sufliciat
1670 2486 1720 2539 ei
1749 2489 1763 2538 ι
1796 2484 2064 2539 reficimus

478 2582 624 2635 enim
651 2579 991 2649 quatidianas
1013 2579 1195 2633 ruinas
1226 2577 1469 2645 corporis
1495 2575 1707 2630 edendo
1727 2585 1782 2629 et
1802 2574 2060 2639 bibendo,

488 2673 800 2743 priusquam
832 2686 987 2726 escas
1015 2682 1069 2725 et
1090 2680 1332 2725 ventrem
1357 2669 1623 2734 destruas,
1662 2681 1781 2720 cum
1805 2665 2065 2719 occideris

483 2764 834 2833 indigentiam
860 2776 1034 2815 meam
1066 2760 1312 2814 satietate
1340 2758 1586 2824 miriﬁca,
1616 2765 1672 2811 et
1721 2754 2066 2824 corruptibile

486 2854 588 2908 hoc
620 2852 860 2908 indueris
914 2852 1312 2920 incorruptione
1340 2850 1688 2918 setnpiterna.
1717 2847 1867 2901 Nunc
1886 2855 2062 2901 autem

484 2948 662 3001 suavis
673 2956 752 3000 est
770 2947 898 3000 mihi
923 2945 1366 3010 neces:itas,etad
1376 2959 1559 2998 versus
1577 2944 1729 2997 istam
1746 2943 2063 2998 suavitatem

483 3049 682 3104 pugno,
717 3048 785 3088 ne
834 3033 1039 3102 capiat,
1077 3042 1133 3086 et
1161 3032 1531 3100 quotidianum
1575 3032 1772 3086 bellum
1825 3045 1974 3100 gero,
2010 3031 2064 3085 in

2165 1845 2645 1916 teraszgoenim
2675 1848 2837 1904 didici
2868 1849 2919 1902 in
2952 1851 3146 1919 quibus
3176 1866 3296 1905 sunt
3319 1852 3576 1909 sufﬁciens
3591 1871 3709 1918 esse,

2164 1945 2218 1990 et
2258 1936 2531 1990 abundare
2560 1936 2682 1991 novi
2731 1948 2783 1992 et
2819 1941 3093 2008 penuriam
3145 1942 3272 2007 pati.
3308 1940 3490 1995 Omnia
3529 1958 3710 2010 possunt

2172 2026 2224 2078 in
2256 2040 2321 2079 eo
2350 2027 2439 2095 qui
2471 2042 2555 2081 me
2602 2028 2887 2082 confortat.
2952 2030 3087 2084 Ecce
3120 2032 3279 2084 miles
3306 2042 3583 2087 castrorum
3608 2050 3704 2089 cm-

2164 2116 2398 2181 le3tium,
2457 2133 2562 2172 non
2618 2119 2790 2185 pulvis
2838 2120 2978 2190 quod
3010 2136 3108 2175 nos
3146 2124 3705 2188 sumus;sedntemcn-

2165 2215 2241 2272 to,
2275 2207 2521 2276 Domine,
2546 2210 2666 2276 quia
2701 2211 2871 2276 pulvis
2903 2225 3112 2273 sumus,
3143 2212 3291 2266 etde
3334 2214 3540 2280 pulvere
3565 2212 3706 2267 fecisti

2168 2296 2465 2360 hominem,
2501 2308 2556 2351 et
2589 2299 2820 2365 perierat
2846 2311 2900 2353 et
2957 2302 3209 2355 inventus
3239 2314 3340 2356 est.
3370 2302 3470 2356 Nec
3496 2305 3572 2357 ille
3596 2305 3638 2357 in
3663 2322 3708 2357 se

2162 2388 2357 2456 potuit,
2384 2390 2507 2455 quia
2540 2388 2678 2442 ident
2722 2390 2896 2458 pulvis
2950 2390 3069 2457 fuit,
3110 2408 3273 2461 quem
3314 2395 3435 2446 talia
3482 2396 3705 2448 dicentum

2171 2483 2358 2538 afﬂatu
2386 2494 2491 2537 tua:
2548 2485 2918 2552 inspirationis
2956 2486 3207 2541 adamavi
3242 2490 3462 2542 :Omnia
3507 2504 3704 2557 possum,

2168 2574 2363 2644 inquit,
2399 2576 2449 2628 in
2482 2589 2548 2630 eo
2574 2577 2663 2643 qui
2696 2591 2783 2630 me
2830 2577 3119 2632 contonat.
3155 2577 3410 2632 Conforta
3437 2595 3517 2633 me
3544 2589 3591 2632 ut
3612 2593 3706 2647 pos-

2167 2667 2293 2734 sim,
2339 2668 2404 2721 da
2446 2671 2586 2737 quod
2617 2670 2792 2737 jubes,
2829 2680 2879 2722 ct
2907 2668 3036 2739 jube
3062 2670 3209 2739 quod
3246 2672 3345 2725 vis.
3386 2671 3483 2725 Iste
3511 2685 3563 2723 se
3584 2684 3706 2723 accc-

2169 2764 2314 2831 pisse
2339 2760 2809 2831 confitetur,etqui
2834 2764 3092 2834 gloriatur
3125 2766 3179 2817 in
3218 2765 3438 2818 Domino
3463 2763 3701 2833 glorietur.

2167 2854 2358 2909 Audivi
2390 2855 2553 2906 alium
2584 2865 2859 2923 rogantem
2891 2864 2944 2907 ιιι
2974 2854 3205 2924 accipiat
3235 2873 3248 2908 :
3276 2858 3433 2910 Aufer
3458 2870 3487 2908 a
3524 2869 3614 2915 me,
3640 2852 3703 2903 in-

2169 2946 2310 3015 quit,
2339 2948 2805 3014 concupiscentias
2836 2951 3061 3001 ventris.
3087 2947 3246 3002 Unde
3289 2959 3518 3018 apparet,
3556 2956 3704 2999 sancte

2178 3036 2317 3090 Dens
2342 3052 2516 3101 meus,
2549 3047 2599 3090 te
2624 3038 2771 3101 dare,
2802 3053 2922 3091 cum
2954 3038 3012 3091 fit
3058 3040 3204 3107 quod
3233 3042 3455 3105 imperas
3482 3037 3600 3091 fieri.
3625 3034 3703 3088 Do-

480 3127 698 3196 iejuniis
728 3130 951 3195 smptus,
976 3125 1029 3178 in
1047 3126 1360 3180 servitutem
1379 3124 1626 3192 redigens
1646 3138 1842 3193 corpus
1865 3138 2063 3191 meum,
2098 3134 2143 3197 ρ
2178 3126 2335 3181 cuisti
2371 3142 2478 3191 tne,
2522 3127 2680 3181 Pater
2719 3127 2857 3182 bone
2889 3146 2903 3183 :
2934 3129 3125 3183 Omnia
3160 3130 3353 3183 munda
3387 3146 3483 3183 mu»
3506 3127 3595 3190 dis,
3630 3125 3705 3179 sed

482 3228 540 3272 et
587 3218 802 3270 dolores
840 3216 943 3269 ιιιεί
987 3216 1260 3284 voluptate
1290 3213 1599 3284 pelluntur:
1635 3228 1754 3267 nam
1808 3213 1974 3269 fames
2011 3223 2067 3269 et

480 3309 597 3363 sitis
627 3308 845 3375 quidam
886 3306 1104 3361 dolores
1131 3315 1275 3372 sunt,
1323 3316 1507 3369 ttrttnt,
1540 3316 1592 3360 et
1620 3306 1757 3359 sicut
1782 3306 1941 3360 febris
1973 3318 2065 3359 ne-

481 3409 627 3463 cant,
651 3398 749 3452 nisi
772 3397 1152 3451 alimentorum
1182 3396 1446 3451 medicina
1470 3406 1771 3450 succurrat.
1786 3397 1914 3464 Qua:
1932 3410 2065 3465 quo-

483 3489 625 3541 niam
655 3496 851 3555 praesto
879 3498 986 3552 est,
1021 3500 1088 3540 ex
1117 3486 1483 3538 consolatione
1509 3500 1788 3540 munerum
1823 3496 2063 3551 tuorum,

412 3590 415 3591 '
484 3583 539 3635 in
578 3581 770 3649 quibus
798 3588 996 3632 nostra:
1038 3577 1335 3632 infirmitati
1385 3586 1528 3631 terra
1557 3587 1610 3631 et
1630 3591 1765 3647 aqua
1795 3585 1849 3631 et
1868 3576 2063 3631 ctelum

489 3673 754 3737 serviunt,
776 3670 1111 3725 calamitates
1140 3668 1344 3723 delicia:
1371 3680 1650 3723 vocantur.
1694 3668 1807 3722 Hoc
1848 3682 1933 3721 me
1969 3668 2067 3722 do-

485 3764 667 3828 cuisti,
698 3775 756 3818 ut
786 3762 1234 3830 quemadmodum
1268 3761 1682 3824 medicamenta,
1704 3761 1783 3815 sic
1811 3760 2063 3814 alimenta

483 3866 796 3925 sumpturus
817 3854 1092 3909 accedam.
1123 3852 1229 3908 Sed
1257 3852 1382 3907 dum
1410 3851 1476 3907 ad
1529 3850 1762 3921 quietem
1807 3849 2065 3905 satietatis

484 3965 551 4004 ex
573 3947 880 4018 indigentia:
915 3946 1156 4000 molestia
1193 3954 1430 4004 transeo.
1459 3946 1510 3997 in
1541 3945 1657 4012 ipso
1679 3943 1903 3998 transitu
1935 3943 2065 3997 nnlti

490 4039 775 4094 insidiatur
800 4041 1019 4107 laqueus
1040 4034 1519 4104 concupiscentiae;
1563 4034 1678 4103 ipse
1703 4034 1844 4089 enim
1872 4036 2065 4088 transi;

486 4139 573 4185 tua
611 4129 856 4197 voluptas
896 4137 978 4182 est
1005 4165 1021 4191 ,
1050 4134 1106 4181 et
1152 4141 1258 4179 non
1308 4136 1390 4180 est
1426 4126 1563 4179 alius
1612 4139 1717 4193 quo
1762 4134 2064 4177 transeatur

484 4237 594 4292 quo
617 4222 845 4276 transire
874 4218 1016 4289 cogit
1038 4218 1330 4274 necessitas
1356 4234 1371 4285 ;
1403 4228 1456 4271 et
1480 4232 1601 4272 cum
1632 4217 1777 4272 salus
1807 4218 1879 4271 sit
1907 4230 2063 4269 causa

482 4316 675 4370 edendi
706 4329 769 4369 ac
794 4313 1032 4378 bibendi,
1074 4312 1314 4381 adjungit
1363 4325 1422 4365 se
1473 4320 1721 4380 tanquam
1774 4311 2065 4379 pedisequa

485 4405 782 4475 periculosa
807 4403 1139 4474 iucunditas,
1162 4411 1218 4457 et
1242 4402 1555 4471 plerumque
1600 4400 1791 4468 prazire
1814 4409 2060 4463 conatur,

2178 3219 2379 3274 malum
2419 3235 2540 3274 esse
2569 3220 2772 3274 ltomini
2799 3221 2886 3288 qui
2916 3237 3012 3290 per
3047 3222 3399 3276 offensionem
3439 3219 3701 3277 manducet,

2170 3320 2224 3363 et
2253 3326 2469 3364 omnem
2494 3322 2797 3364 creaturam
2827 3321 2971 3365 tuam
2999 3311 3197 3366 bonam
3227 3326 3365 3376 esse,
3393 3310 3607 3378 nihilque
3627 3305 3704 3358 ιιι)-

2166 3400 2469 3471 jiriendum
2502 3403 2643 3471 quod
2669 3418 2790 3458 cum
2818 3406 3106 3475 gratiarum
3131 3406 3343 3457 artione
3367 3395 3705 3471 percipitur.Et

2166 3493 2288 3560 quia
2320 3507 2445 3547 esca
2477 3508 2576 3547 nos
2604 3508 2709 3546 non
2740 3494 3076 3547 commendat
3103 3492 3236 3561 Deo,
3278 3503 3329 3546 et
3360 3503 3416 3545 ut
3448 3504 3536 3544 nos
3571 3499 3699 3539 nemo

2162 3583 2371 3652 judicet
2402 3585 2454 3637 in
2482 3584 2603 3637 cibo
2635 3594 2686 3638 et
2711 3594 2859 3653 potu,
2896 3592 2949 3639 et
2987 3584 3077 3653 qui
3126 3584 3411 3638 mandncat
3453 3595 3548 3633 non
3576 3592 3698 3630 man-

2152 3674 2453 3749 ducantem
2485 3689 2589 3727 non
2623 3688 2860 3741 spernat,
2888 3683 2940 3727 ιιι
2971 3676 3058 3744 qui
3102 3676 3389 3729 manducet
3423 3669 3703 3726 manducan-

2158 3756 2285 3818 tem
2313 3780 2417 3817 non
2446 3763 2674 3834 judit-et.
2703 3766 2867 3819 Didici
2902 3766 3037 3832 Itasc,
3067 3769 3269 3835 gratias
3296 3764 3412 3830 tibi,
3444 3761 3605 3815 laudes
3629 3754 3703 3809 lilii

2168 3857 2279 3913 Deo
2311 3873 2453 3921 meo,
2488 3858 2746 3926 magistro
2774 3872 2917 3919 meo,
2960 3860 3216 3925 pulsatori
3243 3858 3444 3911 aurium
3479 3862 3702 3908 mearum,

2168 3947 2482 4002 illustratori
2513 3948 2692 4001 cordis
2716 3948 2841 4014 mei,
2866 3944 3015 4015 eripe
3036 3962 3122 3999 me
3152 3946 3223 4000 ab
3252 3944 3396 3999 omni
3434 3939 3701 3996 tentatione.

2167 4040 2279 4094 Non
2304 4054 2405 4107 ego
2430 4039 2826 4093 immunditiam
2854 4037 3062 4091 obsonii
3089 4038 3277 4099 timeo,
3322 4036 3412 4091 sed
3453 4025 3704 4088 immundi-

2182 4131 2306 4186 tiam
2338 4131 2665 4200 cupiditatis.
2695 4131 2817 4185 Scio
2853 4129 2964 4183 Noe
3002 4144 3162 4183 omne
3212 4127 3390 4183 carnis
3438 4134 3590 4195 genus
3610 4128 3704 4186 qua:

2169 4220 2224 4276 itt
2277 4223 2400 4275 cibo
2449 4228 2594 4275 esset
2632 4219 2749 4273 usui
2797 4219 3122 4272 manducare
3183 4216 3523 4288 permissum;
3561 4207 3704 4261 Eliant

2172 4310 2292 4366 cibo
2313 4311 2490 4364 carnis
2516 4309 2810 4371 refectum;
2842 4307 3125 4369 Joannem,
3158 4305 3388 4360 mirabili
3426 4292 3703 4355 abstinentia

2167 4402 2470 4471 praeditum,
2513 4399 2858 4462 animalibus,
2908 4398 3009 4451 hcc
3041 4407 3123 4451 est
3182 4396 3421 4459 locustis,
3462 4393 3509 4445 in
3555 4397 3702 4440 escam

489 4508 549 4551 ut
575 4498 693 4567 ejus
720 4511 881 4551 causa
915 4496 1007 4550 flat
1035 4494 1176 4565 quod
1219 4493 1407 4548 salutis
1452 4507 1612 4546 causa
1655 4506 1741 4545 me
1773 4490 1948 4544 facere
1981 4488 2061 4542 vel
2092 4498 2145 4559 ι)
2168 4493 2499 4555 cedentibus,
2534 4508 2640 4545 non
2672 4491 2832 4546 fuisse
2860 4491 3120 4558 pollutum
3149 4507 3162 4542 :
3204 4503 3258 4543 et
3289 4489 3401 4542 scio
3427 4485 3553 4539 Esau
3575 4475 3704 4531 lenti-

484 4586 607 4642 dico
632 4588 715 4640 vel
745 4588 887 4641 volo.
934 4585 1046 4640 Nec
1077 4584 1267 4639 modus
1300 4583 1439 4638 idem
1475 4585 1749 4663 utriusque
1796 4592 1898 4646 est,
1942 4595 2063 4634 nam

386 4734 395 4749 ι
488 4678 632 4745 quod
660 4678 815 4733 saluti
840 4680 974 4732 satis
1004 4687 1108 4743 est,
1142 4676 1479 4732 delectationi
1506 4688 1691 4743 parum
1721 4682 1824 4737 est;
1849 4683 1901 4726 et
1926 4685 2069 4739 sa'pe

484 4771 751 4825 incertum
796 4768 855 4822 ιιι
885 4784 1059 4823 utrum
1102 4768 1279 4823 adhuc
1334 4767 1635 4821 necessaria
1670 4766 1913 4832 corporis
1941 4778 2067 4817 cura

486 4860 784 4916 subsidium
825 4870 991 4932 petat,
1024 4876 1091 4917 an
1132 4860 1466 4932 voluptuaria
1512 4856 1820 4929 cupiditatis
1860 4856 2066 4911 fallacia

483 4953 839 5010 ministerium
893 4964 1161 5023 suppetat.
1214 4954 1297 5009 Ad
1343 4954 1445 5009 hoc
1494 4952 1757 5007 incertum
1786 4950 2062 5004 hilarcscit

448 5040 666 5135 .infelix
695 5048 893 5111 anima,
913 5054 968 5100 et
987 5045 1040 5098 in
1067 5060 1133 5099 eo
1160 5055 1421 5114 praeparat
1446 5041 1814 5099 excusationis
1838 5042 2066 5107 patrm-i—

486 5141 654 5207 nium,
680 5139 917 5210 gaudens
946 5151 1053 5192 non
1079 5150 1340 5207 apparere
1358 5137 1482 5205 quid
1495 5139 1624 5189 satis
1636 5133 2064 5189 sitmoderationi

486 5230 1134 5296 valetudinis,utobtentu
1149 5227 1336 5280 salutis
1363 5227 1647 5281 obumbret
1675 5224 1944 5295 negmium
1973 5240 2065 5277 vo-

488 5327 725 5397 luptatis.
750 5321 1240 5381 llisteutatimiibos
1262 5316 1496 5387 quotidie
1525 5334 1692 5372 conor
1710 5319 1985 5383 resistere,
2010 5326 2066 5371 et

486 5424 681 5481 invoco
695 5424 965 5477 dexteram
986 5429 1127 5473 tuam
1147 5416 1210 5469 ad
1226 5414 1450 5469 salutem
1468 5428 1637 5467 meam
1649 5453 1663 5476 ,
1682 5422 1734 5467 et
1747 5412 1811 5464 ad
1830 5422 1878 5465 te
1894 5410 2066 5464 refero

490 5530 654 5570 estus
684 5530 853 5580 meos,
878 5512 998 5583 quia
1030 5508 1309 5565 consilium
1341 5504 1471 5558 mibi
1516 5504 1583 5557 de
1617 5503 1717 5557 hac
1742 5518 1800 5557 re
1827 5501 2063 5555 nondum

491 5616 616 5659 stat.
649 5606 821 5659 Audio
863 5618 1048 5658 vocem
1073 5598 1311 5669 iubentis
1335 5596 1428 5651 [lci
1455 5596 1558 5649 ntei
1598 5611 1609 5645 :
1642 5593 1755 5646 Non
1783 5602 2068 5660 graventur

489 5697 654 5752 corda
686 5707 859 5750 vestra
891 5698 941 5750 in
980 5695 1199 5764 crapula
1226 5700 1281 5747 et
1311 5692 1596 5747 ebrietate.
1627 5686 1873 5742 Ebrietas
1913 5685 2068 5754 longe

491 5799 573 5847 est
602 5804 632 5842 a
661 5802 778 5855 me;
818 5788 1176 5855 misereberis,
1221 5801 1287 5843 ne
1316 5782 1711 5854 apprOpinquet
1738 5778 1895 5837 milii.
1936 5776 2065 5833 Cra-

2101 5859 2135 5866 —

2168 4584 2303 4638 cuia:
2323 4580 2755 4650 concupiscentia
2776 4580 3079 4649 deceptum,
3100 4591 3153 4634 et
3171 4579 3335 4634 David
3359 4586 3559 4647 pr0pter
3575 4579 3702 4636 aqua:

2173 4674 2495 4729 desiderium
2514 4689 2542 4726 a
2566 4688 2624 4728 se
2646 4675 2761 4741 ipso
2781 4674 3188 4742 reprehensum,
3202 4684 3257 4729 et
3285 4671 3474 4739 Regem
3498 4670 3702 4719 nostrum

2174 4782 2279 4820 non
2308 4766 2374 4820 dc
2396 4780 2583 4831 carne,
2607 4765 2699 4818 sed
2723 4765 2789 4819 de
2804 4779 2936 4833 pane
2954 4774 3237 4818 tentatum.
3264 4762 3479 4829 Ideoque
3498 4766 3547 4809 et
3565 4761 3702 4820 ρορυ-

2176 4859 2256 4912 lus
2278 4859 2327 4911 iu
2358 4872 2559 4918 eremo,
2594 4870 2698 4909 non
2729 4859 2850 4922 quia
2875 4871 3065 4909 carnes
3100 4852 3441 4915 desideravit,
3482 4844 3564 4899 sed
3600 4848 3699 4908 ί1¹¹²

2169 4963 2308 5003 esca:
2334 4947 2605 5002 desiderio
2645 4947 2903 5001 adversus
2929 4945 3213 5000 Dominum
3243 4935 3589 4997 murmuravit.
3612 4941 3700 4981 "'3‘

2168 5040 2276 5095 ruit
2312 5039 2626 5108 improbari.
2689 5038 2745 5091 In
2799 5039 2883 5092 his
2924 5053 3051 5106 ergo
3094 5033 3471 5091 tentationibus
3507 5022 3696 5112 positust

2170 5143 2321 5186 certo
2344 5131 2579 5200 quotidie
2600 5130 2859 5184 adversus
2884 5127 3370 5195 concupiscentiam
3388 5106 3696 5175 manducandi

2169 5235 2224 5280 et
2252 5224 2489 5280 bibendi.
2523 5224 2637 5277 Non
2671 5223 2811 5276 enim
2849 5229 2932 5275 est
2972 5221 3111 5290 quod
3154 5218 3318 5273 semel
3357 5204 3697 5290 praecidere“l

2168 5317 2391 5371 ulterius
2418 5332 2522 5369 non
2550 5315 2812 5381 attingere
2835 5312 3122 5366 decernam
3144 5354 3159 5377 ,
3193 5313 3329 5364 sicut
3355 5307 3417 5359 de
3448 5289 3690 5354 concobilu

2170 5409 2340 5478 potui.
2390 5408 2571 5475 Itaque
2616 5403 2753 5459 freni
2793 5404 3053 5472 gutturis,
3083 5407 3365 5470 temperata
3412 5385 3694 5478 relaxatitllle

2171 5472 2225 5553 et
2277 5472 2681 5563 constrictione,
2736 5493 2948 5548 tenendi
3000 5501 3126 5547 sont
3180 5512 3189 5543 :
3232 5499 3284 5544 ct
3329 5485 3438 5554 quis
3473 5488 3563 5539 est,
3610 5472 3692 5522 llo-

2173 5590 2359 5653 mille.
2418 5588 2507 5658 (ιυὶ
2561 5605 2665 5641 non
2724 5588 2959 5654 rapiatur
3011 5585 3335 5654 aliquantum
3378 5585 3515 5630 extra
3554 5571 3694 5658 ntelzts

2173 5680 2549 5737 necessitatis?
2620 5678 2862 5748 quisquis
2928 5685 3044 5740 est,
3109 5687 3328 5744 magnus
3382 5671 3476 5727 est,
3526 5662 3693 5716 ntaﬁl'l‘

2174 5774 2296 5831 licet
2330 5787 2530 5828 nomen
2553 5780 2701 5825 tuum
2728 5747 2876 5839 {ego
2919 5780 3095 5825 autem
3140 5782 3246 5821 non
3292 5773 3425 5822 sum,
3452 5747 3559 5824 ιμιίει
3595 5751 3693 5811 μεθ’
