3956 6180
316 310 413 362 {ibi

1558 313 1994 373 THESAURUS.
2032 312 2184 370 CAP.
2231 313 2315 369 Ἠ.

3479 312 3587 368 582

311 444 471 486 εει·οΓ
525 432 582 502 9
621 431 779 486 homo
827 447 945 487 sum
975 449 989 497 ;
1023 434 1114 487 sed
1155 443 1207 487 et
1255 448 1354 501 ego
1401 435 1572 501 magni
1615 448 1680 488 cn
1712 447 1904 486 nomen
1935 436 1984 495 Α
2013 443 2065 486 ει
2097 448 2191 501 pro
2221 448 2308 487 me
2340 431 2479 497 flete,
2512 432 2599 501 qui
2626 433 2824 502 aliquid
2857 433 2983 488 boni
3016 432 3288 486 vobiscum
3308 431 3448 486 intus
3473 433 3585 500 agi-

314 534 500 588 tunm,
541 532 597 578 et
626 524 935 592 interpellat
962 533 1014 577 te
1058 540 1152 592 pro
1185 525 1418 593 peccatis
1465 525 1600 578 meis
1643 526 1732 592 qui
1775 527 1900 579 vicit

312 619 596 680 saeuiunt,
642 634 931 672 numerans
961 633 1047 672 me
1090 618 1228 671 inter
1272 619 1480 672 infirma
1513 623 1754 673 membra
1781 634 1901 672 cor-

320 707 470 775 poris
513 709 618 770 sui,
649 708 772 775 quia
807 718 860 761 et
907 707 1276 776 imperfectum
1317 707 1433 774 ejus
1465 708 1713 761 viderunt
1757 710 1899 763 oculi

311 802 424 864 tui,
451 813 507 854 et
557 802 609 854 iit
639 802 779 856 libro
806 810 896 854 tuo
939 815 1128 854 omnes
1171 802 1494 854 scribentur.
1530 803 1603 856 De
1645 802 1898 856 illecebra

312 892 540 946 odorum
584 906 689 944 non
729 903 912 959 satago
936 891 1132 944 nimis:
1162 905 1282 944 cum
1306 892 1505 946 absunt
1534 909 1637 946 non
1665 895 1897 962 requiro,

307 999 428 1038 cum
475 984 674 1036 adsunt
705 999 812 1036 non
857 997 1075 1052 respuo,
1107 992 1322 1052 paratus
1367 985 1446 1039 eis
1484 987 1648 1039 etiam
1684 1001 1901 1052 semper

306 1089 514 1129 Carere.
547 1076 620 1128 Ita
651 1074 780 1128 mihi
814 1077 1021 1140 videor,
1056 1076 1278 1130 forsitan
1312 1077 1496 1141 fallor;
1524 1090 1649 1133 sunt
1679 1082 1821 1134 enim
1845 1091 1899 1135 et

307 1167 419 1220 istae
447 1167 766 1236 plangendze
805 1168 1062 1232 tenebrae,
1095 1169 1146 1222 in
1179 1171 1372 1239 quibus
1402 1186 1488 1225 tne
1519 1172 1648 1226 latet
1676 1173 1898 1228 facultas

309 1273 422 1311 mea
453 1274 576 1328 que
605 1259 658 1312 in
688 1275 774 1313 me
799 1269 879 1313 est
908 1277 921 1313 :
951 1269 1010 1313 ut
1033 1261 1244 1316 animus
1275 1278 1424 1316 meus
1461 1264 1527 1318 de
1558 1265 1759 1319 viribus
1787 1269 1896 1322 suis

309 1352 419 1420 ipse
443 1365 506 1405 se
531 1351 868 1420 interrogans
900 1365 1005 1405 non
1038 1351 1192 1407 facile
1219 1353 1319 1407 sibi
1347 1355 1677 1410 credendum
1707 1360 1897 1412 existi-

307 1449 437 1504 met,
460 1441 589 1506 quia
615 1448 670 1494 et
697 1440 840 1509 quod
866 1440 1004 1495 inest
1029 1442 1346 1512 plerumque
1368 1446 1635 1500 occultum
1658 1458 1761 1515 est,
1791 1451 1894 1504 nisi

303 1531 634 1600 experientia
663 1532 1054 1599 manifestetur;
1083 1545 1136 1589 et
1161 1551 1317 1590 nemo
1339 1552 1568 1593 securus
1588 1555 1709 1594 esse
1735 1541 1896 1597 debet

304 1624 356 1678 in
386 1625 489 1678 ista
519 1625 648 1690 vita,
681 1640 800 1695 quae
824 1635 933 1680 tota
977 1629 1198 1682 tentatio
1228 1632 1555 1694 nominatur,
1582 1641 1760 1686 utrum
1801 1635 1892 1703 qui

303 1715 416 1770 ﬁeri
467 1716 641 1784 potuit
683 1732 747 1771 ex
792 1718 1062 1773 deteriore
1107 1721 1330 1784 melior,
1359 1735 1462 1775 non
1518 1724 1608 1777 liat
1635 1725 1794 1778 etiam
1821 1740 1884 1780 ex

2007 528 2100 592 tis,
2131 527 2274 582 unde
2301 527 2437 580 facta
2471 527 2787 595 procedunt.
2837 527 2968 583 Nam
2999 528 3089 596 qui
3121 542 3227 582 non
3268 526 3444 594 agitis,
3479 542 3585 579 non

2005 633 2103 672 vos
2148 620 2262 672 hac
2318 629 2564 683 moveut;
2617 630 2674 672 tu
2719 628 2898 672 autem
2956 618 3176 672 Domine
3217 617 3356 671 Deus
3387 631 3538 670 meus
3569 656 3585 678 ,

2003 710 2218 774 exaudi,
2248 711 2474 778 respice,
2507 721 2557 764 et
2589 711 2730 775 vide,
2763 721 2817 764 et
2847 711 3124 774 miserere,
3157 720 3212 764 et
3237 723 3367 763 sana
3399 725 3505 774 me,
3533 709 3585 761 in

2003 804 2157 867 cujus
2185 780 2508 855 oculis'inihi
2529 804 2756 870 quasstio
2787 803 2954 856 factus
2973 818 3113 866 sum,
3142 812 3195 857 et
3223 803 3336 871 ipse
3361 813 3444 855 est
3470 801 3586 856 latt-

1999 908 2136 959 guor
2166 908 2337 949 meus.
2365 895 2547 948 llestat
2574 895 2816 960 voluptas
2848 898 3125 950 oculorum
3153 896 3374 950 istorum
3403 895 3582 948 carnis

2003 999 2158 1044 meze,
2190 983 2254 1036 de
2275 999 2375 1052 qua
2405 985 2592 1054 loquar
2633 985 3002 1042 confessiones
3027 1002 3160 1056 quas
3183 987 3400 1041 audiant
3423 1001 3581 1040 aures

2003 1075 2183 1142 templi
2218 1075 2310 1139 tui,
2343 1090 2500 1130 aures
2549 1076 2795 1134 fraterna:
2824 1093 2887 1132 ac
2917 1080 3015 1144 piae
3038 1118 3053 1142 ,
3101 1087 3159 1132 ut
3199 1079 3583 1132 concludamus

2004 1168 2326 1221 tentationes
2379 1169 2826 1235 concupiscentia:
2876 1169 3073 1234 carnis,
3124 1185 3241 1237 qua:
3281 1185 3366 1222 me
3408 1172 3581 1221 adhuc

1999 1259 2212 1325 pulsant
2259 1259 2701 1327 ingemiscentem
2733 1269 2788 1312 et
2832 1259 3192 1312 habitat-nium
3225 1274 3400 1312 meum
3442 1259 3581 1326 quod

1997 1349 2064 1402 de
2093 1351 2230 1404 caalo
2258 1360 2340 1404 est
2367 1351 2683 1419 superindui
2714 1351 3037 1415 cupientem.
3094 1349 3352 1403 Pulchras
3383 1350 3581 1403 formas

1997 1451 2050 1495 et
2082 1442 2275 1504 varias,
2328 1442 2525 1495 nitidos
2555 1451 2607 1494 et
2637 1455 2879 1497 amoenos
2926 1442 3136 1495 colores
3177 1451 3359 1492 amant
3402 1441 3578 1504 oculi;

1996 1547 2101 1584 non
2145 1541 2362 1585 teneant
2405 1532 2519 1585 hinc
2549 1531 2781 1584 animam
2816 1548 3010 1596 nti-am,
3057 1540 3233 1584 teneat
3273 1546 3390 1584 eam
3443 1531 3580 1583 Deus

1996 1623 2084 1691 qui
2115 1623 2240 1677 fecit
2285 1625 2420 1688 hmc,
2454 1624 2590 1676 bona
2634 1623 2848 1694 quidem
2882 1623 3056 1687 valde,
3088 1623 3182 1675 sed
3217 1623 3328 1691 ipse
3359 1631 3441 1674 cst
3481 1621 3580 1674 bo-

1997 1731 2122 1768 num
2153 1731 2354 1778 meum,
2375 1731 2481 1768 non
2509 1715 2622 1769 [nec
2653 1734 2663 1769 :
2689 1723 2742 1770 et
2766 1726 2986 1784 tangunt
3013 1730 3096 1768 me
3122 1714 3425 1783 vigilantem
3453 1714 3580 1767 totis

304 1806 527 1862 meliore
572 1807 832 1863 deterior,
878 1808 988 1863 Una
1020 1824 1165 1878 spes,
1211 1826 1312 1864 un;
1346 1812 1559 1876 ﬁducia,
1599 1830 1701 1867 una
1740 1815 1889 1870 ﬁrma
1929 1799 1973 1858 Β
2000 1806 2210 1871 diebus,
2242 1823 2338 1861 nec
2369 1809 2581 1875 requies
2610 1807 2678 1860 ab
2718 1808 2796 1861 eis
2823 1807 2978 1862 datur
3006 1807 3155 1865 Ittilti.
3189 1808 3325 1860 sicut
3363 1806 3520 1859 datur
3549 1822 3578 1859 a

309 1898 608 1965 promissio,
648 1899 1015 1954 misericordia
1049 1912 1156 1955 tua.
1213 1901 1519 1971 Voluptates
1567 1907 1776 1960 aurium
1808 1917 1892 1961 te-

306 1990 494 2044 nacius
521 2006 608 2045 me
631 1991 1036 2058 implicaverant
1061 2002 1116 2046 et
1139 1993 1574 2063 subjugaverant,
1601 1998 1694 2051 sed
1725 1999 1892 2052 resol-

303 2081 420 2135 visti
445 2090 502 2136 et
528 2082 768 2137 liberasti
796 2099 903 2138 me.
927 2084 986 2137 lu
1013 2083 1161 2139 souis
1191 2102 1497 2157 nunc,quos
1513 2090 1754 2144 animant
1781 2093 1893 2144 elo~

303 2171 422 2239 quia
473 2183 580 2234 tua,
630 2187 753 2226 cum
802 2177 951 2227 suavi
982 2183 1036 2228 et
1063 2175 1353 2230 artificiosa
1403 2193 1532 2232 voce
1583 2188 1887 2247 cantantur,

307 2261 500 2330 fateor,
533 2263 918 2332 aliquantulum
947 2267 1256 2337 acquiesco,
1303 2281 1408 2322 non
1452 2269 1665 2338 quidem
1696 2281 1752 2325 ut
1783 2271 1891 2326 hae-

299 2370 469 2420 ream,
518 2358 614 2411 sed
647 2368 702 2410 ut
731 2373 945 2428 surgam
975 2375 1096 2414 cum
1128 2363 1274 2414 volo.
1307 2364 1558 2418 Attamen
1591 2377 1711 2418 cum
1761 2366 1890 2430 ipsis

300 2447 585 2502 sententiis
611 2448 804 2517 quibus
827 2451 1030 2516 vivunt,
1063 2459 1123 2504 ut
1150 2451 1499 2507 admittantur
1520 2455 1584 2508 ad
1611 2471 1712 2521 me,
1743 2471 1891 2524 quae-

305 2551 424 2594 runt
456 2541 509 2594 in
554 2541 722 2596 corde
752 2556 872 2595 meo
903 2544 1232 2597 nonnullius-
1263 2545 1539 2613 dignitatis
1591 2548 1786 2608 locum,
1835 2557 1890 2602 et

304 2637 383 2688 vix
426 2637 510 2691 eis
542 2637 758 2705 praebeo
801 2649 1211 2706 congruentem.
1265 2641 1566 2709 Aliquando
1597 2642 1740 2694 enim
1773 2645 1888 2711 plus

301 2727 427 2780 mihi
479 2726 665 2781 videor
689 2727 911 2780 honoris
940 2730 1022 2783 eis
1052 2717 1288 2784 tribuere
1329 2747 1488 2799 quam
1537 2732 1726 2798 decet,
1755 2736 1882 2786 dum

298 2816 428 2884 ipsis
471 2820 676 2872 sanctis
750 2819 908 2874 dictis
956 2821 1254 2889 religiosius
1299 2832 1353 2878 et
1397 2823 1667 2878 ardentius
1715 2827 1889 2879 sentio

313 2911 517 2965 moveri
546 2911 756 2965 animos
777 2923 987 2966 nostros
1017 2916 1068 2966 in
1097 2913 1362 2968 ﬂammam
1398 2917 1629 2985 pietatis,
1661 2932 1781 2971 cum
1811 2921 1886 2972 ita

300 3013 610 3067 canuntur,
657 3018 816 3072 quam
845 3005 889 3057 si
921 3003 1114 3076 [quasi]
1165 3022 1268 3060 non
1317 3007 1388 3060 ita
1437 3018 1802 3076 cantarentur,
1835 3019 1889 3064 et

297 3109 488 3148 omnes
512 3095 738 3148 affectus
766 3095 987 3162 spiritus
1015 3097 1184 3150 nostri
1216 3111 1312 3166 pro
1340 3099 1419 3151 sui
1451 3098 1765 3155 diversitate
1789 3102 1884 3154 ha-

297 3187 424 3242 bere
468 3186 714 3254 pr0prios
759 3161 947 3242 modos
977 3188 1029 3242 in
1074 3203 1208 3244 voce
1251 3200 1413 3259 atque
1441 3201 1620 3258 cantu,
1659 3208 1882 3260 quorum
1911 3161 1956 3223 ο

297 3280 480 3331 nescio
508 3293 611 3344 qua
653 3279 862 3332 occulta
893 3278 1253 3334 familiaritate
1281 3282 1610 3336 excitentur.
1642 3286 1746 3338 Sed
1789 3285 1885 3340 de-

302 3371 521 3424 lectatio
566 3371 747 3425 carnis
791 3387 942 3437 meae,
977 3374 1060 3427 cui
1101 3383 1334 3428 mentem
1377 3378 1734 3432 enervandam
1780 3394 1885 3434 non

296 3470 515 3529 Oportet
545 3462 843 3530 dari,saipe
860 3479 944 3517 me
961 3464 1114 3528 fallit,
1132 3465 1258 3519 dum
1279 3467 1539 3523 rationem
1566 3483 1754 3524 sensus
1781 3488 1885 3526 non

296 3548 366 3603 ita
392 3551 706 3613 comitatur,
741 3562 800 3605 ut
831 3555 1098 3621 patienter
1127 3557 1197 3610 sit
1242 3559 1524 3626 posterior,
1553 3561 1646 3613 sed
1679 3571 1882 3616 tantum

293 3643 412 3710 quia
447 3651 673 3711 propter
699 3644 841 3698 illam
882 3647 1075 3700 meruit
1105 3647 1331 3712 admitti,
1359 3650 1520 3704 etiam
1553 3667 1886 3720 praacurrere

293 3735 581 3787 acducere
605 3743 832 3787 conatur
855 3751 868 3787 :
891 3735 960 3788 ita
980 3736 1032 3789 in
1057 3737 1140 3790 his
1172 3752 1335 3805 pecco
1363 3754 1467 3792 non
1499 3743 1764 3809 sentiens,
1793 3744 1886 3798 sed

295 3834 475 3891 postea
507 3823 1019 3895 sentio..-\liquando
1048 3837 1225 3882 autem
1248 3830 1385 3885 hanc
1419 3831 1590 3898 ipsam
1623 3833 1884 3888 fallaciam

295 3917 707 3971 immoderatius
723 3932 920 3971 cavens
948 3935 1071 3973 erro
1100 3922 1260 3975 nimia
1285 3924 1591 3990 severitate,
1619 3926 1711 3978 sed
1737 3927 1887 3980 valde

295 4007 593 4070 interdum,
659 4019 714 4060 ut
762 4011 930 4062 melos
974 4025 1133 4066 omne
1177 4013 1561 4068 cantilenarum
1603 4020 1839 4071 suavium
1868 4060 1884 4086 ,

295 4099 486 4166 quibus
512 4099 824 4154 Davidicum
847 4098 1160 4156 Psalterium
1184 4101 1572 4172 frequentatur,
1590 4106 1888 4163 abauribus

295 4189 426 4240 meis
460 4189 731 4242 removeri
766 4190 924 4244 velim
969 4203 1128 4260 atque
1160 4193 1325 4261 ipsius
1368 4194 1655 4261 Ecclesiae;
1692 4199 1887 4254 tutius-

293 4295 392 4345 que
443 4279 580 4332 mihi
635 4280 864 4343 videtur,
911 4286 1049 4351 quod
1095 4283 1164 4338 de
1213 4285 1580 4340 Alexandrino
1632 4291 1887 4359 episcopo

296 4371 596 4424 Athanasio
622 4382 766 4438 stupe
815 4373 940 4424 mihi
974 4375 1172 4427 dictum
1221 4377 1589 4440 commemini,
1635 4381 1725 4447 qui
1779 4391 1886 4435 tant

295 4460 504 4514 modico
537 4462 678 4514 ﬂexu
705 4463 850 4516 vocis
881 4465 1106 4517 faciebat
1156 4481 1350 4520 sonare
1375 4469 1626 4526 lectorem
1663 4473 1884 4538 Psalmi,

1994 1897 2212 1950 vocibus
2242 1901 2476 1962 eanoris,
2513 1897 2796 1965 aliquando
2827 1897 2893 1950 ab
2923 1897 3189 1960 omnibus,
3226 1896 3279 1948 in
3320 1897 3576 1963 silentio;

1994 1987 2108 2056 ipsa
2132 1988 2274 2041 enim
2308 1989 2489 2057 regina
2515 1988 2755 2042 colorum
2785 1988 2872 2041 lux
2899 1989 2995 2042 ista
3022 1988 3347 2057 perfundens
3386 1998 3574 2043 cuncta

1995 2095 2115 2148 quae
2153 2083 2445 2148 cernimus,
2496 2080 2671 2134 tibitibi
2721 2096 2816 2150 per
2849 2081 2989 2135 diem
3042 2081 3214 2146 fuero,
3264 2082 3580 2136 multimodo

1992 2169 2196 2238 allapso
2215 2172 2787 2227 blanditurtnihialiud
2817 2175 2994 2243 agenti
3025 2183 3078 2229 et
3108 2191 3226 2229 eam
3251 2192 3355 2230 non
3389 2177 3581 2231 adver-

1993 2263 2596 2319 tentiziusinuatautem
2625 2280 2684 2319 se
2717 2265 2786 2319 ita
2814 2267 3181 2333 vehementer,
3206 2278 3262 2322 ut
3286 2268 3328 2321 si
3360 2278 3582 2335 repente

1991 2357 2490 2422 Subtrahatur,cum
2516 2358 2781 2412 desiderio
2807 2359 3130 2425 requiratur;
3150 2371 3198 2412 et
3225 2361 3268 2414 si
3295 2361 3384 2414 diu
3415 2361 3573 2425 absit,

1991 2447 2276 2502 contristat
2305 2450 2561 2503 animum.
2593 2456 2635 2502 υ
2666 2450 2774 2515 lux,
2807 2466 2964 2519 quam
2999 2453 3210 2504 videbat
3237 2452 3431 2506 Tobias
3455 2470 3576 2506 cum

1991 2537 2187 2593 clausis
2240 2541 2356 2594 istis
2399 2541 2571 2594 oculis
2615 2539 2780 2594 filium
2825 2541 3052 2595 docebat
3083 2543 3203 2596 vita:
3255 2543 3416 2609 viam,
3447 2555 3501 2599 et
3529 2545 3579 2599 ei

1993 2631 2218 2694 praeibat
2255 2631 2389 2698 pede
2419 2632 2701 2686 charitatis
2731 2647 2994 2702 nusquam
3039 2649 3254 2698 errans;
3289 2649 3376 2689 aut
3416 2651 3575 2704 quam

1992 2719 2204 2772 videbat
2249 2719 2396 2774 Isaac
2430 2723 2776 2790 praegravatis
2808 2731 2861 2775 et
2891 2724 3090 2791 opertis
3137 2734 3415 2779 scnrctute
3461 2741 3579 2778 car-

1993 2812 2108 2865 neis
2155 2812 2464 2877 luminibus,
2497 2829 2616 2867 cum
2652 2814 2788 2869 filios
2836 2831 2939 2868 non
2969 2817 3313 2885 agnoscendo
3351 2818 3574 2873 benedi-

1989 2917 2137 2969 cere,
2172 2903 2263 2957 sed
2303 2905 2671 2958 benedicendo
2701 2919 2993 2975 agnoscere
3024 2909 3245 2972 meruit;
3278 2917 3365 2963 aut
3413 2925 3572 2978 quant

1992 2999 2200 3054 videbat
2233 2999 2397 3053 .lacob
2444 3016 2565 3054 cum
2595 3011 2646 3054 et
2689 3003 2803 3069 ipse
2836 3018 2942 3068 prae
2985 3003 3171 3071 grandi
3204 3013 3360 3059 a-tate
3390 3016 3576 3073 captus

1991 3089 2179 3158 oculis,
2217 3091 2269 3144 in
2303 3093 2426 3146 filiis
2477 3093 2793 3160 pricsignata
2826 3091 2986 3147 futuri
3043 3095 3221 3162 populi
3272 3110 3464 3164 genera
3496 3099 3575 3152 lit-

1991 3184 2201 3238 minoso
2229 3185 2391 3240 corde
2434 3186 2679 3251 radiavit,
2727 3199 2781 3240 et
2829 3188 3113 3256 nepotibus
3143 3189 3253 3243 suis
3289 3207 3351 3243 ex
3375 3191 3575 3260 Joseph

1989 3275 2219 3329 divexas
2243 3277 2464 3348 mystice
2497 3293 2706 3344 manus,
2754 3294 2855 3332 non
2891 3281 3028 3334 sicut
3058 3291 3206 3349 pater
3232 3298 3418 3339 eorum
3447 3285 3578 3340 foris

1991 3369 2312 3436 corrigebat,
2359 3370 2452 3423 sed
2485 3369 2620 3423 sicut
2662 3371 2774 3439 ipse
2822 3371 2964 3426 intus
3009 3372 3369 3441 discernebat,
3401 3378 3576 3446 impo-

1989 3461 2114 3514 Sttil.
2161 3461 2273 3530 Ipsa
2305 3470 2389 3515 est
2420 3463 2533 3525 lux,
2580 3477 2680 3514 una
2723 3473 2825 3528 cst,
2879 3474 2931 3516 et
2963 3479 3124 3517 unum
3157 3481 3344 3520 omnes
3381 3467 3469 3537 qui
3498 3471 3575 3521 vi-

1990 3552 2118 3608 dent
2143 3564 2198 3608 et
2223 3563 2405 3608 amant
2433 3569 2574 3608 eam.
2625 3556 2694 3608 At
2725 3556 2824 3608 ista
2849 3557 3146 3624 corporalis
3175 3558 3242 3614 de
3271 3575 3370 3629 qua
3397 3563 3578 3632 loque-

1992 3643 2108 3706 bar,
2141 3644 2454 3699 illecel~rosa
2479 3657 2540 3696 ac
2571 3645 2871 3714 periculosa
2901 3647 3183 3703 dulcedine
3212 3650 3394 3704 condit
3417 3653 3574 3706 vitam

1991 3736 2176 3790 δινουιί
2249 3739 2405 3792 cmcis
2467 3740 2814 3792 amatoribus.
2872 3738 2972 3805 Qui
3015 3749 3195 3794 autem
3236 3751 3290 3796 et
3347 3743 3414 3797 de
3464 3746 3575 3811 ipsa

1992 3827 2209 3881 laudare
2239 3837 2288 3882 te
2318 3839 2532 3892 norunt,
2568 3828 2709 3881 Deus
2750 3839 2963 3883 creator
3006 3830 3270 3897 omnium,
3298 3845 3576 3886 assumunt

1991 3933 2108 3970 eam
2141 3919 2191 3970 in
2223 3918 2421 3986 hymno
2467 3928 2578 3983 tuo,
2611 3932 2714 3972 noii
2753 3928 3098 3972 assumuntur
3118 3922 3184 3974 ab
3209 3935 3269 3973 ea
3301 3923 3351 3974 in
3383 3936 3574 3977 somno

1990 4021 2111 4074 suo,
2156 4011 2293 4063 sicut
2319 4023 2440 4063 esse
2470 4009 2657 4078 cupio;
2700 4009 2892 4063 resisto
2932 4010 3336 4066 seductionibus
3387 4018 3573 4068 oculo-

1993 4116 2134 4164 rum,
2159 4115 2224 4154 ne
2247 4099 2589 4169 implicentur
2613 4099 2774 4168 pedes
2799 4103 2900 4155 mei
2926 4103 3118 4171 quibus
3143 4105 3410 4171 ingredior
3439 4106 3574 4164 viam

1995 4201 2157 4254 tuam,
2190 4201 2243 4244 et
2273 4191 2421 4261 erigo
2451 4191 2516 4244 ad
2548 4199 2599 4245 te
2631 4190 2924 4245 invisibiles
2956 4193 3163 4262 oculos,
3199 4205 3254 4248 ut
3288 4207 3340 4249 tn
3373 4199 3574 4254 evellas

1990 4283 2057 4336 de
2089 4283 2278 4352 laqueo
2309 4283 2470 4351 pedes
2502 4297 2672 4337 meos.
2707 4283 2785 4336 Tu
2817 4283 3046 4337 subinde
3071 4287 3260 4341 evellis
3290 4303 3412 4353 eos,
3449 4308 3571 4345 naut

1995 4378 2368 4446 illaqueantur.
2395 4376 2473 4430 Tu
2506 4392 2612 4430 non
2642 4390 2824 4431 cessas
2852 4379 3105 4442 evellere,
3133 4395 3232 4449 ego
3263 4394 3438 4438 autem
3461 4400 3576 4439 cre-

1994 4469 2091 4522 bro
2123 4471 2300 4524 ltaireo
2332 4470 2382 4523 in
2418 4469 2611 4538 ubique
2662 4471 2868 4538 sparsis
2899 4471 3128 4537 insidiis,
3161 4476 3413 4543 quoniam
3465 4493 3572 4532 non
3653 4478 3656 4485 ’

296 4559 351 4603 ιιι
382 4554 753 4618 pronuntianti
781 4553 1008 4607 vicinior
1033 4565 1180 4610 esset
1209 4573 1364 4624 quam
1394 4561 1625 4615 canenti.
1661 4563 1884 4617 Verum-
1919 4546 1967 4603 D
1992 4561 2248 4625 dormies,
2285 4577 2457 4632 neque
2482 4562 2800 4616 dormitabis
2824 4565 2910 4633 qui
2934 4567 3176 4621 cu~todis
3199 4567 3381 4622 Israel.
3406 4571 3575 4638 Quam

299 4652 476 4698 tamen
518 4662 644 4698 cum
675 4647 991 4700 reminiscor
1035 4650 1296 4719 lacrymas
1326 4667 1474 4707 meas
1524 4670 1655 4724 quas
1687 4656 1790 4709 fudi
1821 4658 1886 4710 ad

299 4746 493 4790 cantus
550 4737 801 4791 Ecclesia!
835 4748 936 4790 tua:
978 4739 1029 4792 in
1057 4741 1362 4808 primordiis
1395 4755 1721 4813 recuperaue
1765 4746 1885 4800 ﬁ:ici

296 4843 454 4892 meae,
486 4837 546 4881 et
573 4844 713 4880 nunc
740 4829 852 4896 ipse
875 4845 1241 4894 commoveor,
1273 4849 1374 4888 non
1399 4848 1577 4900 cantu,
1598 4839 1690 4890 sed
1723 4839 1882 4892 rebus

296 4933 414 4986 qua:
446 4930 759 4986 cantantur,
791 4936 910 4974 eum
940 4921 1138 4988 liquida
1186 4937 1316 4977 voce
1365 4936 1419 4980 et
1446 4929 1886 4982 convenientissi-

302 5027 386 5062 ma
435 5011 804 5066 modulatione
853 5021 1159 5078 cantantur,
1192 5031 1434 5085 magnam
1472 5019 1698 5073 instituti
1732 5020 1888 5089 hujus

297 5104 594 5158 utilitatem
618 5119 800 5158 rursus
822 5121 1088 5173 agnosco;
1111 5108 1180 5159 ita
1205 5107 1401 5162 ﬂuctuo
1429 5109 1566 5164 inter
1594 5114 1886 5180 periculum

301 5196 615 5264 voluptatis,
651 5207 703 5249 et
745 5199 1171 5262 experimentum
1219 5199 1573 5268 salubritatis,
1621 5207 1892 5272 magisque

294 5288 580 5350 adducor,
633 5303 736 5340 non
797 5290 1010 5358 quidem
1069 5291 1511 5346 irretractabilem
1573 5300 1889 5351 sententiain

294 5380 608 5448 proferens,
628 5383 877 5433 cantandi
908 5384 1356 5435 consuetudinem
1387 5385 1682 5451 approbare
1713 5388 1764 5440 in
1791 5389 1892 5442 Ec-

293 5470 492 5534 clesia,
521 5483 575 5524 ut
604 5487 695 5540 per
715 5474 1110 5528 oblectamenta
1151 5477 1356 5529 aurium
1391 5475 1654 5532 infirmior
1681 5482 1890 5536 animus

301 5564 359 5619 in
391 5564 646 5618 affectum
683 5565 894 5632 pietatis
923 5578 1197 5637 assurgat:
1233 5577 1410 5622 tamen
1439 5583 1560 5623 cum
1595 5573 1722 5626 mihi
1754 5575 1889 5627 acci~

298 5656 379 5709 dit
409 5665 470 5709 ut
496 5671 585 5710 me
608 5656 838 5725 amplius
878 5668 1066 5712 cantus
1105 5676 1261 5726 quam
1293 5675 1380 5715 res
1406 5677 1524 5732 qua:
1549 5664 1757 5717 canitur
1780 5681 1893 5720 mo-

298 5759 447 5811 veat,
484 5750 766 5817 pmnaliter
796 5766 880 5804 me
901 5766 1121 5818 peccare
1141 5752 1416 5821 confiteor,
1447 5765 1500 5809 et
1534 5766 1655 5811 tunc
1679 5760 1890 5814 mallem

301 5856 412 5896 non
444 5841 630 5897 audire
672 5851 997 5900 cantantem.
1032 5845 1171 5903 Ecce
1198 5848 1287 5903 ubi
1332 5862 1478 5919 sum,
1505 5849 1628 5908 ﬂete
1658 5867 1892 5923 mecum,

1997 4654 2409 4708 innumerabilia
2433 4655 2594 4709 variis
2626 4656 2829 4710 artibus
2857 4667 2910 4712 et
2944 4658 3190 4726 Opificiis,
3223 4661 3276 4716 in
3309 4667 3574 4731 vestibus,

1992 4747 2378 4815 calciamentis,
2427 4749 2568 4803 vasis
2610 4759 2663 4802 et
2695 4749 3064 4819 hujuscemodi
3109 4752 3573 4824 fabricntionibus,

1998 4841 2216 4908 picturis
2260 4845 2418 4895 etiam
2452 4843 2785 4910 diversisque
2815 4843 3100 4912 figmentis,
3132 4855 3290 4916 atque
3323 4847 3404 4904 his
3428 4865 3578 4906 usom

1996 4932 2356 4985 necessarium
2392 4942 2550 5000 atque
2603 4934 2899 4986 modestum
2947 4943 3000 4986 et
3050 4937 3187 5002 piam
3231 4941 3576 5006 signiﬁcatio-

1997 5039 2116 5075 nem
2146 5023 2301 5092 longe
2336 5022 2872 5092 transgredientibus,
2906 5024 3486 5085 addideruntltomines
3511 5033 3576 5085 ad

1998 5115 2281 5170 illecebras
2321 5115 2595 5168 oculorum
2621 5155 2638 5182 ,
2663 5115 2804 5170 foras
2836 5129 3123 5184 sequentes
3163 5124 3301 5188 quod
3339 5121 3530 5176 faciunt
3559 5166 3574 5188 ,

1997 5210 2140 5260 intus
2163 5207 2529 5275 relinquentes
2559 5222 2587 5259 a
2619 5221 2724 5276 quo
2753 5207 2878 5261 facti
2905 5217 3052 5273 sunt,
3078 5219 3133 5264 et
3155 5190 3576 5267 caterininantes

1997 5298 2134 5364 quod
2165 5297 2285 5353 facti
2315 5298 2474 5354 sunt!
2503 5301 2566 5351 At
2589 5314 2710 5366 ego,
2735 5298 2873 5353 Deus
2906 5315 3076 5365 meus,
3109 5312 3160 5354 et
3182 5302 3343 5357 decus
3374 5321 3573 5372 meum,

1994 5390 2155 5442 etiam
2209 5389 2330 5441 hinc
2379 5389 2471 5443 tibi
2504 5390 2625 5444 dico
2658 5393 2935 5460 hymnum,
2979 5402 3033 5447 et
3071 5395 3315 5446 sacriﬁco
3363 5395 3572 5454 laudent

1994 5480 2340 5534 sacriﬁcaturi
2399 5496 2540 5535 meo.
2573 5482 2740 5549 Quam
2799 5483 3016 5550 pulchra
3063 5483 3282 5551 trajecta
3323 5502 3416 5554 per
3461 5494 3572 5544 ani-

1997 5588 2111 5626 mas
2143 5573 2196 5626 in
2228 5589 2416 5626 manus
2457 5575 2793 5639 artiliciosas,
2825 5574 2893 5628 ab
2935 5576 3023 5628 illa
3057 5577 3456 5643 pulchritudine
3486 5600 3576 5637 ve-

1997 5666 2168 5734 niunt,
2199 5683 2316 5735 quae
2337 5682 2498 5736 soper
2521 5669 2728 5720 animas
2749 5677 2848 5730 est,
2881 5667 2966 5719 cui
2998 5669 3230 5736 suspirat
3254 5675 3432 5728 anima
3455 5693 3573 5735 mea

1995 5761 2083 5814 die
2113 5776 2174 5814 ac
2205 5769 2398 5825 nocte;
2434 5761 2524 5814 sed
2549 5759 2997 5827 pulchritudinmn
3026 5763 3356 5820 exteriorum
3383 5785 3570 5840 Opera.

1999 5866 2141 5914 tores
2168 5863 2221 5912 et
2245 5863 2538 5911 sectatores
2578 5853 2700 5912 inde
2729 5855 2948 5912 trahunt
2976 5856 3306 5929 approbandi
3334 5865 3567 5932 modum,
