3956 6180
436 302 540 357 εδδ

1533 298 1594 354 D.
1632 294 1951 355 EUGYPPII
1991 294 2283 352 ABBA'I'IS
2311 291 2631 349 AFRICANI

3594 292 3691 348 €8l

435 430 543 471 non
569 423 749 469 autem
780 413 906 469 inde
929 413 1146 468 trahunt
1174 413 1355 469 utendi
1385 414 1601 468 modum
1628 431 1643 479 ;
1676 423 1730 468 et
1756 413 1831 467 ibi
1854 419 1939 468 est
1960 418 2016 467 et
2036 416 2094 473 -Α
2118 408 2222 478 piis
2243 407 2507 462 tradidisti
2537 406 2693 459 enin!
2719 404 3001 471 Quomodo
3022 405 3214 460 amasti
3239 421 3357 473 nos,
3391 421 3489 477 pro
3510 408 3697 477 quibus

433 524 543 565 non
571 508 752 563 vident
776 522 922 574 eum,
953 518 1136 562 utnon
1157 518 1282 562 eant
1309 507 1536 576 longius,
1564 517 1617 562 et
1644 505 2012 561 fortitudinem

435 618 589 658 suam
621 602 687 655 ad
732 610 785 656 te
823 599 1148 661 custodiant,
1200 614 1298 654 nec
1338 610 1458 651 eam
1504 606 1757 666 spargant
1794 596 1848 651 in
1880 597 2016 651 deli-

430 694 607 748 ciosas
647 690 1011 745 lassitudines.
1063 689 1172 757 Ego
1202 701 1379 742 autem
1430 688 1545 743 haec
1576 670 1802 763 loqueris
1848 697 2012 755 atque

431 785 765 849 discernens,
816 783 977 841 etiam
1023 782 1141 836 istis
1190 780 1426 850 pulchris
1471 795 1716 851 gressum
1767 780 2012 843 innecte;

434 877 529 932 sed
562 887 617 931 tu
646 876 868 937 evellis,
902 875 1147 939 Domine,
1194 874 1380 929 evellis
1420 883 1499 939 tu,
1523 874 1775 943 quoniam
1805 868 2015 927 miseri-

430 970 614 1024 cordia
645 977 736 1023 tua
758 978 883 1022 ante
902 968 1088 1023 oculos
1110 980 1260 1020 meos
1288 974 1389 1020 est.

956 1098 959 1101 λ
998 1099 1222 1156 CAPUT
1256 1099 1366 1156 νη.

442 1217 544 1288 ιο
575 1215 647 1269 De
670 1223 992 1288 sacramento
1015 1212 1307 1288 mediatoris
1334 1212 1403 1288 ad
1434 1211 1784 1288 purgationem
1815 1211 2017 1263 anima-

509 1283 653 1349 rum;
683 1301 743 1337 ea:
763 1288 935 1339 eodem
959 1285 1085 1337 libro
1112 1299 1139 1337 ι
1169 1283 1579 1350 confessionum,
1608 1283 1738 1334 inter
1759 1291 1941 1334 cratera
1969 1291 2017 1332 et

505 1360 572 1408 ad
602 1356 795 1408 locant.

505 1472 584 1526 Tu
615 1486 673 1527 es
704 1472 902 1523 veritus
942 1483 1104 1536 super
1128 1467 1308 1520 omnia
1341 1465 1657 1535 praesidens.
1692 1474 1746 1518 at
1792 1478 1892 1533 ego
1922 1476 2018 1531 per

438 1564 718 1619 avaritiam
733 1577 903 1617 meam
924 1576 1029 1615 nou
1055 1560 1305 1615 amittere
1332 1568 1382 1614 te
1399 1558 1661 1622 volui,sed
1676 1556 1820 1612 volui
1839 1566 2016 1611 tecum

402 1680 405 1683 λ
438 1654 714 1722 possidere
734 1651 1067 1706 mendacium
1099 1651 1445 1705 :sicutnemo
1461 1649 1572 1703 vult
1601 1649 1670 1702 ita
1707 1647 1897 1702 falsum
1930 1646 2015 1701 di-

437 1761 582 1808 cere,
614 1754 668 1799 ut
699 1742 902 1798 nesciat
928 1745 1042 1810 ipse
1066 1742 1188 1811 quid
1221 1756 1403 1796 verum
1433 1738 1521 1793 sit.
1552 1740 1733 1803 Itaque
1757 1739 1911 1791 amisi
1941 1746 2012 1800 te,

438 1838 559 1907 quia
587 1852 690 1888 non
717 1834 957 1904 dignaris
982 1848 1103 1887 cum
1128 1831 1404 1885 mendacio
1430 1827 1714 1897 possideri.
1742 1828 1911 1894 Quem
1935 1828 2013 1879 in-

437 1927 678 1980 venirem
707 1925 797 1994 qui
827 1940 911 1978 me
942 1923 1311 1977 reconciliaret
1349 1921 1485 1974 tibi?
1512 1920 1854 1975 atnbiendum
1888 1918 2014 1973 mihi

444 2018 541 2072 fuit
562 2019 627 2071 ad
650 2017 902 2084 angelos?
923 2031 1026 2085 qua
1057 2014 1442 2084 prece,quibus
1464 2012 1847 2068 sacramentis?
1867 2013 2017 2068 Multi

439 2118 698 2164 conantes
726 2108 791 2161 ad
826 2116 876 2162 te
920 2107 1120 2171 redire,
1156 2121 1328 2175 neque
1369 2121 1465 2174 per
1496 2107 1704 2175 seipsos
1754 2106 2015 2172 valentes,

438 2199 577 2253 sicut
597 2197 774 2262 audio,
802 2205 1140 2250 tentaveruut
1165 2197 1298 2261 haec,
1322 2208 1376 2250 et
1407 2196 1707 2250 inciderunt
1732 2197 1784 2250 in
1808 2196 2018 2251 deside-

440 2290 578 2344 rium
606 2287 939 2343 curiosarurn
970 2286 1255 2354 visionum,
1286 2295 1341 2341 et
1378 2285 1527 2357 digni
1560 2287 1722 2340 habiti
1754 2296 1880 2341 sunt
1902 2287 2021 2341 illu-

439 2380 701 2434 siouibus.
754 2381 889 2434 Elati
919 2380 1059 2435 enim
1115 2388 1165 2433 te
1196 2380 1508 2447 quaerebant
1555 2379 1813 2433 doctrina:
1856 2377 2015 2444 fastu,

441 2481 725 2527 exerentes
755 2471 930 2540 potius
952 2485 1109 2540 quam
1142 2471 1428 2523 tundentes
1451 2479 1690 2540 pectora,
1713 2478 1766 2522 et
1787 2468 2021 2525 adduxe-

444 2572 568 2617 runt
597 2562 696 2616 sibi
731 2576 825 2630 per
853 2561 1253 2615 similitudinem
1284 2561 1462 2615 cordis
1517 2558 1601 2614 sui
1650 2558 2020 2629 conspirantes

441 2666 496 2708 et
544 2656 718 2709 socias
765 2654 1034 2721 superbiae
1081 2666 1193 2706 sua:
1252 2662 1543 2719 pote-states
1594 2653 1735 2705 aeris
1765 2650 1944 2721 hujus,
1990 2666 2021 2708 a

442 2745 632 2815 quibus
667 2760 759 2812 per
782 2744 1044 2813 potentias
1074 2742 1306 2813 magicas
1330 2741 1706 2811 deciperentur
1733 2760 1746 2797 :
1776 2759 2025 2813 quaaren-

442 2848 524 2890 tes
551 2833 919 2900 mediatorem,
950 2848 1044 2903 per
1064 2850 1222 2905 quem
1255 2846 1630 2904 purgarentur,
1654 2846 1707 2890 et
1740 2851 1843 2889 non
1867 2844 2020 2905 erat;

442 2926 686 2983 diabolus
702 2929 844 2983 enim
868 2937 983 2983 erat
1005 2929 1393 2997 trausligurans
1418 2943 1477 2983 se
1503 2926 1554 2981 in
1585 2928 1835 3000 angelum
1867 2929 2021 2996 lucis,

445 3032 500 3077 et
547 3023 770 3076 multum
822 3022 992 3077 illexit
1035 3023 1320 3091 superbam
1364 3036 1602 3085 carnem,
1650 3022 1793 3091 quod
1825 3036 2023 3076 carneo

443 3126 668 3181 corpore
702 3110 814 3181 ipse
846 3127 950 3165 non
974 3121 1138 3167 esset.
1175 3110 1344 3166 Erant
1383 3112 1527 3165 enim
1571 3112 1649 3165 illi
1695 3112 1947 3167 mortales
1968 3122 2024 3167 et
2051 3146 2097 3208 ο
2128 3110 2246 3201 (ἕως
2268 3110 2611 3200 mediam.“
2636 3146 2773 3216 eius.

446 3203 863 3273 peccatores.Tu
880 3213 1079 3268 autem,
1100 3205 1430 3272 Dnmine,cui
1444 3205 1778 3261 reconciliari
1793 3206 2025 3275 superbe

445 3293 777 3361 qurerebant,
804 3295 1123 3349 immortalis
1148 3303 1203 3350 et
1228 3295 1347 3349 sine
1374 3308 1614 3364 peccato.
1641 3296 1899 3352 Mediator
1938 3299 2020 3353 in-

446 3392 529 3439 ter
562 3382 724 3438 Deum
757 3395 809 3438 et
841 3383 1115 3451 homines,
1145 3386 1426 3454 oportebat
1454 3397 1509 3439 ut
1548 3388 1768 3443 haberet
1820 3388 2023 3459 aliquid

446 3473 623 3527 simile
683 3474 811 3539 Deo,
838 3474 1035 3543 aliquid
1066 3474 1239 3529 simile
1268 3475 1592 3546 hominibus,
1626 3494 1693 3533 ne
1719 3479 1770 3534 in
1800 3488 2025 3551 utroque

448 3564 752 3619 hominibus
781 3566 971 3619 similis
1001 3566 1157 3635 longe
1185 3577 1329 3621 esset
1358 3582 1387 3621 a
1435 3570 1563 3638 lteo,
1597 3582 1685 3623 aut
1714 3570 1767 3624 in
1800 3583 2026 3641 utroque

445 3655 636 3710 similis
660 3655 769 3710 Deo
794 3657 946 3725 longe
967 3666 1111 3711 esset
1134 3658 1200 3711 ab
1227 3658 1548 3726 hominibus,
1574 3671 1735 3731 atque
1764 3665 2025 3721 mediator

451 3765 555 3803 non
606 3757 768 3803 esset.
804 3747 984 3803 Fallax
1024 3751 1200 3820 itaque
1240 3751 1328 3805 ille
1359 3751 1642 3815 mediator,
1673 3769 1777 3823 quo
1807 3771 1900 3824 per
1940 3771 2027 3811 se-

448 3849 592 3896 creta
633 3840 831 3910 judicia
884 3850 969 3894 tua
1013 3843 1258 3911 superbia
1304 3858 1598 3898 mereretur
1629 3847 1812 3912 illudi,
1862 3863 2024 3902 unum

450 3949 570 3989 cum
602 3934 907 3989 hominibus
938 3934 1115 4000 habet,
1147 3936 1197 3989 id
1228 3946 1312 3991 est
1342 3948 1615 4005 peccaturo
1643 3956 1655 3991 :
1681 3938 1825 3993 aliud
1856 3941 2026 3997 videri

447 4030 557 4083 vult
585 4028 781 4083 habere
806 4043 927 4082 cum
962 4029 1089 4095 Deo,
1123 4039 1180 4082 ut
1207 4030 1326 4096 quia
1348 4031 1528 4085 carnis
1564 4033 1890 4087 mortalitate
1919 4050 2025 4089 non

448 4119 666 4189 tegitur,
698 4134 794 4188 pro
824 4119 1110 4173 immortali
1141 4134 1200 4174 se
1229 4129 1484 4175 ostentet.
1527 4122 1630 4177 Sed
1661 4123 1783 4192 quia
1825 4124 2030 4193 stipen-

446 4214 592 4269 dium
619 4214 818 4282 peccati
844 4228 988 4267 mors
1011 4222 1113 4275 est,
1150 4214 1251 4268 hoc
1282 4212 1443 4269 habet
1471 4231 1759 4271 commune
1786 4232 1908 4272 cum
1933 4219 2031 4273 ho-

448 4304 698 4369 minibus,
741 4303 879 4357 unde
929 4304 1083 4357 simul
1130 4303 1414 4359 damnetur
1463 4306 1517 4359 in
1566 4317 1818 4361 mortem.
1852 4308 2027 4364 Verax

447 4404 623 4448 autem
650 4394 930 4459 mediator,
957 4409 1115 4463 quem
1152 4407 1358 4449 secreta
1392 4405 1478 4450 tua
1532 4400 1902 4458 misericordia
1933 4403 2030 4456 de-

2114 498 2207 552 ille
2235 512 2341 553 non
2372 498 2612 565 rapinam
2641 496 2929 551 arbitratus
2976 507 3099 551 esse
3127 497 3350 563 aqualis
3374 498 3500 562 tibi,
3533 496 3699 552 lactus

2115 597 2201 644 est
2247 576 2492 643 subditus
2522 600 2689 656 usque
2719 586 2786 640 ad
2836 594 3064 640 mortem
3094 587 3309 640 crucis!
3343 603 3481 641 uitus
3521 587 3612 642 ille
3646 588 3698 642 in

2117 678 2347 732 mortuis
2387 677 2541 740 liber,
2588 684 2905 746 potestatem
2953 675 3158 730 habens
3187 676 3417 743 ponendi
3467 679 3699 733 animam

2116 784 2294 834 suam,
2340 762 2395 823 Bt
2428 776 2748 838 potestatem
2780 767 2983 821 habens
3034 767 3226 820 iterum
3256 768 3501 820 sumendi
3533 784 3651 823 eum
3680 782 3696 832 ;

2116 873 2218 928 pro
2242 859 2399 914 nobis
2424 860 2595 913 vietor
2619 867 2674 911 et
2707 859 2947 919 victima,
2970 868 3027 912 et
3055 857 3178 910 ideo
3206 859 3394 921 victor,
3428 860 3551 928 quia
3582 861 3691 913 vic-

2118 953 2246 1008 tima
2272 970 2288 1018 ;
2317 968 2413 1021 pro
2446 953 2604 1008 nobis
2631 952 2725 1007 tibi
2753 952 3007 1006 sacerdos
3037 962 3093 1005 et
3119 953 3463 1017 sacriticium,
3492 964 3549 1007 et
3580 955 3703 1008 ideo

2117 1044 2397 1110 sacerdos,
2426 1046 2553 1114 quia
2576 1043 2934 1107 sacriﬁcium;
2963 1042 3161 1097 faciens
3194 1042 3286 1096 tibi
3319 1059 3415 1095 nos
3442 1045 3509 1097 de
3533 1046 3703 1099 servis

2120 1137 2279 1205 ﬁlios,
2316 1139 2385 1192 de
2408 1148 2460 1192 te
2489 1137 2778 1201 nascendo,
2813 1136 2969 1190 nobis
2998 1136 3284 1189 serviendo
3308 1136 3323 1190 t
3355 1134 3545 1190 Merito
3574 1136 3701 1190 mihi

2117 1242 2242 1297 spes
2273 1228 2442 1283 valida
2469 1229 2521 1280 in
2554 1228 2645 1279 illo
2669 1236 2756 1281 est
2780 1226 2924 1295 quod
2950 1226 3165 1279 sanabis
3192 1240 3383 1278 omnes
3412 1226 3699 1293 languet-es

2118 1335 2267 1375 meos
2292 1336 2386 1389 per
2412 1334 2535 1374 eum
2556 1320 2650 1388 qui
2689 1317 2844 1384 sedet
2867 1317 2935 1371 ad
2960 1318 3235 1371 dexteram
3262 1326 3430 1381 tuam,
3458 1328 3515 1371 et
3544 1327 3596 1370 te
3618 1318 3701 1372 inv

2118 1412 2371 1485 terpellat
2397 1426 2496 1480 pro
2520 1410 2700 1478 nobis;
2724 1411 2961 1479 alioquin
2988 1409 3354 1479 desperarem.
3382 1410 3533 1465 Multi
3561 1410 3701 1466 enim

2117 1514 2175 1560 et
2193 1504 2377 1574 magni
2412 1515 2539 1558 sunt
2588 1503 2753 1558 iidem
2792 1502 3075 1572 languores
3116 1501 3222 1557 mei
3248 1544 3264 1571 ,
3298 1502 3452 1557 multi
3496 1511 3703 1559 suntet

2121 1596 2322 1665 magni,
2348 1595 2443 1650 sed
2473 1594 2702 1664 amplior
2752 1602 2840 1649 ast
2864 1593 3125 1648 medicina
3154 1603 3269 1647 tua.
3302 1593 3582 1648 Potuimus
3610 1610 3703 1662 pu-

2123 1694 2239 1743 tare
2267 1686 2503 1741 Verbum
2533 1696 2680 1739 tuum
2710 1694 2973 1741 remotum
3001 1698 3124 1737 esse
3143 1699 3171 1735 a
3198 1685 3578 1751 conjunctione
3608 1682 3702 1737 bo-

2044 1777 2093 1840 Β
2121 1780 2303 1843 minis,
2326 1788 2384 1833 et
2407 1779 2705 1845 desperare
2727 1778 2795 1831 de
2824 1777 2999 1840 nobis,
3028 1775 3129 1830 nisi
3155 1791 3284 1830 caro
3323 1775 3495 1843 ﬁeret,
3524 1787 3579 1831 et
3608 1775 3700 1829 ba-

2121 1872 2316 1927 bitaret
2348 1872 2400 1924 in
2436 1871 2614 1924 nobis.

2709 1976 2936 2031 CAPUT
2976 1974 3113 2029 Vill.

2122 2067 2202 2123 De
2239 2069 2416 2123 eodem
2463 2075 2785 2121 socramemo
2804 2065 3088 2190 {tesilg'bro
3132 2079 3185 2118 ix
3227 2066 3288 2117 de
3322 2062 3541 2117 Civitnte
3592 2061 3700 2130 Dei,

2805 2147 2842 2189 ti
2872 2173 2886 2188 .
3002 2173 3017 2188 .

2805 2147 2886 2189 ηι.
2932 2147 3017 2189 15.

2192 2229 2394 2287 Omnes
2422 2228 2694 2293 homines,
2712 2227 2949 2297 quandiu
2977 2226 3231 2281 mortales
3262 2236 3407 2284 sunt.
3421 2226 3581 2281 etiam
3606 2228 3702 2281 sui.

2122 2323 2229 2376 seri
2263 2324 2369 2375 sint
2392 2336 2616 2377 necesse
2637 2330 2754 2386 est;
2781 2319 3103 2389 qttazreudus
3131 2328 3216 2372 est
3234 2319 3465 2382 medius,
3488 2319 3580 2389 qui
3601 2335 3702 2373 null

2127 2414 2308 2469 solum
2360 2414 2539 2478 homo,
2570 2428 2752 2467 verum
2798 2413 2963 2469 etiam
3018 2413 3157 2467 Deus
3207 2412 3275 2466 sit
3303 2456 3318 2479 ,
3356 2424 3414 2465 ut
3464 2412 3704 2467 homines

2123 2520 2190 2562 ea
2221 2507 2434 2563 mortali
2471 2507 2681 2560 miseria
2712 2505 2776 2559 ad
2808 2506 3020 2559 beatam
3051 2504 3515 2560 itnmorta‘eitatem
3547 2505 3701 2574 hujus

2122 2598 2287 2653 medii
2311 2598 2461 2652 beata
2491 2597 2793 2651 mortalitas
2814 2595 3219 2651 interveniendo
3238 2596 3515 2665 perducat.
3532 2596 3699 2663 Quem

2124 2704 2299 2758 neque
2342 2704 2447 2745 non
2476 2690 2592 2743 ﬁeri
2623 2688 2907 2743 mortalem
2937 2689 3252 2757 oportebat,
3286 2702 3459 2757 neque
3500 2702 3706 2757 per-mae

2125 2795 2256 2837 nere
2282 2780 2586 2834 mortalem.
2624 2780 2863 2835 Mortalis
2900 2780 3099 2849 quippe
3130 2778 3300 2833 lactus
3340 2788 3445 2840 est.
3477 2794 3583 2833 non
3624 2779 3707 2833 in-

2127 2874 2337 2929 ﬁrmata
2368 2873 2529 2928 Verbi
2554 2872 2857 2940 divinitate,
2880 2872 2974 2928 sed
2997 2874 3177 2927 carnis
3194 2872 3505 2926 inﬁrmitate
3530 2886 3709 2926 uisca—

2126 2973 2237 3033 pta.
2279 2964 2394 3019 Non
2423 2973 2599 3019 autem
2647 2964 2941 3033 permansit
2983 2964 3037 3018 in
3074 2956 3190 3029 ipsa
3235 2977 3398 3017 carne
3442 2962 3706 3025 mortalis,

2126 3070 2285 3124 quam
2314 3056 2656 3113 resuscitavit
2703 3070 2736 3110 a
2772 3056 3019 3118 mortuis,
3050 3055 3303 3123 quoniam
3332 3055 3447 3121 ipse
3486 3063 3573 3108 est
3604 3054 3711 3108 fru-

2802 3158 2857 3202 ut
2888 3160 2987 3201 nec
3015 3145 3116 3213 ipsi
3160 3154 3379 3212 propter
3403 3158 3541 3211 quos
3571 3143 3712 3197 bbe-

2130 3236 2330 3290 randos
2368 3234 2634 3289 mediator
2672 3234 2897 3291 ell'ectus
2940 3235 3103 3291 estin
3138 3234 3508 3303 perpetuavel
3536 3235 3713 3288 carnis

2133 3338 2307 3383 morte
2327 3334 2694 3385 remanerent.
2717 3326 2948 3382 Proinde
2975 3326 3326 3382 mediatorem
3373 3328 3514 3405 inter
3532 3341 3635 3382 nos
3661 3334 3715 3382 et

2131 3419 2318 3483 Deum,
2344 3427 2399 3474 et
2427 3419 2806 3473 mortalitatem
2833 3419 3029 3475 habere
3050 3418 3284 3486 Oportnit
3313 3427 3715 3485 transeuntem,

2131 3517 2188 3565 et
2216 3508 2594 3565 beatitudinem
2610 3520 3034 3578 permanentem,
3055 3519 3111 3564 ut
3122 3525 3216 3580 per
3226 3509 3368 3578 quod
3384 3512 3714 3565 transith

2135 3609 2352 3672 grueret
2378 3601 2676 3665 morituris,
2710 3611 2766 3655 et
2798 3602 2864 3655 ad
2896 3601 2948 3654 id
2976 3602 3118 3667 quod
3150 3609 3427 3667 permanet
3456 3600 3719 3655 transfer.

2133 3706 2211 3746 ret
2236 3706 2303 3747 ex
2328 3693 2581 3748 mortuis.
2607 3694 2735 3746 lloni
2762 3694 2921 3762 igitur
2947 3693 3121 3761 angeli
3152 3694 3292 3748 inter
3313 3693 3545 3747 miseros
3574 3707 3718 3746 rnor-

2133 3784 2267 3839 tales
2295 3793 2352 3838 et
2382 3783 2568 3838 beatos
2597 3782 2930 3838 immortales
2952 3783 3116 3837 medii
3157 3797 3280 3839 esse
3330 3798 3436 3837 non
3468 3792 3715 3847 possunt.

2133 3877 2254 3943 quia
2287 3874 2386 3944 ipsi
2408 3889 2621 3942 quoque
2646 3884 2702 3928 et
2732 3875 2870 3927 beati
2900 3883 2954 3927 et
2986 3874 3311 3927 immortales
3328 3884 3476 3939 sunt;
3497 3886 3719 3943 possunt

2132 3973 2313 4020 autem
2340 3963 2499 4019 medii
2541 3977 2662 4017 esse
2686 3963 2859 4031 angeli
2888 3965 3035 4029 mali,
3067 3966 3190 4031 quia
3222 3964 3558 4016 immortales
3592 3970 3721 4017 sunt

2133 4066 2257 4106 cum
2286 4052 2412 4119 illis,
2437 4051 2619 4105 miseri
2643 4066 2765 4105 cum
2792 4051 2928 4104 istis.
2957 4051 3050 4105 His
3068 4052 3373 4106 contrarius
3399 4060 3484 4105 est
3511 4051 3718 4106 media-

2135 4143 2454 4206 tor'bonus,
2500 4142 2594 4212 qui
2640 4142 2904 4195 adversus
2946 4156 3135 4197 eorum
3178 4141 3635 4197 immortalitatem
3662 4152 3721 4197 et

2134 4232 2429 4298 miseriam,
2458 4240 2513 4287 et
2538 4233 2783 4286 mortalis
2804 4247 2926 4287 esse
2954 4234 3021 4286 ad
3052 4244 3262 4302 tempus
3292 4233 3482 4299 voluit.
3514 4243 3571 4289 et
3596 4234 3720 4288 ιω.

2135 4330 2221 4378 tus
2251 4322 2305 4377 in
2333 4325 2631 4379 aeternitate
2661 4324 2952 4393 persistere
2987 4325 3178 4391 potuit.
3206 4327 3284 4380 Ac
3310 4326 3386 4380 sic
3415 4342 3511 4380 eos
3540 4338 3597 4380 et
3621 4328 3720 4381 im-

2135 4416 2393 4475 mortales
2418 4418 2761 4487 superbos,et
2790 4419 3014 4472 miseros
3034 4420 3323 4485 noxios,ne
3343 4420 3723 4475 immortalita-

448 4483 755 4537 mouStrasti
810 4484 1118 4549 humilibus,
1163 4494 1215 4537 et
1269 4485 1462 4573 misisti
1512 4498 1568 4540 ut
1617 4484 1736 4557 ejus
1780 4490 2029 4560 extmplo
2059 4521 2111 4582 Ι)
2137 4508 2204 4563 lis
2227 4483 2834 4578 iaculum—seducere,“
2873 4509 2941 4565 ad
2972 4483 3265 4575 mimum;
3308 4520 3360 4564 ει
3385 4527 3499 4565 sua,
3528 4517 3722 4567 manu

448 4578 607 4629 etiam
632 4578 797 4644 ipsum
826 4574 1097 4629 discerent
1119 4567 1500 4643 humilitatem,
1534 4580 1797 4633 mediator
1820 4580 1905 4636 ille
1933 4580 2027 4636 Dei

450 4676 503 4720 et
528 4665 802 4719 hominum
823 4669 983 4719 homo
1012 4667 1039 4722 ,Ι
1047 4682 1170 4721 esus
1192 4665 1438 4722 Christus
1468 4668 1606 4723 inter
1628 4671 1882 4725 mortales
1902 4687 2027 4739 pec-

448 4769 657 4811 catores
697 4767 753 4812 et
795 4762 1149 4819 immortalem
1197 4764 1403 4835 justum
1450 4767 1743 4835 apparuit:
1791 4768 2033 4823 mortalis

452 4866 572 4906 cum
603 4854 925 4923 hominibus,
954 4858 1131 4928 justus
1162 4877 1281 4915 cum
1310 4862 1439 4926 Deo,
1464 4874 1516 4914 ut
1544 4862 1793 4930 quoniam
1825 4863 2030 4931 stipen-

450 4946 595 5000 dium
623 4947 843 5015 justitiaa
872 4952 975 5005 vita
1007 4962 1061 5006 et
1089 4969 1190 5023 pax
1233 4968 1333 5024 est,
1371 4972 1462 5026 per
1489 4955 1754 5027 justitiam
1802 4956 2031 5029 conjun-

451 5048 590 5093 ctam
633 5038 744 5094 De»
786 5054 1069 5097 evacuaret
1115 5060 1341 5101 mortem
1396 5048 1802 5116 iustiﬁcatorum
1833 5049 2031 5119 impio-

452 5148 595 5200 rum,
626 5148 785 5202 quam
814 5150 933 5187 cum
963 5134 1065 5189 illis
1097 5139 1266 5192 voluit
1311 5141 1508 5196 habere
1538 5158 1900 5198 communem.
1934 5144 2034 5199 llic

450 5226 853 5281 demonstratus
897 5230 1238 5298 estantiquis
1266 5234 1488 5298 sanetis,
1519 5235 1678 5291 utdta
1721 5235 1821 5305 ipsi
1852 5254 1945 5307 per
1973 5238 2035 5292 li-

452 5316 574 5373 dem
602 5319 791 5373 lutum:
823 5319 1081 5387 passionis
1109 5319 1245 5391 ejus,
1289 5320 1424 5376 sicut
1460 5339 1558 5378 nos
1590 5342 1685 5394 per
1714 5328 1870 5381 iidem
1903 5344 2035 5396 prte-

453 5411 656 5476 teritze,
698 5410 829 5465 salvi
880 5410 1087 5465 ﬁerent.
1140 5411 1194 5465 In
1234 5423 1486 5481 quantum
1543 5415 1686 5470 enim
1742 5418 1931 5482 homo,
1980 5418 2032 5474 in

452 5507 656 5554 tantum
690 5500 979 5567 mediator;
1030 5500 1082 5554 in
1113 5512 1369 5571 quantum
1418 5513 1593 5558 autem
1628 5504 1883 5574 Verbum,
1925 5524 2030 5564 non

453 5592 682 5650 medius.
716 5592 837 5661 quia
884 5592 1102 5661 aequalis
1135 5593 1262 5661 Deo,
1294 5606 1347 5648 et
1398 5595 1539 5649 Deus
1584 5595 1724 5665 apud
1763 5596 1953 5664 Deum,
1979 5608 2032 5653 et

453 5680 608 5735 simul
640 5696 777 5735 unus
806 5682 965 5737 Deus.
997 5683 1277 5751 Quomodo
1309 5701 1406 5741 nos
1431 5687 1642 5754 amasti,
1676 5680 1836 5740 Pater
1868 5687 2025 5753 bone,

453 5772 544 5841 qui
574 5768 710 5825 Filio
739 5778 828 5826 tuo
850 5774 1005 5829 unico
1028 5791 1130 5833 non
1160 5778 1467 5849 pepercisu,
1499 5777 1593 5835 sed
1616 5792 1714 5851 pro
1745 5777 1899 5834 nobis
1929 5778 2027 5835 im-

2134 4598 2455 4667 humllitate,
2483 4611 2539 4654 et
2563 4616 2676 4655 sua:
2704 4600 3049 4655 beatitudinis
3088 4601 3416 4671 benignitate
3450 4604 3722 4661 destruxit

2135 4690 2189 4745 in
2231 4691 2331 4755 eis,
2375 4706 2603 4760 quorum
2635 4694 2795 4746 corda
2822 4707 2916 4760 per
2947 4691 3106 4747 tidem
3133 4708 3285 4747 suam
3329 4698 3619 4762 inundans,
3648 4697 3720 4748 ab

2136 4782 2346 4837 illorum
2370 4784 2800 4838 immundissima
2847 4784 3217 4841 dominatione
3252 4786 3515 4840 liberavit.
3543 4788 3720 4842 llomo

2136 4875 2316 4944 itaque
2362 4875 2606 4929 mortalis
2653 4886 2707 4929 et
2762 4876 2962 4937 miser,
3008 4879 3281 4943 sejunctas
3329 4880 3484 4947 longe
3511 4880 3581 4931 ab
3623 4880 3724 4931 im-

2139 4960 2457 5015 mOrlalibus
2486 4970 2540 5014 et
2570 4960 2763 5024 beatis,
2795 4961 2922 5029 quid
2960 4962 3127 5030 eligat
3166 4964 3424 5023 medium,
3456 4979 3551 5031 per
3577 4966 3720 5033 quod

2136 5050 2524 5106 immortalitati
2552 5062 2606 5105 et
2648 5051 2961 5105 beatitudini
2993 5053 3317 5120 copuletur?
3358 5055 3511 5118 Quod
3550 5054 3721 5122 possit

2136 5144 2405 5218 delectare
2434 5143 2486 5196 in
2509 5143 2813 5197 daemonum
2858 5143 3263 5198 immortalitate
3308 5145 3561 5199 miserum
3592 5157 3714 5210 est;

2135 5232 2276 5302 quod
2306 5235 2476 5301 possit
2513 5233 2787 5305 olIendere
2815 5234 2867 5287 iu
2899 5233 3096 5288 Christi
3121 5236 3447 5291 mortalitate
3472 5235 3587 5304 jam
3612 5254 3717 5289 non

2135 5333 2237 5379 est.
2263 5325 2337 5379 lbi
2353 5339 2480 5395 ergo
2495 5327 2736 5379 cavenda
2759 5334 2839 5379 est
2861 5324 3078 5378 miseria
3095 5328 3445 5390 sempiterna,
3461 5327 3547 5380 hie
3573 5342 3718 5379 mors

2140 5415 2372 5471 timenda
2395 5432 2501 5471 non
2531 5427 2634 5481 est,
2664 5433 2783 5487 qua:
2804 5431 2925 5471 esse
2954 5433 3058 5470 non
3084 5419 3256 5485 potuit
3285 5418 3636 5487 sempiterna,
3662 5427 3720 5472 et

2135 5506 2409 5564 beatitudo
2436 5510 2662 5563 amanda
2691 5520 2771 5563 est
2802 5510 3153 5577 sempiterna.
3187 5509 3269 5563 Ad
3292 5510 3393 5564 hoc
3434 5524 3493 5564 se
3521 5511 3719 5578 quippe

2136 5600 2426 5669 interponit
2452 5600 2659 5655 medius
2691 5598 3011 5654 immortalis
3038 5610 3093 5654 et
3115 5602 3299 5668 miser,
3330 5611 3385 5654 ut
3407 5603 3470 5654 ad
3503 5600 3719 5655 immer-

2137 5691 2397 5745 talitatem
2430 5689 2639 5745 beatam
2693 5691 2923 5745 transire
2966 5706 3070 5744 non
3116 5692 3278 5759 sinat,
3310 5693 3557 5761 quoniam
3599 5706 3719 5759 per.

2133 5783 2273 5840 sistit
2294 5781 2436 5853 quod
2458 5780 2769 5854 im;edit,id
2793 5792 2893 5853 est,
2914 5783 3025 5852 ipsa
3050 5782 3284 5839 miseria.
3304 5785 3383 5840 Ad
3414 5786 3511 5840 hoc
3538 5794 3716 5839 autem
