3974 6184
237 253 341 309 585

1487 251 1922 312 TIIESAURUS.
1954 251 2104 306 CAP.
2149 252 2236 308 IX.

3415 267 3483 320 δῖκ
3489 268 3521 320 (ι

236 389 294 424 se
356 371 684 440 interposuit
732 371 975 427 mortalis
1021 379 1072 426 et
1125 371 1334 436 beatus,
1388 381 1464 437 ut,
1507 371 1834 426 mortalitate
1866 371 1909 426 A
1942 365 2008 419 ad
2038 367 2305 421 fallendos
2339 369 2582 439 fallaces,
2609 373 2747 428 sicut
2779 376 2830 430 in
2868 376 3173 448 Aigyptios,
3216 389 3271 434 et
3301 379 3351 434 in
3378 383 3515 450 ipsus

238 471 539 529 transacta,
566 474 621 517 et
648 479 713 518 ex
744 466 970 518 mortuis
1001 464 1176 520 facere
1216 466 1572 530 immortales,
1601 465 1744 535 quod
1778 466 1832 518 in

236 567 297 607 se
328 556 664 625 resurgendo
687 558 1024 626 monstravit,
1048 566 1103 611 et
1123 573 1187 612 ex
1219 558 1430 612 miseris
1455 558 1662 624 beatos,
1691 555 1833 612 unde

238 661 519 716 nunquam
549 647 666 718 ipse
692 648 957 703 discessit.
987 651 1139 704 Alius
1168 659 1253 706 est
1297 665 1426 720 ergo
1456 648 1667 705 medius
1716 664 1831 704 ma-

236 739 342 804 lus,
372 740 465 807 qui
493 751 710 809 separat
741 741 963 804 amicos,
995 741 1132 796 alius
1159 742 1352 808 bonus,
1395 743 1483 811 qui
1522 741 1834 796 reconciliat

240 829 515 896 inimicos,
541 839 597 885 et
621 831 742 886 ideo
770 833 921 886 multi
953 841 1079 888 sunt
1109 832 1268 887 medii
1298 841 1638 902 separatores
1664 850 1676 887 :
1709 831 1832 902 quia

242 922 537 976 multitudo
564 937 685 992 quae
717 925 873 977 beata
902 935 1005 988 est,
1031 924 1188 979 unius
1211 924 1304 980 Dei
1337 923 1748 992 participatione
1775 923 1834 978 ﬁt

242 1014 419 1076 beata,
450 1014 606 1081 cujus
633 1015 1056 1083 participationis
1099 1017 1418 1084 privatione,
1450 1017 1645 1071 misera
1686 1014 1830 1069 mul-

243 1101 421 1155 titudo
447 1103 765 1172 angelorum
790 1105 1077 1172 malorum,
1095 1120 1216 1175 quae
1239 1121 1298 1161 se
1322 1107 1544 1175 opponit
1565 1107 1742 1175 potius
1763 1106 1830 1160 ad

244 1192 716 1262 impedimentum,
747 1210 906 1265 quam
935 1196 1231 1265 interponit
1255 1197 1321 1252 ad
1365 1198 1710 1254 beatitudinis
1737 1197 1833 1253 ad-

241 1285 528 1351 jutorium,
571 1294 628 1340 et
659 1288 772 1353 ipsa
816 1288 1212 1344 multitudinem
1267 1290 1531 1360 obstrepit
1574 1291 1832 1360 quodam-

242 1375 426 1439 modo,
460 1390 527 1428 ne
559 1375 728 1444 possit
749 1377 814 1430 ad
845 1377 994 1431 illum
1021 1394 1185 1433 unum
1212 1380 1514 1436 beatificum
1541 1381 1828 1450 perveniri.

238 1465 318 1517 Ad
345 1465 496 1533 quod
541 1475 599 1520 ut
627 1465 1040 1534 perduceremur
1065 1483 1172 1523 non
1203 1468 1407 1535 multis,
1439 1469 1534 1524 sed
1579 1484 1687 1524 uno
1715 1484 1830 1524 me-

239 1558 454 1613 diatore
474 1574 614 1628 opus
632 1570 749 1614 erat
768 1578 781 1613 :
805 1569 859 1614 et
881 1561 982 1616 hoc
999 1575 1064 1616 eo
1087 1561 1226 1630 ipso,
1249 1560 1402 1630 cujus
1425 1559 1832 1629 participatione

239 1650 413 1702 simus
437 1649 605 1715 beati,
636 1651 736 1706 hoc
759 1662 864 1716 est,
883 1652 1062 1707 Verbo
1089 1653 1186 1708 Dei
1219 1667 1324 1707 non
1353 1652 1515 1718 facto,
1545 1666 1644 1721 per
1670 1666 1829 1722 quem

239 1737 376 1793 facta
407 1750 542 1794 sunt
567 1742 783 1796 omnia:
829 1757 927 1798 nec
966 1752 1144 1799 tamen
1183 1743 1254 1798 ob
1284 1743 1385 1797 hoc
1425 1745 1685 1798 mediator
1725 1752 1831 1809 est,

236 1829 359 1897 quia
393 1830 656 1885 Verbum.
691 1832 919 1888 Maxime
963 1835 1175 1890 beatum
1233 1833 1468 1890 Verbum
1507 1835 1662 1904 longe
1691 1843 1775 1890 est
1802 1851 1830 1890 a

238 1921 566 1977 mortalibus
598 1923 832 1988 miseris,
859 1924 953 1980 sed
984 1925 1249 1980 mediator
1279 1941 1374 1996 per
1395 1925 1536 1996 quod
1565 1925 1748 1993 homo,
1766 1941 1832 1982 eo

237 2012 353 2080 ipso
381 2011 574 2081 utique
614 2015 927 2081 ostendens,
961 2015 1029 2070 ad
1067 2014 1218 2070 illum
1250 2030 1356 2071 non
1387 2016 1559 2071 solum
1592 2016 1831 2082 beatum,

237 2109 596 2164 verumetiam
643 2108 944 2164 beatifieum
973 2109 1192 2176 bonum,
1220 2124 1326 2164 non
1368 2120 1623 2180 oportere
1663 2111 1830 2180 qumri

238 2199 371 2252 alios
403 2197 757 2264 mediatores,
791 2214 886 2267 per
906 2213 1041 2268 quos
1067 2199 1393 2254 arbitremur
1424 2200 1579 2254 nobis
1612 2215 1833 2268 perven-

239 2290 396 2342 tiouis
418 2289 626 2358 gradus
648 2303 768 2344 esse
789 2289 1110 2355 moliendos,
1136 2307 1241 2361 qua
1269 2290 1458 2346 beatus
1478 2300 1532 2346 et
1558 2291 1833 2347 beatificus

242 2381 403 2448 Deus,
433 2379 614 2436 factus
646 2381 914 2452 particeps
947 2383 1293 2441 lmmanitatis
1322 2395 1539 2453 nostra),
1578 2398 1832 2454 compen-

239 2471 384 2524 dium
410 2471 646 2541 pvaebuit
664 2474 1043 2541 participanda:
1065 2475 1362 2531 divinitatis
1380 2491 1511 2530 suae.
1534 2479 1632 2548 ιι
1651 2476 1835 2545 Neque

238 2562 380 2616 enim
411 2578 512 2616 nos
539 2576 571 2615 a
594 2564 921 2620 mortalitate
949 2574 1004 2618 et
1027 2565 1240 2621 miseria
1283 2567 1541 2634 liberans,
1573 2569 1640 2622 ad
1665 2582 1833 2636 auge-

239 2653 319 2706 los
349 2653 690 2708 immortales
716 2653 1009 2725 beatosque
1032 2656 1102 2711 ita
1128 2656 1394 2726 perducit,
1421 2667 1480 2711 ut
1500 2673 1686 2713 eorum
1712 2675 1833 2729 par-

240 2745 556 2812 ticipatione
579 2744 738 2798 etiam
768 2760 868 2801 nos
896 2747 1226 2802 immortales
1255 2757 1309 2802 et
1334 2748 1476 2803 beati
1517 2749 1706 2816 simus,
1736 2750 1831 2805 sed

237 2839 303 2890 ad
357 2839 507 2892 illam
552 2837 871 2894 Trinitatem
919 2839 1072 2909 cujus
1096 2848 1152 2895 ct
1201 2840 1376 2911 angeli
1425 2841 1833 2911 participatione

239 2928 382 2982 beati
426 2938 576 2983 sunt.
611 2929 734 2984 Ideo
756 2931 970 3000 quando
999 2930 1050 2984 in
1085 2931 1256 2985 forma
1286 2931 1454 2998 servi,
1483 2942 1541 2986 ut
1570 2931 1833 2988 mediator

239 3030 406 3086 esset,
441 3021 579 3075 infra
611 3023 830 3090 angelos
872 3036 993 3078 esse
1037 3022 1226 3088 voluit,
1255 3022 1307 3078 in
1332 3021 1501 3078 forma
1547 3022 1641 3079 Dei
1669 3037 1830 3092 supra

1938 457 2095 510 etiam
2130 473 2313 525 magos
2348 461 2468 513 data
2508 473 2612 529 est,
2646 476 2701 519 ut
2749 468 3054 537 iniquorum
3107 471 3391 538 spirituum
3433 487 3519 526 sc-

1941 549 2195 604 dnctione
2227 552 2535 609 viderentur
2557 558 2884 623 admirandi,
2925 577 2954 615 a
2998 563 3195 630 quibus
3244 563 3460 629 fiebant,
3493 582 3522 620 a

1939 643 2032 700 Dei
2061 645 2284 701 veritate
2313 648 2599 705 damnandi
2639 670 2652 719 ;
2685 655 2766 708 vel
2808 656 2874 708 ad
2922 657 3289 715 admonendos
3338 662 3523 717 fideles

1939 751 2008 791 ne
2040 735 2144 791 tale
2172 737 2367 807 aliquid
2394 739 2570 796 facere
2599 760 2694 812 pro
2723 761 2914 816 magno
2943 748 3269 818 desiderent,
3303 765 3523 827 propter

1937 828 2078 896 quod
2102 832 2260 884 etiam
2291 832 2444 886 nobis
2466 833 2756 903 Scriptura!
2783 839 3103 894 auctoritate
3131 853 3256 896 sunt
3279 845 3520 912 prodita;

1937 921 2020 974 vel
2046 922 2112 975 ad
2145 924 2533 993 exercendam,
2587 929 2914 993 probandam
2966 934 3522 1006 manifestandamqne

1931 1011 2198 1081 justorum
2231 1015 2561 1082 patientiam.
2602 1019 2786 1088 Neque
2835 1023 2978 1078 enim
3025 1041 3182 1092 parva
3231 1027 3520 1082 visibilium

1939 1103 2318 1160 miraculorum
2345 1108 2600 1175 potentia.
2633 1108 2734 1164 Job
2755 1120 2943 1165 cuneta
2976 1130 3096 1181 qua:
3122 1116 3303 1171 habuit
3324 1117 3522 1182 amisit,

1898 1267 1905 1271 _
1936 1200 1991 1246 et
2019 1193 2175 1258 filius,
2203 1204 2255 1250 et
2286 1195 2452 1264 ipsam
2490 1199 2733 1268 corporis
2765 1203 3069 1257 sanitatem.
3105 1205 3212 1260 Nec
3259 1207 3381 1262 ideo
3429 1225 3523 1278 [ιιι-

1942 1284 2159 1340 tandum
2199 1295 2279 1340 est
2326 1288 2439 1343 istis
2466 1293 2957 1356 transgressorihus
2995 1297 3202 1364 angelis
3239 1298 3304 1351 ad
3338 1310 3521 1352 ιιιιιιιιιι

1935 1379 2137 1433 servire
2191 1380 2325 1436 hanc
2378 1383 2660 1438 visibilium
2720 1402 2898 1441 rerum
2941 1390 3242 1457 matesiam,
3275 1392 3368 1446 sed
3418 1394 3526 1446 Deo

1939 1470 2134 1538 potius,
2178 1485 2204 1522 a
2238 1486 2345 1542 quo
2392 1474 2504 1529 haec
2536 1485 2772 1544 potestas
2816 1479 2994 1546 datur,
3043 1493 3294 1548 quantum
3340 1483 3390 1537 in
3433 1500 3524 1537 su-

1937 1559 2087 1615 blimi
2112 1572 2164 1615 et
2205 1563 2432 1630 Spiritali
2483 1569 2611 1620 sede
2659 1566 3108 1626 incommutabilis
3133 1572 3358 1635 judicat.
3393 1574 3522 1628 Nam

1937 1661 1993 1706 et
2022 1652 2292 1707 damnatis
2326 1654 2519 1724 iniquis
2551 1657 2713 1711 etiam
2748 1659 2798 1712 in
2827 1661 3042 1713 metallo
3082 1663 3250 1715 servit
3279 1678 3436 1732 aqua,
3470 1675 3524 1717 et

1866 1748 1911 1807 Β
1943 1743 2102 1812 ignis,
2162 1755 2214 1800 ct
2269 1755 2432 1813 terra,
2467 1757 2522 1801 ut
2562 1747 2756 1804 faciant
2810 1751 2932 1806 inde
2983 1754 3124 1821 quod
3175 1755 3379 1819 volunt,
3429 1758 3522 1810 sed

1942 1846 2199 1904 quantum
2232 1838 2457 1902 sinitur;
2488 1855 2584 1894 nec
2609 1856 2739 1895 sane
2769 1853 3041 1897 creatures
3074 1844 3152 1898 illi
3187 1846 3312 1900 mali
3348 1849 3523 1918 angeli

1933 1927 2148 1984 dicendi
2180 1939 2323 1996 sunt,
2352 1933 2472 2000 quia
2525 1947 2618 2000 per
2656 1933 2776 1986 illos
2808 1937 2943 2004 magi
2978 1936 3290 1992 resistentes
3327 1941 3525 1994 famulo

1937 2019 2028 2075 Dei
2061 2037 2216 2076 ranas
2243 2032 2295 2077 et
2320 2033 2597 2092 serpentes
2635 2026 2904 2094 fecerunt,
2939 2044 3042 2082 non
3091 2031 3236 2084 enim
3278 2046 3371 2086 eas
3421 2033 3523 2101 ipsi

1934 2121 2274 2165 creaverunt.
2305 2110 2553 2167 Omnium
2579 2115 2776 2183 quippe
2819 2132 3000 2171 rerum
3026 2135 3143 2187 qua:
3170 2122 3522 2188 corporaliter

1936 2201 2322 2272 visibiliterque
2372 2214 2664 2260 nascuntur
2693 2206 2900 2261 occulta
2946 2209 3188 2278 quaedam
3229 2214 3430 2264 semina
3470 2213 3525 2267 in

1935 2290 2054 2345 istis
2092 2287 2366 2361 corporeis
2407 2295 2589 2350 mundi
2642 2296 2799 2366 hujus
2841 2299 3122 2356 elementis
3171 2303 3355 2357 latent.
3405 2306 3521 2360 Alia

1935 2392 2060 2438 sunt
2090 2385 2232 2439 enim
2260 2384 2372 2440 haec
2393 2385 2504 2456 jam
2532 2389 2820 2458 eonspicua
2843 2391 3013 2445 oculis
3045 2394 3264 2456 nOSIris,
3305 2411 3368 2448 es
3417 2395 3524 2449 fru-

1929 2477 2108 2531 etihus
2133 2486 2187 2533 et
2217 2481 2578 2534 animantibus
2599 2498 2613 2546 ;
2638 2482 2739 2536 alia
2767 2498 2896 2538 vero
2928 2483 3014 2536 illa
3042 2486 3249 2539 occulta
3296 2487 3521 2541 istorum

1937 2569 2203 2623 seminum
2233 2569 2458 2626 semina.
2493 2569 2646 2627 Unde
2695 2572 2917 2642 jubente
2963 2574 3218 2632 Creatore
3269 2577 3523 2646 produxit

1940 2675 2076 2726 aqua
2097 2661 2269 2731 prima
2287 2664 2526 2717 natatilia
2542 2673 2596 2718 et
2612 2664 2864 2719 volatilia.
2882 2665 3044 2720 Terra
3064 2676 3239 2721 autem
3260 2670 3423 2737 prima
3438 2671 3520 2723 sui

1944 2753 2160 2822 generis
2179 2756 2418 2824 germina
2438 2763 2492 2810 et
2511 2755 2677 2824 prima
2711 2757 2793 2810 sui
2812 2760 3024 2836 generis
3048 2759 3319 2814 animalia.
3342 2763 3524 2833 Neque

1940 2845 2084 2900 enim
2103 2853 2228 2900 tunc
2247 2846 2298 2900 in
2315 2845 2681 2914 hujuscemodi
2701 2847 2838 2902 fetus
2864 2850 2932 2903 ita
2954 2850 3208 2918 producta
3233 2863 3375 2918 sunt,
3399 2857 3522 2908 utin

1949 2939 2029 2993 eis
2059 2954 2177 3008 quae
2205 2939 2460 3007 producta
2499 2948 2626 2994 sunt
2658 2942 2736 2995 vis
2792 2941 2879 2995 illa
2928 2953 3243 3012 consumpta
3288 2947 3384 3011 sit;
3430 2950 3523 3002 sed

1941 3032 2255 3103 plerumque
2300 3033 2495 3090 desunt
2537 3047 2789 3104 congrua:
2837 3043 3381 3106 temperamentorum
3429 3054 3521 3092 oc-

239 3115 464 3184 angelus
489 3116 705 3170 mansit.
741 3115 883 3171 Idem
914 3117 966 3170 in
1004 3115 1352 3172 inferioribus
1382 3115 1464 3170 via
1488 3115 1631 3180 vitae,
1662 3116 1750 3183 qui
1777 3116 1831 3170 in
1860 3115 1905 3176 C
1937 3125 2183 3181 casiones
2216 3125 2411 3195 quibus
2441 3133 2766 3193 erumpunt,
2790 3133 2846 3180 et
2865 3127 3073 3196 species
3093 3142 3220 3183 suas
3244 3141 3523 3201 peragunt.

240 3206 616 3272 superioribus
661 3207 790 3260 vita.
825 3205 940 3262 Non
969 3208 1113 3261 enim
1164 3222 1349 3262 verum
1389 3205 1640 3276 estquod
1689 3205 1829 3261 idem

242 3297 554 3353 Platonicus
577 3298 650 3352 ait
674 3297 952 3354 Platonem
984 3299 1196 3355 dixisse
1221 3316 1234 3352 :
1266 3298 1453 3353 Nullus
1479 3298 1613 3354 deus
1635 3299 1830 3353 misce-

243 3400 325 3445 tur
354 3391 562 3446 homini
586 3408 600 3457 ;
626 3400 678 3446 et
704 3391 806 3446 hoc
829 3393 1156 3462 praecipuum
1180 3407 1366 3446 eorum
1392 3391 1737 3445 sublimitatis
1759 3391 1833 3444 ait

242 3498 361 3538 esse
403 3484 708 3553 sp~..-eimen,
751 3483 892 3553 quod
944 3483 1089 3538 nulla
1138 3480 1514 3537 attrectatione
1556 3481 1832 3534 hominum

244 3558 706 3628 contaminan'ur.
742 3575 884 3642 Ergo
910 3575 1185 3627 daemones
1219 3571 1572 3627 contaminari
1615 3569 1831 3636 fatetur,

244 3674 295 3719 et
350 3666 481 3720 ideo
523 3680 674 3720 eosa
711 3666 900 3734 quibus
950 3662 1384 3718 contaminamur
1422 3661 1682 3716 mundare
1726 3676 1830 3714 non

245 3767 493 3826 possunt,
527 3770 823 3825 omnesque
853 3753 1111 3810 immundi
1139 3755 1337 3824 pariter
1368 3753 1522 3817 fiunt,
1551 3763 1607 3807 et
1633 3752 1833 3805 diDIIIO-

247 3862 339 3900 nes
384 3847 816 3903 contrectatione
860 3847 1159 3910 hominum,
1191 3854 1246 3901 et
1275 3845 1523 3900 homines
1546 3843 1694 3899 cultu
1726 3842 1831 3898 da:-

247 3954 494 3994 Mllﬂlll.

865 4096 1090 4153 CAPUT
1131 4095 1223 4151 IX.

249 4211 324 4267 De
349 4211 618 4266 miraculis
647 4226 762 4280 qua
790 4211 1002 4282 magicis
1028 4210 1224 4264 artibus
1235 4210 1401 4282 ﬁunt,
1431 4225 1494 4264 ex
1521 4208 1653 4262 libro
1689 4223 1744 4264 ιιι
1775 4209 1836 4263 de

785 4279 1055 4346 Triiuitate,
1084 4297 1199 4351 cap.
1233 4279 1288 4336 7.

328 4397 428 4451 llic
463 4395 621 4450 video
668 4395 792 4465 quid
834 4395 1027 4450 iulirmi
1073 4395 1384 4466 cogitationi
1434 4395 1603 4468 possit
1648 4413 1837 4453 occur-

1939 3216 2077 3271 Ecce
2119 3216 2260 3271 enim
2310 3217 2661 3272 brevissimus
2708 3218 2956 3272 surculus
3004 3235 3187 3274 semen
3236 3230 3347 3283 est;
3403 3239 3523 3276 nam

1935 3305 2321 3362 convenienter
2345 3305 2628 3361 mandatus
2659 3319 2837 3374 terrzc,
2867 3309 3112 3365 arborem
3159 3312 3281 3367 facit
3312 3330 3324 3366 :
3367 3313 3526 3385 hujus

1943 3407 2122 3453 autem
2154 3399 2354 3454 surculi
2384 3399 2634 3455 subtilius
2673 3416 2856 3457 semen
2889 3402 3100 3471 aliquod
3141 3405 3383 3474 ejusdem
3433 3423 3524 3477 ge-

1937 3491 2080 3545 neris
2102 3507 2324 3560 granum
2357 3500 2460 3557 est,
2489 3501 2541 3547 et
2571 3493 2673 3546 huc
2706 3508 2874 3563 usque
2926 3494 3077 3548 nobis
3126 3495 3357 3553 visibile.
3404 3497 3521 3554 Jam

1937 3596 2065 3637 vero
2091 3581 2248 3650 hujus
2277 3583 2437 3637 etiam
2461 3583 2609 3652 grani
2638 3600 2844 3651 semen,
2871 3588 3113 3654 quamvis
3143 3589 3311 3642 oculis
3343 3589 3526 3646 videre

1937 3689 2285 3739 nequeamm,
2360 3675 2567 3730 ratione
2620 3687 2796 3730 tamen
2875 3678 3146 3746 conjicere
3221 3695 3526 3749 possumus,

1937 3765 2059 3834 quia
2093 3766 2189 3819 nisi
2216 3765 2337 3819 talis
2360 3766 2537 3835 aliqua
2569 3767 2647 3820 vis
2674 3777 2817 3821 0558‘.
2846 3767 2896 3822 in
2926 3770 3040 3822 istis
3073 3770 3377 3834 elcment's,
3421 3791 3465 3827 ιιι
3492 3793 3525 3828 ιι

1941 3858 2258 3926 plerumque
2288 3867 2638 3912 nascerentur
2674 3876 2737 3912 ex
2769 3869 2932 3924 terra,
2980 3875 3100 3929 qua:
3140 3860 3212 3914 ibi
3262 3865 3525 3920 seminata

1941 3963 2045 4001 non
2074 3957 2274 4004 essent.
2309 3947 2418 4004 Nec
2444 3949 2695 4003 animalia
2722 3958 2827 4004 tam
2863 3953 3046 4019 tnulta,
3101 3953 3245 4007 nulla
3296 3959 3522 4012 marium

1939 4039 2366 4111 feminarumque
2387 4039 2770 4096 eommixtioue
2793 4044 3150 4110 praecedente,
3167 4047 3281 4100 sive
3295 4047 3345 4102 in
3361 4057 3527 4115 terra,

1936 4134 2051 4188 sive
2095 4134 2147 4188 in
2170 4149 2332 4203 aqua,
2366 4151 2484 4203 qua:
2513 4144 2692 4190 tamen
2725 4146 2996 4203 crescunt,
3038 4148 3092 4192 et
3130 4142 3378 4194 coeundo
3422 4145 3525 4198 alia

1939 4229 2170 4297 pariunt,
2201 4242 2323 4283 cum
2363 4227 2454 4283 illa
2495 4229 2655 4284 nullis
2683 4231 3005 4286 coeuntibus
3051 4234 3364 4302 parentibus
3405 4244 3526 4290 orta

1939 4320 2072 4384 sint;
2096 4328 2151 4374 et
2175 4328 2325 4376 certe
2353 4334 2482 4390 apes
2509 4320 2715 4376 semina
2736 4322 2966 4378 ﬁliorum
2991 4340 3094 4379 non
3121 4327 3368 4380 coeundo
3395 4341 3526 4382 eon-

1941 4409 2165 4478 cipiunt,
2197 4410 2293 4466 sed
2322 4420 2573 4480 tanquam
2603 4426 2786 4481 sparsa
2820 4428 2915 4483 per
2938 4423 3107 4470 terras
3127 4431 3223 4470 ore
3249 4417 3526 4486 colligunt.

245 4503 391 4553 rere,
427 4503 522 4540 cur
547 4487 751 4542 scilicet
775 4485 874 4541 ista
897 4487 1150 4542 miracula
1181 4489 1341 4543 etiam
1377 4488 1598 4558 magicis
1627 4489 1836 4543 artibus
1865 4489 1917 4552 D
1945 4499 2295 4556 lnvisibilium
2327 4503 2468 4557 enim
2494 4504 2763 4559 seminum
2791 4516 3024 4572 creator,
3057 4509 3171 4578 ipse
3203 4485 3420 4565 creator
3444 4523 3530 4564 est

247 4586 405 4634 fiant.
431 4579 564 4634 Nam
594 4589 647 4633 et
680 4578 819 4648 magi
851 4577 1148 4634 Pharaonis
1184 4579 1429 4634 similiter
1458 4589 1736 4650 serpentes
1760 4580 1838 4635 fe-

243 4682 444 4728 cerunt
465 4682 520 4727 et
546 4672 648 4727 alia
679 4672 896 4726 similia.
925 4671 1031 4727 Sed
1064 4681 1120 4728 et
1150 4672 1278 4727 illud
1303 4674 1535 4742 amplius
1557 4683 1642 4728 est
1664 4673 1836 4728 admi-

243 4765 502 4827 randum,
533 4763 803 4833 quomodo
845 4779 1120 4834 magorum
1168 4764 1255 4818 illa
1304 4766 1541 4834 potentia
1564 4780 1683 4833 qua:
1725 4779 1839 4818 ser-

243 4868 440 4928 p:-ntes
488 4858 668 4911 facere
707 4857 897 4926 potuit,
947 4857 1036 4910 ubi
1081 4857 1146 4911 ad
1197 4873 1410 4913 muscas
1454 4857 1840 4912 minutissimas

243 4965 468 5008 ventum
499 4964 607 5018 εει,
628 4952 848 5006 omnino
874 4951 1090 5006 defecit.
1114 4950 1399 5020 Sciniphes
1420 4951 1563 5006 enim
1583 4950 1839 5004 tnuscultc

242 5058 378 5104 sunt
407 5049 765 5112 brevissimae,
791 5062 893 5117 qua
919 5048 1076 5101 tertia
1101 5047 1251 5116 plaga
1274 5047 1535 5115 superbus
1558 5044 1841 5114 IEgyptius

243 5139 478 5209 populus
491 5138 818 5193 caedebatur.
836 5137 908 5191 lbi
926 5145 1070 5191 certe
1084 5136 1393 5191 deﬁcientes
1409 5137 1545 5204 magi
1568 5137 1838 5190 dixerunt:

243 5229 454 5300 Digitus
481 5229 578 5282 Dei
610 5237 695 5285 est
721 5229 840 5282 hoc.
879 5227 1032 5284 Unde
1056 5237 1109 5282 et
1132 5227 1353 5296 intelligi
1385 5226 1561 5289 datur,
1591 5241 1654 5280 ne
1694 5227 1842 5295 ipsos

241 5320 468 5388 quidem
503 5331 935 5388 transgressores
955 5321 1194 5391 angelos,
1229 5329 1283 5374 et
1319 5335 1507 5374 aereas
1527 5329 1836 5388 potestates,

246 5411 298 5464 in
325 5410 674 5465 manifestam
729 5409 858 5483 [Εά.
886 5409 1043 5479 Bern,
1077 5412 1128 5464 in
1157 5410 1316 5464 imam
1351 5408 1527 5478 istam]
1551 5410 1831 5477 caliginem

240 5513 504 5573 tauquam
533 5505 584 5556 in
617 5501 700 5557 sui
731 5505 942 5572 generis
970 5519 1263 5568 carcerem,
1299 5505 1367 5557 ab
1413 5504 1558 5557 illius
1590 5499 1860 5558 sublimis'

241 5597 500 5651 avtherea:
572 5598 815 5662 puritatis
865 5596 1197 5652 habitatione
1244 5597 1514 5662 detrusas,
1569 5613 1660 5664 per
1701 5615 1836 5667 quas

241 5703 467 5755 magica:
511 5699 656 5741 artes
703 5699 944 5758 possunt,
974 5689 1228 5759 quidquid
1260 5699 1504 5760 possunt,
1536 5690 1711 5744 valere
1742 5691 1836 5743 ali-

241 5777 374 5849 quid
401 5779 505 5836 nisi
539 5779 663 5832 data
697 5779 928 5848 desuper
978 5791 1262 5865 potestate.
1315 5782 1476 5839 Datur
1520 5791 1698 5842 autem
1751 5784 1835 5841 vel

489 5875 765 5938 ΡΑτιιοι..
818 5875 1026 5940 LXII."

1945 4593 2185 4648 omnium
2218 4607 2424 4648 rerum.
2453 4593 2719 4660 Quoniam
2753 4612 3095 4667 quarcunque
3145 4600 3418 4654 nascendo
3463 4601 3530 4653 ad

1944 4682 2133 4738 oculos
2166 4692 2383 4738 nostros
2414 4694 2636 4750 exeunt,
2664 4695 2720 4741 et
2756 4701 2822 4742 ex
2850 4688 3074 4743 occultis
3103 4690 3399 4746 seminibus
3439 4707 3531 4746 ac-

1946 4775 2151 4844 cipiunt
2205 4776 2582 4846 progrediendi
2628 4779 2943 4848 primordia,
2974 4791 3027 4836 et
3055 4782 3388 4840 incrementa
3436 4786 3532 4840 de-

1946 4865 2070 4920 bitae
2085 4866 2492 4935 magnitudinis,
2510 4867 2990 4939 distinctionesque
3007 4871 3324 4942 formarum,
3344 4874 3532 4930 abori-

1947 4960 2212 5030 ginalibus
2244 4971 2495 5031 tanquam
2542 4963 2741 5032 regulis
2785 4975 3024 5020 sumunt.
3057 4966 3214 5023 Sicut
3256 4984 3388 5036 ergo
3434 4988 3533 5026 nec

1947 5061 2197 5120 parentes
2226 5052 2456 5108 dicimus
2485 5062 2758 5110 creatores
2789 5055 3094 5124 hominum,
3129 5075 3229 5115 nec
3265 5062 3532 5128 agricolas

1944 5156 2221 5200 creatures
2248 5145 2483 5215 frugum,
2514 5149 2758 5214 quamvis
2785 5164 2974 5204 eorum
3005 5152 3346 5207 extrinsecus
3375 5153 3530 5206 adhi—

1946 5234 2070 5288 bitis
2102 5235 2332 5288 motibus
2362 5234 2458 5288 ista
2492 5238 2719 5294 creanda
2756 5239 2848 5294 Dei
2882 5240 3051 5294 virtus
3083 5241 3306 5295 interius
3333 5255 3528 5309 opere-

1946 5334 2065 5389 tur;
2094 5327 2161 5376 ita
2196 5340 2300 5378 non
2333 5326 2505 5380 solum
2541 5329 2730 5392 malos,
2763 5331 2856 5384 sed
2889 5347 2988 5385 nec
3017 5333 3188 5387 bonos
3209 5333 3427 5401 angelos
3451 5333 3529 5384 fas

1944 5425 2026 5471 est
2055 5426 2243 5485 putare
2268 5429 2562 5485 creatures,
2595 5421 2639 5476 si
2666 5436 2765 5490 pro
2796 5423 3092 5477 subtilitate
3143 5423 3226 5477 sui
3257 5438 3451 5478 sensus
3477 5437 3530 5476 et

1944 5510 2190 5577 corporis
2220 5511 2426 5566 semina
2461 5529 2637 5567 rerum
2673 5515 2896 5568 istarum
2929 5516 3084 5570 nobis
3105 5515 3396 5568 occultiora
3433 5532 3528 5568 no-

1945 5612 2159 5666 verunt,
2189 5612 2243 5656 et
2267 5618 2327 5657 ea
2363 5619 2456 5671 per
2484 5621 2748 5674 congruas
2778 5606 3198 5673 temperationes
3234 5606 3528 5662 elemento~

1946 5707 2061 5746 rum
2093 5693 2319 5748 latenter
2342 5705 2620 5765 spargunt,
2644 5706 2804 5763 atque
2836 5696 2905 5748 ita
2937 5695 3321 5766 gignendarum
3348 5714 3527 5756 rerum

1945 5796 2000 5845 et
2028 5801 2135 5844 acet
2157 5787 2498 5846 lerandorum
2534 5788 2985 5847 incrementorum
3014 5789 3256 5861 prmbent
3279 5795 3524 5853 occasio-

3039 5885 3114 5948 19
