3956 6180
479 279 578 334 587

1554 275 1612 327 D.
1658 270 1976 327 ιῖιεαγιψιι
2017 272 2306 328 ΛΒΙὶΛΤΙΒ
2345 272 2662 330 ΑιτιιιεΑΝι
3627 273 3725 328 588

476 402 590 444 nes.
623 383 727 443 Sed
758 401 855 441 nec
883 383 1007 440 boni
1030 381 1167 450 bmc,
1193 382 1291 437 nisi
1314 392 1567 452 quantum
1597 382 1730 433 tiens
1752 381 1920 448 jubet,
1950 396 2045 435 nec
2076 387 2123 442 Α
2153 383 2265 438 illas
2292 383 2367 437 sic
2395 384 2591 453 posuit,
2622 384 2724 438 dici
2758 388 2858 438 non
2898 392 3070 453 petest
3112 390 3325 438 creator
3373 382 3622 438 colorum
3677 388 3727 439 in

476 478 605 534 mali
652 477 766 532 hinc
794 476 986 546 injuste
1018 474 1241 540 faciunt,
1290 472 1390 527 nisi
1437 481 1690 540 quantum
1737 470 1877 538 juste
1932 470 2045 536 ipse

477 568 769 641 permittit;
801 584 921 624 nam
959 568 1123 636 iniqui
1168 564 1365 619 malitia
1398 564 1723 618 voluntatem
1766 577 1913 615 suam
1948 562 2041 613 ha—

476 659 603 716 bent
630 658 907 730 injustam,
939 666 1260 728 potestatem
1291 665 1467 709 autem
1507 670 1611 709 non
1645 654 1744 708 nisi
1771 654 1912 723 juste
1957 668 2045 707 ac-

471 748 698 819 cipiunt,
729 749 842 804 sive
875 747 938 801 ad
969 761 1180 817 pinnam
1225 759 1411 812 suam,
1442 745 1553 800 sive
1583 743 1646 798 ad
1683 745 1929 810 aliorum,
1961 742 2043 797 vel

436 842 449 851 ί
472 857 685 913 pmnam
718 841 1002 909 malorum,
1034 839 1119 896 vel
1147 838 1360 894 laudem
1383 839 1667 893 bonorum.
1695 838 1876 908 Itaque
1903 837 2046 906 Apo-

471 934 641 989 stolus
675 929 987 988 discernens
1018 931 1243 987 interius
1264 930 1430 985 Deum
1452 938 1722 986 creantem
1753 939 1912 999 atque
1938 928 2047 983 for-

474 1035 706 1082 mantem
744 1025 809 1081 ab
839 1023 1092 1094 operibus
1132 1030 1390 1078 creatura:
1421 1036 1540 1092 qure
1569 1022 1924 1076 admoventur
1950 1034 2046 1075 ex-

476 1118 763 1183 trinsecus,
799 1114 941 1170 etde
970 1112 1292 1183 agricultura
1332 1111 1735 1168 similitudinem
1767 1125 2045 1166 assumens

471 1211 584 1261 ait:
616 1207 727 1278 Ego
750 1204 1005 1275 plautavi,
1040 1203 1233 1274 Apollo
1268 1203 1482 1274 rigavit,
1524 1203 1618 1258 sed
1670 1202 1811 1258 Deus
1864 1204 2042 1257 incre-

476 1309 712 1354 mentum
743 1298 909 1353 dedit.
940 1295 1092 1353 Sicut
1116 1310 1243 1366 ergo
1280 1295 1332 1349 in
1363 1294 1475 1364 ipsa
1506 1294 1610 1348 vita
1661 1304 1842 1348 nostra
1896 1309 2043 1348 men-

473 1401 575 1443 tem
603 1387 944 1458 justiticando
972 1387 1204 1441 formare
1226 1400 1331 1439 non
1360 1392 1559 1455 petest,
1586 1384 1687 1438 nisi
1721 1383 1881 1450 Deus,
1908 1399 2045 1454 pra:-

470 1483 650 1535 ilirare
704 1488 879 1533 autem
915 1478 1247 1534 extrinsecus
1277 1476 1645 1545 Evangelium,
1698 1485 1754 1530 et
1800 1475 2041 1530 homines

471 1582 715 1641 possunt,
766 1585 868 1624 non
919 1569 1090 1623 solum
1133 1567 1255 1623 boni
1288 1580 1384 1637 per
1410 1566 1712 1635 veritatem,
1744 1566 1835 1621 sed
1884 1567 2042 1619 etiam

470 1663 592 1717 mali
619 1678 710 1733 per
734 1662 1091 1726 occasionem,
1117 1661 1184 1715 ita
1206 1660 1532 1714 creationem
1560 1671 1736 1713 rerum
1760 1656 2042 1712 visibilium

2146 478 2294 546 agnis
2322 486 2373 531 et
2415 479 2465 532 in
2499 477 2688 539 liredis,
2745 491 2842 533 nec
2892 476 3021 547 ipste
3068 487 3294 531 matrum
3346 476 3561 542 animae,
3609 493 3729 548 quae

2146 576 2457 639 conceptam
2485 586 2578 639 per
2606 570 2788 626 oculos
2812 569 3053 638 corporis
3086 569 3419 639 phantasiam
3455 568 3730 624 varietatis

2154 661 2451 714 seminibus
2478 676 2637 715 carne
2659 661 2933 730 conceptis
2964 670 3219 729 quantum
3245 672 3433 715 natura
3460 675 3624 731 passa
3650 672 3731 716 est

2147 764 2519 823 asperserunt,
2561 753 2731 809 multo
2761 752 2936 808 minus
2983 754 3088 809 dici
3122 766 3279 823 posse
3311 768 3563 808 ranarum
3611 769 3731 809 ser-

2147 846 2491 916 pentiumque
2520 854 2788 901 creatores
2817 844 3038 916 angelos
3065 844 3253 914 malos,
3286 858 3383 915 per
3426 858 3561 914 quos
3591 845 3732 913 magi

2144 936 2440 992 Pharaonis
2469 944 2592 991 tunc
2616 934 2702 989 illa
2735 934 2996 990 fecerunt.

2768 1084 3002 1142 CAPUT
3040 1084 3110 1139 Χ.

2148 1194 2226 1250 De
2268 1195 2436 1267 causis
2465 1193 2802 1267 originalibus
2848 1203 3199 1267 creaturarum
3227 1196 3565 1267 naturalium,
3599 1214 3729 1267 quas

2181 1264 2594 1339 mundoCreotor
2604 1266 2837 1327 inseruit,
2852 1266 3060 1319 exlibro
3081 1280 3137 1319 ut
3158 1266 3223 1320 de
3244 1265 3514 1333 Trinitate,
3534 1264 3621 1321 tit.
3638 1273 3690 1321 8.

2217 1375 2323 1431 Sed
2362 1376 2430 1431 de
2471 1376 2789 1431 animalibus
2832 1378 2980 1447 quasi
3034 1377 3243 1432 diversa
3294 1379 3431 1431 ratio
3480 1390 3724 1442 moveat,

2148 1467 2288 1537 quod
2316 1466 2513 1523 habent
2543 1467 2788 1538 spiritum
2816 1470 2940 1523 vita:
2962 1482 3080 1523 cum
3104 1483 3265 1523 sensu
3288 1460 3575 1538 appetendi
3608 1485 3728 1539 quae

2149 1561 2441 1615 secundum
2471 1572 2713 1615 naturam
2739 1569 2885 1629 sunt,
2914 1560 3220 1631 vitandique
3241 1562 3531 1627 contraria,
3563 1562 3728 1616 etiam

2150 1652 2252 1707 hoc
2294 1660 2376 1705 est
2420 1651 2621 1715 videre,
2648 1664 2803 1721 quam
2854 1650 3007 1706 multi
3059 1650 3299 1705 homines
3356 1652 3609 1706 noverint
3660 1668 3727 1707 ex

471 1726 858 1809 Deus'interius
884 1762 1153 1823 operatur,
1178 1750 1467 1806 exteriores
1506 1757 1681 1804 autem
1710 1747 2046 1817 operationes
2153 1741 2347 1812 quibus
2376 1741 2557 1796 herbis
2592 1752 2683 1795 aut
2711 1739 2981 1805 carnibus,
3026 1748 3119 1794 aut
3163 1754 3607 1810 quarumcunque
3646 1757 3729 1796 res

469 1850 582 1905 sive
631 1850 913 1915 bonorum,
945 1846 1058 1899 sive
1108 1843 1392 1906 malorum,
1440 1842 1522 1895 vel
1576 1839 1911 1910 angelorum,
1958 1839 2039 1893 vel

470 1941 769 2005 hominum,
799 1938 912 1991 sive
940 1938 1098 1989 etiam
1127 1944 1565 2002 quorumcunque
1595 1929 1923 1992 animalium,
1955 1941 2039 1982 se-

470 2033 701 2086 cundum
732 2027 1011 2096 imperium
1034 2040 1212 2092 suum,
1238 2034 1295 2079 et
1320 2039 1349 2077 a
1379 2039 1438 2079 se
1461 2022 1759 2092 impertitas
1784 2022 2038 2076 distribu-

470 2123 641 2175 tiones
694 2126 1036 2190 potestatum,
1083 2122 1138 2168 et
1176 2113 1527 2183 appetitiones
1574 2110 2036 2177 commoditatum,

469 2213 536 2266 ita
564 2226 741 2265 rerum
772 2216 975 2262 naturae
997 2205 1209 2260 adhibet
1234 2206 1284 2259 in
1315 2217 1416 2275 qua
1445 2210 1591 2258 creat
1619 2201 1818 2266 omnia,
1849 2213 2036 2270 quem-

469 2296 751 2356 admodum
800 2308 954 2353 terra:
1000 2296 1400 2367 agricu'turam.
1434 2294 1771 2365 Quapropter
1815 2294 1885 2348 ita
1931 2306 2035 2346 non

472 2413 689 2466 possum
712 2395 892 2449 dicere
920 2393 1134 2464 angelos
1172 2390 1342 2445 malos
1372 2389 1591 2460 magicis
1618 2388 1821 2441 artibus
1847 2399 2039 2441 evoca-

462 2502 565 2556 tus,
582 2500 852 2544 creatores
876 2485 1037 2540 fuisse
1056 2498 1305 2538 ranarum
1330 2494 1488 2551 atque
1515 2481 1869 2550 serpentium,
1899 2480 2037 2534 sicut

468 2598 571 2635 non
607 2592 819 2650 possum
846 2575 1027 2631 dicere
1058 2572 1301 2629 homines
1331 2573 1500 2627 malos
1526 2570 1723 2641 segetis
1749 2584 1869 2626 esse
1889 2584 2039 2626 crea-

467 2684 629 2736 tores,
676 2687 832 2741 quam
883 2685 978 2738 per
1024 2682 1208 2723 eorum
1260 2679 1475 2737 operam
1537 2666 1719 2720 videro
1770 2672 2035 2719 exortam.

466 2766 608 2819 Sicut
642 2778 737 2816 nec
781 2760 945 2815 Jacob
971 2768 1180 2814 creator
1209 2756 1444 2812 colorum
1494 2756 1546 2809 in
1590 2755 1871 2826 pecoribus
1915 2753 2032 2819 fuit,

466 2856 608 2927 quia,
636 2850 939 2907 bibentibus
966 2849 1019 2903 in
1048 2857 1306 2916 conceptu
1357 2846 1638 2908 matribus,
1669 2843 1900 2901 variatas
1934 2844 2039 2899 vir-

465 2966 556 3021 gas
586 2966 714 3020 quas
738 2945 1071 3003 intuerentur
1098 2939 1365 3009 apposuit.
1396 2934 1500 2994 Sed
1525 2950 1624 2993 nec
1646 2939 1776 3008 ipsa:
1810 2936 2039 3008 pecudes

465 3041 748 3095 creatrices
778 3040 989 3093 fuerunt
1028 3032 1303 3090 varietatis
1345 3029 1514 3098 prolis
1550 3044 1681 3095 sum,
1712 3028 1834 3098 quia
1874 3027 2038 3101 inhre-

2152 1848 2268 1887 rum
2302 1831 2621 1900 quibuslibet
2644 1832 2818 1886 succis
2843 1840 2934 1884 aut
2979 1831 3312 1899 humoribus,
3343 1832 3427 1886 vel
3462 1834 3532 1887 ita
3584 1834 3729 1901 posi-

2144 1921 2232 1987 tis,
2264 1922 2349 1975 vel
2384 1922 2455 1975 ita
2488 1920 2717 1986 obrutis,
2746 1920 2830 1976 vel
2861 1920 2929 1975 ita
2960 1920 3220 1985 contritis,
3252 1922 3334 1976 vel
3364 1921 3434 1976 ita
3462 1924 3727 1976 commix-

2143 2012 2234 2078 tis,
2263 2025 2385 2081 qu:e
2412 2011 2657 2066 animalia
2689 2011 2836 2066 nasci
2867 2010 3076 2066 soleant
3100 2029 3115 2067 :
3146 2026 3374 2082 quorum
3400 2027 3460 2068 se
3480 2014 3725 2081 quietam

2143 2105 2364 2160 demens
2385 2104 2576 2160 audeat
2596 2104 2778 2159 dicere
2803 2105 3103 2159 auctorem?
3119 2096 3255 2172 Quid
3274 2118 3405 2174 ergo
3432 2106 3628 2159 mirum
3651 2106 3719 2169 si,

2144 2195 2592 2266 quemadmodum
2644 2204 2818 2265 potest
2880 2209 3040 2250 nosse
3086 2195 3307 2264 quilibet
3330 2196 3718 2265 ’nequissimus

2144 2287 2304 2343 homo
2335 2286 2473 2341 unde
2498 2286 2571 2340 illi
2601 2287 2685 2341 vel
2708 2286 2782 2341 illi
2813 2298 3024 2341 vermes
3054 2299 3366 2355 muscaeque
3407 2297 3723 2350 nascantur,

2141 2378 2213 2431 ita
2244 2379 2367 2433 mali
2392 2378 2565 2448 angeli
2594 2392 2689 2449 pro
2714 2376 3008 2433 subtilitate
3044 2379 3123 2434 sui
3150 2393 3340 2433 sensus
3372 2381 3424 2433 in
3455 2381 3721 2433 occultioo

2142 2471 2290 2525 ribus
2311 2470 2697 2525 elementorum
2726 2469 3019 2525 seminibus
3049 2479 3245 2524 norunt
3272 2471 3412 2524 unde
3442 2484 3589 2525 ranae
3609 2484 3724 2525 ser-

2141 2571 2435 2633 pentesque
2460 2572 2767 2627 nascantur,
2786 2570 2839 2616 et
2866 2562 3000 2631 haec,
3027 2578 3119 2632 per
3141 2573 3316 2618 certas
3337 2573 3390 2617 et
3414 2573 3577 2617 notas
3601 2573 3725 2619 tem.

2142 2656 2475 2726 perationum
2521 2656 2948 2725 opportunitates
3003 2654 3224 2710 occultis
3276 2656 3511 2710 motibus
3563 2658 3721 2710 adhi-

2143 2746 2337 2812 bendo,
2373 2747 2571 2803 faciunt
2597 2750 2792 2816 creari,
2834 2764 2936 2804 non
2966 2750 3183 2804 creanti
3215 2750 3319 2808 Sed
3350 2751 3438 2806 illa
3473 2752 3725 2808 homines

2143 2852 2262 2910 quae
2285 2838 2459 2894 solent
2484 2839 2551 2895 ab
2575 2839 2878 2895 hominibus
2909 2840 3022 2895 fieri
3056 2855 3159 2896 non
3188 2843 3468 2897 mirantur.
3495 2842 3650 2909 Quod
3674 2844 3723 2897 si

2143 2931 2421 3001 quisquam
2465 2931 2764 2987 celeritates
2809 2934 3255 2990 incrementorum
3295 2936 3427 2991 forte
3469 2939 3721 3002 miratur,

2142 3022 2282 3093 quod
2328 3022 2419 3076 illa
2469 3023 2760 3077 animantia
2787 3032 2898 3078 tam
2949 3025 3056 3079 cito
3104 3026 3238 3081 facta
3276 3039 3419 3092 sunt,
3479 3028 3725 3083 attenuat

465 3140 606 3188 serat
631 3132 821 3185 anima:
851 3131 1056 3184 illarum
1096 3128 1331 3183 discolor
1371 3117 1672 3196 phantasia,
1703 3133 1764 3172 ex
1795 3120 2033 3174 contuitu

2141 3112 2586 3183 quemadmodum
2609 3123 2660 3168 et
2685 3114 2783 3169 ista
2816 3130 2909 3185 pro
2930 3116 3146 3171 modulo
3174 3118 3436 3173 facultatis
3469 3119 3723 3175 humanm

466 3223 724 3277 variarum
772 3220 1033 3290 virgarum
1079 3234 1175 3288 per
1222 3218 1405 3274 oculos
1455 3220 1732 3288 impressa,
1774 3231 1894 3288 qua:
1928 3227 2033 3273 ilOll

465 3316 632 3383 potuit
662 3314 761 3368 nisi
787 3328 1000 3381 corpus,
1028 3311 1168 3380 quod
1208 3312 1285 3366 sic
1322 3308 1512 3366 affecto
1541 3312 1730 3381 spiritu
1762 3312 2033 3367 animaba-

464 3417 572 3470 tur,
624 3421 693 3460 ex
743 3402 1120 3471 compassione
1168 3400 1566 3457 commixtionis
1613 3402 1846 3469 afficere,
1894 3402 2035 3459 unde

465 3496 661 3550 teneris
708 3494 1258 3563 fetuum‘primordiis
1304 3493 1486 3549 colore
1514 3502 1666 3550 tenus
1690 3507 2031 3565 aspergetur;

464 3600 514 3640 ut
544 3587 683 3641 enim
715 3587 793 3641 sic
821 3602 884 3641 ex
915 3585 1217 3654 semetipsis
1263 3585 1582 3653 afficiantur,
1613 3587 1698 3642 vel
1746 3588 1921 3642 anima
1964 3602 2030 3643 ex

464 3694 709 3747 corpore,
740 3678 817 3733 vel
845 3692 1038 3747 corpus
1063 3691 1127 3732 ex
1162 3677 1359 3743 anima,
1388 3685 1747 3750 congruentes
1793 3679 2031 3735 rationes

463 3770 513 3825 id
566 3769 787 3835 faciunt,
837 3782 955 3838 quae
1013 3768 1519 3824 incommutabiliter
1571 3768 1758 3824 vivunt
1811 3770 1861 3824 iu
1917 3770 2029 3837 ipsa

463 3876 666 3915 summa
701 3859 792 3915 Dei
838 3859 1131 3929 Sapientia,
1180 3874 1336 3931 quam
1380 3860 1520 3916 nulla
1576 3863 1746 3932 spatia
1796 3864 2033 3917 locorum

468 3953 721 4020 capiunt;
756 3959 807 4005 et
848 3966 967 4005 cum
1000 3951 1069 4005 sit
1110 3952 1223 4021 ipsa
1265 3952 1736 4017 incommutabilis,
1766 3952 1896 4007 nihil
1945 3968 2036 4007 eo-

461 4059 578 4098 rum
598 4057 719 4112 quae
757 4041 839 4095 vel
886 4041 1335 4097 commutabiliter
1360 4052 1479 4098 sunt
1502 4042 1725 4110 deserit,
1754 4044 1875 4114 quia
1904 4045 2034 4100 nihil

461 4146 645 4186 eorum
676 4130 777 4185 nisi
810 4146 903 4200 per
933 4131 1100 4199 ipsam
1125 4139 1361 4186 creatum
1392 4141 1495 4188 est.
1529 4132 1600 4189 Ut
1647 4134 1789 4188 enim
1820 4134 1888 4189 de
1934 4149 2028 4203 pe-

460 4222 672 4277 coribus
700 4236 803 4275 non
829 4220 1015 4291 virgze,
1050 4222 1149 4292 12
1177 4220 1271 4277 sed
1300 4236 1491 4292 pecora
1514 4234 1876 4286 nascerentur,
1908 4224 2030 4280 fecit

460 4318 564 4369 hcc
593 4314 1046 4369 incommutabilis
1068 4324 1120 4367 et
1146 4312 1425 4368 invisibilis
1451 4316 1586 4368 ratio
1609 4313 1893 4383 Sapientia:
1911 4314 2028 4382 Dei,

386 4402 389 4405 ⁷
462 4422 557 4476 per
581 4422 735 4475 quam
768 4415 941 4461 creata
975 4412 1101 4459 sunt
1127 4407 1325 4460 omnia.
1357 4407 1425 4462 Ut
1454 4415 1631 4461 autem
1667 4408 1733 4461 de
1774 4408 2030 4463 varietate

2142 3208 2209 3267 ab
2235 3206 2541 3267 hominibus
2570 3218 2938 3282 procurentur.
2972 3208 3124 3272 Unde
3154 3209 3295 3269 enim
3330 3210 3389 3268 fit
3416 3220 3472 3268 ut
3528 3214 3720 3269 eadem

2137 3301 2367 3376 corpora
2395 3306 2552 3362 citius
2580 3316 2915 3361 vermescant
2940 3316 3125 3361 testate
3148 3320 3304 3376 quam
3330 3305 3530 3372 hieme,
3560 3307 3722 3362 citius

2136 3398 2191 3452 in
2220 3398 2565 3453 calidioribus
2596 3411 2753 3467 quam
2785 3397 2836 3452 in
2862 3396 3224 3468 frigidioribus
3255 3398 3428 3452 locis?
3456 3397 3564 3454 Sed
3605 3401 3721 3455 haec

2136 3489 2205 3543 ab
2228 3488 2533 3544 hominibus
2556 3497 2705 3543 tanto
2733 3487 3006 3543 difﬁcilius
3033 3488 3377 3556 adhibentur,
3405 3499 3613 3559 quanto
3634 3492 3724 3546 de-

2136 3589 2261 3634 sunt
2288 3594 2539 3634 sensuum
2588 3579 2925 3645 subtilitates,
2959 3588 3012 3634 et
3049 3594 3335 3649 corporum
3389 3580 3722 3637 mobilitates

2136 3671 2189 3727 in
2222 3670 2475 3727 membris
2505 3671 2735 3727 terrenis
2764 3680 2817 3726 et
2842 3670 3028 3741 pigris.
3060 3670 3212 3726 Unde
3255 3671 3722 3743 qualibuscunqne

2136 3765 2337 3836 angelis
2398 3766 2599 3821 vicinas
2655 3775 2847 3821 causas
2912 3764 2980 3818 ab
3031 3763 3310 3819 elementis
3365 3766 3714 3829 contrahere.

2135 3867 2336 3927 quanto
2387 3854 2591 3911 facilius
2624 3866 2727 3921 est,
2781 3863 2929 3910 tanto
2978 3855 3330 3910 mirabiliores
3395 3855 3449 3909 itt
3522 3857 3713 3926 hujus-

2135 3950 2280 4005 modi
2310 3950 2565 4019 operibus
2603 3964 2787 4004 eorum
2812 3949 3047 4004 existunt
3076 3948 3403 4014 celeritates,
3453 3950 3553 4003 sed
3612 3962 3720 4004 non

2135 4053 2218 4099 est
2259 4053 2490 4109 creator,
2523 4042 2625 4097 nisi
2668 4044 2756 4111 qui
2804 4042 3166 4112 principaliter
3202 4044 3303 4096 ista
3350 4043 3577 4109 format;
3625 4058 3724 4099 nec

2136 4136 2413 4205 quisquam
2445 4134 2545 4189 hoc
2584 4143 2757 4202 potest
2796 4134 2896 4187 nisi
2930 4133 3020 4188 ille
3063 4148 3228 4202 penes
3272 4148 3429 4203 quem
3464 4136 3722 4203 primitus

2135 4233 2261 4277 sunt
2287 4220 2524 4277 omnium
2549 4239 2663 4293 qua:
2686 4232 2809 4279 sunt
2836 4238 3121 4288 mensurae,
3145 4224 3351 4278 numeri
3380 4232 3433 4279 et
3454 4226 3723 4292 pondera,

2136 4324 2189 4368 et
2221 4315 2334 4383 ipse
2371 4323 2455 4368 est
2496 4328 2632 4367 unus
2671 4324 2882 4369 creator
2915 4314 3079 4380 Deus,
3128 4329 3192 4368 ex
3250 4314 3402 4382 cujus
3462 4316 3724 4373 ineffabili

2139 4414 2412 4475 potentatu
2445 4406 2503 4461 lit
2529 4406 2685 4461 etiam
2715 4417 2771 4460 ut
2798 4406 2938 4477 quod
2969 4416 3185 4476 possent
3213 4406 3263 4458 hi
3289 4404 3493 4473 angeli,
3524 4409 3570 4461 si
3602 4426 3717 4477 per-

459 4500 749 4567 virgarum,
786 4510 1038 4566 pecorum
1082 4507 1460 4565 conceptorum
1498 4499 1647 4552 color
1690 4498 1885 4567 aliquid
1933 4500 2027 4553 du-
2059 4496 2105 4558 Ι)
2134 4498 2487 4563 mitterentur,
2514 4498 2634 4553 ideo
2656 4513 2758 4552 non
2786 4499 3161 4568 possunt,quia
3188 4512 3290 4551 non
3306 4499 3720 4565 permittuntur.

461 4596 628 4651 ceret,
658 4586 781 4642 fecit
828 4588 928 4640 hoc
956 4585 1127 4638 anima
1171 4586 1404 4655 gravida:
1436 4587 1655 4655 pecudis
1706 4604 1801 4657 per
1842 4590 2028 4644 oculos

463 4676 649 4731 affecta
673 4678 986 4743 forinsecus,
1019 4686 1072 4730 et
1102 4676 1323 4731 interius
1352 4692 1532 4732 secum
1562 4693 1656 4748 pro
1686 4695 1783 4734 suo
1814 4680 2029 4735 modulo

462 4766 725 4821 formandi
756 4770 994 4836 regulam
1020 4769 1263 4832 trahens,
1294 4783 1451 4838 quam
1480 4771 1545 4825 de
1575 4771 1759 4825 intima
1794 4775 2029 4839 potentia
2063 4814 2068 4820 .

464 4860 543 4911 sui
572 4857 845 4911 Creatoris
876 4859 1105 4927 accepit.
1135 4856 1239 4913 Sed
1270 4868 1467 4928 quanta
1506 4862 1585 4914 vis
1618 4861 1689 4915 sit
1718 4864 1930 4927 animze,
1960 4865 2027 4919 ad

463 4950 795 5003 afticiendam
818 4955 976 5017 atque
1005 4948 1309 5004 mutandam
1344 4951 1622 5005 materiam
1674 4955 2033 5021 corporalem,

454 5048 582 5096 'cum
612 5049 785 5092 tamen
826 5038 1054 5093 creatrix
1083 5042 1325 5107 corporis
1354 5040 1457 5096 dici
1503 5059 1610 5096 non
1662 5045 1864 5112 possit,
1915 5048 2035 5114 quia

462 5131 636 5185 omnis
665 5144 823 5184 causa
850 5130 1117 5184 mutabilis
1145 5130 1525 5202 seusibilisque
1554 5136 1889 5201 substantiae,
1914 5153 2032 5192 om-

462 5226 651 5293 nisque
676 5222 867 5278 modus
899 5229 954 5277 et
980 5237 1252 5289 numerus,
1286 5234 1341 5279 et
1369 5227 1578 5294 pondus
1607 5227 1751 5296 ejus,
1786 5230 1924 5284 unde
1956 5231 2034 5284 ef-

461 5316 639 5370 ficitur
660 5324 717 5368 ut
740 5324 793 5370 et
817 5316 957 5368 sitet
990 5323 1179 5368 natura
1207 5316 1276 5370 ita
1295 5316 1380 5370 vel
1413 5318 1484 5372 ita
1512 5319 1601 5385 sit,
1629 5320 1695 5374 ab
1715 5321 2029 5389 intelligibili

459 5414 516 5462 et
550 5406 969 5461 incommutabili
1003 5404 1129 5472 vita,
1162 5423 1281 5476 qua:
1307 5424 1468 5477 super
1487 5412 1666 5465 omnia
1695 5421 1797 5477 est,
1825 5415 2024 5478 existit,

456 5508 516 5555 et
540 5502 781 5568 pervenit
811 5513 980 5569 usque
1006 5499 1071 5553 ad
1111 5510 1348 5553 extrema
1392 5510 1551 5570 atque
1578 5512 1806 5558 terrena.
1837 5504 2030 5560 Multus

462 5607 639 5648 sermo
666 5601 747 5646 est
778 5606 946 5662 neque
972 5606 1112 5645 nunc
1161 5594 1518 5657 necessarius,
1576 5610 1758 5648 verum
1792 5608 2031 5664 propter-

459 5699 523 5738 eu
553 5684 746 5737 factum
780 5683 943 5739 Jacob
970 5684 1037 5738 de
1070 5684 1349 5750 pecoribus
1397 5688 1922 5742 commemorandum
1958 5706 2034 5744 ar-

459 5774 682 5833 bitratus
703 5791 843 5844 sum,
870 5785 928 5832 ut
968 5775 1371 5847 intelligeretur,
1420 5777 1465 5832 si
1517 5777 1674 5832 homo
1718 5780 1807 5849 qui
1855 5782 2027 5851 virgas

2134 4587 2319 4658 Neq‘e
2360 4588 2501 4641 enim
2534 4588 2764 4641 oceurrit
2812 4587 2915 4641 alia
2961 4588 3097 4641 ratio
3145 4602 3241 4642 cur
3292 4602 3395 4641 non
3441 4595 3727 4655 potuerint

2136 4679 2312 4733 facere
2343 4678 2725 4733 minutissimas
2753 4688 2987 4742 muscas,
3018 4680 3105 4748 qui
3134 4694 3289 4733 ranas
3325 4692 3727 4752 serpenti-sque

2138 4768 2402 4829 fecerunt,
2438 4768 2539 4822 nisi
2582 4768 2704 4835 quia
2753 4767 2923 4835 major
2969 4768 3153 4823 aderat
3195 4768 3493 4825 dominatio
3534 4773 3727 4841 prohi-

2138 4859 2312 4914 bentis
2342 4859 2455 4922 Dei,
2488 4874 2580 4927 per
2623 4860 2879 4927 Spiritum
2921 4870 3187 4926 sanctum,
3229 4861 3371 4929 quod
3415 4865 3584 4917 etiam
3620 4866 3724 4932 ipsi

2138 4954 2272 5018 magi
2302 4951 2529 5005 confessi
2558 4962 2683 5004 sunt
2714 4951 2953 5005 dicentes
2996 4969 3009 5003 ε
3060 4952 3263 5021 Digitus
3320 4954 3411 5006 Dei
3460 4964 3547 5009 est
3595 4958 3720 5011 bur.

2134 5041 2269 5108 Quid
2301 5052 2475 5093 autem
2517 5041 2725 5108 possint
2773 5055 2867 5110 per
2904 5050 3168 5110 naturam,
3220 5057 3318 5098 nec
3364 5047 3577 5111 possint
3624 5062 3728 5115 per

2134 5133 2568 5202 prohibitionem,
2597 5143 2651 5188 et
2680 5136 2804 5203 quid
2839 5149 2933 5202 per
2960 5134 3126 5202 ipsius
3155 5147 3359 5191 natura:
3389 5150 3503 5190 sure
3528 5141 3729 5193 condi-

2108 5227 2332 5281 tionem
2363 5226 2540 5282 facere
2569 5242 2673 5279 non
2706 5224 2970 5292 sinanlur,
3008 5225 3209 5281 homini
3251 5228 3542 5295 explorare
3578 5228 3728 5283 diffl-

2133 5322 2234 5374 eile
2260 5331 2361 5383 est,
2394 5321 2500 5373 imo
2530 5336 2658 5375 vero
2680 5320 3032 5389 impossibile,
3064 5322 3167 5376 nisi
3198 5336 3292 5389 per
3333 5321 3464 5375 illud
3510 5322 3725 5376 donum

2133 5412 2249 5477 Dei,
2282 5413 2422 5481 quod
2453 5412 2744 5482 Apostolus
2770 5421 3162 5468 commemorat
3188 5408 3374 5468 dicens
3400 5430 3414 5467 :
3440 5413 3543 5468 Alii
3573 5415 3726 5482 diju-

2135 5505 2331 5559 dicatio
2363 5504 2666 5573 spirituum.
2715 5502 2975 5577 Novimus
3015 5505 3283 5560 hominem
3315 5520 3478 5575 posse
3522 5508 3728 5563 ambu-

2138 5597 2272 5661 lare,
2302 5606 2357 5650 et
2387 5612 2556 5664 neque
2584 5595 2685 5651 hoc
2708 5611 2864 5665 posse
2907 5597 2951 5651 si
2987 5614 3089 5652 non
3122 5599 3498 5668 permittatur;
3532 5600 3728 5658 volare

2135 5696 2312 5741 autem
2345 5703 2449 5741 non
2493 5702 2673 5756 posse,
2700 5688 2866 5742 etiam
2910 5688 2954 5743 si
2987 5690 3341 5757 permittatur.
3397 5692 3488 5747 Sic
3538 5698 3595 5748 et
3640 5692 3731 5749 illi

2139 5781 2310 5854 angeli
2338 5781 2578 5853 quaedam
2606 5791 2831 5854 possunt
2860 5782 3036 5843 facere
3066 5785 3109 5839 si
3138 5787 3527 5856 permittuntur
3549 5785 3622 5845 ab
3644 5803 3749 5845 at.
