3956 6180
221 262 329 321 889

1500 261 1940 337 τιιεδιυηυε.
1980 262 2135 319 ειη).
2175 262 2267 319 xr.

3405 272 3519 337 £90.

214 375 352 444 solis
378 374 800 444 potentioribus,
831 388 897 435 ex
945 375 1173 445 imperio
1212 374 1341 440 Dei;
1380 375 1630 444 qundam
1680 392 1808 434 vero
1838 383 1880 440 Α
1914 385 2019 441 est,
2069 377 2322 446 quoniam
2362 378 2535 446 justus
2570 395 2633 436 ex
2683 380 2787 437 ﬁde
2816 382 2968 439 vivit.
3000 382 3105 441 Sed
3147 386 3275 457 quid
3330 390 3511 459 sequi-

216 482 322 521 non
356 476 608 535 possunt.
656 483 756 523 nec
788 468 832 521 si
862 469 932 522 ab
973 468 1055 522 eis
1102 467 1501 535 permittuntur,
1556 467 1680 536 quia
1723 469 1815 524 ille

216 574 322 615 non
366 560 657 629 permittit,
688 575 719 615 a
748 574 857 628 quo
901 560 1003 615 illis
1044 569 1127 614 est
1178 559 1300 615 talis
1348 569 1555 614 natura:
1600 559 1813 625 modus,

214 653 499 723 quietiam
534 669 630 724 per
656 654 877 724 angelos
916 667 1045 708 suos
1091 661 1147 708 et
1194 652 1284 707 illa
1339 653 1655 725 plerumque
1703 668 1812 711 non

215 745 504 815 permittit,
535 760 656 817 quae
681 746 954 803 concessit
980 756 1036 802 ut
1065 746 1295 814 possint.

841 900 1069 959 CAPUT
1108 903 1198 960 XI.

216 1011 291 1066 De
320 1011 514 1085 simpla
545 1011 830 1067 Saluatoris
858 1016 1042 1080 nostri,
1066 1017 1204 1083 quod
1230 1017 1299 1070 ad
1327 1018 1544 1085 duplum
1582 1028 1812 1073 nostrum

247 1084 513 1137 concurrit
541 1092 587 1136 et
608 1086 864 1157 congruit.
888 1101 951 1141 ea:
972 1085 1104 1141 libro
1128 1102 1178 1142 tv
1198 1089 1262 1141 de
1284 1084 1558 1156 Trinitate,
1574 1104 1689 1157 cap.
1721 1093 1773 1144 5.

290 1195 490 1250 Verum
521 1195 663 1264 quod
702 1196 867 1251 instat
910 1196 965 1251 in
995 1200 1303 1267 prasentia,
1346 1211 1603 1269 quantum
1647 1200 1811 1255 donat

218 1287 380 1353 Deus,
412 1286 827 1344 edisserendum
879 1296 1012 1344 est:
1062 1291 1513 1358 quemadmodum
1556 1293 1807 1361 simplum

214 1380 434 1436 Domini
452 1390 512 1436 et
529 1380 827 1438 Salvatoris
854 1382 1020 1437 nostri
1048 1381 1175 1439 Iesu
1201 1382 1403 1439 Christi
1432 1384 1597 1454 duplo
1625 1394 1810 1440 nostro

210 1480 500 1542 congruat,
545 1480 602 1528 et
645 1473 1042 1543 quodammodo
1091 1474 1345 1530 coneinat
1410 1477 1478 1531 ad
1553 1477 1806 1533 salutem.

211 1561 322 1617 Nos
350 1572 527 1629 certe,
558 1565 699 1634 quod
727 1578 886 1621 nemo
908 1563 1246 1622 Christianus
1270 1568 1518 1639 ambigit,
1549 1578 1603 1625 et
1625 1571 1806 1626 anima

210 1663 262 1708 et
282 1668 526 1724 corpore
546 1657 744 1712 mortui
775 1671 963 1713 sumus
988 1674 1003 1712 :
1034 1659 1214 1715 anima
1253 1670 1473 1731 propter
1502 1671 1802 1732 peccatum,

1922 471 2044 523 tur?
2079 470 2178 542 13
2208 470 2264 524 Si
2292 480 2471 525 autem
2502 473 2723 543 spiritus
2753 488 2870 545 ejus
2899 476 2988 546 qui
3011 477 3288 533 suscitavit
3324 476 3511 545 Jesum

1919 560 2188 615 Christum
2218 577 2284 616 ex
2314 564 2539 619 mortuis
2572 566 2774 621 habitat
2802 568 2852 621 in
2897 567 3069 631 vobis,
3094 569 3185 639 qui
3228 571 3512 629 suscitavit

1916 649 2100 707 Iesum
2131 652 2401 708 Cltri~tum
2448 670 2477 708 a
2507 655 2771 722 mortuis,
2821 659 3115 714 vivilicahit
3164 670 3221 717 et
3258 665 3507 718 mortalia

1916 756 2145 810 corpora
2184 752 2381 809 vestra,
2431 760 2527 814 per
2578 746 2966 805 inltabitantem
3015 752 3262 818 spiritum
3292 753 3410 824 ejus
3459 756 3511 809 in

1917 834 2090 891 vobis.
2137 835 2272 890 lluic
2313 852 2442 908 ergo
2471 838 2649 911 dupla:
2692 843 2850 896 morti
2891 855 3089 899 nosmn
3121 844 3377 902 Salvator
3404 848 3504 903 im.

1918 927 2104 995 pendit
2129 927 2374 996 simplam
2406 942 2582 999 suam,
2616 942 2669 987 et
2700 932 2764 987 ad
2797 932 3093 989 faciendam
3115 945 3396 1007 utramque
3418 955 3507 994 re-

1914 1018 2323 1073 Suscitationcm
2368 1030 2644 1092 nostram,
2690 1022 2743 1077 in
2784 1035 3126 1081 sacramento
3154 1037 3209 1084 et
3256 1031 3510 1099 exemplo

1916 1111 2209 1179 prmposuit
2237 1121 2290 1168 et
2313 1115 2591 1182 proposuit
2616 1131 2773 1171 unam
2824 1131 2998 1173 suam.
3026 1120 3211 1190 Neque
3231 1124 3375 1177 enim
3406 1126 3503 1179 iuit

1916 1213 2166 1275 peceatnr
2194 1214 2284 1259 aut
2313 1206 2530 1275 impius,
2559 1216 2618 1261 ut
2644 1208 2716 1273 ei,
2751 1217 3001 1281 tanquam
3032 1212 3221 1279 spiritu
3270 1227 3505 1280 mortuo,

1912 1303 1965 1354 in
1996 1302 2250 1358 interiore
2296 1305 2514 1361 homine
2537 1308 2782 1361 renovari
2809 1323 2944 1377 opus
2975 1321 3138 1379 esset,
3166 1321 3222 1367 et
3254 1323 3504 1385 tanquam

1913 1394 2281 1463 resipiscendo
2307 1396 2372 1449 ad
2404 1397 2569 1451 vitam
2586 1398 2811 1468 justitite
2836 1403 3075 1456 revocari
3103 1420 3117 1456 :
3149 1405 3245 1459 sed
3282 1407 3502 1462 indutus

1910 1498 2073 1539 carne
2102 1486 2347 1551 mortali,
2380 1496 2432 1541 et
2459 1488 2573 1541 sola
2626 1488 2898 1555 moriens,
2934 1491 3047 1545 sola
3091 1508 3408 1565 resurgens.
3441 1514 3505 1554 ra

1908 1576 2019 1631 sola
2045 1575 2199 1631 nobis
2219 1578 2283 1630 ad
2308 1589 2595 1648 utrumque
2618 1579 3041 1651 conciuuit,cum
3068 1584 3118 1638 in
3144 1601 3206 1641 ea
3237 1587 3385 1643 ﬁeret
3410 1589 3496 1643 itt-

1909 1666 2123 1722 terioris
2151 1668 2383 1724 hominis
2398 1680 2815 1739 sacramentum,
2845 1676 3131 1729 exterioris
3159 1681 3496 1749 exemplum;

208 1760 443 1815 corpore
474 1758 697 1817 propter
722 1762 934 1817 pinnam
966 1750 1197 1819 peccati,
1228 1762 1291 1806 ac
1321 1766 1416 1822 per
1445 1752 1549 1807 hoc
1595 1765 1649 1809 et
1679 1768 1800 1810 eor-
1834 1756 1880 1817 Β
1908 1758 2179 1816 interioris
2206 1762 2349 1817 enim
2397 1763 2637 1818 hominis
2666 1765 2836 1821 nostri
2882 1779 3221 1827 sacramento
3265 1772 3390 1827 data
3416 1783 3501 1829 est

208 1852 362 1905 pore,
401 1846 619 1908 prapter
652 1849 949 1906 peccatum.
981 1841 1205 1911 Utrique
1226 1854 1406 1900 autem
1456 1843 1535 1900 rei
1582 1853 1803 1911 nostra.

208 1927 259 1981 id
288 1937 400 1995 est,
433 1939 488 1984 et
510 1932 700 1984 anima:
722 1942 776 1985 et
801 1932 1031 2003 corpori,
1057 1933 1317 1989 medicina
1339 1943 1394 1990 et
1416 1939 1805 1993 resurrectione

207 2034 346 2089 opus
376 2029 520 2088 erat,
551 2031 605 2075 ut
635 2024 686 2076 in
718 2022 911 2077 melius
934 2035 1283 2081 renovaretur
1304 2026 1446 2097 quod
1477 2037 1590 2083 erat
1622 2028 1673 2083 in
1705 2029 1802 2085 de-

206 2114 381 2167 terius
428 2125 840 2170 commutatum.
885 2116 1025 2172 Mors
1076 2126 1255 2173 autem
1302 2118 1496 2174 animae
1557 2119 1803 2190 impietas

209 2212 309 2269 est,
343 2212 403 2257 et
432 2218 582 2259 mors
611 2206 855 2274 corporis
886 2207 1344 2276 corruptibilitas,
1397 2224 1492 2279 per
1542 2225 1700 2281 quam
1744 2210 1805 2266 ﬁt

210 2305 259 2351 et
287 2282 494 2350 animm
531 2311 561 2350 a
606 2310 834 2367 corpore
861 2296 1161 2353 abscessus.
1208 2298 1359 2355 Sicut
1403 2300 1546 2355 enim
1597 2301 1795 2369 anima,

209 2386 503 2443 deserente
530 2389 661 2455 Deo,
694 2388 774 2443 sic
800 2403 994 2460 corpus
1017 2391 1195 2445 anima
1223 2390 1508 2448 deserente
1530 2392 1758 2448 moritur
1782 2411 1797 2449 :

208 2480 347 2533 unde
382 2480 471 2534 illa
518 2480 573 2534 ﬁt
624 2480 903 2549 insipiens,
963 2480 1067 2537 hoc
1121 2483 1387 2538 exanime.
1432 2482 1801 2540 [it-suscitatur

206 2586 333 2640 ergo
365 2573 550 2626 anima
582 2587 677 2641 per
705 2573 1099 2642 ptunitentiam,
1140 2583 1193 2630 et
1243 2576 1295 2629 in
1351 2590 1578 2646 corpore
1622 2578 1799 2632 adhuc

208 2666 419 2719 mortali
450 2668 732 2722 renovatio
764 2668 884 2723 vine
914 2668 1196 2724 inchoatur
1218 2684 1247 2724 a
1281 2669 1399 2730 ﬁde.
1429 2685 1531 2740 qua
1559 2672 1800 2727 creditur

205 2758 255 2808 iu
306 2772 434 2809 eum
486 2757 576 2827 qui
638 2757 897 2828 justiticat
944 2760 1188 2829 impium,
1244 2762 1505 2832 bonisque
1556 2764 1797 2817 moribus

205 2861 434 2919 augetur
457 2861 513 2904 et
540 2852 830 2907 roboratur
859 2852 926 2908 de
951 2853 1038 2909 die
1067 2857 1119 2907 in
1149 2854 1314 2918 diem,
1341 2868 1462 2909 cum
1488 2854 1658 2927 magis
1680 2846 1794 2910 ma;

207 2945 401 3012 gisqne
432 2956 729 2999 renovatur
755 2945 979 3000 interior
1021 2946 1203 3003 homo.
1252 2945 1460 3015 Corpus
1507 2962 1633 3003 vero
1679 2958 1797 3003 tan-

204 3050 359 3100 qimn
388 3035 554 3089 homo
578 3036 839 3104 exterior,
860 3044 1060 3105 quanto
1085 3045 1167 3092 est
1196 3030 1311 3094 hzec
1334 3039 1438 3092 vita
1469 3038 1792 3105 diuturnior,

1909 1848 1999 1904 illa
2032 1866 2168 1917 vox,
2197 1853 2469 1923 pertinens
2485 1855 2549 1909 ad
2583 1867 2809 1911 mortem
2839 1858 3035 1913 anima:
3067 1872 3263 1917 nosme
3299 1866 3502 1934 signiﬁ-

1907 1944 2159 2016 caudam,
2184 1962 2291 2003 non
2315 1952 2490 2004 solum
2518 1950 2568 2006 in
2591 1951 2819 2020 psalmo,
2840 1956 3189 2012 veruntctiam
3221 1959 3272 2013 in
3301 1977 3495 2017 cruce:

1911 2034 2048 2093 Deus
2077 2053 2256 2106 meus,
2289 2039 2431 2096 Deus
2462 2057 2635 2107 meus,
2654 2054 2712 2097 ut
2743 2043 2869 2114 quid
2897 2061 2983 2101 me
3014 2046 3378 2120 dereliquisti?
3400 2054 3496 2109 Cui

1907 2128 2024 2183 voci
2050 2131 2295 2200 congruit
2316 2133 2606 2202 Apostolus
2631 2135 2820 2189 dicens
2850 2152 2863 2188 :
2898 2137 3142 2195 Scientes
3171 2144 3293 2213 quia
3324 2153 3379 2200 et
3401 2162 3495 2201 vc-

1906 2230 2003 2277 tus'
2023 2221 2185 2278 homo
2234 2236 2421 2281 noster
2459 2226 2619 2282 simul
2666 2230 2961 2305 cruciﬁxus
3006 2243 3109 2303 est,
3159 2245 3217 2290 ut
3265 2252 3496 2296 evacue-

1905 2322 1993 2367 tur
2019 2328 2216 2384 corpus
2247 2320 2473 2384 peccati,
2503 2323 2561 2374 ut
2586 2321 2725 2376 ultra
2760 2339 2863 2376 non
2889 2326 3193 2382 serviamus
3225 2342 3445 2397 peccato
3475 2352 3491 2391 ;

1905 2402 2180 2459 cruciﬁxio
2207 2407 2403 2475 quippe
2433 2409 2709 2465 interioris
2732 2404 2964 2468 hominis
2985 2416 3311 2484 pmnitcutic
3338 2421 3494 2476 dolos

1905 2511 1993 2551 res
2034 2497 2437 2568 intell‘guntur,
2492 2508 2548 2557 et
2592 2504 2942 2559 continentiae
2992 2506 3206 2575 quidam
3257 2511 3491 2567 salubris

1904 2588 2193 2653 cruciatus,
2224 2605 2319 2660 per
2353 2606 2511 2661 quam
2538 2603 2763 2649 mortem
2790 2608 2936 2651 mors
2965 2596 3249 2665 impietatis
3273 2604 3490 2671 perimi-

1905 2682 2007 2744 tur,
2038 2677 2094 2732 in
2123 2694 2225 2747 qua
2250 2694 2350 2735 nos
2391 2696 2497 2735 non
2554 2682 2770 2753 reliquit
2818 2686 2981 2742 Deus.
3014 2688 3079 2742 Et
3128 2690 3248 2745 ideo
3279 2706 3373 2759 per
3414 2705 3490 2747 taa

1903 2770 2005 2823 lem
2033 2782 2247 2825 crucem
2286 2781 2577 2828 evacuatur
2620 2789 2816 2843 corpus
2864 2779 3099 2846 peccati,
3133 2790 3189 2833 ut
3226 2781 3339 2850 jam
3382 2800 3490 2842 non

1901 2860 2259 2916 exhibeamus
2280 2877 2346 2916 m.
2370 2866 2519 2917 mhra
2544 2874 2726 2920 nostra
2751 2882 2899 2922 arma
2920 2869 3218 2940 iniquitatis
3247 2887 3488 2943 peccato,

1902 2954 2025 3022 quia
2056 2965 2109 3009 et
2134 2956 2357 3010 interior
2384 2957 2544 3012 homo
2563 2999 2577 3023 ,
2608 2959 2653 3013 si
2682 2961 2866 3028 utique
2894 2974 3183 3020 renovatur
3211 2967 3279 3023 tle
3320 2969 3406 3024 die
3437 2973 3489 3028 ltt

1901 3045 2065 3110 diem,
2108 3048 2350 3116 proiecto
2375 3056 2529 3105 vetus
2549 3057 2664 3117 est,
2693 3062 2977 3124 antequam
3004 3068 3319 3125 renovetur;
3349 3062 3490 3117 intus

207 3136 351 3178 tanto
379 3128 552 3197 magis
585 3129 865 3197 magisque
918 3128 1285 3197 corrumpitur
1333 3128 1414 3183 vel
1474 3138 1652 3194 atate,
1709 3130 1793 3185 vel
1824 3144 1872 3207 ς
1903 3151 2134 3209 namque
2162 3142 2369 3211 agitur,
2398 3142 2540 3212 quod
2571 3143 2713 3200 idem
2742 3147 3035 3215 Apostolus
3074 3149 3201 3205 dicit
3232 3164 3248 3207 :
3296 3153 3490 3209 Exuite

206 3222 415 3282 morbo,
444 3220 529 3273 vel
568 3219 730 3275 variis
761 3217 1161 3285 afﬂictionibus,
1186 3221 1360 3275 donec
1391 3220 1569 3277 veniit
1603 3222 1667 3275 ad
1716 3225 1797 3276 ul-

210 3310 410 3375 timam,
440 3328 563 3382 quae
590 3313 656 3367 ab
679 3312 983 3369 hominibus
1010 3328 1157 3370 mors
1180 3325 1401 3369 vocatur
1432 3331 1446 3371 :
1469 3314 1588 3386 ejus
1614 3326 1792 3371 autem

204 3404 536 3457 resurrectio
560 3403 803 3460 diil‘ertur
825 3405 877 3458 in
905 3404 1224 3472 ﬁnem,cum
1256 3416 1308 3460 et
1341 3407 1454 3475 ipsa
1479 3406 1793 3477 justiﬁcatio

215 3507 391 3548 nosrra
429 3493 739 3562 perﬁcietur
768 3492 1130 3550 ineﬂ‘abiliter.
1168 3493 1317 3550 Tunc
1340 3499 1482 3552 enim
1509 3497 1557 3552 ei
1589 3499 1793 3554 similes

205 3585 689 3656 eri-nus,qnoniam
718 3586 1019 3642 videbimus
1049 3602 1171 3641 eum
1197 3588 1353 3643 sicuti
1378 3596 1478 3651 est,
1498 3606 1636 3646 nunc
1663 3600 1794 3645 vero

202 3683 452 3750 quamdiu
482 3697 676 3750 cerpus
699 3681 837 3753 quod
858 3683 1222 3753 corrumpitur
1251 3694 1506 3754 aggravat
1530 3683 1790 3752 animam,

203 3786 251 3828 et
282 3778 387 3829 vita
436 3775 670 3829 humana
699 3790 860 3843 super
886 3784 1081 3831 terram
1115 3784 1224 3829 tota
1252 3768 1474 3829 lentatio
1506 3786 1586 3832 est
1606 3817 1623 3845 ,
1684 3792 1791 3833 non

198 3866 583 3938 jnstiﬁcabitur
609 3868 660 3922 in
684 3878 975 3939 conspectu
995 3867 1111 3938 ejus
1141 3868 1318 3922 omnis
1338 3869 1546 3933 vivens,
1563 3869 1614 3922 in
1637 3882 1788 3923 com-

200 3967 483 4035 paratione
505 3966 730 4036 justitia:
761 3981 861 4034 qua
890 3962 1223 4036 atquabimur
1248 3964 1476 4034 angelis,
1508 3974 1561 4020 et
1606 3964 1789 4035 gloria:

199 4074 315 4128 quae
346 4057 682 4113 revelabitur
710 4057 764 4112 in
796 4057 972 4112 nobis.
1008 4057 1083 4112 De
1113 4068 1285 4111 morte
1314 4067 1488 4110 autem
1520 4056 1736 4122 animm,
1756 4069 1787 4112 a

199 4162 371 4207 morte
396 4149 647 4221 corporis
667 4150 1067 4220 distinguenda,
1098 4148 1226 4221 quid
1270 4149 1419 4217 plura
1450 4162 1784 4203 commemo-

197 4260 306 4301 rent
327 4288 343 4311 ,
368 4261 494 4301 cum
523 4245 783 4300 Dominus
812 4244 864 4298 in
894 4241 1222 4312 Evangelica
1272 4241 1535 4297 sententia
1583 4236 1787 4295 utram-

196 4352 297 4406 que
326 4348 561 4393 mortem
590 4336 761 4392 cuivis
791 4334 946 4390 facile
967 4332 1381 4389 discernendum
1418 4332 1673 4403 pesuerit,
1698 4332 1787 4390 ubi

194 4429 269 4483 ait
293 4448 307 4481 :
340 4430 472 4484 Sine
502 4437 747 4484 mortuos
776 4427 1007 4497 sepelire
1036 4436 1279 4481 mortuos
1318 4425 1486 4481 suos?
1511 4425 1789 4495 Sepelien-

1902 3242 1997 3284 vos
2040 3240 2277 3288 veterem
2328 3233 2597 3289 hontiucm
2646 3244 2702 3291 et
2741 3237 2947 3294 induite
2992 3255 3212 3309 novum,
3243 3246 3385 3315 quod
3416 3248 3488 3303 ita

1898 3332 2294 3393 consequenter
2322 3326 2576 3394 exponit:
2604 3327 2950 3399 Quapropter
2976 3330 3313 3401 deponentcs
3340 3350 3488 3393 metu

1898 3413 2131 3478 decium,
2164 3416 2441 3487 loquimini
2491 3420 2796 3477 veritatem.
2848 3422 2945 3479 Ubi
2989 3434 3169 3482 autem
3200 3429 3489 3499 deponitur

1897 3507 2255 3574 mendacium,
2292 3512 2390 3564 nisi
2423 3512 2562 3565 intus
2603 3522 2657 3566 ut
2691 3511 2974 3583 inhabitet,
3003 3516 3057 3572 in
3087 3531 3271 3577 monte
3298 3534 3488 3578 sancto

1896 3594 2013 3663 Dei,
2044 3600 2132 3668 qui
2162 3600 2397 3669 loquitur
2422 3602 2701 3658 veritatem
2729 3606 2781 3659 in
2805 3606 2969 3663 cerde
2989 3610 3120 3662 suo?
3144 3610 3487 3669 Re‘surrectid

1894 3702 2026 3744 vero
2050 3692 2294 3761 corporis
2329 3693 2539 3749 Domini
2573 3696 2640 3748 ad
2670 3706 3066 3754 sacramentum
3096 3700 3366 3759 interioris
3397 3723 3485 3762 re-

1895 3782 2245 3838 surrectionis
2274 3792 2474 3839 nostrae
2523 3788 2794 3854 pertinere
2834 3790 3162 3860 ostenditur,
3201 3794 3293 3847 ubi
3334 3809 3484 3862 p08l~

1894 3886 2053 3942 quam
2074 3874 2369 3929 resurrexit
2394 3876 2466 3928 ait
2482 3877 2722 3931 mulieri:
2748 3879 2868 3933 Noli
2883 3891 3223 3952 metangerc,
3245 3888 3483 3943 nondum

1893 3964 2036 4018 enim
2067 3964 2287 4019 ascendi
2318 3964 2385 4018 ad
2414 3964 2623 4020 Patrem
2671 3983 2870 4022 meum.
2909 3969 3009 4024 Cui
3048 3975 3309 4043 mysterio
3353 3990 3485 4032 cono

1891 4056 2035 4125 gruit
2080 4055 2365 4125 Aposmlus
2395 4056 2578 4112 dicens
2614 4077 2625 4110 :
2660 4059 2715 4114 Si
2744 4072 2921 4115 autem
2959 4066 3330 4122 rcsurrexistis
3356 4080 3482 4126 eum

1891 4147 2134 4213 Christo,
2165 4160 2284 4217 quas
2311 4162 2524 4203 sursum
2547 4159 2673 4205 sunt
2711 4151 2959 4221 quaerite,
2988 4154 3075 4209 ubi
3105 4155 3353 4213 Christus
3376 4171 3482 4227 est.

1892 4240 1959 4294 ad
1986 4239 2261 4296 dexteram
2288 4241 2380 4297 Dei
2405 4241 2619 4302 sedens:
2640 4256 2756 4312 quae
2774 4258 2985 4300 sursum
3007 4256 3131 4303 sunt
3153 4250 3356 4319 sapite:
3377 4251 3481 4309 hoc

1888 4330 2131 4385 estenim
2151 4330 2425 4385 Christum
2444 4345 2548 4386 non
2564 4341 2802 4404 tangere,
2830 4334 2931 4390 nisi
2949 4348 3070 4391 enm
3092 4341 3396 4397 ascenderit
3413 4348 3482 4398 ad

1895 4419 2127 4485 Patrem,
2154 4436 2258 4477 non
2277 4422 2344 4477 de
2365 4422 2581 4479 Christo
2592 4426 2883 4481 carnaliter
2901 4439 3110 4498 sapere.
3133 4429 3250 4485 iam
3268 4446 3394 4488 vero
3416 4449 3444 4489 a
3458 4440 3483 4489 vt

191 4523 323 4576 dum
359 4524 552 4591 quippe
578 4537 779 4589 corpus
804 4531 1071 4576 mortuum
1104 4530 1242 4589 erat,
1272 4520 1577 4589 sepultorcs
1607 4530 1784 4577 autem
1819 4536 1868 4597 ι)
1895 4514 2202 4584 exemplum
2231 4516 2423 4570 mortis
2452 4518 2736 4571 exterioris
2767 4520 3002 4577 hominis
3032 4524 3201 4580 nostri
3249 4522 3482 4584 Domini-

192 4614 334 4682 ejus,
377 4630 467 4683 per
506 4614 878 4669 inﬁdelitatem
911 4613 1205 4682 impietatis
1238 4614 1288 4668 in
1316 4613 1515 4679 anima,
1549 4622 1790 4668 mortuos

194 4706 422 4777 intelligi
451 4706 659 4769 voluit,
681 4706 863 4775 quales
888 4704 1190 4758 excitantur
1215 4718 1336 4757 cum
1363 4704 1561 4759 dicitur
1585 4722 1598 4756 :
1618 4704 1788 4773 Surge

193 4800 283 4868 qui
312 4797 550 4861 demtis,
580 4807 634 4852 et
662 4810 893 4865 exsurge
940 4811 969 4850 a
1002 4796 1248 4858 mortuis,
1281 4803 1335 4849 et
1378 4794 1701 4851 illuntinabit
1740 4809 1789 4850 te

190 4892 466 4945 Christus.
503 4889 809 4944 Detestatur
830 4898 1007 4944 autem
1038 4889 1325 4955 quamdam
1370 4902 1475 4941 mo:
1493 4896 1598 4941 tem
1648 4891 1789 4955 Apo-

187 4984 366 5038 5tolus
388 4982 581 5036 dicens
610 4980 678 5035 de
707 4979 863 5034 vidua
891 4997 902 5031 :
937 4980 1068 5046 Quae
1100 4989 1277 5033 autem
1328 4980 1377 5031 in
1420 4977 1627 5032 deliciis
1657 4981 1784 5048 agit,

188 5082 376 5131 vivens
426 5082 636 5128 mortua
667 5080 768 5128 est.
815 5072 1007 5127 Anima
1055 5073 1215 5142 igitur
1252 5074 1361 5140 jsm
1405 5074 1486 5144 pia
1517 5088 1635 5143 qme
1684 5074 1782 5127 iuit

186 5172 374 5239 impia,
408 5175 631 5237 prepter
657 5166 919 5236 justitiam
963 5166 1084 5221 lidei
1125 5165 1320 5221 dicitur
1369 5182 1433 5222 ex
1474 5178 1647 5223 morte
1697 5184 1780 5223 rc-

182 5260 517 5326 surrexisse,
548 5269 709 5329 atque
735 5262 935 5323 vivere,
970 5273 1165 5329 corpus
1208 5268 1392 5313 autem
1436 5276 1549 5313 non
1573 5269 1779 5316 tantum

184 5356 507 5407 moriturum
539 5361 754 5420 prapter
779 5352 972 5405 animus
991 5351 1303 5407 abscessum
1330 5353 1417 5422 qui
1447 5352 1656 5409 futurus
1677 5364 1780 5417 est,

183 5444 272 5497 sed
312 5454 537 5512 pr0pter
569 5450 769 5496 tantam
799 5441 1165 5496 inﬁrmitatem
1197 5443 1379 5497 carnis
1422 5453 1477 5498 et
1503 5445 1780 5514 sanguinis

182 5535 420 5603 quodam
489 5536 609 5588 loco
678 5536 731 5587 iit
776 5535 1066 5606 Scripturis
1134 5538 1293 5592 eliam
1363 5554 1630 5594 mortuum
1689 5539 1776 5593 di-

183 5627 342 5689 citur,
396 5625 654 5695 loquente
693 5627 991 5693 Apostolo:
1035 5625 1243 5697 Corpus
1281 5628 1497 5698 quidem
1525 5670 1540 5696 ,
1583 5630 1776 5700 inquit,

182 5731 458 5773 mortuum
498 5726 583 5771 est
616 5726 832 5786 propter
858 5728 1153 5787 peceatum,
1187 5722 1409 5790 spiritus
1447 5732 1626 5777 autem
1669 5726 1775 5779 vita

178 5823 272 5868 est
344 5821 568 5881 propter
648 5808 930 5881 justitiam.
993 5813 1117 5869 llwc
1195 5816 1299 5869 vita
1352 5832 1424 5871 ex
1480 5816 1583 5872 lide
1636 5816 1775 5872 facta

1892 4622 1971 4663 ere
1995 4611 2175 4663 carnis
2223 4624 2368 4665 more
2397 4611 2658 4680 pertinet,
2689 4613 2812 4682 quia
2843 4627 2939 4684 per
2983 4617 3143 4671 talem
3176 4620 3480 4687 passionem

1892 4702 2127 4755 maxime
2156 4704 2398 4756 hortatus
2420 4715 2502 4757 est
2527 4716 2715 4758 servos
2743 4718 2890 4771 suos,
2922 4713 2982 4760 ut
3012 4720 3116 4762 non
3140 4710 3363 4766 timeant
3384 4729 3482 4770 eos

1892 4794 1979 4862 qui
2010 4809 2206 4863 corpus
2237 4795 2511 4861 occidunt,
2540 4798 2774 4851 animam
2798 4808 2974 4852 autem
2999 4814 3105 4853 non
3136 4816 3360 4871 possunt
3384 4823 3483 4860 oc-

1892 4888 2092 4941 ciderc.
2127 4888 2353 4958 Propter
2385 4890 2526 4959 quod
2565 4891 2694 4944 dicit
2724 4892 3020 4960 Apostolus
3055 4910 3068 4946 :
3103 4894 3167 4950 Ut
3197 4900 3481 4968 suppleam

1891 4996 2010 5048 qua:
2038 4981 2232 5036 desunt
2259 4996 2633 5051 pressurarum
2652 4983 2854 5039 Christi
2882 4986 2935 5039 in
2966 5001 3130 5043 carne
3158 5006 3296 5046 mea.
3332 4993 3480 5049 Etatt

1891 5073 2192 5139 exemplum
2243 5072 2655 5131 resurrectionis
2703 5081 2998 5135 exterioris
3036 5083 3271 5139 hominis
3310 5092 3480 5143 no~tri

1892 5175 2159 5234 pertinere
2184 5166 2454 5221 invenitur
2470 5171 2793 5226 resurrectio
2818 5175 3062 5245 corporis
3091 5177 3329 5244 Domini,
3355 5184 3477 5248 quia

1890 5258 2168 5326 discipulis
2218 5258 2290 5311 ait
2322 5275 2333 5310 :
2386 5259 2606 5329 Palpate
2635 5270 2690 5316 et
2715 5260 2917 5330 videte,
2961 5267 3083 5336 quia
3111 5270 3326 5337 spiritus
3354 5285 3476 5325 ossa

1891 5363 1945 5406 et
1990 5366 2206 5406 carnem
2253 5366 2358 5405 non
2390 5353 2578 5422 habet,
2611 5356 2749 5410 sicut
2789 5373 2875 5413 me
2917 5359 3107 5414 videtis
3147 5362 3346 5415 habere
3374 5378 3387 5415 :
3419 5375 3474 5417 et

1893 5457 2031 5499 unus
2055 5457 2118 5494 ex
2150 5442 2430 5513 discipulis
2457 5444 2617 5498 etiam
2655 5447 2932 5503 cicatrices
2960 5446 3079 5516 ejus
3106 5459 3469 5520 contrectans,

1887 5535 2208 5588 exclamavit
2236 5536 2422 5592 dicens
2454 5554 2467 5589 :
2499 5537 2754 5593 Dominus
2786 5554 2937 5594 meus
2962 5551 3015 5595 et
3041 5542 3180 5596 Deus
3211 5544 3394 5599 meus!
3417 5558 3474 5602 et

1886 5643 2006 5680 cum
2040 5626 2184 5680 illius
2228 5629 2406 5683 carnis
2437 5638 2543 5682 tota
2589 5630 2866 5698 integritas
2905 5642 3213 5702 appareret,
3245 5636 3475 5697 damon.

1886 5727 2109 5772 stratum
2133 5732 2215 5773 est
2249 5737 2297 5772 Ill
2329 5736 2389 5774 ea
2424 5721 2565 5790 quod
2597 5737 2723 5775 suos
2759 5723 3053 5779 exhortans
3080 5725 3292 5783 dixerat
3327 5746 3342 5786 :
3376 5733 3476 5789 Ca-

1886 5817 2041 5887 pillus
2063 5818 2252 5887 capitis
2289 5816 2449 5871 vcsui
2495 5830 2600 5872 non
2646 5816 2863 5875 peribit.
2900 5819 3049 5879 Unde
3078 5826 3220 5881 enim
3270 5831 3471 5901 primo,
