3956 6180
454 281 547 337 591

1520 270 1580 324 D.
1624 262 1938 325 EUCYPPII
1979 259 2270 321 ABB‘ATIS
2295 255 2616 315 AFRICANI

3627 247 3726 308 592

464 398 576 451 Noli
602 410 688 452 me
717 402 954 462 tangere,
987 387 1223 443 nondum
1264 383 1407 442 enim
1454 382 1668 436 ascendi
1714 383 1778 434 ad
1822 381 2031 434 Patrem
2064 383 2109 440 Α
2140 376 2281 429 aeria
2303 387 2527 441 corpora
2559 367 2736 424 facere
2761 380 2881 437 qute
2908 380 3036 421 caro
3056 365 3302 431 miretur,
3333 374 3423 418 aut
3450 365 3618 420 etiam
3648 381 3731 420 oeb

450 486 667 543 meum?
687 494 739 538 ct
763 483 924 548 unde,
950 489 1232 548 antequam
1263 475 1510 530 ascendat
1538 475 1602 528 ad
1634 473 1866 536 Patrem,
1896 487 1923 523 a
1954 471 2032 524 di-

452 579 672 648 scipulis
695 575 954 645 tangitur,
985 573 1085 626 nisi
1114 571 1234 639 quia
1270 569 1375 621 illic
1414 563 1782 620 insinuabatur
1814 562 2033 615 interio-

454 675 531 727 ris
560 668 791 723 hominis
820 675 1235 724 sacramentum,
1272 662 1356 714 ltic
1391 660 1535 730 pra-b
1572 659 1727 712 batur
1748 655 2033 711 exterioris

453 760 806 832 exemplum?
854 759 935 813 An
1004 756 1141 810 forte
1202 752 1482 822 quisquam
1535 751 1604 803 ita
1642 747 1724 804 eSt
1771 746 2035 801 absurdus

451 865 611 921 atque
656 863 877 902 aversus
909 864 938 900 a
966 861 1116 910 vero,
1161 852 1217 896 ut
1244 843 1439 896 audeat
1477 841 1654 894 dicere
1682 855 1711 892 a
1752 837 1879 891 viris
1911 853 2032 892 eum

452 954 688 1008 tactum,
729 948 1012 1008 antequam
1055 934 1396 994 ascenderet,
1439 945 1466 984 a
1514 928 1827 985 mulieribus
1856 938 2034 982 autem

451 1051 572 1087 cum
600 1030 966 1086 ascendi-set?
999 1027 1224 1094 Propter
1255 1027 1357 1079 hoc
1379 1021 1689 1092 exemplum
1721 1021 1912 1075 futura:
1936 1034 2037 1074 no-

451 1138 576 1180 stra:
610 1119 1020 1179 resurrectionis
1040 1120 1091 1173 in
1121 1132 1346 1185 corpore
1375 1115 1514 1187 quod
1549 1114 1821 1184 praecessit
1849 1113 1901 1167 in
1935 1112 2038 1166 Do.

451 1220 618 1283 mino,
646 1217 774 1271 dicit
804 1212 1094 1284 Apostolus
1125 1228 1138 1266 :
1174 1209 1387 1266 Initium
1410 1207 1679 1271 Christus,
1714 1205 1908 1260 deinde
1945 1205 2035 1273 qui

453 1307 812 1367 suntChristi.
847 1307 922 1361 De
945 1303 1187 1374 corporis
1215 1302 1358 1356 enim
1386 1298 1782 1354 resurrectione
1804 1296 1895 1352 illo
1919 1297 2038 1352 loco

452 1404 735 1473 agebatur,
783 1408 1001 1469 promer
1027 1410 1186 1466 quam
1229 1393 1390 1448 etiam
1422 1392 1549 1446 dicit
1574 1408 1588 1445 :
1613 1389 2040 1461 Transﬂguravit

451 1509 651 1563 corpus
683 1488 1002 1545 humilitatis
1042 1495 1260 1549 nostrae,
1290 1483 1568 1538 conforme
1609 1482 1823 1552 corpori
1854 1482 2040 1552 gloria:

451 1603 584 1643 suae.
620 1585 736 1640 Una
766 1598 896 1653 ergo
925 1593 1074 1636 mors
1100 1579 1267 1633 nostri
1313 1576 1608 1634 Salvatoris
1645 1575 1852 1630 duabus
1897 1589 2041 1630 mor-

451 1684 593 1737 tibus
626 1677 824 1733 nostris
853 1674 1014 1730 saluti
1049 1673 1166 1738 fuit,
1205 1681 1256 1726 et
1285 1687 1390 1725 una
1418 1670 1534 1738 ejus
1557 1668 1878 1724 resurrectio
1906 1666 2039 1722 duas

2136 466 2293 518 cultis
2333 459 2803 530 inspirationibus,
2838 458 2903 512 ad
2949 456 3279 512 illudendum
3309 455 3577 510 humanos
3604 471 3728 512 sen-

2137 569 2250 614 sus.
2281 557 2651 622 phantasmata
2682 549 2972 619 imaginum
3005 549 3324 614 machinari,
3364 548 3563 617 quibus
3596 548 3728 618 vigi-

2139 648 2311 701 lantes
2339 644 2771 712 dormientesque
2796 640 3056 710 decipiat,
3089 640 3170 694 vel
3198 639 3440 694 furentes
3457 639 3732 707 exagitet?

2137 738 2243 794 Sed
2271 736 2317 791 si
2368 735 2479 790 lieri
2509 743 2681 804 potest
2728 743 2782 787 ut
2814 733 2975 787 homo
2998 730 3105 784 vita
3147 745 3212 784 ac
3249 729 3490 784 moribus
3539 729 3735 784 melior

2137 837 2344 897 speetet
2371 824 2730 893 nequissimos
2759 822 3034 887 homines,
3082 819 3168 875 vel
3199 820 3249 874 in
3283 818 3406 873 fune
3446 820 3731 872 ambulan-

2141 929 2248 985 tes,
2275 919 2359 972 vel
2383 915 2714 972 multimodis
2743 913 2975 968 motibus
2997 926 3281 980 corporum
3315 912 3480 963 multa
3504 909 3707 964 incrcdi
3724 940 3738 949 -

2140 1008 2266 1062 bilia
2312 1007 2602 1074 facientes,
2633 1019 2735 1060 nec
2780 1004 2891 1058 ullo
2940 1003 3102 1058 modo
3156 1001 3263 1056 tale
3309 1000 3508 1071 aliquid
3559 999 3739 1056 facere

2139 1098 2518 1167 concupiscat,
2568 1109 2668 1150 nec
2720 1108 2814 1151 eos
2858 1102 3145 1165 propterea
3193 1091 3295 1146 sibi
3341 1091 3739 1162 praeponendos

2139 1189 2451 1255 existimet;
2485 1189 2563 1244 sic
2591 1189 2768 1241 anima
2801 1185 2973 1241 lidelis
2999 1195 3053 1240 et
3083 1184 3190 1254 pia,
3223 1199 3331 1240 non
3381 1185 3554 1238 solum
3586 1183 3634 1238 si
3665 1184 3739 1239 vi-

2139 1282 2304 1344 deat,
2358 1279 2712 1335 verumetiam
2751 1277 2834 1342 si,
2877 1285 3097 1346 propter
3145 1275 3483 1345 fragilitatem
3533 1274 3741 1340 carnis,

2140 1373 2430 1429 exhorreat
2458 1371 2714 1425 miracula
2741 1369 3084 1434 daemonum,
3118 1383 3225 1422 non
3260 1369 3380 1421 ideo
3409 1375 3622 1431 tamen,
3652 1374 3746 1419 aut

2142 1479 2247 1519 non
2276 1477 2334 1517 se
2365 1476 2524 1528 posse
2567 1461 2691 1515 talia
2721 1460 2948 1526 dolebit,
2974 1467 3064 1512 aut
3091 1457 3162 1512 ob
3202 1458 3303 1512 hoc
3331 1457 3449 1513 illos
3481 1457 3746 1512 meliores

2142 1569 2263 1611 esse
2280 1554 2564 1623 judicabit,
2585 1567 2709 1606 cum
2742 1551 2872 1617 sint,
2903 1549 3200 1619 praesertim
3232 1550 3283 1603 iu
3313 1550 3578 1605 societate
3619 1564 3745 1602 san-

2143 1654 2374 1712 ctorum,
2421 1643 2513 1713 qui
2557 1659 2650 1712 per
2678 1643 2925 1697 virtutem
2965 1640 3080 1701 Dei.
3128 1641 3213 1697 cui
3257 1648 3454 1696 cuneta
3495 1639 3745 1707 subjecta

453 1772 608 1828 nobis
645 1766 1067 1824 resurrectiones
1113 1761 1393 1833 praestitit,
1434 1775 1556 1816 cum
1604 1773 1800 1828 corpus
1837 1758 1955 1828 ejus
1987 1760 2038 1812 in

2159 1749 2288 1802 sunt,
2312 1746 2367 1792 et
2393 1737 2612 1791 minime
2661 1735 2902 1801 fallacia,
2941 1744 2996 1789 et
3021 1733 3191 1790 multo
3213 1733 3420 1803 majora
3461 1730 3740 1797 fecerunt,

454 1875 678 1932 utraque
705 1874 785 1926 re,
811 1858 864 1913 id
893 1864 1007 1923 est,
1031 1863 1087 1911 et
1114 1855 1167 1909 in
1200 1865 1405 1918 morte,
1433 1860 1490 1907 et
1515 1853 1568 1907 in
1610 1851 2031 1915 resurrectione,

455 1970 508 2013 et
538 1959 592 2011 in
619 1959 958 2010 sacramento
986 1949 1256 2005 interioris
1287 1947 1518 2002 hominis
1547 1945 1738 2010 nostri,
1771 1954 1826 2001 et
1857 1959 2038 2000 exem—

455 2053 546 2123 plo
572 2046 855 2103 exterioris
883 2042 1188 2100 medicinali
1212 2040 1441 2113 quadam
1481 2038 1850 2096 convenientia
1883 2036 2038 2093 mini-

455 2153 679 2198 stratum
708 2144 811 2192 est.

1058 2248 1285 2308 CAPUT
1324 2248 1438 2305 Xll.

455 2367 536 2424 De
558 2369 836 2423 mediatore
855 2366 924 2418 ad
943 2374 1151 2419 mortem
1172 2363 1400 2428 diabolo,
1429 2374 1476 2418 et
1503 2363 1780 2417 mediatore
1800 2361 1867 2416 ad
1886 2360 2039 2416 vitam

777 2438 979 2493 Chmto
1008 2435 1158 2501 λεια,
1188 2451 1252 2489 ea:
1282 2436 1458 2490 eodem
1491 2434 1618 2488 libro
1649 2448 1720 2487 tv.

530 2551 731 2608 Deinde
760 2551 810 2605 id
838 2549 1012 2618 ipsum
1034 2548 1177 2619 quod
1216 2547 1478 2603 mediator
1505 2557 1586 2602 est
1604 2589 1620 2613 ,
1649 2560 1745 2615 per
1771 2559 1928 2616 quem
1959 2557 2043 2598 re-

451 2647 810 2702 conciliamur
851 2645 982 2708 Deo,
1009 2642 1086 2697 sic
1118 2641 1317 2697 indicat
1347 2656 1363 2696 :
1394 2640 1527 2710 Ego,
1557 2639 1745 2710 inquit,
1778 2639 1829 2693 in
1864 2637 1960 2700 eis,
1989 2643 2045 2692 et

449 2749 513 2794 tu
537 2740 590 2794 in
619 2753 724 2802 me,
753 2747 810 2792 ut
839 2737 945 2790 sint
975 2734 1333 2789 consummati
1364 2734 1416 2787 in
1441 2747 1628 2787 unum.
1658 2731 1784 2785 Ilaec
1805 2737 1888 2784 est
1917 2741 2042 2783 vera

458 2845 558 2903 pax
579 2871 595 2895 ,
618 2840 819 2887 etcum
845 2839 1092 2885 creatore
1139 2837 1324 2884 nostro
1363 2827 1518 2883 nobis
1561 2826 1716 2882 firma
1752 2822 2043 2888 connexio,

458 2923 700 2995 purgatis
727 2930 782 2977 et
809 2919 1169 2977 reconciliatis
1205 2934 1302 2990 per
1337 2919 1688 2976 mediatorem
1717 2917 1840 2972 vitae
1865 2933 1877 2968 :
1907 2914 2047 2969 sicut

450 3015 708 3074 maculati
737 3024 791 3070 et
815 3011 1035 3067 alienati
1062 3011 1132 3067 ab
1157 3026 1226 3068 eo
1255 3022 1680 3075 recesseramus,
1713 3022 1808 3078 per
1837 3003 2046 3062 media»

453 3116 634 3164 torem
675 3105 884 3162 mortis.
914 3104 1063 3160 Sicut
1105 3104 1246 3160 enim
1273 3103 1521 3158 diabolus
1565 3101 1833 3171 superbus
1872 3097 2047 3154 homi-
2075 3135 2124 3198 ε

458 3213 583 3253 nem
615 3195 1012 3266 superbientem
1041 3193 1292 3262 perduxit
1315 3192 1382 3248 ad
1423 3199 1672 3255 mortem,
1703 3191 1773 3246 ita
1794 3189 2046 3246 Christus

459 3288 679 3348 humilis
703 3287 974 3344 hominem
1005 3284 1349 3341 obedientem
1370 3285 1586 3340 reduxit
1609 3285 1675 3339 ad
1708 3284 1892 3348 vitam,
1923 3283 2045 3351 quia

459 3381 598 3438 sicut
653 3378 744 3434 ille
788 3378 960 3433 elatus
1006 3376 1234 3440 cecidit,
1279 3386 1335 3431 et
1362 3374 1558 3444 dejecit
1591 3375 2042 3437 consentientem,

459 3474 542 3530 sic
569 3473 670 3528 iste
697 3470 1010 3526 humiliatus
1030 3467 1286 3533 surrexit,
1311 3477 1365 3522 ct
1385 3468 1561 3523 erexit
1577 3466 1906 3530 credentem;
1924 3463 2046 3532 quia

461 3564 609 3620 enim
637 3579 742 3618 non
775 3567 1099 3632 pervenerat
1141 3557 1388 3614 diabolus
1426 3573 1534 3628 quo
1566 3555 1681 3627 ipse
1727 3556 2050 3625 perduxerat

460 3655 714 3724 (mortem
728 3654 927 3724 quippe
938 3651 1160 3721 spiritus
1174 3650 1226 3704 in
1240 3649 1512 3720 impietate
1529 3648 1790 3720 gestabat,
1808 3650 1900 3704 sed
1917 3663 2051 3702 mor-

460 3755 573 3802 tem
601 3744 780 3799 carnis
819 3759 927 3798 non
959 3742 1218 3807 subierat,
1248 3742 1370 3811 quia
1402 3756 1500 3796 nec
1523 3741 1894 3796 indumentum
1927 3755 2048 3796 sus-

461 3836 725 3909 ceperat),
754 3849 980 3907 magnus
1028 3833 1231 3890 homini
1263 3832 1550 3889 videbatur
1595 3833 1844 3904 princeps
1879 3834 1932 3888 in
1974 3835 2051 3890 le-

461 3926 714 3998 gionibus
756 3924 1082 3990 daemonum,
1132 3938 1226 3993 per
1273 3937 1410 3994 quos
1455 3923 1788 3979 fallaciarum
1830 3939 2052 3994 regnum

463 4026 702 4084 exercet,
729 4017 809 4072 sic
835 4015 1106 4072 hominem
1134 4030 1228 4084 per
1256 4015 1504 4070 elationis
1528 4014 1770 4086 typhum,
1803 4016 2055 4084 potentias

463 4128 623 4184 quam
639 4109 858 4182 justitia:
875 4107 1206 4178 cupidiorem
1220 4117 1334 4174 ,aut
1351 4123 1445 4178 per
1457 4106 1643 4161 falsam
1663 4105 2052 4176 philosOpbiam

467 4202 640 4272 magis
668 4199 883 4266 inflans,
923 4209 1020 4254 aut
1065 4213 1158 4267 per
1184 4213 1336 4254 sacra
1377 4199 1658 4268 sacrilegia
1688 4199 1958 4264 irretiens,
2000 4199 2055 4253 in

463 4296 661 4365 quibus
689 4294 850 4348 etiam
904 4295 1126 4360 magica:
1157 4292 1376 4347 lallacia
1413 4292 1740 4349 curiosiores
1778 4294 2058 4363 superbia.

467 4403 661 4459 resque
688 4387 894 4442 animas
915 4385 1170 4455 deceptas
1200 4387 1490 4456 illusasque
1539 4387 1900 4458 praecipitans,
1931 4390 2059 4444 sui».

467 4481 638 4536 ditum
667 4487 836 4547 tenet,
860 4477 1121 4547 pollicens
1139 4478 1302 4533 etiam
1327 4481 1692 4548 purgationem
1722 4480 1936 4548 animae,
1965 4497 2060 4550 per
2091 4519 2143 4578 ι)

463 4589 562 4630 eas
582 4586 715 4642 quas
738 4573 943 4633 τελετὰς
965 4571 1255 4641 appellant,
1279 4572 1712 4642 transligurando
1737 4587 1797 4628 se
1818 4573 1870 4628 in
1899 4589 2064 4643 ange-

467 4664 579 4726 lum
605 4664 756 4728 lucis,
790 4679 887 4732 per
913 4663 1295 4719 multiformem
1323 4663 1774 4719 machinationrm
1800 4665 1850 4720 in
1895 4665 2063 4733 signis

483 4767 528 4811 ει
557 4755 812 4826 ιιιόιιῗείἰε
840 4757 1124 4812 mendacii.

1065 4890 1291 4945 CAPUT
1327 4889 1462 4944 XIII.

478 4981 555 5034 De
585 4980 836 5050 facilitate
887 4981 1295 5047 ludiﬁcationum
1336 4982 1517 5051 quibus
1549 4981 1778 5037 homines
1813 4983 2064 5037 immundi

654 5052 865 5120 spinus
896 5052 1100 5121 fallunt,
1125 5068 1190 5105 ea:
1215 5055 1390 5106 eodem
1406 5054 1535 5108 libro
1559 5069 1632 5120 tv,
1651 5071 1769 5121 cap.
1799 5056 1888 5110 ll.

549 5167 730 5224 Facile
775 5173 858 5221 est
917 5166 1058 5220 enim
1097 5165 1370 5235 Spiritibus
1410 5169 1750 5238 nequissimis
1792 5184 1890 5240 per
1925 5171 2068 5224 acrla

463 5276 704 5331 .corpora
735 5260 911 5314 facere
958 5258 1120 5312 multa
1156 5275 1275 5329 qua:
1307 5261 1565 5316 mirentur
1609 5263 1799 5317 animm
1841 5262 2068 5317 terrenis

455 5353 795 5424 vcorporibus
845 5357 1188 5420 aggravata),
1240 5351 1400 5406 etiam
1452 5354 1691 5408 melioris
1734 5354 1976 5408 allectus.
2010 5354 2068 5409 Si

478 5447 622 5502 enim
641 5458 868 5514 corpora
892 5444 1003 5512 ipsn
1034 5453 1265 5507 terrena,
1297 5445 1564 5499 nonnullis
1597 5446 1800 5500 artibus
1827 5455 1878 5499 et
1908 5460 2067 5499 exer-

474 5535 822 5591 citationibus
841 5533 1164 5598 modificata,
1193 5535 1245 5588 in
1273 5536 1592 5604 spectaculis
1622 5534 1710 5589 the
1729 5535 1891 5588 strLcis
1925 5544 2068 5588 tanta

475 5624 741 5680 miracula
771 5624 1077 5680 hominibus
1101 5625 1376 5690 exhibent,
1403 5635 1457 5679 ut
1491 5625 1542 5678 hi
1573 5626 1661 5694 qui
1694 5640 1963 5693 nunquam
1991 5635 2070 5678 ta-

469 5715 552 5770 1ia
584 5715 830 5770 viderunt
874 5725 1083 5771 narrata
1131 5719 1218 5772 vix
1248 5718 1487 5781 credant,
1520 5719 1642 5786 quid
1687 5733 1937 5787 magnum
1986 5727 2070 5773 est

477 5805 701 5864 diabolo
746 5815 802 5862 et
827 5810 1027 5879 anglis
1066 5810 1182 5881 ejus
1226 5811 1291 5867 de
1339 5811 1612 5881 corporeis
1657 5811 1934 5869 clementis
1974 5825 2068 5882 per

2143 1832 2256 1887 sive
2279 1830 2547 1896 homines,
2580 1829 2694 1884 sive
2714 1827 2888 1898 angeli
2922 1826 3068 1882 boni.

2741 1963 2968 2019 CAPUT
3002 1960 3140 2017 XIV.

2146 2056 2250 2131 14,
2274 2056 2347 2113 De
2374 2055 2520 2127 falsis
2558 2064 2602 2112 et
2633 2054 2952 2177 ἀπεριιίἷέἷέ
2984 2052 3380 2177 ἆυτραιὶοηίὁηε
3401 2093 3417 2119 ,
3453 2069 3519 2108 α
3561 2053 3744 2110 eodem

2214 2218 2557 2288 Nequaquam
2599 2214 2760 2287 igitur
2785 2229 2881 2286 per
2929 2215 3216 2285 sacrilegas
3240 2214 3657 2282 similitudines,
3689 2223 3742 2270 et

2146 2308 2335 2377 impias
2363 2306 2721 2370 curiositates,
2746 2312 2801 2360 et
2822 2305 3053 2374 magicas
3075 2305 3514 2360 consecrationes
3541 2307 3744 2360 anima

2146 2409 2438 2470 purgantur
2493 2406 2549 2454 et
2577 2396 2996 2452 reconciliantur
3026 2397 3156 2462 Deo,
3189 2397 3311 2466 quia
3343 2397 3509 2451 falsus
3539 2397 3746 2452 media-

2147 2499 2230 2543 tor
2260 2502 2364 2542 non
2395 2486 2594 2557 trajicit
2617 2486 2683 2542 ad
2717 2487 3022 2556 superiora,
3053 2487 3149 2542 sed
3173 2488 3348 2556 potius
3378 2487 3646 2542 obsidens
3671 2489 3749 2544 iu-

2147 2576 2396 2633 tercludit
2421 2579 2560 2631 viam
2603 2592 2699 2647 per
2729 2576 2976 2644 allectus,
3010 2589 3146 2646 quos
3197 2587 3342 2632 tanto
3372 2577 3746 2647 maligniOres,

2147 2679 2345 2742 quanto
2374 2668 2717 2740 superbiores
2769 2683 2880 2723 sute
2920 2668 3161 2723 societati
3208 2665 3450 2738 inspirat,
3499 2669 3596 2738 qui
3644 2685 3746 2724 nus

2147 2771 2373 2833 possunt
2398 2761 2466 2817 ad
2497 2759 2813 2817 evolandum
2846 2774 3049 2829 pennas
3092 2759 3299 2814 nutrire
3327 2759 3617 2825 virtutum,
3655 2762 3749 2815 sed

2150 2854 2328 2923 potius
2345 2855 2410 2908 ad
2427 2852 2846 2923 demergendum
2865 2851 3100 2922 pondera
3119 2865 3443 2922 exaggerare
3464 2852 3750 2916 vitiorum,

2151 2955 2302 3003 tanto
2330 2946 2544 3018 gravius
2583 2944 2763 3000 anima
2816 2944 3020 2999 ruitura
3050 2986 3065 3011 ,
3119 2952 3318 3014 quanto
3369 2942 3473 2999 sibi
3521 2943 3744 2997 videtur

2150 3051 2328 3098 erecta
2358 3039 2666 3095 sublimius.

2768 3152 2994 3210 CAPUT
3025 3153 3136 3209 XV.

2149 3252 2227 3308 De
2249 3251 2328 3308 his
2356 3251 2441 3322 qui
2464 3250 2560 3305 sibi
2589 3247 2944 3322 purgationem
2966 3246 3236 3322 desirtute
3256 3244 3469 3315 prapria
3492 3244 3750 3315 pollicen-

2667 3317 2772 3386 tur,
2800 3319 2975 3372 eodem
3007 3317 3134 3370 libro
3158 3331 3233 3370 tv.

2224 3436 2362 3491 Sunt
2382 3443 2558 3488 autem
2580 3431 2673 3502 qui
2701 3446 2762 3487 se
2781 3437 2967 3500 putant
2987 3429 3051 3482 ad
3084 3425 3553 3496 t0ntemplandum
3579 3427 3754 3483 Deum

2152 3535 2211 3584 ct
2243 3524 2612 3582 inliterendum
2645 3523 2755 3579 Deo
2804 3523 2999 3576 virtute
3039 3519 3253 3590 pr0pria
3302 3533 3461 3589 posse
3503 3521 3749 3588 purgari,

2153 3635 2290 3691 quos
2320 3617 2432 3689 ipsa
2465 3614 2717 3683 superbia
2763 3613 3003 3669 maxime
3051 3612 3303 3666 maculat.
3358 3609 3575 3664 Nullum
3611 3613 3756 3666 enim

2154 3710 2340 3768 vitium
2366 3718 2449 3765 est
2472 3708 2555 3762 cui
2587 3707 2755 3776 magis
2775 3705 2955 3759 divina
2981 3707 3094 3772 lege
3119 3703 3422 3766 resistatur,
3447 3714 3499 3756 et
3525 3701 3580 3755 in
3615 3701 3757 3770 qqu

2157 3802 2330 3872 majus
2359 3798 2586 3868 accipiat
2610 3795 2918 3852 dominandi
2938 3794 3026 3865 jus
3065 3793 3155 3849 ille
3186 3792 3610 3861 superbissimus
3655 3792 3757 3862 spi-

2155 3896 2314 3959 r'tus,
2343 3891 2410 3946 ad
2440 3891 2544 3946 ima
2575 3889 2859 3952 mediator,
2904 3887 2971 3941 ad
3021 3899 3229 3940 summa
3276 3883 3626 3948 interelusor,
3660 3881 3758 3938 nisi

2161 3986 2280 4059 (aut
2311 3983 2524 4040 occulte
2554 3979 2815 4036 insidians
2841 3978 2944 4034 alia
2979 3977 3062 4032 via
3089 3977 3386 4044 devitetur,
3415 3985 3504 4029 aut
3535 3989 3639 4044 per
3671 3989 3762 4045 po-

2161 4078 2343 4148 pulum
2393 4075 2735 4131 delicientem
2765 4114 2782 4142 ,
2830 4070 2974 4140 quod
3039 4070 3424 4139 interpretazur
3475 4066 3762 4132 Amalech,

2160 4178 2343 4240 aperte
2380 4169 2636 4228 smviens,
2666 4177 2722 4220 et
2769 4163 2835 4217 ad
2869 4172 3068 4217 terram
3111 4159 3548 4229 repromissionis
3600 4175 3763 4226 repu-

2160 4261 2373 4333 gnando
2405 4258 2686 4313 transitum
2718 4254 2946 4326 negans)
2990 4268 3086 4324 per
3113 4268 3328 4308 crucem
3364 4251 3571 4306 Domini
3595 4293 3612 4316 ,
3648 4265 3765 4321 qua

2160 4351 2330 4424 Moysi
2376 4351 2619 4406 manibus
2658 4347 2896 4402 extensis
2935 4353 3020 4400 est
3063 4345 3423 4415 praefigurata,
3449 4351 3764 4409 superetur.

2166 4447 2299 4502 llinc
2329 4445 2474 4499 enim
2506 4441 2608 4497 sibi
2641 4441 3010 4512 purgationem
3044 4439 3130 4492 isti
3172 4438 3368 4492 virtute
3407 4436 3624 4505 prepria
3658 4433 3765 4501 μοι.

2169 4537 2418 4600 licentur,
2452 4535 2576 4604 quia
2609 4531 2849 4586 nonnulli
2872 4545 3058 4586 eorum
3093 4537 3380 4598 potuerunt
3401 4527 3572 4581 aciem
3612 4547 3766 4583 men—

2171 4633 2240 4686 tis
2275 4629 2409 4683 ultra
2455 4640 2670 4681 omnem
2709 4632 3008 4678 creaturam
3049 4621 3446 4684 transmittere,
3497 4629 3549 4673 et
3593 4620 3768 4674 lucem

2171 4719 2626 4778 incomnnttabilis
2677 4715 2920 4771 veritatis
2969 4715 3441 4784 quantulacunque
3486 4727 3554 4766 ex
3616 4722 3770 4782 parte

2168 4815 2499 4882 contingere,
2531 4808 2670 4878 quod
2721 4806 3059 4862 Christianos
3105 4804 3302 4858 multos
3330 4817 3396 4857 ex
3422 4801 3525 4855 fide
3549 4801 3770 4857 interim
3807 4833 3815 4872 τ

2170 4906 2283 4959 sla
2334 4913 2572 4956 Viventes
2617 4901 2853 4953 nondum
2896 4897 3140 4967 potuisse
3179 4895 3448 4950 derident.
3478 4893 3584 4946 Sed
3641 4895 3769 4962 qui-.l

2171 4998 2390 5066 prodest
2431 4995 2763 5064 superbienti
2815 5002 2869 5046 et
2920 4992 2992 5046 ob
3035 4992 3135 5045 hoc
3180 4987 3515 5044 erubescenti
3565 4987 3771 5056 lignum

2170 5088 2558 5153 conscendere,
2592 5087 2658 5141 de
2687 5086 2976 5156 longinquo
3001 5085 3308 5153 prospicere
3333 5081 3557 5150 patriam
3585 5091 3770 5132 trans-

2175 5182 2471 5239 marinam?
2503 5181 2606 5234 Aut
2635 5179 2761 5250 quid
2799 5179 2952 5233 obest
2995 5175 3180 5231 humili
3207 5176 3276 5228 de
3305 5183 3452 5227 tanto
3486 5172 3773 5226 intervallo

2174 5293 2278 5331 non
2308 5291 2425 5330 eam
2456 5274 2644 5328 videre
2676 5274 2727 5325 in
2779 5271 2869 5325 illo
2903 5271 3066 5339 ligno,
3099 5268 3166 5322 ad
3213 5282 3333 5321 eam
3360 5265 3633 5331 venienti,
3662 5279 3774 5333 quo

2174 5369 2488 5438 dedignatur
2518 5367 2606 5420 ille
2638 5363 2875 5433 portari?

2770 5475 2997 5532 CAPUT
3025 5474 3166 5530 XVI.

2181 5575 2254 5629 De
2292 5582 2608 5629 sacramento
2641 5570 2962 5637 Mediatoris,
3000 5571 3062 5622 de
3085 5569 3187 5637 ﬁde
3219 5582 3320 5635 qua
3352 5565 3602 5618 credimus
3636 5572 3772 5637 tent-

2245 5647 2486 5716 poraliter
2509 5655 2670 5716 gesta.
2703 5654 2748 5695 et
2779 5633 2994 5716 veritate
3020 5633 3133 5711 qua:
3163 5633 3328 5692 reddit
3372 5645 3581 5699 wterna,
3610 5651 3678 5686 ea;
3705 5633 3773 5686 li-

2246 5714 2334 5771 bro
2361 5733 2406 5769 tv
2436 5717 2500 5768 de
2534 5715 2806 5779 Trinitate,
2841 5714 2923 5767 tit.
2953 5715 3040 5767 18.

2245 5808 2375 5875 Quia
2399 5806 2558 5876 igitur
2583 5805 2649 5861 ad
2678 5815 2875 5862 :eterna
2920 5799 3247 5872 capessenda
3294 5795 3470 5855 idonei
3497 5808 3598 5851 non
3642 5805 3768 5847 era-
