3956 6180
261 323 372 384 593

1499 335 1939 400 τιιεεΑυιι-υε.
1971 346 2126 404 CAP.
2165 349 2354 408 XVIII”.

3444 369 3545 424 SOI

256 437 717 510 mus,sordesque
748 446 1088 510 peccatorum
1107 458 1206 500 nos
1236 451 2072 530 przgravahanttempoaAjam
2130 467 2272 521 enim
2322 469 2665 528 credentibus
2745 487 2803 531 ut
2859 477 2912 533 in
2967 483 3132 536 verbo
3187 483 3307 539 ﬁdei
3365 500 3548 540 manc-

253 531 452 584 raliurn
481 546 664 585 rerum
686 547 869 588 amore
889 543 1200 602 contractae,
1221 549 1279 593 et
1302 540 1370 595 de
1401 546 1691 615 propagine
1714 563 1857 603 more

254 619 482 675 talitatis
497 631 747 692 tanquam
770 624 1087 681 naturaliter
1108 626 1327 696 inolitzc,
1345 634 1602 702 purgandi
1617 651 1856 694 eramus.

254 712 487 784 Purgari
517 724 696 769 autem
725 725 785 770 ut
803 726 1337 789 contemperaremur
1361 727 1598 795 aeternis,
1625 731 1854 787 nonnisi

255 821 353 872 per
386 808 704 877 temporalia
735 823 1033 878 possemus,
1059 815 1310 882 qualibus
1331 818 1441 887 jam
1466 825 1856 892 contemperati

253 896 600 953 tenebamur.
643 897 858 955 Sanita
897 902 1039 957 enim
1066 919 1096 956 a
1127 907 1318 962 morbo
1354 910 1641 976 plurimum
1666 913 1852 982 distat,

250 990 348 1042 sed
381 991 560 1047 media
582 992 791 1050 curatio
810 1035 826 1059 ,
859 996 961 1050 nisi
1002 999 1190 1054 morbo
1213 1015 1491 1072 congruat,
1519 1021 1626 1061 non
1656 1010 1852 1077 perdu-

250 1085 323 1138 cit
349 1085 421 1139 ad
443 1085 762 1155 sanitatem;
792 1091 1001 1146 inutilia
1029 1097 1347 1164 temporalia
1379 1101 1652 1170 decipiunt
1676 1119 1850 1174 agro-

254 1185 364 1240 tos,
407 1178 560 1232 utilia
589 1181 908 1250 temporalia
949 1183 1248 1256 suscipiunt
1297 1192 1590 1258 sanandos,
1621 1203 1676 1248 et
1701 1196 1850 1265 trajio

251 1268 488 1324 ciuntad
505 1280 706 1326 teterna
729 1283 968 1331 sanatos.
993 1276 1143 1332 Mens
1167 1291 1344 1334 autem
1386 1285 1677 1351 rationalis,
1711 1288 1852 1342 sicut

251 1369 483 1430 purgata
534 1364 1043 1432 contemplationem
1098 1369 1260 1424 debet
1303 1371 1462 1426 rebus
1489 1376 1738 1440 :cternis,
1773 1379 1850 1433 sic

249 1453 536 1522 ptirganda
565 1456 947 1525 temporalibus
979 1457 1157 1515 ﬁdem.
1209 1461 1349 1516 Dixit
1379 1465 1623 1534 quidam,
1649 1479 1700 1523 et
1723 1470 1848 1524 illo-

247 1558 375 1598 rum
399 1545 772 1614 quiquondam
803 1550 940 1618 apud
965 1550 1182 1608 Gracos
1208 1555 1477 1625 sapientes
1500 1559 1662 1615 habiti
1684 1573 1805 1618 sunt
1831 1580 1845 1618 :

245 1634 529 1700 Qua-tm
549 1636 616 1690 ad
646 1638 698 1692 id
721 1639 863 1708 quod
880 1651 1054 1696 ortum
1067 1652 1148 1698 est
1169 1648 1440 1702 aeternitas
1452 1650 1612 1718 valet,
1641 1660 1845 1710 tantum

246 1727 312 1779 ad
349 1725 519 1780 ﬁdem
536 1727 748 1783 veritas.
776 1729 845 1786 Et
867 1747 942 1795 prt
965 1733 1104 1788 l'ccto
1131 1744 1213 1790 est
1244 1752 1365 1792 vera
1387 1744 1647 1797 sententia
1665 1760 1681 1808 ;
1701 1746 1842 1812 quod

245 1818 402 1873 enim
445 1833 547 1874 nos
575 1822 868 1890 temporale
895 1823 1151 1891 dicimus,
1186 1828 1286 1884 hoc
1331 1831 1440 1898 ille,
1472 1836 1614 1903 quod
1662 1847 1837 1892 ortum
1869 1841 1917 1903 Β

245 1916 355 1975 est,
387 1910 700 1979 appellavit,
732 1927 795 1968 es
820 1928 929 1985 quo
957 1930 1152 1985 genere
1182 1921 1342 1974 etiam
1368 1936 1466 1976 nos
1495 1937 1699 1991 sumus,
1734 1943 1839 1982 non

247 2008 464 2055 tantum
488 2002 782 2058 secundum
804 2020 1023 2076 corpus,
1046 2010 1138 2063 sed
1169 2011 1329 2065 etiam
1355 2016 1650 2071 secundum
1677 2019 1841 2076 animi

245 2092 689 2150 mutabilitatem.
720 2094 834 2150 Non
863 2099 1006 2153 enim
1059 2105 1274 2170 proprie
1309 2114 1528 2161 vocatur
1554 2120 1836 2183 :eteruum,

245 2182 390 2252 quod
420 2183 604 2255 aliqua
625 2200 688 2240 et
722 2195 870 2255 parte
897 2198 1156 2258 mutatur;
1184 2194 1236 2247 in
1261 2207 1514 2260 quantum
1544 2200 1702 2266 igitur
1725 2219 1840 2256 mu-

243 2272 444 2328 tabiles
461 2289 670 2344 sumus,
692 2277 744 2331 in
769 2287 970 2333 tantum
997 2281 1063 2335 ab
1085 2285 1382 2340 mternitate
1401 2287 1680 2344 distamus.
1712 2292 1839 2348 Pro-

245 2363 488 2418 mittitur
531 2374 710 2422 autem
739 2369 892 2425 nobis
931 2373 1036 2426 vita
1076 2381 1299 2443 aeterna,
1341 2394 1436 2445 per
1479 2380 1781 2448 veritatem,
1808 2400 1838 2438 a

244 2453 403 2525 cujus
433 2457 818 2526 perspicuitate
847 2476 1032 2517 rursus
1059 2473 1261 2520 tantum
1284 2467 1445 2522 distat
1471 2470 1602 2526 ﬁdes
1632 2484 1832 2540 nostra,

245 2555 512 2614 quantum
545 2549 612 2601 ab
651 2552 954 2608 aeternitate
981 2556 1296 2611 mortalitas.
1341 2559 1490 2616 Nune
1528 2578 1656 2632 ergo
1681 2566 1837 2619 adhi-

247 2640 444 2696 bemus
477 2642 638 2697 ﬁdem
666 2645 828 2700 rebus
857 2650 1222 2716 temporalitcr
1259 2654 1421 2719 gestis
1461 2666 1678 2725 propter
1717 2674 1835 2725 nos,

243 2739 296 2784 ct
318 2745 422 2799 per
455 2731 628 2800 ipsam
652 2735 988 2802 mundatnur,
1021 2747 1078 2791 ut
1101 2753 1222 2791 cum
1253 2741 1317 2793 ad
1345 2745 1579 2810 speciem
1627 2749 1838 2802 veneri-

247 2836 394 2886 mus,
421 2825 880 2892 quemadmodum
912 2831 1150 2884 succedit
1180 2831 1300 2886 ﬁdei
1336 2835 1561 2901 veritas,
1591 2839 1660 2892 ita
1689 2855 1835 2894 mor-

245 2914 444 2969 talitati
481 2921 733 2973 succedat
753 2922 1044 2977 :eternitas.
1063 2924 1419 2997 Quapropter,
1436 2931 1686 3000 quoniam
1706 2933 1837 2989 ﬁdes

246 3017 429 3062 ttnstra
456 3008 552 3064 ﬁet
583 3011 798 3078 veritas,
829 3027 948 3066 cum
971 3013 1037 3068 ad
1068 3015 1119 3071 id
1147 3017 1286 3086 quod
1320 3019 1474 3074 nobis
1494 3020 1837 3079 credentibus

249 3099 587 3165 promittitur
614 3103 917 3158 venerimus
948 3107 1299 3175 (promittitur
1323 3121 1502 3166 autem
1543 3113 1696 3167 nobis
1730 3115 1835 3171 vita

245 3203 471 3256 a-terna,
496 3204 552 3248 et
581 3192 711 3248 dixit
735 3197 963 3264 Veritas,
981 3214 1086 3255 non
1114 3217 1233 3270 qua:
1256 3204 1366 3270 ﬁet,
1389 3206 1526 3259 sicut
1548 3206 1724 3262 futura
1754 3221 1838 3265 est
1865 3206 1914 3270 C

249 3282 380 3336 ﬁdes
410 3293 625 3351 nostra,
647 3286 739 3340 sed
769 3303 888 3356 qua:
904 3303 1117 3358 semper
1137 3303 1220 3347 est
1250 3293 1478 3362 Veritas,
1502 3299 1624 3366 quia
1658 3300 1729 3353 ibi
1758 3311 1839 3356 est

243 3375 546 3440 ater-nitas,
579 3373 719 3430 dixit
745 3388 920 3432 autem
953 3380 1163 3436 Veritas
1192 3400 1204 3434 :
1239 3384 1363 3440 llaec
1392 3397 1474 3441 est
1519 3399 1697 3444 autem
1732 3392 1838 3446 vita

245 3477 290 3517 τε
315 3479 448 3518 crna
488 3475 545 3518 ut
591 3478 916 3537 cognoscant
955 3478 1008 3525 te
1049 3487 1211 3526 unum
1239 3489 1447 3543 verum,
1480 3486 1533 3532 et
1552 3494 1712 3548 quem
1737 3480 1840 3534 mi-

247 3557 358 3610 sisti
381 3557 575 3611 Jesum
604 3559 923 3630 Christum),
954 3577 1078 3617 cum
1108 3565 1239 3619 lides
1267 3576 1448 3622 nostra
1479 3568 1712 3626 videndo
1743 3572 1839 3628 ﬁet

248 3648 469 3710 veritas,
490 3659 616 3702 tunc
635 3651 1013 3706 mortalitatem
1038 3663 1273 3709 nostram
1288 3667 1666 3714 commutatam
1687 3671 1838 3719 tene-

247 3737 321 3789 bit
339 3738 643 3793 aternitas.
671 3740 824 3808 Quod
851 3742 1024 3800 donec
1061 3747 1152 3799 ﬁat
1189 3748 1208 3818 (
1236 3750 1358 3818 quia
1399 3752 1560 3806 rebus
1585 3755 1720 3808 ortis
1749 3771 1840 3811 εοε-

245 3829 656 3883 commodamus
713 3831 872 3886 ﬁdem
921 3834 1295 3903 credulitatis,
1346 3841 1484 3894 sicut
1532 3843 1584 3896 in
1625 3845 1839 3900 aeternis

243 3931 529 3985 speramus
556 3919 832 3976 veritatem
860 3927 1373 3999 contemplationis).
1395 3946 1464 3986 ne
1490 3932 1620 3988 ﬁdes
1641 3945 1838 3991 tnorta-

247 4009 310 4060 lis
338 4012 465 4063 vitae
487 4010 792 4068 dissonaret
812 4029 841 4066 a
866 4015 1094 4071 veritate
1110 4027 1325 4074 mternte
1345 4022 1482 4080 vitae.
1502 4024 1613 4092 ipsa
1632 4026 1838 4083 Veritas

249 4097 390 4151 I’atri
420 4109 698 4155 coaeterna
737 4103 805 4157 dc
844 4115 984 4159 terra
1016 4117 1130 4162 orta
1162 4120 1265 4178 est,
1295 4127 1413 4166 cum
1440 4114 1606 4169 Filius
1638 4117 1730 4172 Dei
1759 4119 1839 4175 sic

249 4190 416 4254 venit,
444 4200 502 4243 nt
523 4190 680 4247 ﬁeret
708 4193 847 4249 ﬁlius
874 4196 1107 4252 hominis
1128 4241 1142 4262 ,
1170 4209 1227 4253 et
1251 4202 1366 4271 ipse
1400 4205 1453 4259 in
1483 4221 1542 4262 se
1567 4211 1839 4280 exciperet

243 4280 402 4334 ﬁdem
455 4293 694 4338 nostram
751 4301 854 4355 qua
896 4303 995 4343 nos
1043 4291 1363 4359 perduceret
1419 4298 1483 4350 ad
1554 4300 1831 4357 veritatem

242 4382 424 4434 suam,
448 4372 537 4439 qui
570 4373 650 4426 sic
679 4377 914 4445 suscepit
939 4382 1319 4438 mortalitatem
1352 4399 1610 4454 nostram,
1639 4398 1696 4444 ut
1730 4407 1836 4446 non

241 4464 523 4520 amitteret
552 4468 906 4525 aeternitatem
953 4487 1128 4528 suam.
1167 4476 1436 4543 Quantum
1483 4484 1626 4538 enim
1670 4485 1736 4539 ad
1784 4487 1836 4542 id

241 4553 396 4620 quod
445 4568 618 4616 ortum
661 4569 747 4614 est
802 4563 1078 4620 aeternitas
1127 4570 1287 4635 valet,
1321 4578 1526 4628 tantum
1565 4575 1631 4629 ad
1678 4578 1709 4630 ti

243 4645 472 4701 veritas.
507 4648 578 4702 Ita
607 4665 740 4720 ergo
765 4668 864 4708 nos
895 4659 1112 4728 purgari
1139 4666 1443 4730 Oportebat,
1477 4677 1534 4722 ut
1557 4669 1653 4724 ille
1683 4674 1838 4728 nobis

241 4737 403 4792 ﬁeret
430 4749 599 4807 ortus,
631 4743 724 4812 qui
754 4757 998 4804 maneret
1023 4759 1276 4820 atomus,
1307 4773 1376 4812 ne
1402 4761 1540 4815 alter
1571 4764 1728 4819 nobis
1754 4781 1840 4822 es-

235 4835 328 4879 set
381 4828 440 4881 in
471 4829 593 4895 fide,
625 4832 762 4887 alter
809 4835 862 4890 in
892 4838 1138 4896 veritate.
1186 4843 1297 4899 Nec
1341 4848 1409 4902 ab
1439 4865 1505 4903 eo
1547 4853 1688 4920 quod
1733 4859 1835 4912 orti

236 4935 455 4984 sumus,
483 4923 548 4976 ad
571 4934 772 4981 a-terna
806 4932 1034 4987 transire
1055 4949 1357 5004 possemus,
1375 4941 1475 4995 nisi
1507 4954 1711 5002 aiterno
1741 4966 1837 5018 per

234 5021 420 5063 ortum
447 5022 687 5070 nostrum
721 5018 876 5073 nobis
899 5024 1124 5089 sociata,
1166 5027 1233 5082 ad
1264 5033 1620 5090 aiternitatem
1660 5037 1831 5106 ipsius

237 5102 635 5170 trajiceremur.
669 5107 820 5164 Nunc
847 5112 1026 5182 itaque
1051 5115 1180 5172 illuc
1205 5123 1602 5187 quodammodo
1648 5102 1831 5187 secuta

234 5202 322 5246 est
372 5193 507 5250 ﬁdes
534 5206 717 5252 nostra
741 5216 848 5269 quo
877 5207 1122 5262 ascendit
1152 5210 1204 5264 in
1246 5227 1408 5281 quem
1435 5219 1706 5278 credimus
1739 5241 1832 5279 or-

235 5292 350 5348 tus,
384 5295 645 5352 mortuus,
671 5293 1039 5364 resuscitatus,
1071 5313 1398 5372 assumptus.
1451 5309 1651 5366 Horum
1693 5331 1827 5385 qua-

235 5381 364 5426 tuor
389 5376 497 5430 duo
538 5379 715 5447 priora
769 5398 1094 5444 noveramus
1138 5392 1192 5447 in
1240 5395 1418 5464 nobis,
1457 5401 1656 5457 scimus
1680 5407 1827 5464 enim

233 5461 486 5522 homines
524 5478 580 5522 et
605 5472 734 5526 oriri
765 5485 818 5529 et
841 5479 1010 5546 mori;
1044 5481 1152 5537 duo
1180 5496 1361 5542 autem
1401 5492 1626 5563 reliqua,
1661 5497 1712 5552 id
1744 5509 1827 5556 est

233 5559 549 5615 resuscitari
569 5571 625 5617 et
653 5569 879 5633 assumi,
897 5572 1040 5638 juste
1063 5574 1117 5629 in
1147 5577 1300 5633 nobis
1331 5579 1502 5638 futura
1520 5559 1825 5659 speramus,

234 5649 372 5716 quia
404 5651 455 5704 in
487 5653 584 5710 illo
611 5655 750 5712 facta
781 5663 1130 5721 credidimus.
1159 5668 1341 5741 Itaque
1380 5675 1432 5729 in
1474 5649 1572 5733 illo
1608 5685 1730 5750 qufa
1776 5649 1828 5741 id

234 5740 388 5810 quod
411 5754 583 5800 ortum
608 5759 728 5803 erat
749 5756 956 5809 transiit
977 5759 1042 5812 ad
1072 5740 1451 5835 teternirtatem,
1477 5740 1826 5833 transiturum

233 5841 326 5890 est
355 5842 412 5893 et
435 5849 701 5913 nostrum,
731 5859 853 5902 cum
904 5848 1037 5908 ﬁdes
1072 5862 1382 5924 pervenerit
1419 5861 1487 5920 ad
1518 5865 1825 5938 veritate;

1962 563 2126 620 rent,
2170 565 2225 610 et
2275 557 2400 615 inde
2451 561 2518 616 ad
2548 565 2854 638 veritatem,
2885 584 2947 624 ac
2980 587 3074 639 per
3101 573 3202 629 hoc
3228 575 3294 628 ad
3325 577 3547 631 :cterni-
3601 634 3603 636 ,

1963 650 2124 699 tatem
2151 647 2393 715 perducti
2417 667 2444 705 a
2469 666 2640 712 morte
2669 657 3046 726 liberarentur,
3076 664 3146 720 ita
3180 665 3417 732 loquitur
3447 688 3459 722 :
3488 670 3546 726 Si

1960 736 2272 793 manseritis
2322 739 2373 793 in
2422 745 2586 798 verbo
2615 762 2755 815 meo,
2783 766 2911 807 vere
2954 754 3202 826 discipuli
3234 760 3340 814 mei
3370 760 3542 818 eritis.

1960 822 2028 877 Et
2055 826 2208 894 quasi
2238 843 2543 898 quaererent
2569 851 2677 904 quo
2724 839 2922 912 fructu,
2955 822 3172 903 secutus
3196 849 3269 904 ait
3301 867 3316 905 :
3360 851 3427 906 Et
3453 867 3544 908 co-

1955 918 2226 985 gnoscetis
2247 922 2549 980 veritatem.
2575 927 2641 982 Et
2662 946 2868 1000 rursus,
2899 937 3048 1005 quasi
3085 939 3355 998 dicerent:
3403 943 3542 1010 Quid

1957 1007 2179 1076 prodest
2208 1013 2522 1070 mortalibus
2549 1019 2784 1075 veritas?
2812 1023 2877 1079 Et
2916 1027 3144 1096 veritas,
3178 1031 3369 1103 inquit,
3403 1007 3544 1094 Iibe-

1955 1097 2096 1152 rabit
2121 1115 2217 1154 vos
2247 1119 2260 1154 :
2295 1103 2468 1171 unde,
2501 1107 2604 1163 nisi
2630 1126 2659 1164 a
2693 1123 2887 1183 morte,
2912 1131 2941 1171 a
2960 1097 3326 1191 corruptione,
3357 1141 3387 1181 a
3420 1143 3541 1183 mu-

1957 1188 2247 1248 tabilitate?
2281 1195 2488 1253 Veritas
2515 1201 2712 1272 quippe
2734 1204 3075 1278 immortalis,
3100 1188 3433 1286 incorrupta,
3460 1220 3540 1274 in-

1953 1285 2348 1342 commutabilis
2391 1301 2714 1358 permanet:
2753 1311 2876 1351 vera
2908 1309 3088 1356 autem
3131 1285 3538 1374 immortalitas,

1956 1387 2080 1426 vera
2109 1375 2605 1451 incorruptibilitas,
2623 1401 2747 1442 vera
2768 1388 3281 1455 incommutabilitas
3313 1401 3424 1471 ipsa
3455 1411 3541 1461 est

1950 1465 2243 1521 aeternitas.

2525 1609 2758 1669 CAPUT
2789 1614 2955 1672 XVII.

1952 1702 2103 1796 Quod
2128 1706 2412 1796 testimonia
2435 1713 2960 1796 quaedam-venturum
2990 1719 3249 1796 Citristum
3285 1743 3532 1796 premun-

2018 1776 2249 1862 ςίαιεενξης
2269 1817 2286 1843 ,
2323 1776 2778 1862 quietiamhvenisse
2808 1798 2990 1844 testata
3022 1795 3152 1862 sint,
3200 1776 3265 1851 ea:
3285 1776 3533 1857 Vitio

2012 1845 2075 1898 ds
2105 1844 2376 1916 Trinitaté,
2409 1853 2485 1904 tit.
2521 1853 2610 1908 l9.

2016 1961 2152 2016 Ecce
2181 1961 2246 2016 ad
2270 1965 2412 2032 quod
2443 1967 2638 2025 missus
2659 1980 2742 2026 est
2773 1971 2941 2028 Filius
2969 1976 3083 2045 Dei,
3103 1979 3212 2034 imo
3238 1997 3532 2050 vero,ecee

1941 2052 2083 2120 quod
2113 2063 2194 2108 est
2240 2057 2460 2112 missum
2487 2074 2609 2116 esse
2634 2061 2832 2118 Filium
2866 2066 2982 2122 Dei.
3033 2070 3376 2146 Quaecunque
3407 2094 3532 2147 pro-

1944 2150 2059 2210 pter
2089 2143 2386 2202 faciendam
2419 2149 2576 2206 ﬁdem
2626 2170 2728 2224 qua
2760 2160 3163 2230 mundarcmur,
3196 2166 3262 2219 ad
3290 2143 3532 2226 contem-

1942 2237 2190 2306 plandam
2223 2242 2506 2297 veritatem
2536 2245 2589 2299 in
2621 2247 2785 2302 rebus
2813 2251 2952 2306 ortis
2975 2253 3044 2308 ab
3077 2257 3381 2315 rctcrnitate
3409 2277 3532 2330 pro-

1942 2326 2064 2384 Iat‘s
2103 2340 2158 2384 et
2186 2331 2251 2385 ad
2304 2335 2660 2393 aeternitatem
2711 2343 2920 2407 relatis.
2970 2350 3340 2416 temporaliter
3376 2326 3527 2422 gesta

1941 2433 2086 2487 sum,
2139 2427 2444 2481 testimonia
2494 2431 2777 2488 missionis
2815 2436 2975 2507 bujns
3016 2441 3253 2511 luerunt,
3278 2458 3370 2502 aut
3412 2450 3528 2520 ipsa

1942 2514 2127 2569 missio
2165 2515 2280 2572 Filii
2315 2518 2429 2574 Dei.
2474 2521 2577 2576 Sed
2623 2525 2927 2584 testimonia
2956 2533 3201 2600 quadam
3239 2514 3525 2597 venturum

1941 2609 2455 2679 praenuntiat-erunt,
2486 2615 2729 2682 quaedam
2767 2619 2982 2676 venisse
3013 2631 3206 2680 testata
3244 2639 3392 2682 sunt.
3428 2632 3528 2686 Fa-

1940 2704 2081 2749 cmm
2106 2697 2301 2767 quippe
2327 2710 2648 2770 creaturam,
2674 2721 2768 2774 per
2789 2724 2949 2778 quem
2981 2711 3133 2769 facta:
3159 2731 3346 2772 omnes
3376 2735 3526 2777 crea-

1939 2794 2106 2851 turte,
2137 2803 2351 2842 omnem
2399 2801 2699 2849 creaturam
2751 2806 2941 2854 testem
2981 2800 3180 2858 habere
3224 2809 3525 2874 Oportebat.

1939 2875 2050 2930 Nisi
2083 2877 2182 2948 15
2213 2879 2354 2933 enim
2379 2883 2558 2938 multis
2589 2885 2771 2940 missis
2800 2889 3181 2957 praidicaretur
3223 2913 3381 2963 unus,
3418 2917 3525 2956 non

1940 2968 2122 3022 multis
2138 2970 2373 3026 dimissis
2400 2982 2669 3029 teneretur
2695 2992 2852 3044 unus,
2875 2986 2930 3036 et
2952 2983 3055 3037 nisi
3081 2984 3399 3043 taliaesscnt
3421 3001 3526 3045 tes-

1941 3061 2159 3116 timonia
2181 3079 2300 3134 quae
2323 3067 2498 3134 parvis
2521 3084 2711 3137 magna
2733 3071 3061 3140 viderentur,
3080 3093 3184 3132 non
3215 3082 3526 3138 crederetur

1945 3165 1996 3205 ut
2029 3171 2249 3224 magnos
2279 3157 2480 3213 Iaceret
2505 3176 2728 3228 magnus
2748 3204 2764 3228 ,
2791 3166 2879 3235 qui
2903 3167 2966 3220 ad
2995 3157 3186 3238 parvos
3219 3172 3417 3228 missus
3441 3187 3525 3232 est

1945 3258 2163 3313 parvus.
2196 3247 2692 3318 lncomparabiliter
2723 3257 2864 3310 enim
2893 3259 3093 3327 majora
3121 3261 3238 3317 Filii
3270 3263 3363 3319 Dei
3389 3266 3526 3324 facta

1942 3347 2066 3393 sunt
2088 3341 2330 3409 (emtum,
2357 3353 2407 3397 et
2427 3354 2590 3411 terra,
2621 3350 2879 3403 etotnnia
2905 3367 3022 3420 quae
3047 3342 3208 3409 in'eis
3233 3364 3378 3426 sunt,
3401 3361 3526 3428 quia

1941 3430 2122 3497 omnia
2147 3446 2240 3498 per
2270 3433 2443 3500 ipsum
2474 3434 2608 3489 facta
2640 3437 2784 3508 sunt)
2815 3455 2975 3509 quam
3005 3443 3156 3514 signa
3203 3455 3360 3518 atque
3405 3465 3527 3520 por-

1945 3530 2088 3575 tenta
2115 3537 2234 3592 qua:
2264 3523 2317 3580 in
2347 3525 2464 3595 ejus
2497 3527 2862 3585 testimonium
2895 3548 3274 3605 proruperunt.

2503 3656 2730 3717 CAPUT
2781 3661 2968 3724 XVIII.

1947 3761 2022 3817 De
2061 3765 2237 3821 eodem
2276 3767 2582 3826 Mediatoris
2621 3788 2962 3840 sacramento.
2993 3798 3056 3835 ea:
3098 3784 3229 3838 libro
3257 3801 3274 3840 t
3304 3789 3368 3842 de
3393 3789 3525 3844 Cort-

2416 3857 2568 3896 scnsu
2606 3848 3055 3918 evangelistarum.

2015 3953 2352 4024 Quapropter
2398 3973 2520 4014 eum
2569 3962 2638 4016 sit
2687 3965 2802 4034 ipse
2843 3967 3088 4025 Christus
3128 3972 3396 4042 Sapientia
3430 3976 3525 4032 Dei

1943 4059 2038 4112 per
2077 4061 2234 4113 quam
2264 4059 2441 4103 creata
2482 4063 2606 4107 sunt
2640 4057 2843 4125 omnia,
2869 4074 3099 4130 cumque
3129 4064 3289 4118 nulla:
3315 4077 3524 4123 mentes

1941 4135 2228 4192 rationales
2280 4137 2695 4215 [rationabiles],
2723 4145 2840 4203 sive
2892 4153 3205 4220 angelorum
3228 4194 3244 4218 ,
3275 4157 3390 4211 sive
3423 4159 3521 4211 ho.

1941 4225 2170 4292 minum,
2204 4229 2305 4284 nisi
2334 4233 2738 4303 participatione
2767 4237 2934 4308 ipsius
2959 4243 3230 4310 sapientes
3261 4248 3414 4313 ﬁant,
3435 4252 3522 4305 cui

1941 4329 2040 4383 per
2082 4317 2339 4386 Spiritum
2370 4333 2642 4390 sanctum,
2679 4342 2774 4395 per
2802 4344 2960 4398 quem
2991 4331 3226 4389 cbaritas
3269 4337 3318 4389 in
3349 4340 3526 4393 cordi-

1941 4407 2041 4463 bus
2088 4413 2288 4468 nostris
2339 4414 2688 4482 diﬁ‘unditur,
2723 4418 3079 4488 inhazremus,
3126 4443 3246 4496 qua:
3293 4430 3526 4487 Trinitas

1943 4514 2079 4553 unus
2128 4501 2268 4556 Deus
2313 4513 2418 4570 est,
2471 4508 2778 4563 consultum
2819 4519 2903 4566 est
2955 4513 3132 4568 divina
3190 4519 3524 4585 providentia

1717 4577 1838 4633 de!"
1870 4586 1923 4646 D
1950 4592 2286 4659 mortalibus,
2318 4611 2544 4664 quorum
2578 4603 2889 4671 temporalis
2939 4606 3044 4661 vita
3075 4607 3125 4662 in
3158 4611 3318 4667 rebus
3347 4616 3525 4670 orietp

1945 4685 2085 4740 tibus
2117 4697 2173 4742 et
2211 4689 2581 4748 occidentibus
2609 4707 2863 4765 occupata
2904 4700 3219 4767 tenebatur,
3249 4714 3308 4759 ut
3334 4709 3523 4766 eadem

1945 4779 2060 4850 ipsa
2091 4781 2185 4836 Dei
2209 4783 2483 4851 Sapientia
2512 4787 2576 4840 ad
2610 4789 2866 4845 unitatetn
2899 4809 3144 4863 personae
3168 4813 3280 4853 sua:
3309 4802 3526 4859 homine

1940 4882 2215 4941 assumpto
2247 4871 2300 4928 in
2322 4892 2426 4945 quo
2475 4882 2840 4948 temporalitcr
2907 4899 3248 4957 nasceretur,
3281 4894 3522 4966 viveret,

1944 4973 2268 5028 moreretur,
2287 4980 2609 5036 resurgeret,
2635 4987 2866 5040 congrua
2891 4977 3050 5032 saluti
3074 4991 3273 5038 nostrai
3297 4985 3526 5043 dicendo

1939 5059 1993 5106 et
2024 5051 2284 5120 faciendo,
2307 5059 2558 5125 patiendo
2581 5071 2636 5115 ct
2659 5066 2995 5134 sustinendo,
3024 5072 3177 5128 ﬁeret
3200 5085 3254 5129 ct
3273 5077 3522 5132 deorsum

1943 5142 2250 5199 hominibus
2279 5151 2582 5218 exemplum
2617 5154 2898 5226 redeundi,
2940 5164 3028 5231 qui
3075 5179 3284 5220 sursunt
3317 5178 3397 5222 est
3437 5168 3523 5238 {et

1936 5233 2015 5287 eis
2041 5236 2130 5302 qui
2152 5252 2360 5291 sursum
2385 5242 2527 5314 sunt]
2552 5247 2758 5317 angelis
2783 5255 3087 5322 exemplum
3113 5258 3382 5312 manendi.
3409 5259 3517 5313 Nisi

1936 5328 2078 5379 enim
2106 5329 2234 5382 etin
2266 5332 2463 5387 anima:
2500 5338 2779 5395 rationalis
2813 5352 2998 5398 ttatura
3033 5352 3394 5416 temporalitcr
3422 5352 3518 5403 ali-

1935 5418 2062 5486 quid
2089 5420 2342 5488 oriretur,
2392 5425 2443 5478 id
2472 5437 2573 5490 est,
2610 5430 2867 5502 inciperet
2908 5451 3027 5490 esse
3065 5438 3202 5505 quod
3234 5455 3337 5494 non
3377 5453 3516 5510 crat,

1935 5526 2203 5581 nunquam
2233 5530 2296 5570 ex
2328 5519 2434 5572 vita
2460 5524 2690 5589 pessima
2708 5536 2758 5579 et
2778 5528 2942 5582 stulta.
2961 5529 3024 5582 ad
3042 5530 3333 5599 sapientem
3356 5546 3518 5604 atque

1929 5603 2190 5672 optimam
2221 5611 2544 5674 perveniret.
2603 5619 2676 5668 Ac
2703 5631 2797 5684 per
2830 5617 2930 5671 hoc
2957 5634 3074 5673 cum
3109 5622 3266 5675 rebus
3296 5629 3517 5686 mternis

1932 5696 2416 5763 contemplantinm
2448 5703 2645 5757 veritas
2676 5705 2995 5773 perfruatur,
3032 5709 3189 5765 rebus
3220 5725 3397 5770 autem
3426 5733 3518 5776 or-

1934 5786 2003 5837 tis
2049 5785 2179 5840 ﬁdcs
2221 5789 2555 5844 credentium
2607 5793 2889 5864 debeatur,
2936 5812 3192 5870 purgatur
3221 5805 3381 5863 homo
3420 5825 3515 5878 pcr

1933 5889 2116 5935 rerum
2160 5881 2529 5950 temporalium
2579 5883 2761 5955 ﬁdem,
2792 5899 2847 5946 ut
2893 5901 3213 5953 internarum
3253 5901 3515 5974 percipiat
