3956 6180
271 289 377 346 691
977 270 993 308 '
1486 289 1924 355 TIIESAUBUS.
1968 290 2116 353 CAP.
2162 296 2306 356 nx.
3448 302 3552 361 ass

276 409 415 465 iacis
474 407 615 478 [luci
641 407 656 477 ]
702 406 1023 464 haurienda:
1071 417 1271 465 mentis
1314 408 1459 464 acies
1506 408 1867 473 convalescat,
1894 410 1944 469 Δ
1976 411 2241 481 valerent,
2264 424 2358 471 aut
2384 415 2431 470 si
2465 428 2571 469 non
2616 414 2790 479 fieret,
2818 414 3020 468 crimen
3051 412 3359 468 invidentia
3385 416 3553 472 vitare

271 504 472 557 dicitur
518 500 737 555 avaris:
770 500 945 557 Nolite
988 501 1145 556 vobis
1191 501 1429 557 condere
1473 501 1759 555 thesauros
1810 500 1863 555 in
1968 517 2075 556 non
2106 517 2346 573 possent.
2380 506 2524 576 Ergo
2549 503 3551 576 cedanteietaquoltdaquollaetum

274 595 547 661 terra,ubi
581 595 723 649 tinea
752 604 810 650 et
830 596 1017 665 rubigo
1036 595 1263 667 [aerugo]
1291 596 1670 659 exterminant,
1700 602 1747 650 et
1776 593 1863 649 ubi

272 694 421 744 tores
463 687 734 743 cil'odiunt
778 696 835 741 et
876 688 1152 753 iurantur;
1181 688 1278 743 sed
1327 687 1684 742 thesauriaats
1710 684 1864 740 vobis

276 781 562 833 thesauros
607 778 661 832 in
703 779 867 843 cosio,
908 779 998 832 ubi
1049 793 1222 847 neque
1266 780 1430 844 tinea,
1454 791 1631 847 neque
1676 775 1863 845 rubigo

273 871 661 934 exterminant,
690 885 864 941 neque
902 871 1048 926 {ures
1086 869 1344 925 eii‘odiunt
1386 884 1561 939 neque
1590 868 1860 932 iurantur;

276 965 363 1018 ubi
410 965 559 1019 enim
597 973 681 1019 est
724 963 1012 1019 thesaurus
1043 972 1196 1026 tuus,
1230 962 1305 1016 ibi
1345 972 1427 1018 est
1466 971 1521 1016 et
1555 974 1652 1016 cor
1691 969 1860 1015 tuum.

276 1054 483 1110 Dicitur
519 1055 844 1110 luxuriosis:
871 1053 973 1121 Qui
1021 1055 1252 1110 seminat
1293 1056 1346 1109 in
1387 1068 1570 1118 carne,
1603 1052 1670 1109 de
1702 1066 1866 1109 carne

274 1154 443 1201 iactet
470 1146 903 1214 corruptionem;
928 1144 1023 1215 qui
1062 1144 1293 1201 seminat
1322 1144 1375 1199 in
1419 1143 1631 1213 spiritu,
1663 1142 1732 1197 de
1758 1142 1865 1210 spi-

278 1239 382 1293 ritu
410 1245 582 1293 metet
614 1238 778 1291 vitam
813 1246 1090 1293 aeternam.
1127 1236 1333 1291 Dicitur
1361 1234 1645 1305 superbis:
1675 1232 1776 1301 Qui
1806 1246 1865 1288 se

276 1328 479 1383 exaitat
507 1327 910 1393 humiliabitur,
939 1337 995 1383 et
1018 1328 1109 1397 qui
1137 1342 1198 1382 se
1242 1327 1485 1381 humiliat
1511 1324 1862 1381 exaltabitur.

277 1421 488 1478 Dicitur
516 1422 822 1478 iracundis:
847 1422 1114 1490 Aeeepisti
1137 1421 1369 1490 alapam,
1400 1435 1527 1490 para
1556 1428 1611 1479 et
1634 1420 1864 1474 alteram

275 1515 578 1575 maxillam.
609 1515 813 1571 Dicitur
838 1515 1185 1572 discordiosis
1209 1532 1222 1567 :
1250 1513 1463 1584 Diligite
1502 1512 1748 1568 inimicos
1777 1526 1867 1565 ve-

271 1616 445 1663 stros.
478 1608 683 1662 Dicitur
712 1606 1139 1676 superstitiosis:
1165 1606 1403 1676 Regnum
1453 1605 1549 1659 Dei
1590 1605 1731 1658 intra
1770 1617 1865 1658 vos

272 1713 380 1757 est.
417 1700 625 1756 Dicitur
648 1701 915 1757 curiosis:
939 1700 1116 1755 Nolite
1161 1713 1401 1768 quaerere
1437 1712 1558 1767 quae
1594 1696 1859 1762 vitientur,

1972 605 2074 659 est,
2109 612 2211 653 nec
2242 600 2552 657 curiositate
2581 609 2673 655 aut
2703 600 2846 654 inani
2888 598 3146 669 jactantia
3196 598 3554 668 impediantur

1965 689 2249 753 quominus
2297 701 2588 760 agnoscant
2633 691 2763 761 quid
2811 691 3023 746 intersit
3076 692 3215 747 inter
3259 706 3551 762 paucorum

1968 776 2181 833 timidas
2207 778 2484 853 [tumidas]
2514 784 2849 851 conjecturas
2864 790 2925 838 et
2947 782 3279 841 manilestara
3321 783 3548 839 salutem

1966 871 2460 942 correctionemque
2488 874 2832 943 populorum.
2884 873 2962 929 liii
2993 874 3136 929 enim
3178 874 3224 929 si
3265 875 3553 930 revivisceo

1967 972 2085 1018 rent
2110 978 2338 1033 quorum
2366 966 2453 1021 isti
2501 967 2555 1021 in
2588 966 2894 1023 hominibus
2919 967 3235 1036 gloriantur,
3266 973 3323 1021 et
3349 968 3555 1021 invenio

1966 1065 2087 1113 rent
2116 1056 2341 1117 refertas
2369 1058 2648 1125 ecclesias,
2698 1061 3005 1130 templaque
3030 1059 3263 1126 deserta,
3281 1068 3340 1118 et
3356 1062 3555 1131 acupi-

1965 1149 2133 1205 ditate
2177 1152 2439 1209 bonorum
2488 1153 2862 1221 temporalium
2913 1162 3073 1223 atque
3118 1152 3436 1216 ﬂuentium,
3484 1154 3555 1209 ad

1963 1257 2114 1311 spem
2142 1244 2263 1298 vita:
2288 1254 2507 1300 teternze
2544 1254 2600 1300 et
2627 1244 2764 1300 bona
2810 1246 3069 1313 spiritalia
3100 1253 3155 1299 ot
3197 1244 3553 1317 intelligibilia

1966 1334 2143 1390 vocari
2169 1345 2225 1389 et
2250 1349 2473 1391 currere
2497 1336 2789 1395 humanum
2816 1350 2985 1406 genus
3005 1375 3021 1401 ,
3050 1336 3296 1391 dicerent
3322 1335 3549 1390 l'ortasse

1967 1425 2048 1494 (si
2097 1428 2233 1483 tales
2279 1438 2465 1484 essent
2517 1431 2704 1496 quales
2746 1431 2917 1485 fuisse
2960 1430 3398 1497 memorantur):
3428 1428 3555 1485 llaec

1963 1528 2091 1573 sunt
2116 1534 2232 1586 qua:
2258 1535 2361 1579 nes
2391 1521 2718 1589 persuadere
2748 1522 2960 1591 populis
2988 1537 3095 1577 non
3122 1522 3239 1577 ausi
3269 1536 3479 1585 sumus,
3501 1531 3558 1576 et

1964 1626 2150 1668 eorum
2198 1615 2372 1682 potius
2417 1613 2790 1670 coitsuetudini
2838 1614 3119 1680 cessimus,
3150 1628 3309 1684 quam
3350 1612 3473 1667 illos
3503 1613 3554 1671 in

1968 1713 2204 1759 nostram
2246 1704 2406 1761 iidem
2449 1706 2887 1774 voluntatemque
2957 1704 3312 1765 traduxitnus.
3372 1704 3556 1773 itaque

276 1794 372 1848 sed
428 1808 552 1863 qua:
603 1807 708 1848 non
758 1792 1041 1858 videntur;
1071 1807 1189 1861 quae
1217 1790 1359 1845 enim
1391 1790 1638 1845 videntur
1666 1798 1865 1857 tentpo-
1894 1781 1942 1840 Β
1968 1797 2013 1850 si
2057 1797 2194 1851 hanc
2240 1798 2402 1853 vitam
2440 1799 2520 1853 illi
2548 1797 2683 1869 [isti]
2712 1800 2812 1854 viri
2844 1798 3119 1857 nobiscum
3162 1812 3352 1853 rursus
3396 1813 3555 1867 agere

274 1884 412 1939 ralia
463 1891 610 1951 sunt,
639 1900 758 1955 qua:
805 1893 981 1939 autem
1028 1898 1134 1938 non
1181 1882 1459 1949 videntur,
1487 1891 1685 1935 aeterna
1714 1888 1861 1935 sunt.

274 1976 566 2032 Postremo
594 1977 788 2031 dicitur
822 1976 1109 2031 omnibus:
1132 1974 1307 2029 Nolite
1333 1974 1554 2041 diligere
1583 1972 1861 2036 mundum,

272 2070 533 2136 quoniam
561 2083 626 2124 ea
647 2084 767 2137 qua:
787 2070 838 2123 in
866 2068 1066 2123 mundo
1086 2078 1210 2122 sunt
1229 2066 1660 2134 concupiscentia
1682 2064 1862 2119 carnis

269 2168 379 2225 est,
408 2167 471 2214 et
493 2158 927 2228 concupiscentia
970 2159 1269 2223 oculorum,
1299 2168 1355 2210 et
1397 2154 1619 2210 ambitio
1656 2155 1861 2210 steculi.

271 2247 329 2304 Si
358 2250 480 2303 hac
527 2266 623 2317 per
673 2258 843 2303 totum
892 2248 1076 2303 orbem
1103 2248 1215 2318 jam
1248 2246 1460 2315 populis
1510 2246 1777 2316 leguntur,
1809 2254 1865 2301 et

271 2354 395 2395 cura
467 2339 818 2395 veneratione
871 2340 1223 2395 libentissime
1280 2339 1609 2404 audiuntur;
1656 2338 1702 2393 si
1744 2348 1866 2407 post

271 2440 486 2485 tantum
534 2432 874 2500 sanguinem,
906 2440 1081 2485 tantus
1111 2432 1281 2497 ignes,
1308 2416 1389 2487 tot
1434 2444 1626 2489 cruces
1668 2440 1865 2500 marty-

268 2537 417 2586 rum,
451 2531 604 2575 tanto
639 2522 870 2576 featilius
912 2531 969 2575 et
1013 2522 1228 2577 uberius
1277 2537 1446 2592 usque
1495 2522 1562 2578 ad
1612 2522 1866 2576 barbam

272 2616 531 2669 nationes
582 2614 838 2669 Ecclesia:
873 2614 1230 2680 pullularunt;
1285 2614 1330 2667 si
1388 2622 1466 2668 tot
1510 2613 1767 2683 juvenum
1811 2624 1866 2668 et

272 2688 547 2775 virginum
600 2705 767 2760 millia
828 2705 1290 2759 contemnentium
1345 2704 1558 2774 nuptias
1615 2714 1867 2773 casteque

269 2797 572 2852 viventium
611 2797 721 2864 jam
764 2811 924 2851 nemo
972 2795 1228 2860 miratur;
1278 2796 1420 2866 quod
1469 2809 1591 2849 eum
1648 2794 1869 2850 fecisset

272 2888 451 2949 Plato,
486 2902 661 2955 usque
689 2887 825 2943 adeo
856 2900 1161 2954 perversam
1206 2897 1509 2955 temporum
1552 2899 1772 2940 suorum
1804 2884 1868 2939 ti-

273 2982 409 3037 muit
433 2980 767 3049 opinionem,
793 2988 850 3033 ut
876 2978 1215 3048 perhibeatur
1240 2978 1577 3035 sacriﬁcasse
1626 2978 1863 3044 Natum,

273 3084 536 3144 tanquam
602 3083 847 3126 naturam
913 3082 1225 3127 exsecratus
1254 3112 1269 3135 ,
1302 3081 1360 3125 ut
1415 3079 1693 3141 peccatum
1738 3069 1865 3126 illud

274 3167 618 3230 aboleretur;
651 3169 693 3220 si
726 3165 840 3219 haec
866 3165 944 3219 sic
975 3164 1333 3233 accipiuntur,
1362 3174 1418 3219 ut
1443 3164 1715 3233 quomodo
1741 3172 1866 3219 ante
1896 3149 1939 3212 (ἶ

272 3261 399 3314 talia
425 3258 737 3327 disputare,
766 3258 844 3314 sic
875 3271 1016 3311 nunc
1044 3264 1230 3311 contra
1262 3256 1536 3325 disputare
1567 3264 1869 3310 monstruo-

274 3366 393 3408 sum
437 3353 544 3417 sit;
574 3352 621 3406 si
670 3352 761 3406 tali
808 3351 1174 3419 pollicitationi
1223 3360 1382 3419 atque
1426 3350 1740 3418 sponsioni,
1774 3365 1869 3418 per

272 3456 469 3500 omnes
496 3456 764 3502 terrarum
794 3450 972 3511 partes
992 3457 1126 3512 quas
1157 3441 1403 3496 homines
1433 3440 1695 3505 incolunt,
1715 3454 1866 3496 sacra

275 3537 588 3593 Christiana
634 3535 947 3599 traduntur;
979 3538 1025 3588 si
1076 3534 1190 3587 hinc
1236 3533 1476 3603 quotidie
1524 3534 1773 3602 leguntur
1815 3534 1866 3587 itt

273 3630 525 3685 ecclesiis
548 3671 565 3697 ,
602 3638 658 3685 et
682 3643 710 3681 a
742 3626 1109 3682 sacerdotibus
1140 3635 1519 3693 exponuntur;
1550 3625 1593 3678 si
1642 3624 1870 3679 tunduttt

276 3732 498 3795 pectora
529 3722 621 3790 qui
652 3720 767 3776 hac
787 3721 1011 3789 implere
1040 3728 1325 3783 conantur;
1354 3718 1402 3771 si
1433 3725 1540 3772 tam
1569 3717 1869 3773 innumera-

278 3817 415 3871 biles
460 3812 845 3885 aggrediuntur
888 3811 1025 3867 hanc
1069 3811 1239 3877 viam,
1273 3817 1349 3875 ut,
1395 3808 1623 3864 desertis
1668 3807 1869 3863 divitiis

277 3916 331 3963 et
355 3906 659 3962 honoribus
679 3907 835 3973 hujus
861 3902 1067 3968 mundi,
1089 3917 1157 3957 ex
1181 3901 1329 3955 omni
1362 3900 1639 3955 hominum
1668 3914 1868 3969 genere

278 4001 366 4055 uni
400 4000 516 4054 Des
543 4012 756 4052 summo
798 4005 963 4051 totam
1006 3994 1169 4050 vitam
1217 3993 1401 4048 dicare
1442 3993 1734 4048 volentium
1774 3992 1869 4047 de-

276 4101 441 4145 serue
473 4088 745 4160 quondam
778 4087 967 4142 insulto
1003 4101 1068 4141 ac
1116 4086 1406 4139 multarum
1448 4091 1713 4139 terrarum
1743 4082 1869 4139 soli-

1964 1891 2287 1959 potuissent,
2320 1891 2565 1947 viderent
2604 1891 2843 1962 profecto
2877 1894 3031 1961 cujus
3078 1894 3397 1947 auctoritate
3424 1891 3554 1946 laci,

1967 1982 2076 2039 lius
2102 1984 2479 2040 consuleretur
2506 1986 2832 2047 hominibus,
2863 1993 2937 2048 et,
2970 1983 3151 2054 paucis
3183 1986 3403 2039 mutatis
3434 1998 3561 2036 vcr—

1966 2073 2047 2129 bis
2070 2083 2229 2141 atque
2251 2076 2559 2141 sententiis,
2582 2076 2873 2131 Christiani
2907 2076 3115 2141 tierent,
3144 2073 3283 2129 sicut
3313 2074 3557 2144 plerique

1966 2168 2327 2222 recentiorum
2352 2179 2658 2222 nostrorum
2686 2178 2984 2237 temporum
3006 2166 3264 2222 Platonici
3287 2167 3551 2222 iecerunt.

1966 2259 2071 2312 Aut
2096 2259 2143 2312 si
2166 2258 2267 2314 hoc
2296 2273 2402 2312 non
2450 2258 2767 2319 faterentur,
2802 2272 2903 2311 nec
2930 2256 3186 2321 facerent,
3221 2255 3274 2310 in
3303 2254 3555 2323 superbia

1964 2356 2020 2403 et
2050 2347 2247 2403 invidia
2296 2359 2671 2415 remanentes,
2703 2349 2887 2404 nescio
2933 2357 3111 2403 utrum
3154 2354 3374 2414 possent
3400 2345 3467 2400 ad
3492 2362 3554 2399 tea

1966 2438 2081 2508 ipsa
2127 2454 2249 2509 qua
2288 2441 2590 2508 appetenda
2639 2449 2695 2495 et
2743 2438 3101 2494 desideranda
3147 2436 3557 2493 essedixerant

1966 2547 2089 2588 cum
2140 2533 2261 2588 istis
2303 2518 2558 2589 sordibus
2604 2534 2856 2603 viscoque
2894 2532 3155 2587 revelare.
3213 2529 3343 2585 Nam
3400 2527 3556 2583 tertio

1968 2625 2101 2681 vitio
2146 2624 2478 2681 curiositatis
2512 2628 2566 2681 in
2609 2624 3024 2695 percunctandis
3065 2619 3418 2686 daemonibus,
3448 2636 3555 2688 ψτο

1971 2716 2059 2775 isti
2088 2719 2321 2773 maxime
2345 2732 2470 2773 cum
2514 2718 2711 2788 quibus
2740 2732 2882 2773 nunc
2919 2718 3095 2786 agitur
3124 2713 3316 2783 mgani
3342 2729 3372 2766 a
3399 2711 3547 2769 Οιιτὶτ

1968 2809 2141 2863 stiana
2185 2809 2359 2865 salute
2411 2819 2729 2865 revocantur
2777 2810 2923 2879 (quia
2975 2806 3134 2862 nimis
3180 2804 3385 2875 puerile
3427 2802 3553 2870 est),

1972 2902 2153 2956 nescio
2186 2910 2362 2955 utrum
2395 2902 2529 2959 tales
2559 2901 2633 2956 illi
2663 2900 2799 2973 [isti]
2843 2900 3267 2969 praepedirentur
3296 2894 3393 2950 viri
3420 2913 3432 2950 :
3462 2896 3556 2950 sed

1971 3006 2187 3061 quoquo
2226 2991 2386 3045 modo
2432 3007 2491 3046 se
2537 2993 2729 3047 habeat
2777 2992 3218 3060 philosophorum
3260 2986 3552 3057 jactantia,

1972 3084 2101 3139 illud
2130 3085 2282 3154 cujus
2311 3084 2526 3158 [cuivis]
2555 3078 2856 3153 intelligere
2904 3084 3056 3138 facile
3095 3092 3215 3137 est:
3243 3079 3553 3150 religionem

1970 3177 2039 3229 ab
2065 3177 2143 3232 eis
2172 3193 2275 3237 non
2297 3168 2425 3235 'essc
2467 3178 2843 3246 qumrendam,
2871 3177 2960 3246 qui
2989 3175 3179 3230 eadem
3207 3188 3356 3227 sacra
3386 3173 3555 3226 susci-

1971 3269 2184 3341 pielant
2230 3284 2349 3323 cum
2401 3269 2630 3339 pupulis,
2664 3280 2717 3323 et
2760 3268 2825 3323 de
2856 3284 3072 3324 suorum
3103 3266 3322 3320 deorum
3366 3275 3554 3318 natura

1971 3352 2265 3416 acsumuto
2293 3360 2433 3414 bono
2475 3361 2712 3415 diversas
2743 3361 3148 3428 contrariosque
3174 3357 3470 3413 sententias
3501 3356 3555 3410 in

1970 3450 2172 3505 scholis
2217 3452 2329 3504 suis
2372 3452 2558 3506 eadem
2614 3462 2749 3507 lese
2790 3450 3129 3505 multitudine
3177 3449 3555 3517 personabant.

1970 3543 2121 3607 Quod
2154 3543 2197 3597 si
2239 3543 2341 3598 hoc
2369 3559 2531 3597 unum
2576 3554 2778 3598 tantum
2811 3544 2996 3597 vitium
3053 3542 3212 3597 Chris
3242 3543 3361 3595 iana
3390 3541 3558 3597 disci-

1973 3632 2112 3697 plina
2141 3644 2385 3687 sanatum
2435 3634 2757 3697 videremus,
2795 3634 3046 3690 iueﬂabili
3081 3634 3233 3688 laude
3265 3633 3558 3702 prtedican—

1970 3721 2093 3777 dam
2122 3739 2243 3780 esse
2273 3727 2541 3781 neminem
2574 3734 2767 3794 negare
2796 3736 3103 3796 oporteret;
3138 3725 3372 3779 ltmresrs
3404 3740 3553 3779 nam-

1969 3827 2076 3882 que
2127 3822 2237 3869 tam
2294 3815 2751 3877 innumerabiles,
2798 3832 2830 3869 a
2896 3813 3078 3883 regula
3139 3812 3557 3867 Christianitatis

1970 3920 2192 3972 aversa“.
2224 3916 2388 3962 testes
2417 3918 2541 3961 sunt
2585 3923 2690 3961 non
2744 3906 2951 3961 admitti
2998 3907 3063 3961 ad
3108 3904 3553 3961 communicanda

1968 4010 2301 4054 sacramenta
2333 4016 2426 4055 eos
2451 3998 2539 4070 qui
2567 4000 2636 4055 de
2681 4000 2837 4056 Patre
2866 4000 3000 4063 Deo,
3030 4012 3084 4053 et
3115 4000 3384 4067 Sapientia
3411 3999 3550 4067 ejus,

1968 4100 2021 4144 et
2050 4106 2274 4147 munere
2297 4092 2499 4158 divino,
2531 4092 2686 4145 aliter
2709 4092 2969 4155 sentiunt,
2998 4101 3053 4145 et
3080 4090 3389 4143 hominibus
3421 4106 3555 4158 per-

280 4182 411 4237 tldo
432 4181 800 4249 accipientur;
823 4178 868 4233 si
888 4178 1120 4247 denique
1145 4192 1239 4246 per
1266 4176 1429 4232 urbes
1450 4183 1612 4245 atque
1640 4174 1863 4243 Oppidi,
1965 4184 2195 4239 suadere
2231 4194 2515 4250 conantur,
2550 4200 2709 4254 quam
2757 4183 2955 4238 veritas
2998 4183 3248 4252 postuL'tt.
3278 4183 3364 4236 Sic
3411 4184 3553 4236 enim

276 4273 527 4339 castella,
550 4272 719 4339 vicos,
768 4284 929 4339 agrOS
977 4270 1142 4325 etiam
1188 4267 1452 4337 villasque
1506 4266 1761 4336 privatas,
1810 4265 1864 4321 itt
1962 4274 2203 4330 creditur
2230 4286 2285 4331 et
2313 4277 2553 4341 docetur,
2586 4276 2728 4345 quod
2758 4286 2838 4330 est
2870 4275 3115 4329 humana:
3155 4274 3343 4328 salutis
3371 4283 3550 4341 caput,

268 4374 489 4420 uittam
514 4374 704 4433 aperte
728 4362 986 4417 suadetur
1008 4368 1065 4416 et
1103 4361 1372 4429 appetitur
1391 4374 1423 4414 a
1449 4358 1680 4415 terrenis
1708 4372 1866 4414 aver-
1968 4380 2074 4421 non
2101 4367 2259 4421 aliam
2300 4382 2419 4421 esse
2446 4368 2751 4440 φιλοσοφίαν,
2781 4364 2833 4421 id
2864 4374 2948 4421 est
2971 4364 3250 4427 sapientia:
3281 4364 3517 4418 studium
3534 4405 3552 4428 ,

258 4460 383 4517 aio.
409 4465 466 4512 et
492 4456 547 4510 in
577 4470 741 4509 unum
775 4455 941 4509 Deum
989 4466 1286 4521 verumque
1310 4452 1617 4517 convenio,
1649 4458 1707 4505 ut
1732 4465 1862 4521 quo-

1967 4464 2024 4511 et
2049 4455 2207 4511 aliam
2236 4455 2569 4527 religionem,
2601 4472 2724 4513 cum
2765 4455 2818 4513 hi
2856 4470 3081 4525 quorum
3112 4454 3405 4509 dor-trinam
3449 4470 3552 4508 non

274 4550 413 4604 tid'te
460 4564 552 4618 per
603 4547 908 4602 universum
953 4546 1140 4601 orbem
1198 4546 1488 4599 humanum
1545 4559 1713 4614 genus
1762 4559 1865 4599 uua
1894 4530 2330 4617 Dapprohamus
2356 4590 2372 4616 ,
2406 4564 2507 4604 nec
2552 4557 2887 4603 sacramenta
2924 4546 3211 4601 nobiscum
3256 4550 3555 4600 communi-

274 4653 425 4703 νοω
440 4652 571 4699 veos
598 4638 921 4707 respondeat
944 4650 1155 4691 sursum
1180 4652 1277 4691 eor
1296 4636 1496 4691 habere
1519 4651 1581 4691 se
1604 4640 1668 4695 ad
1695 4636 1863 4692 Deum

260 4728 609 4802 {llr-inm]
634 4747 649 4794 ;
680 4728 809 4799 quid
835 4728 1011 4785 adhuc
1030 4731 1327 4783 oscitamus
1350 4727 1621 4796 crapuhtm
1664 4727 1865 4784 hester-

260 4835 430 4885 ssarn,
457 4829 512 4874 et
548 4820 605 4873 in
647 4819 871 4874 mortuis
920 4817 1211 4886 pecudibus
1253 4816 1437 4872 divtna
1481 4816 1692 4887 eloquia
1742 4833 1863 4888 per-

256 4914 617 4969 mutantur?
647 4912 719 4967 Si.
747 4913 965 4983 quando
1008 4923 1186 4967 autem
1211 4912 1277 4966 ad
1304 4912 1722 4981 disputationem
1766 4928 1860 4968 vc—

262 5016 449 5074 stitur,
480 5008 755 5063 Platonico
783 5009 1002 5062 nomine
1023 5023 1117 5061 ora
1147 5007 1464 5076 crepitantia
1483 5022 1643 5076 quam
1675 5017 1861 5076 pectus

266 5117 408 5157 vero
460 5100 615 5173 [vero
663 5100 791 5172 Deo]
833 5103 1046 5171 plenum
1091 5102 1259 5169 magis
1304 5100 1501 5155 habere
1544 5100 1861 5169 gestimus?

258 5194 379 5263 Qui
409 5209 538 5264 ergo
564 5194 872 5250 sensibiletu
922 5195 1082 5247 istum
1126 5191 1383 5247 mundum
1413 5202 1778 5257 contemnere,
1806 5201 1861 5247 et

256 5287 507 5343 animam
555 5284 1125 5354 vitantorpurgandam
1176 5298 1389 5339 summo
1432 5283 1545 5338 Deo
1592 5285 1859 5355 subjicere

256 5389 435 5446 atque
461 5376 791 5446 subiungere
820 5373 1151 5448 [subjugare]
1178 5391 1370 5429 vanum
1400 5387 1492 5429 aut
1527 5376 1726 5431 malum
1759 5394 1856 5447 pu-

254 5476 409 5533 hslt,
430 5467 549 5523 alia
578 5466 790 5523 ratione
824 5466 1102 5522 refellendi
1149 5476 1301 5533 sunt,
1334 5468 1379 5523 si
1409 5478 1587 5522 tatttett
1616 5484 1735 5522 cunt
1770 5470 1853 5525 his

248 5559 493 5628 dignum
520 5567 604 5613 est
624 5559 916 5627 disputare.
954 5559 1054 5624 Qui
1082 5569 1258 5613 autem
1290 5559 1485 5614 bonum
1516 5572 1569 5615 et
1599 5572 1854 5630 appeten-

250 5653 395 5708 dum
427 5650 682 5715 fatentur,
707 5664 1032 5722 cognoscant
1064 5652 1248 5718 Deum,
1278 5663 1333 5707 et
1359 5653 1555 5709 cedant
1585 5653 1849 5726 [credant]

256 5745 399 5806 Deo,
425 5761 519 5811 per
543 5760 701 5814 quem
732 5744 943 5814 pupulis
977 5744 1087 5814 jam
1128 5746 1378 5801 omnibus
1425 5747 1540 5801 haec
1582 5748 1847 5802 credenda

253 5852 521 5908 persuasa
546 5846 692 5893 sunt.
722 5834 874 5904 Quod
903 5840 1083 5908 utique
1113 5838 1181 5894 ab
1202 5837 1333 5908 ipsis
1359 5840 1533 5909 licrct,
1564 5838 1611 5896 si
1641 5849 1846 5897 tantutu

1971 4652 2113 4695 cant.
2149 4639 2303 4705 Quod
2343 4640 2394 4694 in
2428 4639 2535 4694 illis
2561 4642 2739 4695 minus
2770 4637 3071 4693 mirandum
3102 4648 3207 4700 εει,
3250 4636 3340 4705 qui
3366 4650 3552 4697 eorum

1969 4747 2182 4801 quoque
2201 4741 2663 4787 sacramentorum
2694 4733 2798 4785 ritu
2823 4730 3069 4798 dispares
3096 4742 3217 4783 esse
3247 4728 3552 4783 voluerunt:

1969 4823 2110 4878 sicut
2136 4823 2316 4878 nescio
2346 4823 2435 4892 qui
2468 4822 2772 4891 Serpentini
2810 4821 3177 4891 appellantur,
3206 4820 3343 4875 sicut
3385 4820 3554 4877 Alani-

1966 4913 2268 4979 ehaei,sicut
2292 4915 2379 4970 alii
2411 4913 2785 4979 nonnulli;sed
2808 4914 2860 4969 itt
2891 4913 3000 4969 iiiis
3019 4913 3189 4983 magis
3216 4912 3553 4975 animadver-

1968 5008 2187 5063 tendum
2219 5008 2321 5063 hoc
2349 5008 2621 5078 magisque
2661 5005 3079 5076 prmdicandutn,
3133 5007 3222 5075 qui
3262 5006 3405 5075 paria
3459 5019 3547 5059 sa-

1963 5112 2236 5155 cramenta
2274 5100 2643 5163 celebrantes,
2673 5110 2852 5155 tamen
2877 5100 3002 5170 quia
3026 5101 3293 5156 sententia
3309 5098 3548 5167 dispares

1960 5200 2121 5256 sunt,
2167 5200 2225 5247 et
2266 5207 2479 5247 errores
2526 5208 2653 5248 suos
2700 5195 2996 5250 animosius
3041 5193 3338 5250 defendere
3384 5205 3543 5257 quam

1960 5284 2170 5340 cautius
2221 5284 2490 5355 corrigere
2552 5288 2904 5353 maluerunt,
2965 5287 3169 5341 exclusi
3206 5300 3237 5338 a
3283 5283 3543 5339 catholica

1960 5382 2338 5436 communione
2386 5390 2441 5437 et
2478 5396 2509 5435 a
2556 5383 2995 5451 participatione,
3042 5382 3290 5451 quamvis
3335 5380 3542 5446 parium

1965 5483 2422 5529 sacramentorum
2475 5476 2689 5544 propria
2736 5473 2989 5527 vocabula
3038 5472 3386 5540 propriosque
3414 5482 3543 5525 con-

1962 5576 2153 5627 ventus
2183 5581 2288 5620 non
2321 5567 2372 5621 in
2396 5580 2649 5621 sermone
2675 5572 2878 5618 tantum
2901 5602 2916 5625 ,
2945 5560 3037 5616 sed
3077 5558 3235 5614 etiam
3267 5562 3320 5612 in
3350 5574 3540 5628 super-

1962 5656 2179 5710 stitione
2210 5667 2543 5719 mcruerunt,
2563 5667 2617 5709 ut
2637 5650 2961 5713 Photiniani,
2982 5659 3036 5703 et
3061 5648 3266 5714 Ariani,
3284 5650 3545 5719 multique

1962 5759 2220 5817 pra2terea
2247 5768 2257 5800 :
2286 5766 2407 5803 nam
2452 5751 2519 5801 de
2560 5748 2642 5800 his
2684 5746 2771 5814 qui
2820 5743 3108 5798 schismata
3157 5742 3398 5797 fecerunt
3441 5745 3542 5798 alia

1960 5844 2334 5915 quzcstiojest:
2366 5850 2543 5910 posset
2574 5838 2716 5893 enim
2763 5852 2857 5895 eos
2893 5849 3024 5892 arca
3047 5834 3348 5907 dominica,
3375 5848 3543 5908 usque
