  <div class='ocr_page' id='page_1' title='image "/cluster/home/n/w/nwhite01/storage/ocr_20150623/62/hvd.32044054758693/305.png"; bbox 0 0 1978 3090; ppageno 0'>
   <div class='ocr_carea' id='block_1_1' title="bbox 197 146 251 176">
    <p class='ocr_par' dir='ltr' id='par_1_1' title="bbox 197 146 251 176">
     <span class='ocr_line' id='line_1_1' title="bbox 197 146 251 176; baseline 0.037 -2"><span class='ocrx_word' id='word_1_1' title='bbox 197 146 251 176; x_wconf 70' lang='lat'><strong>59)</strong></span> 
     </span>
    </p>
   </div>
   <div class='ocr_carea' id='block_1_2' title="bbox 731 142 1287 174">
    <p class='ocr_par' dir='ltr' id='par_1_2' title="bbox 731 142 1287 174">
     <span class='ocr_line' id='line_1_2' title="bbox 731 142 1287 174; baseline -0.002 -1"><span class='ocrx_word' id='word_1_2' title='bbox 731 147 761 173; x_wconf 94' lang='lat' dir='ltr'><strong>D.</strong></span> <span class='ocrx_word' id='word_1_3' title='bbox 784 142 942 174; x_wconf 66' lang='lat' dir='ltr'><strong>EUGYPPH</strong></span> <span class='ocrx_word' id='word_1_4' title='bbox 962 143 1107 174; x_wconf 73' lang='grc' dir='ltr'><strong>ΑηΒΑτιε</strong></span> <span class='ocrx_word' id='word_1_5' title='bbox 1127 142 1287 173; x_wconf 74' lang='lat' dir='ltr'><strong>AFRICANI</strong></span> 
     </span>
    </p>
   </div>
   <div class='ocr_carea' id='block_1_3' title="bbox 197 200 1846 239">
    <p class='ocr_par' dir='ltr' id='par_1_3' title="bbox 197 200 1846 239">
     <span class='ocr_line' id='line_1_3' title="bbox 197 200 1846 239; baseline -0.001 -8"><span class='ocrx_word' id='word_1_6' title='bbox 197 204 230 231; x_wconf 81' lang='lat' dir='ltr'><strong>ad</strong></span> <span class='ocrx_word' id='word_1_7' title='bbox 241 207 347 239; x_wconf 99' lang='lat' dir='ltr'><strong>tempus</strong></span> <span class='ocrx_word' id='word_1_8' title='bbox 359 202 459 231; x_wconf 73' lang='lat' dir='ltr'><strong>uitium</strong></span> <span class='ocrx_word' id='word_1_9' title='bbox 468 202 651 231; x_wconf 72' lang='lat' dir='ltr'><strong>ventilationis</strong></span> <span class='ocrx_word' id='word_1_10' title='bbox 662 203 736 231; x_wconf 85' lang='lat' dir='ltr'><strong>velut</strong></span> <span class='ocrx_word' id='word_1_11' title='bbox 748 202 838 238; x_wconf 85' lang='lat' dir='ltr'><strong>paleas</strong></span> <span class='ocrx_word' id='word_1_12' title='bbox 848 202 991 235; x_wconf 84' lang='lat' dir='ltr'><strong>sustinere,</strong></span> <span class='ocrx_word' id='word_1_13' title='bbox 1008 203 1032 232; x_wconf 80' lang='grc' dir='ltr'><strong>Α</strong></span> <span class='ocrx_word' id='word_1_14' title='bbox 1046 200 1117 229; x_wconf 89' lang='lat' dir='ltr'><strong>enim</strong></span> <span class='ocrx_word' id='word_1_15' title='bbox 1134 201 1205 229; x_wconf 83' lang='lat' dir='ltr'><strong>Deus</strong></span> <span class='ocrx_word' id='word_1_16' title='bbox 1228 200 1392 236; x_wconf 82' lang='lat' dir='ltr'><strong>apparebat,</strong></span> <span class='ocrx_word' id='word_1_17' title='bbox 1406 201 1528 229; x_wconf 60' lang='lat' dir='ltr'><strong>statibus</strong></span> <span class='ocrx_word' id='word_1_18' title='bbox 1542 201 1635 230; x_wconf 84' lang='lat' dir='ltr'><strong>homo.</strong></span> <span class='ocrx_word' id='word_1_19' title='bbox 1656 202 1723 230; x_wconf 89' lang='lat' dir='ltr'><strong>Item</strong></span> <span class='ocrx_word' id='word_1_20' title='bbox 1738 209 1846 237; x_wconf 80' lang='lat' dir='ltr'><strong>aquam</strong></span> 
     </span>
    </p>
   </div>
   <div class='ocr_carea' id='block_1_4' title="bbox 197 249 993 286">
    <p class='ocr_par' dir='ltr' id='par_1_4' title="bbox 197 249 993 286">
     <span class='ocr_line' id='line_1_4' title="bbox 197 249 993 286; baseline 0 -10"><span class='ocrx_word' id='word_1_21' title='bbox 197 250 249 278; x_wconf 87' lang='lat' dir='ltr'><strong>nisi</strong></span> <span class='ocrx_word' id='word_1_22' title='bbox 259 255 338 278; x_wconf 88' lang='lat' dir='ltr'><strong>vento</strong></span> <span class='ocrx_word' id='word_1_23' title='bbox 355 251 405 286; x_wconf 79' lang='lat'><strong>17</strong></span> <span class='ocrx_word' id='word_1_24' title='bbox 419 250 562 285; x_wconf 58' lang='lat' dir='ltr'><strong>superbia,</strong></span> <span class='ocrx_word' id='word_1_25' title='bbox 579 249 659 277; x_wconf 84' lang='lat' dir='ltr'><strong>nimia</strong></span> <span class='ocrx_word' id='word_1_26' title='bbox 674 250 784 277; x_wconf 82' lang='lat' dir='ltr'><strong>levitate</strong></span> <span class='ocrx_word' id='word_1_27' title='bbox 795 250 951 284; x_wconf 86' lang='lat' dir='ltr'><strong>cessissent,</strong></span> <span class='ocrx_word' id='word_1_28' title='bbox 966 254 993 276; x_wconf 92' lang='lat' dir='ltr'><strong>et</strong></span> 
     </span>
    </p>
   </div>
   <div class='ocr_carea' id='block_1_5' title="bbox 196 296 992 331">
    <p class='ocr_par' dir='ltr' id='par_1_5' title="bbox 196 296 992 331">
     <span class='ocr_line' id='line_1_5' title="bbox 196 296 992 331; baseline 0.001 -8"><span class='ocrx_word' id='word_1_29' title='bbox 196 304 256 324; x_wconf 80' lang='lat' dir='ltr'><strong>sese</strong></span> <span class='ocrx_word' id='word_1_30' title='bbox 269 304 283 323; x_wconf 89' lang='lat' dir='ltr'><strong>a</strong></span> <span class='ocrx_word' id='word_1_31' title='bbox 300 297 377 324; x_wconf 81' lang='lat' dir='ltr'><strong>nobis</strong></span> <span class='ocrx_word' id='word_1_32' title='bbox 390 297 460 324; x_wconf 90' lang='lat' dir='ltr'><strong>ultro</strong></span> <span class='ocrx_word' id='word_1_33' title='bbox 476 301 656 331; x_wconf 79' lang='lat' dir='ltr'><strong>separasscnt.</strong></span> <span class='ocrx_word' id='word_1_34' title='bbox 680 296 765 324; x_wconf 76' lang='lat' dir='ltr'><strong>Judai</strong></span> <span class='ocrx_word' id='word_1_35' title='bbox 779 304 854 328; x_wconf 87' lang='lat' dir='ltr'><strong>vero,</strong></span> <span class='ocrx_word' id='word_1_36' title='bbox 870 297 992 331; x_wconf 76' lang='lat' dir='ltr'><strong>quamvis</strong></span> 
     </span>
    </p>
   </div>
   <div class='ocr_carea' id='block_1_6' title="bbox 197 342 991 377">
    <p class='ocr_par' dir='ltr' id='par_1_6' title="bbox 197 342 991 377">
     <span class='ocr_line' id='line_1_6' title="bbox 197 342 991 377; baseline 0.003 -9"><span class='ocrx_word' id='word_1_37' title='bbox 197 344 242 369; x_wconf 89' lang='lat' dir='ltr'><strong>uni</strong></span> <span class='ocrx_word' id='word_1_38' title='bbox 257 343 433 376; x_wconf 88' lang='lat' dir='ltr'><strong>omnipotenti</strong></span> <span class='ocrx_word' id='word_1_39' title='bbox 450 342 505 370; x_wconf 89' lang='lat' dir='ltr'><strong>Deo</strong></span> <span class='ocrx_word' id='word_1_40' title='bbox 527 342 693 377; x_wconf 88' lang='lat' dir='ltr'><strong>supplicent,</strong></span> <span class='ocrx_word' id='word_1_41' title='bbox 707 342 764 370; x_wconf 79' lang='lat' dir='ltr'><strong>sola</strong></span> <span class='ocrx_word' id='word_1_42' title='bbox 781 348 869 370; x_wconf 86' lang='lat' dir='ltr'><strong>tamen</strong></span> <span class='ocrx_word' id='word_1_43' title='bbox 885 347 991 377; x_wconf 85' lang='lat' dir='ltr'><strong>tempo-</strong></span> 
     </span>
    </p>
   </div>
   <div class='ocr_carea' id='block_1_7' title="bbox 195 389 991 424">
    <p class='ocr_par' dir='ltr' id='par_1_7' title="bbox 195 389 991 424">
     <span class='ocr_line' id='line_1_7' title="bbox 195 389 991 424; baseline 0.001 -9"><span class='ocrx_word' id='word_1_44' title='bbox 195 389 261 415; x_wconf 78' lang='lat' dir='ltr'><strong>mlia</strong></span> <span class='ocrx_word' id='word_1_45' title='bbox 284 393 313 416; x_wconf 86' lang='lat' dir='ltr'><strong>et</strong></span> <span class='ocrx_word' id='word_1_46' title='bbox 334 389 450 416; x_wconf 64' lang='lat' dir='ltr'><strong>visibilis</strong></span> <span class='ocrx_word' id='word_1_47' title='bbox 474 389 543 416; x_wconf 76' lang='lat' dir='ltr'><strong>bona</strong></span> <span class='ocrx_word' id='word_1_48' title='bbox 569 389 603 416; x_wconf 87' lang='lat' dir='ltr'><strong>de</strong></span> <span class='ocrx_word' id='word_1_49' title='bbox 625 389 672 416; x_wconf 93' lang='lat' dir='ltr'><strong>illo</strong></span> <span class='ocrx_word' id='word_1_50' title='bbox 695 394 900 424; x_wconf 74' lang='lat' dir='ltr'><strong>exspectantes,</strong></span> <span class='ocrx_word' id='word_1_51' title='bbox 918 389 991 416; x_wconf 90' lang='lat' dir='ltr'><strong>rudi-</strong></span> 
     </span>
    </p>
   </div>
   <div class='ocr_carea' id='block_1_8' title="bbox 195 435 991 471">
    <p class='ocr_par' dir='ltr' id='par_1_8' title="bbox 195 435 991 471">
     <span class='ocr_line' id='line_1_8' title="bbox 195 435 991 471; baseline 0.003 -10"><span class='ocrx_word' id='word_1_52' title='bbox 195 440 284 461; x_wconf 82' lang='lat' dir='ltr'><strong>menta</strong></span> <span class='ocrx_word' id='word_1_53' title='bbox 301 435 361 462; x_wconf 91' lang='lat' dir='ltr'><strong>novi</strong></span> <span class='ocrx_word' id='word_1_54' title='bbox 375 435 466 470; x_wconf 89' lang='lat' dir='ltr'><strong>populi</strong></span> <span class='ocrx_word' id='word_1_55' title='bbox 488 435 523 463; x_wconf 89' lang='lat' dir='ltr'><strong>ab</strong></span> <span class='ocrx_word' id='word_1_56' title='bbox 547 436 698 463; x_wconf 79' lang='lat' dir='ltr'><strong>humilitate</strong></span> <span class='ocrx_word' id='word_1_57' title='bbox 721 436 856 471; x_wconf 71' lang='lat' dir='ltr'><strong>surgentia</strong></span> <span class='ocrx_word' id='word_1_58' title='bbox 883 436 910 463; x_wconf 93' lang='lat' dir='ltr'><strong>in</strong></span> <span class='ocrx_word' id='word_1_59' title='bbox 924 435 991 469; x_wconf 85' lang='lat' dir='ltr'><strong>ipsis</strong></span> 
     </span>
    </p>
   </div>
   <div class='ocr_carea' id='block_1_9' title="bbox 194 479 988 515">
    <p class='ocr_par' dir='ltr' id='par_1_9' title="bbox 194 479 988 515">
     <span class='ocr_line' id='line_1_9' title="bbox 194 479 988 515; baseline 0.001 -9"><span class='ocrx_word' id='word_1_60' title='bbox 194 480 251 506; x_wconf 74' lang='lat' dir='ltr'><strong>tuis</strong></span> <span class='ocrx_word' id='word_1_61' title='bbox 260 479 407 515; x_wconf 87' lang='lat' dir='ltr'><strong>Scripturis</strong></span> <span class='ocrx_word' id='word_1_62' title='bbox 420 481 500 507; x_wconf 88' lang='lat' dir='ltr'><strong>nimia</strong></span> <span class='ocrx_word' id='word_1_63' title='bbox 516 481 661 508; x_wconf 77' lang='lat' dir='ltr'><strong>securitate</strong></span> <span class='ocrx_word' id='word_1_64' title='bbox 677 480 822 508; x_wconf 90' lang='lat' dir='ltr'><strong>noluerunt</strong></span> <span class='ocrx_word' id='word_1_65' title='bbox 836 480 988 513; x_wconf 82' lang='lat' dir='ltr'><strong>advertere,</strong></span> 
     </span>
    </p>
   </div>
   <div class='ocr_carea' id='block_1_10' title="bbox 194 525 988 560">
    <p class='ocr_par' dir='ltr' id='par_1_10' title="bbox 194 525 988 560">
     <span class='ocr_line' id='line_1_10' title="bbox 194 525 988 560; baseline 0.001 -9"><span class='ocrx_word' id='word_1_66' title='bbox 194 529 275 560; x_wconf 78' lang='lat' dir='ltr'><strong>atque</strong></span> <span class='ocrx_word' id='word_1_67' title='bbox 290 526 324 553; x_wconf 91' lang='lat' dir='ltr'><strong>ita</strong></span> <span class='ocrx_word' id='word_1_68' title='bbox 339 527 364 553; x_wconf 95' lang='lat' dir='ltr'><strong>in</strong></span> <span class='ocrx_word' id='word_1_69' title='bbox 381 531 471 554; x_wconf 85' lang='lat' dir='ltr'><strong>vetere</strong></span> <span class='ocrx_word' id='word_1_70' title='bbox 486 526 596 554; x_wconf 87' lang='lat' dir='ltr'><strong>homine</strong></span> <span class='ocrx_word' id='word_1_71' title='bbox 619 531 819 554; x_wconf 86' lang='lat' dir='ltr'><strong>remanserunt.</strong></span> <span class='ocrx_word' id='word_1_72' title='bbox 843 525 907 559; x_wconf 72' lang='lat' dir='ltr'><strong>Qua:</strong></span> <span class='ocrx_word' id='word_1_73' title='bbox 926 532 988 552; x_wconf 86' lang='lat' dir='ltr'><strong>cum</strong></span> 
     </span>
    </p>
   </div>
   <div class='ocr_carea' id='block_1_11' title="bbox 194 571 989 608">
    <p class='ocr_par' dir='ltr' id='par_1_11' title="bbox 194 571 989 608">
     <span class='ocr_line' id='line_1_11' title="bbox 194 571 989 608; baseline 0.003 -10"><span class='ocrx_word' id='word_1_74' title='bbox 194 571 232 598; x_wconf 87' lang='lat' dir='ltr'><strong>ita</strong></span> <span class='ocrx_word' id='word_1_75' title='bbox 253 574 317 606; x_wconf 88' lang='lat' dir='ltr'><strong>sint,</strong></span> <span class='ocrx_word' id='word_1_76' title='bbox 334 580 420 608; x_wconf 90' lang='lat' dir='ltr'><strong>neque</strong></span> <span class='ocrx_word' id='word_1_77' title='bbox 436 574 462 601; x_wconf 88' lang='lat' dir='ltr'><strong>itt</strong></span> <span class='ocrx_word' id='word_1_78' title='bbox 476 573 634 601; x_wconf 78' lang='lat' dir='ltr'><strong>confusione</strong></span> <span class='ocrx_word' id='word_1_79' title='bbox 655 580 836 607; x_wconf 83' lang='lat' dir='ltr'><strong>paganorum,</strong></span> <span class='ocrx_word' id='word_1_80' title='bbox 856 579 947 607; x_wconf 82' lang='lat' dir='ltr'><strong>neque</strong></span> <span class='ocrx_word' id='word_1_81' title='bbox 963 572 989 600; x_wconf 90' lang='lat' dir='ltr'><strong>in</strong></span> 
     </span>
    </p>
   </div>
   <div class='ocr_carea' id='block_1_12' title="bbox 194 617 991 655">
    <p class='ocr_par' dir='ltr' id='par_1_12' title="bbox 194 617 991 655">
     <span class='ocr_line' id='line_1_12' title="bbox 194 617 991 655; baseline -0.003 -8"><span class='ocrx_word' id='word_1_82' title='bbox 194 620 379 655; x_wconf 68' lang='lat' dir='ltr'><strong>purgamentis</strong></span> <span class='ocrx_word' id='word_1_83' title='bbox 394 620 594 651; x_wconf 72' lang='lat' dir='ltr'><strong>lttcreticornm,</strong></span> <span class='ocrx_word' id='word_1_84' title='bbox 614 626 700 654; x_wconf 82' lang='lat' dir='ltr'><strong>neque</strong></span> <span class='ocrx_word' id='word_1_85' title='bbox 715 619 741 645; x_wconf 95' lang='lat' dir='ltr'><strong>in</strong></span> <span class='ocrx_word' id='word_1_86' title='bbox 757 618 885 653; x_wconf 79' lang='lat' dir='ltr'><strong>languore</strong></span> <span class='ocrx_word' id='word_1_87' title='bbox 903 617 991 645; x_wconf 65' lang='lat' dir='ltr'><strong>schiso</strong></span> 
     </span>
    </p>
   </div>
   <div class='ocr_carea' id='block_1_13' title="bbox 194 663 988 699">
    <p class='ocr_par' dir='ltr' id='par_1_13' title="bbox 194 663 988 699">
     <span class='ocr_line' id='line_1_13' title="bbox 194 663 988 699; baseline -0.004 -6"><span class='ocrx_word' id='word_1_88' title='bbox 194 665 354 693; x_wconf 78' lang='lat' dir='ltr'><strong>maticnrutn</strong></span> <span class='ocrx_word' id='word_1_89' title='bbox 365 685 372 697; x_wconf 92' lang='lat'><strong>,</strong></span> <span class='ocrx_word' id='word_1_90' title='bbox 388 672 476 699; x_wconf 81' lang='lat' dir='ltr'><strong>neque</strong></span> <span class='ocrx_word' id='word_1_91' title='bbox 490 665 516 692; x_wconf 91' lang='lat' dir='ltr'><strong>in</strong></span> <span class='ocrx_word' id='word_1_92' title='bbox 532 664 653 692; x_wconf 66' lang='lat' dir='ltr'><strong>caecitate</strong></span> <span class='ocrx_word' id='word_1_93' title='bbox 669 663 823 691; x_wconf 76' lang='lat' dir='ltr'><strong>Judtcorum</strong></span> <span class='ocrx_word' id='word_1_94' title='bbox 844 663 988 697; x_wconf 71' lang='lat' dir='ltr'><strong>qumettds</strong></span> 
     </span>
    </p>
   </div>
   <div class='ocr_carea' id='block_1_14' title="bbox 194 709 989 747">
    <p class='ocr_par' dir='ltr' id='par_1_14' title="bbox 194 709 989 747">
     <span class='ocr_line' id='line_1_14' title="bbox 194 709 989 747; baseline -0.004 -8"><span class='ocrx_word' id='word_1_95' title='bbox 194 712 289 747; x_wconf 77' lang='lat' dir='ltr'><strong>religio</strong></span> <span class='ocrx_word' id='word_1_96' title='bbox 299 716 349 745; x_wconf 87' lang='lat' dir='ltr'><strong>est,</strong></span> <span class='ocrx_word' id='word_1_97' title='bbox 363 711 409 739; x_wconf 87' lang='lat' dir='ltr'><strong>sed</strong></span> <span class='ocrx_word' id='word_1_98' title='bbox 430 710 501 746; x_wconf 82' lang='lat' dir='ltr'><strong>apud</strong></span> <span class='ocrx_word' id='word_1_99' title='bbox 514 718 563 738; x_wconf 81' lang='lat' dir='ltr'><strong>eos</strong></span> <span class='ocrx_word' id='word_1_100' title='bbox 577 711 652 738; x_wconf 84' lang='lat' dir='ltr'><strong>solos</strong></span> <span class='ocrx_word' id='word_1_101' title='bbox 669 710 714 745; x_wconf 88' lang='lat' dir='ltr'><strong>qui</strong></span> <span class='ocrx_word' id='word_1_102' title='bbox 734 709 880 737; x_wconf 76' lang='lat' dir='ltr'><strong>Christiani</strong></span> <span class='ocrx_word' id='word_1_103' title='bbox 893 709 989 737; x_wconf 74' lang='lat' dir='ltr'><strong>catho~</strong></span> 
     </span>
    </p>
   </div>
   <div class='ocr_carea' id='block_1_15' title="bbox 193 755 989 791">
    <p class='ocr_par' dir='ltr' id='par_1_15' title="bbox 193 755 989 791">
     <span class='ocr_line' id='line_1_15' title="bbox 193 755 989 791; baseline -0.004 -6"><span class='ocrx_word' id='word_1_104' title='bbox 193 759 250 791; x_wconf 83' lang='lat' dir='ltr'><strong>lici,</strong></span> <span class='ocrx_word' id='word_1_105' title='bbox 264 759 305 785; x_wconf 83' lang='lat' dir='ltr'><strong>vel</strong></span> <span class='ocrx_word' id='word_1_106' title='bbox 328 758 472 785; x_wconf 73' lang='lat' dir='ltr'><strong>orthodoxi</strong></span> <span class='ocrx_word' id='word_1_107' title='bbox 493 757 674 791; x_wconf 77' lang='lat' dir='ltr'><strong>nominantur,</strong></span> <span class='ocrx_word' id='word_1_108' title='bbox 701 756 728 784; x_wconf 89' lang='lat' dir='ltr'><strong>id</strong></span> <span class='ocrx_word' id='word_1_109' title='bbox 753 760 813 789; x_wconf 86' lang='lat' dir='ltr'><strong>est,</strong></span> <span class='ocrx_word' id='word_1_110' title='bbox 828 755 989 788; x_wconf 65' lang='lat' dir='ltr'><strong>integritatis</strong></span> 
     </span>
    </p>
   </div>
   <div class='ocr_carea' id='block_1_16' title="bbox 192 802 987 833">
    <p class='ocr_par' dir='ltr' id='par_1_16' title="bbox 192 802 987 833">
     <span class='ocr_line' id='line_1_16' title="bbox 192 802 987 833; baseline -0.006 -1"><span class='ocrx_word' id='word_1_111' title='bbox 192 805 318 832; x_wconf 76' lang='lat' dir='ltr'><strong>custodes</strong></span> <span class='ocrx_word' id='word_1_112' title='bbox 332 809 360 832; x_wconf 90' lang='lat' dir='ltr'><strong>et</strong></span> <span class='ocrx_word' id='word_1_113' title='bbox 381 808 455 833; x_wconf 86' lang='lat' dir='ltr'><strong>recta</strong></span> <span class='ocrx_word' id='word_1_114' title='bbox 469 808 614 831; x_wconf 77' lang='lat' dir='ltr'><strong>sectantes.</strong></span> <span class='ocrx_word' id='word_1_115' title='bbox 631 803 694 830; x_wconf 68' lang='lat' dir='ltr'><strong>Haec</strong></span> <span class='ocrx_word' id='word_1_116' title='bbox 711 802 785 830; x_wconf 88' lang='lat' dir='ltr'><strong>enim</strong></span> <span class='ocrx_word' id='word_1_117' title='bbox 807 802 925 830; x_wconf 71' lang='lat' dir='ltr'><strong>Ecclesia</strong></span> <span class='ocrx_word' id='word_1_118' title='bbox 940 809 987 828; x_wconf 88' lang='lat' dir='ltr'><strong>ca-</strong></span> 
     </span>
    </p>
   </div>
   <div class='ocr_carea' id='block_1_17' title="bbox 192 847 986 885">
    <p class='ocr_par' dir='ltr' id='par_1_17' title="bbox 192 847 986 885">
     <span class='ocr_line' id='line_1_17' title="bbox 192 847 986 885; baseline -0.004 -8"><span class='ocrx_word' id='word_1_119' title='bbox 192 850 303 880; x_wconf 78' lang='lat' dir='ltr'><strong>tholica,</strong></span> <span class='ocrx_word' id='word_1_120' title='bbox 331 858 378 885; x_wconf 88' lang='lat' dir='ltr'><strong>per</strong></span> <span class='ocrx_word' id='word_1_121' title='bbox 399 854 484 877; x_wconf 90' lang='lat' dir='ltr'><strong>totum</strong></span> <span class='ocrx_word' id='word_1_122' title='bbox 509 850 603 877; x_wconf 85' lang='lat' dir='ltr'><strong>orbem</strong></span> <span class='ocrx_word' id='word_1_123' title='bbox 627 848 716 877; x_wconf 89' lang='lat' dir='ltr'><strong>valide</strong></span> <span class='ocrx_word' id='word_1_124' title='bbox 738 849 844 883; x_wconf 82' lang='lat' dir='ltr'><strong>lateque</strong></span> <span class='ocrx_word' id='word_1_125' title='bbox 872 847 986 880; x_wconf 77' lang='lat' dir='ltr'><strong>did‘usa,</strong></span> 
     </span>
    </p>
   </div>
   <div class='ocr_carea' id='block_1_18' title="bbox 1044 241 1846 279">
    <p class='ocr_par' dir='ltr' id='par_1_18' title="bbox 1044 241 1846 279">
     <span class='ocr_line' id='line_1_18' title="bbox 1044 241 1846 279; baseline 0.002 -7"><span class='ocrx_word' id='word_1_126' title='bbox 1044 247 1071 273; x_wconf 83' lang='lat' dir='ltr'><strong>in</strong></span> <span class='ocrx_word' id='word_1_127' title='bbox 1083 246 1173 273; x_wconf 90' lang='lat' dir='ltr'><strong>viuum</strong></span> <span class='ocrx_word' id='word_1_128' title='bbox 1196 252 1377 273; x_wconf 82' lang='lat' dir='ltr'><strong>conversurus</strong></span> <span class='ocrx_word' id='word_1_129' title='bbox 1390 249 1421 273; x_wconf 88' lang='lat' dir='ltr'><strong>ut</strong></span> <span class='ocrx_word' id='word_1_130' title='bbox 1435 246 1516 279; x_wconf 85' lang='lat' dir='ltr'><strong>Dens,</strong></span> <span class='ocrx_word' id='word_1_131' title='bbox 1529 247 1595 274; x_wconf 88' lang='lat' dir='ltr'><strong>dicit</strong></span> <span class='ocrx_word' id='word_1_132' title='bbox 1607 256 1614 273; x_wconf 86' lang='lat'>:</span> <span class='ocrx_word' id='word_1_133' title='bbox 1630 241 1737 274; x_wconf 76' lang='lat' dir='ltr'><strong>Recede</strong></span> <span class='ocrx_word' id='word_1_134' title='bbox 1752 255 1768 274; x_wconf 87' lang='lat' dir='ltr'><strong>a</strong></span> <span class='ocrx_word' id='word_1_135' title='bbox 1786 255 1846 279; x_wconf 77' lang='lat' dir='ltr'><strong>me,</strong></span> 
     </span>
    </p>
   </div>
   <div class='ocr_carea' id='block_1_19' title="bbox 1044 292 1848 327">
    <p class='ocr_par' dir='ltr' id='par_1_19' title="bbox 1044 292 1848 327">
     <span class='ocr_line' id='line_1_19' title="bbox 1044 292 1848 327; baseline 0.002 -9"><span class='ocrx_word' id='word_1_136' title='bbox 1044 292 1160 322; x_wconf 81' lang='lat' dir='ltr'><strong>mulier:</strong></span> <span class='ocrx_word' id='word_1_137' title='bbox 1185 292 1251 319; x_wconf 85' lang='lat' dir='ltr'><strong>mihi</strong></span> <span class='ocrx_word' id='word_1_138' title='bbox 1275 296 1304 319; x_wconf 89' lang='lat' dir='ltr'><strong>et</strong></span> <span class='ocrx_word' id='word_1_139' title='bbox 1324 292 1370 319; x_wconf 87' lang='lat' dir='ltr'><strong>tibi</strong></span> <span class='ocrx_word' id='word_1_140' title='bbox 1392 292 1455 327; x_wconf 85' lang='lat' dir='ltr'><strong>quid</strong></span> <span class='ocrx_word' id='word_1_141' title='bbox 1475 294 1534 320; x_wconf 79' lang='lat' dir='ltr'><strong>est?</strong></span> <span class='ocrx_word' id='word_1_142' title='bbox 1549 293 1667 320; x_wconf 85' lang='lat' dir='ltr'><strong>nondum</strong></span> <span class='ocrx_word' id='word_1_143' title='bbox 1682 294 1758 320; x_wconf 80' lang='lat' dir='ltr'><strong>venit</strong></span> <span class='ocrx_word' id='word_1_144' title='bbox 1773 293 1848 319; x_wconf 82' lang='lat' dir='ltr'><strong>hora</strong></span> 
     </span>
    </p>
   </div>
   <div class='ocr_carea' id='block_1_20' title="bbox 1045 337 1848 373">
    <p class='ocr_par' dir='ltr' id='par_1_20' title="bbox 1045 337 1848 373">
     <span class='ocr_line' id='line_1_20' title="bbox 1045 337 1848 373; baseline 0.001 -9"><span class='ocrx_word' id='word_1_145' title='bbox 1045 344 1115 365; x_wconf 86' lang='lat' dir='ltr'><strong>mea.</strong></span> <span class='ocrx_word' id='word_1_146' title='bbox 1131 337 1198 364; x_wconf 87' lang='lat' dir='ltr'><strong>Cum</strong></span> <span class='ocrx_word' id='word_1_147' title='bbox 1216 342 1306 365; x_wconf 84' lang='lat' dir='ltr'><strong>autem</strong></span> <span class='ocrx_word' id='word_1_148' title='bbox 1327 337 1446 365; x_wconf 80' lang='lat' dir='ltr'><strong>venisset</strong></span> <span class='ocrx_word' id='word_1_149' title='bbox 1461 337 1527 366; x_wconf 87' lang='lat' dir='ltr'><strong>hora</strong></span> <span class='ocrx_word' id='word_1_150' title='bbox 1539 346 1590 373; x_wconf 90' lang='lat' dir='ltr'><strong>qua</strong></span> <span class='ocrx_word' id='word_1_151' title='bbox 1606 342 1637 366; x_wconf 89' lang='lat' dir='ltr'><strong>ut</strong></span> <span class='ocrx_word' id='word_1_152' title='bbox 1650 338 1733 366; x_wconf 84' lang='lat' dir='ltr'><strong>homo</strong></span> <span class='ocrx_word' id='word_1_153' title='bbox 1748 345 1848 365; x_wconf 78' lang='lat' dir='ltr'><strong>more-</strong></span> 
     </span>
    </p>
   </div>
   <div class='ocr_carea' id='block_1_21' title="bbox 1043 383 1849 418">
    <p class='ocr_par' dir='ltr' id='par_1_21' title="bbox 1043 383 1849 418">
     <span class='ocr_line' id='line_1_21' title="bbox 1043 383 1849 418; baseline 0 -7"><span class='ocrx_word' id='word_1_154' title='bbox 1043 388 1129 417; x_wconf 84' lang='lat' dir='ltr'><strong>retur,</strong></span> <span class='ocrx_word' id='word_1_155' title='bbox 1152 383 1188 411; x_wconf 91' lang='lat' dir='ltr'><strong>de</strong></span> <span class='ocrx_word' id='word_1_156' title='bbox 1203 391 1285 412; x_wconf 83' lang='lat' dir='ltr'><strong>cruce</strong></span> <span class='ocrx_word' id='word_1_157' title='bbox 1305 383 1441 418; x_wconf 78' lang='lat' dir='ltr'><strong>cognitam</strong></span> <span class='ocrx_word' id='word_1_158' title='bbox 1457 389 1571 413; x_wconf 79' lang='lat' dir='ltr'><strong>matrem</strong></span> <span class='ocrx_word' id='word_1_159' title='bbox 1585 385 1790 413; x_wconf 82' lang='lat' dir='ltr'><strong>commendavit</strong></span> <span class='ocrx_word' id='word_1_160' title='bbox 1803 384 1849 411; x_wconf 86' lang='lat' dir='ltr'><strong>di-</strong></span> 
     </span>
    </p>
   </div>
   <div class='ocr_carea' id='block_1_22' title="bbox 1043 429 1848 464">
    <p class='ocr_par' dir='ltr' id='par_1_22' title="bbox 1043 429 1848 464">
     <span class='ocr_line' id='line_1_22' title="bbox 1043 429 1848 464; baseline 0.001 -8"><span class='ocrx_word' id='word_1_161' title='bbox 1043 429 1148 463; x_wconf 87' lang='lat' dir='ltr'><strong>scipulo</strong></span> <span class='ocrx_word' id='word_1_162' title='bbox 1167 437 1247 462; x_wconf 89' lang='lat' dir='ltr'><strong>quem</strong></span> <span class='ocrx_word' id='word_1_163' title='bbox 1270 436 1326 464; x_wconf 76' lang='lat' dir='ltr'><strong>prae</strong></span> <span class='ocrx_word' id='word_1_164' title='bbox 1341 430 1447 457; x_wconf 62' lang='lat' dir='ltr'><strong>caeteris</strong></span> <span class='ocrx_word' id='word_1_165' title='bbox 1465 429 1604 464; x_wconf 74' lang='lat' dir='ltr'><strong>diligebat.</strong></span> <span class='ocrx_word' id='word_1_166' title='bbox 1632 430 1770 459; x_wconf 81' lang='lat' dir='ltr'><strong>Satellitea</strong></span> <span class='ocrx_word' id='word_1_167' title='bbox 1792 437 1848 457; x_wconf 78' lang='lat' dir='ltr'><strong>vo-</strong></span> 
     </span>
    </p>
   </div>
   <div class='ocr_carea' id='block_1_23' title="bbox 1042 474 1846 511">
    <p class='ocr_par' dir='ltr' id='par_1_23' title="bbox 1042 474 1846 511">
     <span class='ocr_line' id='line_1_23' title="bbox 1042 474 1846 511; baseline -0.001 -9"><span class='ocrx_word' id='word_1_168' title='bbox 1042 475 1174 509; x_wconf 88' lang='lat' dir='ltr'><strong>luptatum</strong></span> <span class='ocrx_word' id='word_1_169' title='bbox 1187 474 1295 502; x_wconf 84' lang='lat' dir='ltr'><strong>divitias</strong></span> <span class='ocrx_word' id='word_1_170' title='bbox 1309 475 1459 509; x_wconf 83' lang='lat' dir='ltr'><strong>perniciose</strong></span> <span class='ocrx_word' id='word_1_171' title='bbox 1477 475 1566 510; x_wconf 89' lang='lat' dir='ltr'><strong>populi</strong></span> <span class='ocrx_word' id='word_1_172' title='bbox 1581 476 1756 511; x_wconf 82' lang='lat' dir='ltr'><strong>appetebant,</strong></span> <span class='ocrx_word' id='word_1_173' title='bbox 1767 483 1846 510; x_wconf 62' lang='lat' dir='ltr'><strong>pan.</strong></span> 
     </span>
    </p>
   </div>
   <div class='ocr_carea' id='block_1_24' title="bbox 1041 521 1847 557">
    <p class='ocr_par' dir='ltr' id='par_1_24' title="bbox 1041 521 1847 557">
     <span class='ocr_line' id='line_1_24' title="bbox 1041 521 1847 557; baseline 0.002 -9"><span class='ocrx_word' id='word_1_174' title='bbox 1041 527 1091 555; x_wconf 90' lang='lat' dir='ltr'><strong>per</strong></span> <span class='ocrx_word' id='word_1_175' title='bbox 1101 528 1162 549; x_wconf 87' lang='lat' dir='ltr'><strong>esse</strong></span> <span class='ocrx_word' id='word_1_176' title='bbox 1172 521 1270 554; x_wconf 88' lang='lat' dir='ltr'><strong>voluit;</strong></span> <span class='ocrx_word' id='word_1_177' title='bbox 1286 521 1432 549; x_wconf 84' lang='lat' dir='ltr'><strong>honoribus</strong></span> <span class='ocrx_word' id='word_1_178' title='bbox 1443 526 1471 550; x_wconf 90' lang='lat' dir='ltr'><strong>et</strong></span> <span class='ocrx_word' id='word_1_179' title='bbox 1485 521 1604 557; x_wconf 85' lang='lat' dir='ltr'><strong>imperiis</strong></span> <span class='ocrx_word' id='word_1_180' title='bbox 1617 522 1757 550; x_wconf 81' lang='lat' dir='ltr'><strong>inhiabant</strong></span> <span class='ocrx_word' id='word_1_181' title='bbox 1765 542 1776 555; x_wconf 86' lang='lat'><strong>,</strong></span> <span class='ocrx_word' id='word_1_182' title='bbox 1793 529 1847 550; x_wconf 77' lang='lat' dir='ltr'><strong>res</strong></span> 
     </span>
    </p>
   </div>
   <div class='ocr_carea' id='block_1_25' title="bbox 1042 566 1849 603">
    <p class='ocr_par' dir='ltr' id='par_1_25' title="bbox 1042 566 1849 603">
     <span class='ocr_line' id='line_1_25' title="bbox 1042 566 1849 603; baseline 0.001 -10"><span class='ocrx_word' id='word_1_183' title='bbox 1042 566 1100 593; x_wconf 85' lang='lat' dir='ltr'><strong>ﬁeri</strong></span> <span class='ocrx_word' id='word_1_184' title='bbox 1116 566 1219 599; x_wconf 89' lang='lat' dir='ltr'><strong>noluit;</strong></span> <span class='ocrx_word' id='word_1_185' title='bbox 1233 567 1356 594; x_wconf 72' lang='lat' dir='ltr'><strong>carnales</strong></span> <span class='ocrx_word' id='word_1_186' title='bbox 1370 567 1439 594; x_wconf 90' lang='lat' dir='ltr'><strong>ﬁlios</strong></span> <span class='ocrx_word' id='word_1_187' title='bbox 1446 575 1570 602; x_wconf 83' lang='lat' dir='ltr'><strong>magnum</strong></span> <span class='ocrx_word' id='word_1_188' title='bbox 1582 567 1679 596; x_wconf 90' lang='lat' dir='ltr'><strong>bonum</strong></span> <span class='ocrx_word' id='word_1_189' title='bbox 1691 568 1849 603; x_wconf 76' lang='lat' dir='ltr'><strong>putabant,</strong></span> 
     </span>
    </p>
   </div>
   <div class='ocr_carea' id='block_1_26' title="bbox 1041 611 1849 648">
    <p class='ocr_par' dir='ltr' id='par_1_26' title="bbox 1041 611 1849 648">
     <span class='ocr_line' id='line_1_26' title="bbox 1041 611 1849 648; baseline 0.002 -9"><span class='ocrx_word' id='word_1_190' title='bbox 1041 611 1097 639; x_wconf 87' lang='lat' dir='ltr'><strong>tale</strong></span> <span class='ocrx_word' id='word_1_191' title='bbox 1108 612 1263 647; x_wconf 80' lang='lat' dir='ltr'><strong>coniugium</strong></span> <span class='ocrx_word' id='word_1_192' title='bbox 1283 612 1440 648; x_wconf 84' lang='lat' dir='ltr'><strong>prolemque</strong></span> <span class='ocrx_word' id='word_1_193' title='bbox 1459 613 1639 648; x_wconf 77' lang='lat' dir='ltr'><strong>contempsit;</strong></span> <span class='ocrx_word' id='word_1_194' title='bbox 1655 613 1849 642; x_wconf 79' lang='lat' dir='ltr'><strong>contumelias</strong></span> 
     </span>
    </p>
   </div>
   <div class='ocr_carea' id='block_1_27' title="bbox 1042 645 1870 695">
    <p class='ocr_par' dir='ltr' id='par_1_27' title="bbox 1042 645 1870 695">
     <span class='ocr_line' id='line_1_27' title="bbox 1042 645 1870 695; baseline 0.001 -9"><span class='ocrx_word' id='word_1_195' title='bbox 1042 645 1240 694; x_wconf 72' lang='lat' dir='ltr'><strong>superbissime</strong></span> <span class='ocrx_word' id='word_1_196' title='bbox 1255 645 1412 693; x_wconf 72' lang='lat' dir='ltr'><strong>horrebant,</strong></span> <span class='ocrx_word' id='word_1_197' title='bbox 1423 666 1504 687; x_wconf 87' lang='lat' dir='ltr'><strong>omne</strong></span> <span class='ocrx_word' id='word_1_198' title='bbox 1513 645 1598 695; x_wconf 79' lang='lat' dir='ltr'><strong>genus</strong></span> <span class='ocrx_word' id='word_1_199' title='bbox 1609 645 1870 695; x_wconf 76' lang='lat' dir='ltr'><strong>contumeliarum</strong></span> 
     </span>
    </p>
   </div>
   <div class='ocr_carea' id='block_1_28' title="bbox 1040 704 1846 740">
    <p class='ocr_par' dir='ltr' id='par_1_28' title="bbox 1040 704 1846 740">
     <span class='ocr_line' id='line_1_28' title="bbox 1040 704 1846 740; baseline 0 -8"><span class='ocrx_word' id='word_1_200' title='bbox 1040 704 1185 738; x_wconf 80' lang='lat' dir='ltr'><strong>sustinuit;</strong></span> <span class='ocrx_word' id='word_1_201' title='bbox 1201 704 1315 740; x_wconf 81' lang='lat' dir='ltr'><strong>injurias</strong></span> <span class='ocrx_word' id='word_1_202' title='bbox 1340 704 1526 733; x_wconf 79' lang='lat' dir='ltr'><strong>intolerabiles</strong></span> <span class='ocrx_word' id='word_1_203' title='bbox 1547 712 1608 734; x_wconf 86' lang='lat' dir='ltr'><strong>esse</strong></span> <span class='ocrx_word' id='word_1_204' title='bbox 1621 705 1846 736; x_wconf 83' lang='lat' dir='ltr'><strong>arbitrabantur.</strong></span> 
     </span>
    </p>
   </div>
   <div class='ocr_carea' id='block_1_29' title="bbox 1040 749 1848 786">
    <p class='ocr_par' dir='ltr' id='par_1_29' title="bbox 1040 749 1848 786">
     <span class='ocr_line' id='line_1_29' title="bbox 1040 749 1848 786; baseline 0 -8"><span class='ocrx_word' id='word_1_205' title='bbox 1040 758 1101 785; x_wconf 70' lang='lat' dir='ltr'><strong>quas</strong></span> <span class='ocrx_word' id='word_1_206' title='bbox 1130 749 1217 785; x_wconf 89' lang='lat' dir='ltr'><strong>ajor</strong></span> <span class='ocrx_word' id='word_1_207' title='bbox 1246 750 1344 785; x_wconf 77' lang='lat' dir='ltr'><strong>injuria</strong></span> <span class='ocrx_word' id='word_1_208' title='bbox 1371 757 1452 786; x_wconf 89' lang='lat' dir='ltr'><strong>quam</strong></span> <span class='ocrx_word' id='word_1_209' title='bbox 1477 750 1579 786; x_wconf 83' lang='lat' dir='ltr'><strong>justum</strong></span> <span class='ocrx_word' id='word_1_210' title='bbox 1608 752 1848 786; x_wconf 83' lang='lat' dir='ltr'><strong>innocentemque</strong></span> 
     </span>
    </p>
   </div>
   <div class='ocr_carea' id='block_1_30' title="bbox 1038 795 1849 832">
    <p class='ocr_par' dir='ltr' id='par_1_30' title="bbox 1038 795 1849 832">
     <span class='ocr_line' id='line_1_30' title="bbox 1038 795 1849 832; baseline 0.001 -9"><span class='ocrx_word' id='word_1_211' title='bbox 1038 795 1162 823; x_wconf 85' lang='lat' dir='ltr'><strong>damnari</strong></span> <span class='ocrx_word' id='word_1_212' title='bbox 1170 797 1181 823; x_wconf 75' lang='grc' dir='ltr'><strong><em>τ</em></strong></span> <span class='ocrx_word' id='word_1_213' title='bbox 1189 795 1303 825; x_wconf 83' lang='lat' dir='ltr'><strong>Dolores</strong></span> <span class='ocrx_word' id='word_1_214' title='bbox 1313 796 1436 831; x_wconf 79' lang='lat' dir='ltr'><strong>corporis</strong></span> <span class='ocrx_word' id='word_1_215' title='bbox 1449 796 1670 831; x_wconf 79' lang='lat' dir='ltr'><strong>exsecrabantur,</strong></span> <span class='ocrx_word' id='word_1_216' title='bbox 1683 797 1849 832; x_wconf 77' lang='lat' dir='ltr'><strong>llageltatus</strong></span> 
     </span>
    </p>
   </div>
   <div class='ocr_carea' id='block_1_31' title="bbox 1040 842 1848 878">
    <p class='ocr_par' dir='ltr' id='par_1_31' title="bbox 1040 842 1848 878">
     <span class='ocr_line' id='line_1_31' title="bbox 1040 842 1848 878; baseline 0.001 -9"><span class='ocrx_word' id='word_1_217' title='bbox 1040 847 1120 878; x_wconf 80' lang='lat' dir='ltr'><strong>atque</strong></span> <span class='ocrx_word' id='word_1_218' title='bbox 1128 843 1260 870; x_wconf 71' lang='lat' dir='ltr'><strong>cruciatus</strong></span> <span class='ocrx_word' id='word_1_219' title='bbox 1273 847 1332 874; x_wconf 87' lang='lat' dir='ltr'><strong>est;</strong></span> <span class='ocrx_word' id='word_1_220' title='bbox 1348 843 1414 869; x_wconf 89' lang='lat' dir='ltr'><strong>tttori</strong></span> <span class='ocrx_word' id='word_1_221' title='bbox 1430 843 1689 875; x_wconf 70' lang='lat' dir='ltr'><strong>metuebant,mot‘te</strong></span> <span class='ocrx_word' id='word_1_222' title='bbox 1704 842 1848 870; x_wconf 74' lang='lat' dir='ltr'><strong>multatus</strong></span> 
     </span>
    </p>
   </div>
   <div class='ocr_carea' id='block_1_32' title="bbox 193 886 1847 929">
    <p class='ocr_par' dir='ltr' id='par_1_32' title="bbox 193 886 1847 929">
     <span class='ocr_line' id='line_1_32' title="bbox 193 886 1847 929; baseline 0.001 -18"><span class='ocrx_word' id='word_1_223' title='bbox 193 896 317 923; x_wconf 63' lang='lat' dir='ltr'><strong>ommbus</strong></span> <span class='ocrx_word' id='word_1_224' title='bbox 332 896 485 923; x_wconf 49' lang='lat' dir='ltr'><strong>errantibus</strong></span> <span class='ocrx_word' id='word_1_225' title='bbox 506 895 589 922; x_wconf 69' lang='lat' dir='ltr'><strong>um,&quot;</strong></span> <span class='ocrx_word' id='word_1_226' title='bbox 608 895 642 922; x_wconf 63' lang='lat' dir='ltr'><strong>ad</strong></span> <span class='ocrx_word' id='word_1_227' title='bbox 663 898 805 929; x_wconf 48' lang='lat' dir='ltr'><strong>provectu,</strong></span> <span class='ocrx_word' id='word_1_228' title='bbox 817 900 893 925; x_wconf 55' lang='lat' dir='ltr'><strong>sum.</strong></span> <span class='ocrx_word' id='word_1_229' title='bbox 908 898 935 920; x_wconf 64' lang='grc' dir='ltr'>ει</span> <span class='ocrx_word' id='word_1_230' title='bbox 953 893 986 920; x_wconf 66' lang='grc' dir='ltr'><strong>,ά</strong></span> <span class='ocrx_word' id='word_1_231' title='bbox 1004 897 1027 927; x_wconf 70' lang='grc' dir='ltr'><strong>Β</strong></span> <span class='ocrx_word' id='word_1_232' title='bbox 1041 892 1100 919; x_wconf 71' lang='lat' dir='ltr'><strong>est;</strong></span> <span class='ocrx_word' id='word_1_233' title='bbox 1129 886 1412 921; x_wconf 78' lang='lat' dir='ltr'><strong>iguominiosissimum</strong></span> <span class='ocrx_word' id='word_1_234' title='bbox 1435 887 1529 914; x_wconf 88' lang='lat' dir='ltr'><strong>tnortis</strong></span> <span class='ocrx_word' id='word_1_235' title='bbox 1558 895 1642 922; x_wconf 82' lang='lat' dir='ltr'><strong>genus</strong></span> <span class='ocrx_word' id='word_1_236' title='bbox 1660 894 1772 914; x_wconf 85' lang='lat' dir='ltr'><strong>crucem</strong></span> <span class='ocrx_word' id='word_1_237' title='bbox 1792 895 1847 920; x_wconf 89' lang='lat' dir='ltr'><strong>pu-</strong></span> 
     </span>
    </p>
   </div>
   <div class='ocr_carea' id='block_1_33' title="bbox 192 939 987 976">
    <p class='ocr_par' dir='ltr' id='par_1_33' title="bbox 192 939 987 976">
     <span class='ocr_line' id='line_1_33' title="bbox 192 939 987 976; baseline -0.001 -8"><span class='ocrx_word' id='word_1_238' title='bbox 192 949 287 969; x_wconf 76' lang='lat' dir='ltr'><strong>eorum</strong></span> <span class='ocrx_word' id='word_1_239' title='bbox 300 943 506 974; x_wconf 87' lang='lat' dir='ltr'><strong>correctionem,</strong></span> <span class='ocrx_word' id='word_1_240' title='bbox 520 948 581 968; x_wconf 86' lang='lat' dir='ltr'><strong>cum</strong></span> <span class='ocrx_word' id='word_1_241' title='bbox 597 941 724 976; x_wconf 87' lang='lat' dir='ltr'><strong>evigilare</strong></span> <span class='ocrx_word' id='word_1_242' title='bbox 738 940 882 968; x_wconf 82' lang='lat' dir='ltr'><strong>voiuerint.</strong></span> <span class='ocrx_word' id='word_1_243' title='bbox 899 939 987 968; x_wconf 82' lang='lat' dir='ltr'><strong>Utitur</strong></span> 
     </span>
    </p>
   </div>
   <div class='ocr_carea' id='block_1_34' title="bbox 192 984 988 1020">
    <p class='ocr_par' dir='ltr' id='par_1_34' title="bbox 192 984 988 1020">
     <span class='ocr_line' id='line_1_34' title="bbox 192 984 988 1020; baseline -0.001 -8"><span class='ocrx_word' id='word_1_244' title='bbox 192 986 264 1013; x_wconf 89' lang='lat' dir='ltr'><strong>enim</strong></span> <span class='ocrx_word' id='word_1_245' title='bbox 277 986 421 1020; x_wconf 72' lang='lat' dir='ltr'><strong>gentilibus</strong></span> <span class='ocrx_word' id='word_1_246' title='bbox 432 985 467 1012; x_wconf 85' lang='lat' dir='ltr'><strong>ad</strong></span> <span class='ocrx_word' id='word_1_247' title='bbox 485 985 625 1013; x_wconf 82' lang='lat' dir='ltr'><strong>materiam</strong></span> <span class='ocrx_word' id='word_1_248' title='bbox 640 985 805 1020; x_wconf 81' lang='lat' dir='ltr'><strong>operationis</strong></span> <span class='ocrx_word' id='word_1_249' title='bbox 818 992 886 1017; x_wconf 69' lang='lat' dir='ltr'><strong>suae,</strong></span> <span class='ocrx_word' id='word_1_250' title='bbox 901 984 988 1012; x_wconf 76' lang='lat' dir='ltr'><strong>hzere-</strong></span> 
     </span>
    </p>
   </div>
   <div class='ocr_carea' id='block_1_35' title="bbox 193 1029 986 1066">
    <p class='ocr_par' dir='ltr' id='par_1_35' title="bbox 193 1029 986 1066">
     <span class='ocr_line' id='line_1_35' title="bbox 193 1029 986 1066; baseline 0 -8"><span class='ocrx_word' id='word_1_251' title='bbox 193 1032 254 1058; x_wconf 86' lang='lat' dir='ltr'><strong>tieis</strong></span> <span class='ocrx_word' id='word_1_252' title='bbox 266 1031 299 1058; x_wconf 89' lang='lat' dir='ltr'><strong>ad</strong></span> <span class='ocrx_word' id='word_1_253' title='bbox 317 1031 501 1066; x_wconf 74' lang='lat' dir='ltr'><strong>probationem</strong></span> <span class='ocrx_word' id='word_1_254' title='bbox 520 1030 651 1058; x_wconf 72' lang='lat' dir='ltr'><strong>doctrina:</strong></span> <span class='ocrx_word' id='word_1_255' title='bbox 667 1038 738 1062; x_wconf 78' lang='lat' dir='ltr'><strong>suat,</strong></span> <span class='ocrx_word' id='word_1_256' title='bbox 751 1029 932 1058; x_wconf 84' lang='lat' dir='ltr'><strong>schismaticis</strong></span> <span class='ocrx_word' id='word_1_257' title='bbox 952 1030 986 1058; x_wconf 80' lang='lat' dir='ltr'><strong>ad</strong></span> 
     </span>
    </p>
   </div>
   <div class='ocr_carea' id='block_1_36' title="bbox 193 1074 987 1110">
    <p class='ocr_par' dir='ltr' id='par_1_36' title="bbox 193 1074 987 1110">
     <span class='ocr_line' id='line_1_36' title="bbox 193 1074 987 1110; baseline 0 -7"><span class='ocrx_word' id='word_1_258' title='bbox 193 1078 382 1104; x_wconf 77' lang='lat' dir='ltr'><strong>doctnnentum</strong></span> <span class='ocrx_word' id='word_1_259' title='bbox 395 1076 549 1103; x_wconf 82' lang='lat' dir='ltr'><strong>stabilitatis</strong></span> <span class='ocrx_word' id='word_1_260' title='bbox 562 1083 626 1108; x_wconf 71' lang='lat' dir='ltr'><strong>sum,</strong></span> <span class='ocrx_word' id='word_1_261' title='bbox 639 1074 740 1103; x_wconf 69' lang='lat' dir='ltr'><strong>ludatis</strong></span> <span class='ocrx_word' id='word_1_262' title='bbox 755 1075 787 1102; x_wconf 86' lang='lat' dir='ltr'><strong>ad</strong></span> <span class='ocrx_word' id='word_1_263' title='bbox 807 1076 987 1110; x_wconf 85' lang='lat' dir='ltr'><strong>comparatio-</strong></span> 
     </span>
    </p>
   </div>
   <div class='ocr_carea' id='block_1_37' title="bbox 192 1121 988 1156">
    <p class='ocr_par' dir='ltr' id='par_1_37' title="bbox 192 1121 988 1156">
     <span class='ocr_line' id='line_1_37' title="bbox 192 1121 988 1156; baseline 0 -7"><span class='ocrx_word' id='word_1_264' title='bbox 192 1130 256 1150; x_wconf 88' lang='lat' dir='ltr'><strong>nem</strong></span> <span class='ocrx_word' id='word_1_265' title='bbox 279 1122 486 1155; x_wconf 85' lang='lat' dir='ltr'><strong>pulchritudinis</strong></span> <span class='ocrx_word' id='word_1_266' title='bbox 510 1129 578 1149; x_wconf 68' lang='lat' dir='ltr'><strong>suat.</strong></span> <span class='ocrx_word' id='word_1_267' title='bbox 598 1121 673 1149; x_wconf 80' lang='lat' dir='ltr'><strong>Alios</strong></span> <span class='ocrx_word' id='word_1_268' title='bbox 698 1128 763 1156; x_wconf 89' lang='lat' dir='ltr'><strong>ergo</strong></span> <span class='ocrx_word' id='word_1_269' title='bbox 787 1122 900 1155; x_wconf 73' lang='lat' dir='ltr'><strong>invitat,</strong></span> <span class='ocrx_word' id='word_1_270' title='bbox 919 1121 988 1149; x_wconf 86' lang='lat' dir='ltr'><strong>alios</strong></span> 
     </span>
    </p>
   </div>
   <div class='ocr_carea' id='block_1_38' title="bbox 192 1167 988 1203">
    <p class='ocr_par' dir='ltr' id='par_1_38' title="bbox 192 1167 988 1203">
     <span class='ocr_line' id='line_1_38' title="bbox 192 1167 988 1203; baseline 0.001 -8"><span class='ocrx_word' id='word_1_271' title='bbox 192 1168 321 1202; x_wconf 76' lang='lat' dir='ltr'><strong>excludit,</strong></span> <span class='ocrx_word' id='word_1_272' title='bbox 342 1169 410 1195; x_wconf 91' lang='lat' dir='ltr'><strong>alios</strong></span> <span class='ocrx_word' id='word_1_273' title='bbox 433 1168 569 1203; x_wconf 86' lang='lat' dir='ltr'><strong>relinquit,</strong></span> <span class='ocrx_word' id='word_1_274' title='bbox 592 1168 661 1196; x_wconf 82' lang='lat' dir='ltr'><strong>alios</strong></span> <span class='ocrx_word' id='word_1_275' title='bbox 683 1167 840 1200; x_wconf 80' lang='lat' dir='ltr'><strong>antecedit,</strong></span> <span class='ocrx_word' id='word_1_276' title='bbox 862 1168 988 1196; x_wconf 85' lang='lat' dir='ltr'><strong>omnibus</strong></span> 
     </span>
    </p>
   </div>
   <div class='ocr_carea' id='block_1_39' title="bbox 192 1213 988 1248">
    <p class='ocr_par' dir='ltr' id='par_1_39' title="bbox 192 1213 988 1248">
     <span class='ocr_line' id='line_1_39' title="bbox 192 1213 988 1248; baseline 0.001 -8"><span class='ocrx_word' id='word_1_277' title='bbox 192 1219 282 1241; x_wconf 86' lang='lat' dir='ltr'><strong>tamen</strong></span> <span class='ocrx_word' id='word_1_278' title='bbox 299 1213 392 1248; x_wconf 73' lang='lat' dir='ltr'><strong>gratia:</strong></span> <span class='ocrx_word' id='word_1_279' title='bbox 407 1213 453 1240; x_wconf 85' lang='lat' dir='ltr'><strong>Dei</strong></span> <span class='ocrx_word' id='word_1_280' title='bbox 469 1213 661 1247; x_wconf 69' lang='lat' dir='ltr'><strong>participanda:</strong></span> <span class='ocrx_word' id='word_1_281' title='bbox 674 1213 721 1240; x_wconf 89' lang='lat' dir='ltr'><strong>dt</strong></span> <span class='ocrx_word' id='word_1_282' title='bbox 743 1213 914 1247; x_wconf 84' lang='lat' dir='ltr'><strong>potestatem,</strong></span> <span class='ocrx_word' id='word_1_283' title='bbox 930 1213 988 1241; x_wconf 86' lang='lat' dir='ltr'><strong>sive</strong></span> 
     </span>
    </p>
   </div>
   <div class='ocr_carea' id='block_1_40' title="bbox 193 1258 988 1292">
    <p class='ocr_par' dir='ltr' id='par_1_40' title="bbox 193 1258 988 1292">
     <span class='ocr_line' id='line_1_40' title="bbox 193 1258 988 1292; baseline -0.001 -5"><span class='ocrx_word' id='word_1_284' title='bbox 193 1260 230 1287; x_wconf 89' lang='lat' dir='ltr'><strong>illi</strong></span> <span class='ocrx_word' id='word_1_285' title='bbox 255 1260 387 1287; x_wconf 90' lang='lat' dir='ltr'><strong>formandi</strong></span> <span class='ocrx_word' id='word_1_286' title='bbox 410 1259 467 1287; x_wconf 87' lang='lat' dir='ltr'><strong>sint</strong></span> <span class='ocrx_word' id='word_1_287' title='bbox 485 1259 585 1292; x_wconf 89' lang='lat' dir='ltr'><strong>adhuc,</strong></span> <span class='ocrx_word' id='word_1_288' title='bbox 597 1259 656 1286; x_wconf 87' lang='lat' dir='ltr'><strong>sive</strong></span> <span class='ocrx_word' id='word_1_289' title='bbox 677 1259 851 1291; x_wconf 88' lang='lat' dir='ltr'><strong>reformandi,</strong></span> <span class='ocrx_word' id='word_1_290' title='bbox 863 1258 921 1286; x_wconf 87' lang='lat' dir='ltr'><strong>sive</strong></span> <span class='ocrx_word' id='word_1_291' title='bbox 946 1266 988 1286; x_wconf 88' lang='lat' dir='ltr'><strong>re-</strong></span> 
     </span>
    </p>
   </div>
   <div class='ocr_carea' id='block_1_41' title="bbox 192 1304 1012 1341">
    <p class='ocr_par' dir='ltr' id='par_1_41' title="bbox 192 1304 1012 1341">
     <span class='ocr_line' id='line_1_41' title="bbox 192 1304 1012 1341; baseline 0 -8"><span class='ocrx_word' id='word_1_292' title='bbox 192 1306 349 1341; x_wconf 78' lang='lat' dir='ltr'><strong>culligendi,</strong></span> <span class='ocrx_word' id='word_1_293' title='bbox 365 1304 424 1333; x_wconf 84' lang='lat' dir='ltr'><strong>sive</strong></span> <span class='ocrx_word' id='word_1_294' title='bbox 439 1305 616 1338; x_wconf 87' lang='lat' dir='ltr'><strong>admittendi;</strong></span> <span class='ocrx_word' id='word_1_295' title='bbox 631 1305 755 1333; x_wconf 81' lang='lat' dir='ltr'><strong>carnales</strong></span> <span class='ocrx_word' id='word_1_296' title='bbox 764 1311 854 1332; x_wconf 89' lang='lat' dir='ltr'><strong>autem</strong></span> <span class='ocrx_word' id='word_1_297' title='bbox 868 1312 945 1338; x_wconf 85' lang='lat' dir='ltr'><strong>suos,</strong></span> <span class='ocrx_word' id='word_1_298' title='bbox 960 1305 986 1333; x_wconf 85' lang='lat' dir='ltr'><strong>id</strong></span> <span class='ocrx_word' id='word_1_299' title='bbox 1007 1328 1012 1333; x_wconf 91' lang='lat'>.</span> 
     </span>
    </p>
   </div>
   <div class='ocr_carea' id='block_1_42' title="bbox 193 1350 987 1386">
    <p class='ocr_par' dir='ltr' id='par_1_42' title="bbox 193 1350 987 1386">
     <span class='ocr_line' id='line_1_42' title="bbox 193 1350 987 1386; baseline -0.001 -7"><span class='ocrx_word' id='word_1_300' title='bbox 193 1357 235 1380; x_wconf 60' lang='lat' dir='ltr'><strong>est</strong></span> <span class='ocrx_word' id='word_1_301' title='bbox 248 1352 369 1379; x_wconf 86' lang='lat' dir='ltr'><strong>viventes</strong></span> <span class='ocrx_word' id='word_1_302' title='bbox 385 1356 431 1378; x_wconf 89' lang='lat' dir='ltr'><strong>aut</strong></span> <span class='ocrx_word' id='word_1_303' title='bbox 452 1350 598 1378; x_wconf 84' lang='lat' dir='ltr'><strong>sentientes</strong></span> <span class='ocrx_word' id='word_1_304' title='bbox 612 1351 774 1383; x_wconf 85' lang='lat' dir='ltr'><strong>carnaliter,</strong></span> <span class='ocrx_word' id='word_1_305' title='bbox 791 1356 917 1386; x_wconf 85' lang='lat' dir='ltr'><strong>tanquam</strong></span> <span class='ocrx_word' id='word_1_306' title='bbox 939 1357 987 1386; x_wconf 90' lang='lat' dir='ltr'><strong>pa-</strong></span> 
     </span>
    </p>
   </div>
   <div class='ocr_carea' id='block_1_43' title="bbox 194 1397 987 1433">
    <p class='ocr_par' dir='ltr' id='par_1_43' title="bbox 194 1397 987 1433">
     <span class='ocr_line' id='line_1_43' title="bbox 194 1397 987 1433; baseline 0 -8"><span class='ocrx_word' id='word_1_307' title='bbox 194 1399 250 1426; x_wconf 78' lang='lat' dir='ltr'><strong>leas</strong></span> <span class='ocrx_word' id='word_1_308' title='bbox 270 1398 378 1431; x_wconf 81' lang='lat' dir='ltr'><strong>tolerat,</strong></span> <span class='ocrx_word' id='word_1_309' title='bbox 393 1397 490 1433; x_wconf 86' lang='lat' dir='ltr'><strong>quibus</strong></span> <span class='ocrx_word' id='word_1_310' title='bbox 509 1397 536 1424; x_wconf 92' lang='lat' dir='ltr'><strong>in</strong></span> <span class='ocrx_word' id='word_1_311' title='bbox 556 1404 618 1424; x_wconf 87' lang='lat' dir='ltr'><strong>area</strong></span> <span class='ocrx_word' id='word_1_312' title='bbox 639 1397 775 1425; x_wconf 86' lang='lat' dir='ltr'><strong>frumenta</strong></span> <span class='ocrx_word' id='word_1_313' title='bbox 793 1397 892 1425; x_wconf 82' lang='lat' dir='ltr'><strong>tutiora</strong></span> <span class='ocrx_word' id='word_1_314' title='bbox 913 1401 987 1430; x_wconf 86' lang='lat' dir='ltr'><strong>sunt.</strong></span> 
     </span>
    </p>
   </div>
   <div class='ocr_carea' id='block_1_44' title="bbox 194 1445 732 1480">
    <p class='ocr_par' dir='ltr' id='par_1_44' title="bbox 194 1445 732 1480">
     <span class='ocr_line' id='line_1_44' title="bbox 194 1445 732 1480; baseline 0 -7"><span class='ocrx_word' id='word_1_315' title='bbox 194 1446 280 1474; x_wconf 87' lang='lat' dir='ltr'><strong>donec</strong></span> <span class='ocrx_word' id='word_1_316' title='bbox 295 1445 391 1473; x_wconf 85' lang='lat' dir='ltr'><strong>talibus</strong></span> <span class='ocrx_word' id='word_1_317' title='bbox 407 1445 571 1480; x_wconf 70' lang='lat' dir='ltr'><strong>tegminibus</strong></span> <span class='ocrx_word' id='word_1_318' title='bbox 586 1449 732 1473; x_wconf 82' lang='lat' dir='ltr'><strong>esuantur.</strong></span> 
     </span>
    </p>
   </div>
   <div class='ocr_carea' id='block_1_45' title="bbox 491 1532 686 1562">
    <p class='ocr_par' dir='ltr' id='par_1_45' title="bbox 491 1532 686 1562">
     <span class='ocr_line' id='line_1_45' title="bbox 491 1532 686 1562; baseline -0.005 0"><span class='ocrx_word' id='word_1_319' title='bbox 491 1533 607 1562; x_wconf 78' lang='lat' dir='ltr'><strong>CAPUT</strong></span> <span class='ocrx_word' id='word_1_320' title='bbox 626 1532 686 1561; x_wconf 77' lang='lat' dir='ltr'><strong>XX.</strong></span> 
     </span>
    </p>
   </div>
   <div class='ocr_carea' id='block_1_46' title="bbox 197 1601 987 1637">
    <p class='ocr_par' dir='ltr' id='par_1_46' title="bbox 197 1601 987 1637">
     <span class='ocr_line' id='line_1_46' title="bbox 197 1601 987 1637; baseline 0 -8"><span class='ocrx_word' id='word_1_321' title='bbox 197 1604 219 1637; x_wconf 82' lang='grc' dir='ltr'>ρ</span> <span class='ocrx_word' id='word_1_322' title='bbox 239 1612 281 1630; x_wconf 80' lang='lat' dir='ltr'><strong>am</strong></span> <span class='ocrx_word' id='word_1_323' title='bbox 297 1611 409 1637; x_wconf 77' lang='lat' dir='ltr'><strong>rongruc</strong></span> <span class='ocrx_word' id='word_1_324' title='bbox 429 1602 575 1629; x_wconf 81' lang='lat' dir='ltr'><strong>hominibus</strong></span> <span class='ocrx_word' id='word_1_325' title='bbox 597 1601 732 1637; x_wconf 74' lang='lat' dir='ltr'><strong>Sapientia</strong></span> <span class='ocrx_word' id='word_1_326' title='bbox 749 1601 796 1628; x_wconf 78' lang='lat' dir='ltr'><strong>Dei</strong></span> <span class='ocrx_word' id='word_1_327' title='bbox 811 1601 927 1629; x_wconf 77' lang='lat' dir='ltr'><strong>Christus</strong></span> <span class='ocrx_word' id='word_1_328' title='bbox 939 1602 987 1629; x_wconf 85' lang='lat' dir='ltr'><strong>htt-</strong></span> 
     </span>
    </p>
   </div>
   <div class='ocr_carea' id='block_1_47' title="bbox 231 1649 987 1680">
    <p class='ocr_par' dir='ltr' id='par_1_47' title="bbox 231 1649 987 1680">
     <span class='ocr_line' id='line_1_47' title="bbox 231 1649 987 1680; baseline 0 -5"><span class='ocrx_word' id='word_1_329' title='bbox 231 1651 355 1677; x_wconf 64' lang='lat' dir='ltr'><strong>muniit-te</strong></span> <span class='ocrx_word' id='word_1_330' title='bbox 376 1649 519 1676; x_wconf 77' lang='lat' dir='ltr'><strong>subvenerit</strong></span> <span class='ocrx_word' id='word_1_331' title='bbox 531 1669 538 1680; x_wconf 85' lang='lat'><em>.</em></span> <span class='ocrx_word' id='word_1_332' title='bbox 561 1649 621 1677; x_wconf 80' lang='lat' dir='ltr'><strong>item</strong></span> <span class='ocrx_word' id='word_1_333' title='bbox 639 1657 672 1676; x_wconf 82' lang='lat' dir='ltr'><strong>ea:</strong></span> <span class='ocrx_word' id='word_1_334' title='bbox 689 1649 778 1677; x_wconf 76' lang='lat' dir='ltr'><strong>eodem</strong></span> <span class='ocrx_word' id='word_1_335' title='bbox 792 1649 857 1677; x_wconf 83' lang='lat' dir='ltr'><strong>libro</strong></span> <span class='ocrx_word' id='word_1_336' title='bbox 872 1650 903 1677; x_wconf 80' lang='lat' dir='ltr'><strong>de</strong></span> <span class='ocrx_word' id='word_1_337' title='bbox 928 1657 987 1677; x_wconf 74' lang='lat' dir='ltr'><strong>vera</strong></span> 
     </span>
    </p>
   </div>
   <div class='ocr_carea' id='block_1_48' title="bbox 231 1695 372 1731">
    <p class='ocr_par' dir='ltr' id='par_1_48' title="bbox 231 1695 372 1731">
     <span class='ocr_line' id='line_1_48' title="bbox 231 1695 372 1731; baseline -0.014 -8"><span class='ocrx_word' id='word_1_338' title='bbox 231 1695 372 1731; x_wconf 77' lang='lat' dir='ltr'><strong>Religione.</strong></span> 
     </span>
    </p>
   </div>
   <div class='ocr_carea' id='block_1_49' title="bbox 230 1760 988 1795">
    <p class='ocr_par' dir='ltr' id='par_1_49' title="bbox 230 1760 988 1795">
     <span class='ocr_line' id='line_1_49' title="bbox 230 1760 988 1795; baseline -0.001 -6"><span class='ocrx_word' id='word_1_339' title='bbox 230 1762 310 1789; x_wconf 85' lang='lat' dir='ltr'><strong>Nullo</strong></span> <span class='ocrx_word' id='word_1_340' title='bbox 325 1760 405 1789; x_wconf 89' lang='lat' dir='ltr'><strong>modo</strong></span> <span class='ocrx_word' id='word_1_341' title='bbox 424 1760 618 1788; x_wconf 85' lang='lat' dir='ltr'><strong>beneﬁcentius</strong></span> <span class='ocrx_word' id='word_1_342' title='bbox 636 1760 772 1787; x_wconf 85' lang='lat' dir='ltr'><strong>consuluit</strong></span> <span class='ocrx_word' id='word_1_343' title='bbox 788 1760 881 1795; x_wconf 84' lang='lat' dir='ltr'><strong>generi</strong></span> <span class='ocrx_word' id='word_1_344' title='bbox 894 1760 988 1789; x_wconf 89' lang='lat' dir='ltr'><strong>huma-</strong></span> 
     </span>
    </p>
   </div>
   <div class='ocr_carea' id='block_1_50' title="bbox 197 1806 988 1842">
    <p class='ocr_par' dir='ltr' id='par_1_50' title="bbox 197 1806 988 1842">
     <span class='ocr_line' id='line_1_50' title="bbox 197 1806 988 1842; baseline 0 -7"><span class='ocrx_word' id='word_1_345' title='bbox 197 1816 243 1839; x_wconf 78' lang='lat' dir='ltr'><strong>no,</strong></span> <span class='ocrx_word' id='word_1_346' title='bbox 268 1816 347 1842; x_wconf 86' lang='lat' dir='ltr'><strong>quant</strong></span> <span class='ocrx_word' id='word_1_347' title='bbox 374 1815 435 1834; x_wconf 87' lang='lat' dir='ltr'><strong>cum</strong></span> <span class='ocrx_word' id='word_1_348' title='bbox 460 1807 517 1842; x_wconf 77' lang='lat' dir='ltr'><strong>ipsa</strong></span> <span class='ocrx_word' id='word_1_349' title='bbox 544 1806 590 1834; x_wconf 88' lang='lat' dir='ltr'><strong>Dei</strong></span> <span class='ocrx_word' id='word_1_350' title='bbox 614 1806 767 1841; x_wconf 86' lang='lat' dir='ltr'><strong>Sapientia,</strong></span> <span class='ocrx_word' id='word_1_351' title='bbox 782 1807 808 1834; x_wconf 89' lang='lat' dir='ltr'><strong>id</strong></span> <span class='ocrx_word' id='word_1_352' title='bbox 831 1812 873 1835; x_wconf 84' lang='lat' dir='ltr'><strong>est</strong></span> <span class='ocrx_word' id='word_1_353' title='bbox 892 1807 988 1835; x_wconf 85' lang='lat' dir='ltr'><strong>unicus</strong></span> 
     </span>
    </p>
   </div>
   <div class='ocr_carea' id='block_1_51' title="bbox 195 1853 986 1887">
    <p class='ocr_par' dir='ltr' id='par_1_51' title="bbox 195 1853 986 1887">
     <span class='ocr_line' id='line_1_51' title="bbox 195 1853 986 1887; baseline 0 -6"><span class='ocrx_word' id='word_1_354' title='bbox 195 1855 296 1887; x_wconf 73' lang='lat' dir='ltr'><strong>Filius,</strong></span> <span class='ocrx_word' id='word_1_355' title='bbox 321 1853 557 1881; x_wconf 75' lang='lat' dir='ltr'><strong>consubstantialis</strong></span> <span class='ocrx_word' id='word_1_356' title='bbox 581 1853 652 1881; x_wconf 82' lang='lat' dir='ltr'><strong>Patri</strong></span> <span class='ocrx_word' id='word_1_357' title='bbox 673 1858 700 1881; x_wconf 89' lang='lat' dir='ltr'><strong>el</strong></span> <span class='ocrx_word' id='word_1_358' title='bbox 713 1858 881 1886; x_wconf 68' lang='lat' dir='ltr'><strong>coaeternus,</strong></span> <span class='ocrx_word' id='word_1_359' title='bbox 901 1858 986 1881; x_wconf 89' lang='lat' dir='ltr'><strong>totum</strong></span> 
     </span>
    </p>
   </div>
   <div class='ocr_carea' id='block_1_52' title="bbox 195 1899 988 1934">
    <p class='ocr_par' dir='ltr' id='par_1_52' title="bbox 195 1899 988 1934">
     <span class='ocr_line' id='line_1_52' title="bbox 195 1899 988 1934; baseline 0.001 -7"><span class='ocrx_word' id='word_1_360' title='bbox 195 1901 331 1927; x_wconf 83' lang='lat' dir='ltr'><strong>hominem</strong></span> <span class='ocrx_word' id='word_1_361' title='bbox 355 1899 492 1934; x_wconf 83' lang='lat' dir='ltr'><strong>suscipere</strong></span> <span class='ocrx_word' id='word_1_362' title='bbox 514 1900 639 1934; x_wconf 76' lang='lat' dir='ltr'><strong>dignatus</strong></span> <span class='ocrx_word' id='word_1_363' title='bbox 660 1904 718 1933; x_wconf 82' lang='lat' dir='ltr'><strong>est,</strong></span> <span class='ocrx_word' id='word_1_364' title='bbox 739 1904 766 1927; x_wconf 90' lang='lat' dir='ltr'><strong>et</strong></span> <span class='ocrx_word' id='word_1_365' title='bbox 789 1899 904 1928; x_wconf 82' lang='lat' dir='ltr'><strong>Verbum</strong></span> <span class='ocrx_word' id='word_1_366' title='bbox 924 1907 988 1928; x_wconf 89' lang='lat' dir='ltr'><strong>caro</strong></span> 
     </span>
    </p>
   </div>
   <div class='ocr_carea' id='block_1_53' title="bbox 195 1946 988 1979">
    <p class='ocr_par' dir='ltr' id='par_1_53' title="bbox 195 1946 988 1979">
     <span class='ocr_line' id='line_1_53' title="bbox 195 1946 988 1979; baseline 0.003 -6"><span class='ocrx_word' id='word_1_367' title='bbox 195 1948 294 1974; x_wconf 80' lang='lat' dir='ltr'><strong>factum</strong></span> <span class='ocrx_word' id='word_1_368' title='bbox 313 1951 372 1979; x_wconf 87' lang='lat' dir='ltr'><strong>est,</strong></span> <span class='ocrx_word' id='word_1_369' title='bbox 398 1951 426 1973; x_wconf 91' lang='lat' dir='ltr'><strong>et</strong></span> <span class='ocrx_word' id='word_1_370' title='bbox 442 1946 574 1974; x_wconf 76' lang='lat' dir='ltr'><strong>habitavit</strong></span> <span class='ocrx_word' id='word_1_371' title='bbox 588 1947 613 1973; x_wconf 93' lang='lat' dir='ltr'><strong>in</strong></span> <span class='ocrx_word' id='word_1_372' title='bbox 629 1946 717 1974; x_wconf 87' lang='lat' dir='ltr'><strong>nobis.</strong></span> <span class='ocrx_word' id='word_1_373' title='bbox 735 1946 770 1973; x_wconf 90' lang='lat' dir='ltr'><strong>Ita</strong></span> <span class='ocrx_word' id='word_1_374' title='bbox 788 1947 860 1975; x_wconf 89' lang='lat' dir='ltr'><strong>enim</strong></span> <span class='ocrx_word' id='word_1_375' title='bbox 875 1947 988 1975; x_wconf 88' lang='lat' dir='ltr'><strong>demon-</strong></span> 
     </span>
    </p>
   </div>
   <div class='ocr_carea' id='block_1_54' title="bbox 194 1991 988 2023">
    <p class='ocr_par' dir='ltr' id='par_1_54' title="bbox 194 1991 988 2023">
     <span class='ocr_line' id='line_1_54' title="bbox 194 1991 988 2023; baseline 0.004 -5"><span class='ocrx_word' id='word_1_376' title='bbox 194 1992 290 2019; x_wconf 83' lang='lat' dir='ltr'><strong>stravit</strong></span> <span class='ocrx_word' id='word_1_377' title='bbox 304 1991 504 2023; x_wconf 87' lang='lat' dir='ltr'><strong>carnalibus,et</strong></span> <span class='ocrx_word' id='word_1_378' title='bbox 510 1999 561 2018; x_wconf 88' lang='lat' dir='ltr'><strong>non</strong></span> <span class='ocrx_word' id='word_1_379' title='bbox 571 1992 824 2020; x_wconf 81' lang='lat' dir='ltr'><strong>valentibusintneri</strong></span> <span class='ocrx_word' id='word_1_380' title='bbox 840 1999 930 2021; x_wconf 87' lang='lat' dir='ltr'><strong>mente</strong></span> <span class='ocrx_word' id='word_1_381' title='bbox 941 2001 988 2021; x_wconf 89' lang='lat' dir='ltr'><strong>ve-</strong></span> 
     </span>
    </p>
   </div>
   <div class='ocr_carea' id='block_1_55' title="bbox 194 2036 989 2072">
    <p class='ocr_par' dir='ltr' id='par_1_55' title="bbox 194 2036 989 2072">
     <span class='ocr_line' id='line_1_55' title="bbox 194 2036 989 2072; baseline 0.004 -9"><span class='ocrx_word' id='word_1_382' title='bbox 194 2038 302 2064; x_wconf 77' lang='lat' dir='ltr'><strong>ritatem</strong></span> <span class='ocrx_word' id='word_1_383' title='bbox 314 2057 322 2068; x_wconf 93' lang='lat'><strong>,</strong></span> <span class='ocrx_word' id='word_1_384' title='bbox 340 2036 531 2071; x_wconf 87' lang='lat' dir='ltr'><strong>corporeisque</strong></span> <span class='ocrx_word' id='word_1_385' title='bbox 542 2037 668 2064; x_wconf 83' lang='lat' dir='ltr'><strong>scnsthns</strong></span> <span class='ocrx_word' id='word_1_386' title='bbox 679 2037 790 2071; x_wconf 85' lang='lat' dir='ltr'><strong>deditis,</strong></span> <span class='ocrx_word' id='word_1_387' title='bbox 806 2046 885 2072; x_wconf 87' lang='lat' dir='ltr'><strong>quant</strong></span> <span class='ocrx_word' id='word_1_388' title='bbox 898 2040 989 2066; x_wconf 74' lang='lat' dir='ltr'><strong>excel-</strong></span> 
     </span>
    </p>
   </div>
   <div class='ocr_carea' id='block_1_56' title="bbox 194 2082 986 2118">
    <p class='ocr_par' dir='ltr' id='par_1_56' title="bbox 194 2082 986 2118">
     <span class='ocr_line' id='line_1_56' title="bbox 194 2082 986 2118; baseline 0 -7"><span class='ocrx_word' id='word_1_389' title='bbox 194 2092 253 2111; x_wconf 80' lang='lat' dir='ltr'><strong>sum</strong></span> <span class='ocrx_word' id='word_1_390' title='bbox 272 2083 358 2110; x_wconf 89' lang='lat' dir='ltr'><strong>locum</strong></span> <span class='ocrx_word' id='word_1_391' title='bbox 374 2082 381 2109; x_wconf 93' lang='lat' dir='ltr'><strong>i</strong></span> <span class='ocrx_word' id='word_1_392' title='bbox 396 2087 444 2109; x_wconf 78' lang='lat' dir='ltr'><strong>.ter</strong></span> <span class='ocrx_word' id='word_1_393' title='bbox 466 2087 603 2110; x_wconf 89' lang='lat' dir='ltr'><strong>creaturas</strong></span> <span class='ocrx_word' id='word_1_394' title='bbox 626 2082 725 2111; x_wconf 87' lang='lat' dir='ltr'><strong>haheat</strong></span> <span class='ocrx_word' id='word_1_395' title='bbox 746 2084 861 2111; x_wconf 89' lang='lat' dir='ltr'><strong>humana</strong></span> <span class='ocrx_word' id='word_1_396' title='bbox 881 2089 986 2118; x_wconf 87' lang='lat' dir='ltr'><strong>natura,</strong></span> 
     </span>
    </p>
   </div>
   <div class='ocr_carea' id='block_1_57' title="bbox 194 2127 988 2163">
    <p class='ocr_par' dir='ltr' id='par_1_57' title="bbox 194 2127 988 2163">
     <span class='ocr_line' id='line_1_57' title="bbox 194 2127 988 2163; baseline 0.001 -7"><span class='ocrx_word' id='word_1_397' title='bbox 194 2129 265 2163; x_wconf 85' lang='lat' dir='ltr'><strong>quod</strong></span> <span class='ocrx_word' id='word_1_398' title='bbox 282 2136 334 2155; x_wconf 92' lang='lat' dir='ltr'><strong>nou</strong></span> <span class='ocrx_word' id='word_1_399' title='bbox 348 2127 436 2154; x_wconf 80' lang='lat' dir='ltr'><strong>solum</strong></span> <span class='ocrx_word' id='word_1_400' title='bbox 456 2127 600 2156; x_wconf 86' lang='lat' dir='ltr'><strong>visibiliter</strong></span> <span class='ocrx_word' id='word_1_401' title='bbox 613 2128 685 2162; x_wconf 89' lang='lat' dir='ltr'><strong>(nam</strong></span> <span class='ocrx_word' id='word_1_402' title='bbox 700 2128 726 2156; x_wconf 92' lang='lat' dir='ltr'><strong>id</strong></span> <span class='ocrx_word' id='word_1_403' title='bbox 740 2133 847 2163; x_wconf 86' lang='lat' dir='ltr'><strong>poterat</strong></span> <span class='ocrx_word' id='word_1_404' title='bbox 860 2129 925 2157; x_wconf 89' lang='lat' dir='ltr'><strong>etin</strong></span> <span class='ocrx_word' id='word_1_405' title='bbox 938 2130 988 2158; x_wconf 93' lang='lat' dir='ltr'><strong>ali-</strong></span> 
     </span>
    </p>
   </div>
   <div class='ocr_carea' id='block_1_58' title="bbox 193 2176 986 2212">
    <p class='ocr_par' dir='ltr' id='par_1_58' title="bbox 193 2176 986 2212">
     <span class='ocr_line' id='line_1_58' title="bbox 193 2176 986 2212; baseline 0.001 -8"><span class='ocrx_word' id='word_1_406' title='bbox 193 2185 248 2212; x_wconf 88' lang='lat' dir='ltr'><strong>qtto</strong></span> <span class='ocrx_word' id='word_1_407' title='bbox 272 2177 391 2204; x_wconf 75' lang='lat' dir='ltr'><strong>tethereo</strong></span> <span class='ocrx_word' id='word_1_408' title='bbox 423 2184 557 2211; x_wconf 87' lang='lat' dir='ltr'><strong>corpore,</strong></span> <span class='ocrx_word' id='word_1_409' title='bbox 591 2176 624 2203; x_wconf 87' lang='lat' dir='ltr'><strong>ad</strong></span> <span class='ocrx_word' id='word_1_410' title='bbox 649 2181 805 2204; x_wconf 88' lang='lat' dir='ltr'><strong>nostrorum</strong></span> <span class='ocrx_word' id='word_1_411' title='bbox 828 2182 986 2212; x_wconf 86' lang='lat' dir='ltr'><strong>aspectnunt</strong></span> 
     </span>
    </p>
   </div>
   <div class='ocr_carea' id='block_1_59' title="bbox 195 2221 987 2257">
    <p class='ocr_par' dir='ltr' id='par_1_59' title="bbox 195 2221 987 2257">
     <span class='ocr_line' id='line_1_59' title="bbox 195 2221 987 2257; baseline 0.001 -7"><span class='ocrx_word' id='word_1_412' title='bbox 195 2224 366 2251; x_wconf 85' lang='lat' dir='ltr'><strong>tolerantiam</strong></span> <span class='ocrx_word' id='word_1_413' title='bbox 385 2221 563 2257; x_wconf 80' lang='lat' dir='ltr'><strong>temperato),</strong></span> <span class='ocrx_word' id='word_1_414' title='bbox 585 2222 631 2250; x_wconf 89' lang='lat' dir='ltr'><strong>sed</strong></span> <span class='ocrx_word' id='word_1_415' title='bbox 647 2222 802 2251; x_wconf 84' lang='lat' dir='ltr'><strong>hominibus</strong></span> <span class='ocrx_word' id='word_1_416' title='bbox 820 2223 846 2250; x_wconf 94' lang='lat' dir='ltr'><strong>in</strong></span> <span class='ocrx_word' id='word_1_417' title='bbox 859 2230 924 2250; x_wconf 90' lang='lat' dir='ltr'><strong>vero</strong></span> <span class='ocrx_word' id='word_1_418' title='bbox 939 2223 987 2251; x_wconf 90' lang='lat' dir='ltr'><strong>ho-</strong></span> 
     </span>
    </p>
   </div>
   <div class='ocr_carea' id='block_1_60' title="bbox 195 2267 1027 2309">
    <p class='ocr_par' dir='ltr' id='par_1_60' title="bbox 195 2267 1027 2309">
     <span class='ocr_line' id='line_1_60' title="bbox 195 2267 1027 2309; baseline 0.004 -14"><span class='ocrx_word' id='word_1_419' title='bbox 195 2269 269 2296; x_wconf 89' lang='lat' dir='ltr'><strong>mine</strong></span> <span class='ocrx_word' id='word_1_420' title='bbox 292 2268 428 2303; x_wconf 85' lang='lat' dir='ltr'><strong>apparuit.</strong></span> <span class='ocrx_word' id='word_1_421' title='bbox 448 2267 507 2303; x_wconf 83' lang='lat' dir='ltr'><strong>lpsa</strong></span> <span class='ocrx_word' id='word_1_422' title='bbox 528 2268 601 2295; x_wconf 92' lang='lat' dir='ltr'><strong>enim</strong></span> <span class='ocrx_word' id='word_1_423' title='bbox 622 2273 716 2296; x_wconf 83' lang='lat' dir='ltr'><strong>natura</strong></span> <span class='ocrx_word' id='word_1_424' title='bbox 737 2269 907 2304; x_wconf 87' lang='lat' dir='ltr'><strong>suscipienda</strong></span> <span class='ocrx_word' id='word_1_425' title='bbox 928 2274 986 2298; x_wconf 83' lang='lat' dir='ltr'><strong>erat</strong></span> <span class='ocrx_word' id='word_1_426' title='bbox 1001 2279 1027 2309; x_wconf 68' lang='grc' dir='ltr'>ι)</span> 
     </span>
    </p>
   </div>
   <div class='ocr_carea' id='block_1_61' title="bbox 193 2314 985 2350">
    <p class='ocr_par' dir='ltr' id='par_1_61' title="bbox 193 2314 985 2350">
     <span class='ocr_line' id='line_1_61' title="bbox 193 2314 985 2350; baseline 0.004 -9"><span class='ocrx_word' id='word_1_427' title='bbox 193 2322 254 2348; x_wconf 69' lang='lat' dir='ltr'><strong>quae</strong></span> <span class='ocrx_word' id='word_1_428' title='bbox 269 2314 418 2342; x_wconf 88' lang='lat' dir='ltr'><strong>liberanda.</strong></span> <span class='ocrx_word' id='word_1_429' title='bbox 428 2315 460 2342; x_wconf 87' lang='lat' dir='ltr'><strong>Et</strong></span> <span class='ocrx_word' id='word_1_430' title='bbox 474 2322 508 2342; x_wconf 89' lang='lat' dir='ltr'><strong>ne</strong></span> <span class='ocrx_word' id='word_1_431' title='bbox 523 2315 585 2350; x_wconf 91' lang='lat' dir='ltr'><strong>quis</strong></span> <span class='ocrx_word' id='word_1_432' title='bbox 596 2315 665 2342; x_wconf 82' lang='lat' dir='ltr'><strong>torte</strong></span> <span class='ocrx_word' id='word_1_433' title='bbox 677 2322 759 2343; x_wconf 76' lang='lat' dir='ltr'><strong>sexus</strong></span> <span class='ocrx_word' id='word_1_434' title='bbox 771 2323 785 2343; x_wconf 87' lang='lat' dir='ltr'><strong>a</strong></span> <span class='ocrx_word' id='word_1_435' title='bbox 799 2323 850 2344; x_wconf 90' lang='lat' dir='ltr'><strong>suo</strong></span> <span class='ocrx_word' id='word_1_436' title='bbox 863 2322 985 2344; x_wconf 80' lang='lat' dir='ltr'><strong>creatore</strong></span> 
     </span>
    </p>
   </div>
   <div class='ocr_carea' id='block_1_62' title="bbox 194 2362 985 2397">
    <p class='ocr_par' dir='ltr' id='par_1_62' title="bbox 194 2362 985 2397">
     <span class='ocr_line' id='line_1_62' title="bbox 194 2362 985 2397; baseline 0.006 -11"><span class='ocrx_word' id='word_1_437' title='bbox 194 2367 225 2387; x_wconf 86' lang='lat' dir='ltr'><strong>se</strong></span> <span class='ocrx_word' id='word_1_438' title='bbox 248 2365 433 2395; x_wconf 87' lang='lat' dir='ltr'><strong>contemptum</strong></span> <span class='ocrx_word' id='word_1_439' title='bbox 456 2366 577 2397; x_wconf 85' lang='lat' dir='ltr'><strong>putaret,</strong></span> <span class='ocrx_word' id='word_1_440' title='bbox 603 2362 690 2389; x_wconf 87' lang='lat' dir='ltr'><strong>virum</strong></span> <span class='ocrx_word' id='word_1_441' title='bbox 715 2363 843 2397; x_wconf 88' lang='lat' dir='ltr'><strong>suscipit,</strong></span> <span class='ocrx_word' id='word_1_442' title='bbox 859 2367 937 2391; x_wconf 84' lang='lat' dir='ltr'><strong>natus</strong></span> <span class='ocrx_word' id='word_1_443' title='bbox 951 2371 985 2391; x_wconf 79' lang='lat' dir='ltr'><strong>ex</strong></span> 
     </span>
    </p>
   </div>
   <div class='ocr_carea' id='block_1_63' title="bbox 194 2404 986 2443">
    <p class='ocr_par' dir='ltr' id='par_1_63' title="bbox 194 2404 986 2443">
     <span class='ocr_line' id='line_1_63' title="bbox 194 2404 986 2443; baseline 0.005 -12"><span class='ocrx_word' id='word_1_444' title='bbox 194 2404 303 2432; x_wconf 79' lang='lat' dir='ltr'><strong>femina.</strong></span> <span class='ocrx_word' id='word_1_445' title='bbox 324 2405 395 2433; x_wconf 81' lang='lat' dir='ltr'><strong>Nihil</strong></span> <span class='ocrx_word' id='word_1_446' title='bbox 423 2408 477 2442; x_wconf 90' lang='lat' dir='ltr'><strong>egit</strong></span> <span class='ocrx_word' id='word_1_447' title='bbox 500 2408 546 2443; x_wconf 91' lang='lat' dir='ltr'><strong>vi,</strong></span> <span class='ocrx_word' id='word_1_448' title='bbox 566 2408 614 2435; x_wconf 86' lang='lat' dir='ltr'><strong>sed</strong></span> <span class='ocrx_word' id='word_1_449' title='bbox 641 2407 731 2435; x_wconf 91' lang='lat' dir='ltr'><strong>omnia</strong></span> <span class='ocrx_word' id='word_1_450' title='bbox 755 2408 912 2440; x_wconf 88' lang='lat' dir='ltr'><strong>suadendo,</strong></span> <span class='ocrx_word' id='word_1_451' title='bbox 927 2416 986 2436; x_wconf 87' lang='lat' dir='ltr'><strong>mo-</strong></span> 
     </span>
    </p>
   </div>
   <div class='ocr_carea' id='block_1_64' title="bbox 194 2450 986 2488">
    <p class='ocr_par' dir='ltr' id='par_1_64' title="bbox 194 2450 986 2488">
     <span class='ocr_line' id='line_1_64' title="bbox 194 2450 986 2488; baseline 0.004 -10"><span class='ocrx_word' id='word_1_452' title='bbox 194 2450 299 2483; x_wconf 88' lang='lat' dir='ltr'><strong>nendo,</strong></span> <span class='ocrx_word' id='word_1_453' title='bbox 316 2451 379 2478; x_wconf 88' lang='lat' dir='ltr'><strong>licet</strong></span> <span class='ocrx_word' id='word_1_454' title='bbox 390 2453 536 2481; x_wconf 81' lang='lat' dir='ltr'><strong>vendentes</strong></span> <span class='ocrx_word' id='word_1_455' title='bbox 549 2458 578 2481; x_wconf 92' lang='lat' dir='ltr'><strong>et</strong></span> <span class='ocrx_word' id='word_1_456' title='bbox 590 2458 712 2482; x_wconf 88' lang='lat' dir='ltr'><strong>ementes</strong></span> <span class='ocrx_word' id='word_1_457' title='bbox 725 2453 885 2488; x_wconf 87' lang='lat' dir='ltr'><strong>llagellaudo</strong></span> <span class='ocrx_word' id='word_1_458' title='bbox 898 2453 986 2488; x_wconf 79' lang='lat' dir='ltr'><strong>eiece-</strong></span> 
     </span>
    </p>
   </div>
   <div class='ocr_carea' id='block_1_65' title="bbox 193 2496 986 2534">
    <p class='ocr_par' dir='ltr' id='par_1_65' title="bbox 193 2496 986 2534">
     <span class='ocr_line' id='line_1_65' title="bbox 193 2496 986 2534; baseline 0.001 -10"><span class='ocrx_word' id='word_1_459' title='bbox 193 2497 231 2524; x_wconf 85' lang='lat' dir='ltr'><strong>rit</strong></span> <span class='ocrx_word' id='word_1_460' title='bbox 242 2504 258 2524; x_wconf 88' lang='lat' dir='ltr'><strong>e</strong></span> <span class='ocrx_word' id='word_1_461' title='bbox 274 2496 383 2530; x_wconf 87' lang='lat' dir='ltr'><strong>templo.</strong></span> <span class='ocrx_word' id='word_1_462' title='bbox 404 2497 456 2525; x_wconf 85' lang='lat' dir='ltr'><strong>Sed</strong></span> <span class='ocrx_word' id='word_1_463' title='bbox 473 2498 523 2525; x_wconf 89' lang='lat' dir='ltr'><strong>hoc</strong></span> <span class='ocrx_word' id='word_1_464' title='bbox 540 2499 605 2533; x_wconf 89' lang='lat' dir='ltr'><strong>quid</strong></span> <span class='ocrx_word' id='word_1_465' title='bbox 619 2504 665 2526; x_wconf 86' lang='lat' dir='ltr'><strong>aut</strong></span> <span class='ocrx_word' id='word_1_466' title='bbox 682 2503 810 2534; x_wconf 80' lang='lat' dir='ltr'><strong>quantum</strong></span> <span class='ocrx_word' id='word_1_467' title='bbox 824 2503 880 2531; x_wconf 63' lang='lat' dir='ltr'><strong>est,</strong></span> <span class='ocrx_word' id='word_1_468' title='bbox 891 2506 986 2533; x_wconf 68' lang='lat' dir='ltr'><strong>quim-</strong></span> 
     </span>
    </p>
   </div>
   <div class='ocr_carea' id='block_1_66' title="bbox 194 2543 988 2581">
    <p class='ocr_par' dir='ltr' id='par_1_66' title="bbox 194 2543 988 2581">
     <span class='ocr_line' id='line_1_66' title="bbox 194 2543 988 2581; baseline 0.004 -11"><span class='ocrx_word' id='word_1_469' title='bbox 194 2543 236 2571; x_wconf 83' lang='lat' dir='ltr'><strong>vis</strong></span> <span class='ocrx_word' id='word_1_470' title='bbox 248 2548 276 2570; x_wconf 91' lang='lat' dir='ltr'><strong>et</strong></span> <span class='ocrx_word' id='word_1_471' title='bbox 288 2543 427 2581; x_wconf 62' lang='lat' dir='ltr'><strong>damones</strong></span> <span class='ocrx_word' id='word_1_472' title='bbox 439 2543 562 2571; x_wconf 88' lang='lat' dir='ltr'><strong>nolentes</strong></span> <span class='ocrx_word' id='word_1_473' title='bbox 578 2545 612 2571; x_wconf 85' lang='lat' dir='ltr'><strong>ab</strong></span> <span class='ocrx_word' id='word_1_474' title='bbox 627 2544 780 2572; x_wconf 86' lang='lat' dir='ltr'><strong>hominibus</strong></span> <span class='ocrx_word' id='word_1_475' title='bbox 796 2553 849 2571; x_wconf 85' lang='lat' dir='ltr'><strong>non</strong></span> <span class='ocrx_word' id='word_1_476' title='bbox 862 2552 988 2573; x_wconf 79' lang='lat' dir='ltr'><strong>sermone</strong></span> 
     </span>
    </p>
   </div>
   <div class='ocr_carea' id='block_1_67' title="bbox 194 2588 988 2626">
    <p class='ocr_par' dir='ltr' id='par_1_67' title="bbox 194 2588 988 2626">
     <span class='ocr_line' id='line_1_67' title="bbox 194 2588 988 2626; baseline 0 -7"><span class='ocrx_word' id='word_1_477' title='bbox 194 2590 339 2620; x_wconf 80' lang='lat' dir='ltr'><strong>suasionis,</strong></span> <span class='ocrx_word' id='word_1_478' title='bbox 354 2588 402 2616; x_wconf 85' lang='lat' dir='ltr'><strong>sed</strong></span> <span class='ocrx_word' id='word_1_479' title='bbox 420 2589 445 2615; x_wconf 87' lang='lat' dir='ltr'><strong>vi</strong></span> <span class='ocrx_word' id='word_1_480' title='bbox 471 2590 611 2623; x_wconf 82' lang='lat' dir='ltr'><strong>potestatis</strong></span> <span class='ocrx_word' id='word_1_481' title='bbox 625 2590 759 2625; x_wconf 79' lang='lat' dir='ltr'><strong>rjeccrit?</strong></span> <span class='ocrx_word' id='word_1_482' title='bbox 780 2591 877 2618; x_wconf 87' lang='lat' dir='ltr'><strong>Vetere</strong></span> <span class='ocrx_word' id='word_1_483' title='bbox 889 2591 988 2626; x_wconf 80' lang='lat' dir='ltr'><strong>quippe</strong></span> 
     </span>
    </p>
   </div>
   <div class='ocr_carea' id='block_1_68' title="bbox 196 2635 989 2668">
    <p class='ocr_par' dir='ltr' id='par_1_68' title="bbox 196 2635 989 2668">
     <span class='ocr_line' id='line_1_68' title="bbox 196 2635 989 2668; baseline 0 -5"><span class='ocrx_word' id='word_1_484' title='bbox 196 2637 328 2664; x_wconf 78' lang='lat' dir='ltr'><strong>servitute</strong></span> <span class='ocrx_word' id='word_1_485' title='bbox 357 2638 491 2661; x_wconf 80' lang='lat' dir='ltr'><strong>transacta</strong></span> <span class='ocrx_word' id='word_1_486' title='bbox 505 2654 513 2666; x_wconf 86' lang='lat'><strong>,</strong></span> <span class='ocrx_word' id='word_1_487' title='bbox 527 2638 633 2668; x_wconf 82' lang='lat' dir='ltr'><strong>tempus</strong></span> <span class='ocrx_word' id='word_1_488' title='bbox 651 2635 783 2663; x_wconf 82' lang='lat' dir='ltr'><strong>libertatis</strong></span> <span class='ocrx_word' id='word_1_489' title='bbox 799 2636 940 2668; x_wconf 81' lang='lat' dir='ltr'><strong>illuxcrat,</strong></span> <span class='ocrx_word' id='word_1_490' title='bbox 961 2641 989 2664; x_wconf 88' lang='lat' dir='ltr'><strong>et</strong></span> 
     </span>
    </p>
   </div>
   <div class='ocr_carea' id='block_1_69' title="bbox 193 2679 989 2716">
    <p class='ocr_par' dir='ltr' id='par_1_69' title="bbox 193 2679 989 2716">
     <span class='ocr_line' id='line_1_69' title="bbox 193 2679 989 2716; baseline -0.001 -7"><span class='ocrx_word' id='word_1_491' title='bbox 193 2685 344 2716; x_wconf 84' lang='lat' dir='ltr'><strong>opportune</strong></span> <span class='ocrx_word' id='word_1_492' title='bbox 361 2679 418 2716; x_wconf 80' lang='lat' dir='ltr'><strong>jam</strong></span> <span class='ocrx_word' id='word_1_493' title='bbox 443 2679 544 2706; x_wconf 82' lang='lat' dir='ltr'><strong>homini</strong></span> <span class='ocrx_word' id='word_1_494' title='bbox 570 2679 734 2707; x_wconf 68' lang='lat' dir='ltr'><strong>studebatur</strong></span> <span class='ocrx_word' id='word_1_495' title='bbox 748 2686 830 2715; x_wconf 84' lang='lat' dir='ltr'><strong>atque</strong></span> <span class='ocrx_word' id='word_1_496' title='bbox 844 2681 989 2708; x_wconf 84' lang='lat' dir='ltr'><strong>salubriter</strong></span> 
     </span>
    </p>
   </div>
   <div class='ocr_carea' id='block_1_70' title="bbox 194 2725 987 2761">
    <p class='ocr_par' dir='ltr' id='par_1_70' title="bbox 194 2725 987 2761">
     <span class='ocr_line' id='line_1_70' title="bbox 194 2725 987 2761; baseline 0 -7"><span class='ocrx_word' id='word_1_497' title='bbox 194 2736 274 2761; x_wconf 87' lang='lat' dir='ltr'><strong>quam</strong></span> <span class='ocrx_word' id='word_1_498' title='bbox 287 2728 374 2754; x_wconf 90' lang='lat' dir='ltr'><strong>libero</strong></span> <span class='ocrx_word' id='word_1_499' title='bbox 387 2730 460 2754; x_wconf 79' lang='lat' dir='ltr'><strong>esset</strong></span> <span class='ocrx_word' id='word_1_500' title='bbox 476 2730 584 2753; x_wconf 83' lang='lat' dir='ltr'><strong>creatus</strong></span> <span class='ocrx_word' id='word_1_501' title='bbox 598 2725 711 2753; x_wconf 86' lang='lat' dir='ltr'><strong>arbitrio</strong></span> <span class='ocrx_word' id='word_1_502' title='bbox 725 2734 731 2752; x_wconf 90' lang='lat'>:</span> <span class='ocrx_word' id='word_1_503' title='bbox 749 2727 886 2754; x_wconf 75' lang='lat' dir='ltr'><strong>miraculis</strong></span> <span class='ocrx_word' id='word_1_504' title='bbox 899 2727 987 2754; x_wconf 86' lang='lat' dir='ltr'><strong>conci-</strong></span> 
     </span>
    </p>
   </div>
   <div class='ocr_carea' id='block_1_71' title="bbox 196 2771 988 2806">
    <p class='ocr_par' dir='ltr' id='par_1_71' title="bbox 196 2771 988 2806">
     <span class='ocr_line' id='line_1_71' title="bbox 196 2771 988 2806; baseline 0.001 -9"><span class='ocrx_word' id='word_1_505' title='bbox 196 2772 270 2798; x_wconf 80' lang='lat' dir='ltr'><strong>liavit</strong></span> <span class='ocrx_word' id='word_1_506' title='bbox 293 2772 372 2799; x_wconf 87' lang='lat' dir='ltr'><strong>ﬁdem</strong></span> <span class='ocrx_word' id='word_1_507' title='bbox 396 2771 452 2798; x_wconf 91' lang='lat' dir='ltr'><strong>Deo</strong></span> <span class='ocrx_word' id='word_1_508' title='bbox 473 2772 517 2806; x_wconf 90' lang='lat' dir='ltr'><strong>qui</strong></span> <span class='ocrx_word' id='word_1_509' title='bbox 541 2775 621 2803; x_wconf 86' lang='lat' dir='ltr'><strong>erat,</strong></span> <span class='ocrx_word' id='word_1_510' title='bbox 644 2771 771 2806; x_wconf 87' lang='lat' dir='ltr'><strong>passione</strong></span> <span class='ocrx_word' id='word_1_511' title='bbox 791 2771 892 2798; x_wconf 85' lang='lat' dir='ltr'><strong>homini</strong></span> <span class='ocrx_word' id='word_1_512' title='bbox 909 2779 988 2806; x_wconf 89' lang='lat' dir='ltr'><strong>quem</strong></span> 
     </span>
    </p>
   </div>
   <div class='ocr_carea' id='block_1_72' title="bbox 196 2816 990 2852">
    <p class='ocr_par' dir='ltr' id='par_1_72' title="bbox 196 2816 990 2852">
     <span class='ocr_line' id='line_1_72' title="bbox 196 2816 990 2852; baseline 0.003 -10"><span class='ocrx_word' id='word_1_513' title='bbox 196 2816 317 2848; x_wconf 84' lang='lat' dir='ltr'><strong>gerebat.</strong></span> <span class='ocrx_word' id='word_1_514' title='bbox 339 2817 430 2850; x_wconf 86' lang='lat' dir='ltr'><strong>Itaque</strong></span> <span class='ocrx_word' id='word_1_515' title='bbox 454 2819 566 2852; x_wconf 86' lang='lat' dir='ltr'><strong>loquens</strong></span> <span class='ocrx_word' id='word_1_516' title='bbox 587 2816 620 2844; x_wconf 85' lang='lat' dir='ltr'><strong>ad</strong></span> <span class='ocrx_word' id='word_1_517' title='bbox 636 2817 728 2844; x_wconf 80' lang='lat' dir='ltr'><strong>turbas</strong></span> <span class='ocrx_word' id='word_1_518' title='bbox 742 2823 770 2843; x_wconf 92' lang='lat' dir='ltr'><strong>ut</strong></span> <span class='ocrx_word' id='word_1_519' title='bbox 783 2817 866 2850; x_wconf 65' lang='lat' dir='ltr'><strong>Drus,</strong></span> <span class='ocrx_word' id='word_1_520' title='bbox 883 2819 990 2844; x_wconf 84' lang='lat' dir='ltr'><strong>nuntia-</strong></span> 
     </span>
    </p>
   </div>
   <div class='ocr_carea' id='block_1_73' title="bbox 197 2861 988 2899">
    <p class='ocr_par' dir='ltr' id='par_1_73' title="bbox 197 2861 988 2899">
     <span class='ocr_line' id='line_1_73' title="bbox 197 2861 988 2899; baseline 0.006 -12"><span class='ocrx_word' id='word_1_521' title='bbox 197 2865 253 2887; x_wconf 80' lang='lat' dir='ltr'><strong>tam</strong></span> <span class='ocrx_word' id='word_1_522' title='bbox 267 2861 316 2887; x_wconf 82' lang='lat' dir='ltr'><strong>sibi</strong></span> <span class='ocrx_word' id='word_1_523' title='bbox 338 2869 450 2890; x_wconf 87' lang='lat' dir='ltr'><strong>matrem</strong></span> <span class='ocrx_word' id='word_1_524' title='bbox 467 2863 591 2898; x_wconf 79' lang='lat' dir='ltr'><strong>negavit;</strong></span> <span class='ocrx_word' id='word_1_525' title='bbox 607 2869 633 2891; x_wconf 89' lang='lat' dir='ltr'><strong>et</strong></span> <span class='ocrx_word' id='word_1_526' title='bbox 648 2869 736 2891; x_wconf 80' lang='lat' dir='ltr'><strong>tamen</strong></span> <span class='ocrx_word' id='word_1_527' title='bbox 747 2884 756 2897; x_wconf 83' lang='lat'><strong>,</strong></span> <span class='ocrx_word' id='word_1_528' title='bbox 768 2869 796 2891; x_wconf 90' lang='lat' dir='ltr'><strong>ut</strong></span> <span class='ocrx_word' id='word_1_529' title='bbox 813 2864 988 2899; x_wconf 81' lang='lat' dir='ltr'><strong>Evangelium</strong></span> 
     </span>
    </p>
   </div>
   <div class='ocr_carea' id='block_1_74' title="bbox 200 2904 989 2942">
    <p class='ocr_par' dir='ltr' id='par_1_74' title="bbox 200 2904 989 2942">
     <span class='ocr_line' id='line_1_74' title="bbox 200 2904 989 2942; baseline 0.013 -13"><span class='ocrx_word' id='word_1_530' title='bbox 200 2904 337 2939; x_wconf 76' lang='lat' dir='ltr'><strong>loquitur,</strong></span> <span class='ocrx_word' id='word_1_531' title='bbox 365 2905 433 2933; x_wconf 78' lang='lat' dir='ltr'><strong>Puer</strong></span> <span class='ocrx_word' id='word_1_532' title='bbox 457 2908 612 2942; x_wconf 72' lang='lat' dir='ltr'><strong>parentibus</strong></span> <span class='ocrx_word' id='word_1_533' title='bbox 635 2908 758 2938; x_wconf 79' lang='lat' dir='ltr'><strong>subditus</strong></span> <span class='ocrx_word' id='word_1_534' title='bbox 773 2914 840 2938; x_wconf 81' lang='lat' dir='ltr'><strong>erat.</strong></span> <span class='ocrx_word' id='word_1_535' title='bbox 862 2910 989 2939; x_wconf 78' lang='lat' dir='ltr'><strong>Doctrina</strong></span> 
     </span>
    </p>
   </div>
   <div class='ocr_carea' id='block_1_75' title="bbox 1041 931 1847 967">
    <p class='ocr_par' dir='ltr' id='par_1_75' title="bbox 1041 931 1847 967">
     <span class='ocr_line' id='line_1_75' title="bbox 1041 931 1847 967; baseline 0 -8"><span class='ocrx_word' id='word_1_536' title='bbox 1041 931 1142 964; x_wconf 76' lang='lat' dir='ltr'><strong>tabam,</strong></span> <span class='ocrx_word' id='word_1_537' title='bbox 1161 932 1306 959; x_wconf 76' lang='lat' dir='ltr'><strong>cruciﬁxus</strong></span> <span class='ocrx_word' id='word_1_538' title='bbox 1320 936 1382 960; x_wconf 91' lang='lat' dir='ltr'><strong>est:</strong></span> <span class='ocrx_word' id='word_1_539' title='bbox 1397 933 1485 960; x_wconf 86' lang='lat' dir='ltr'><strong>omnia</strong></span> <span class='ocrx_word' id='word_1_540' title='bbox 1507 939 1567 967; x_wconf 73' lang='lat' dir='ltr'><strong>qua:</strong></span> <span class='ocrx_word' id='word_1_541' title='bbox 1581 933 1680 960; x_wconf 87' lang='lat' dir='ltr'><strong>habere</strong></span> <span class='ocrx_word' id='word_1_542' title='bbox 1690 933 1847 967; x_wconf 75' lang='lat' dir='ltr'><strong>cupientes</strong></span> 
     </span>
    </p>
   </div>
   <div class='ocr_carea' id='block_1_76' title="bbox 1039 977 1848 1012">
    <p class='ocr_par' dir='ltr' id='par_1_76' title="bbox 1039 977 1848 1012">
     <span class='ocr_line' id='line_1_76' title="bbox 1039 977 1848 1012; baseline 0.002 -8"><span class='ocrx_word' id='word_1_543' title='bbox 1039 985 1093 1004; x_wconf 92' lang='lat' dir='ltr'><strong>non</strong></span> <span class='ocrx_word' id='word_1_544' title='bbox 1116 982 1190 1005; x_wconf 89' lang='lat' dir='ltr'><strong>recte</strong></span> <span class='ocrx_word' id='word_1_545' title='bbox 1210 977 1385 1012; x_wconf 82' lang='lat' dir='ltr'><strong>vivebamus,</strong></span> <span class='ocrx_word' id='word_1_546' title='bbox 1415 977 1532 1006; x_wconf 80' lang='lat' dir='ltr'><strong>carendo</strong></span> <span class='ocrx_word' id='word_1_547' title='bbox 1564 978 1698 1010; x_wconf 72' lang='lat' dir='ltr'><strong>vilelecit;</strong></span> <span class='ocrx_word' id='word_1_548' title='bbox 1739 980 1848 1006; x_wconf 79' lang='lat' dir='ltr'><strong>omnia</strong></span> 
     </span>
    </p>
   </div>
   <div class='ocr_carea' id='block_1_77' title="bbox 1039 1023 1849 1058">
    <p class='ocr_par' dir='ltr' id='par_1_77' title="bbox 1039 1023 1849 1058">
     <span class='ocr_line' id='line_1_77' title="bbox 1039 1023 1849 1058; baseline 0.002 -8"><span class='ocrx_word' id='word_1_549' title='bbox 1039 1030 1100 1058; x_wconf 66' lang='lat' dir='ltr'><strong>qua</strong></span> <span class='ocrx_word' id='word_1_550' title='bbox 1118 1023 1203 1051; x_wconf 87' lang='lat' dir='ltr'><strong>vitare</strong></span> <span class='ocrx_word' id='word_1_551' title='bbox 1226 1024 1365 1058; x_wconf 87' lang='lat' dir='ltr'><strong>cupientes</strong></span> <span class='ocrx_word' id='word_1_552' title='bbox 1384 1031 1401 1051; x_wconf 89' lang='lat' dir='ltr'><strong>a</strong></span> <span class='ocrx_word' id='word_1_553' title='bbox 1436 1024 1524 1052; x_wconf 86' lang='lat' dir='ltr'><strong>studio</strong></span> <span class='ocrx_word' id='word_1_554' title='bbox 1553 1024 1731 1053; x_wconf 87' lang='lat' dir='ltr'><strong>deviabamtts</strong></span> <span class='ocrx_word' id='word_1_555' title='bbox 1766 1025 1849 1053; x_wconf 76' lang='lat' dir='ltr'><strong>veri-</strong></span> 
     </span>
    </p>
   </div>
   <div class='ocr_carea' id='block_1_78' title="bbox 1039 1069 1847 1105">
    <p class='ocr_par' dir='ltr' id='par_1_78' title="bbox 1039 1069 1847 1105">
     <span class='ocr_line' id='line_1_78' title="bbox 1039 1069 1847 1105; baseline 0.005 -9"><span class='ocrx_word' id='word_1_556' title='bbox 1039 1069 1112 1102; x_wconf 86' lang='lat' dir='ltr'><strong>tatis,</strong></span> <span class='ocrx_word' id='word_1_557' title='bbox 1128 1069 1305 1104; x_wconf 84' lang='lat' dir='ltr'><strong>perpetiendo</strong></span> <span class='ocrx_word' id='word_1_558' title='bbox 1316 1069 1426 1105; x_wconf 69' lang='lat' dir='ltr'><strong>deiecit.</strong></span> <span class='ocrx_word' id='word_1_559' title='bbox 1436 1070 1493 1098; x_wconf 77' lang='lat' dir='ltr'><strong>Non</strong></span> <span class='ocrx_word' id='word_1_560' title='bbox 1507 1070 1580 1098; x_wconf 81' lang='lat' dir='ltr'><strong>enim</strong></span> <span class='ocrx_word' id='word_1_561' title='bbox 1593 1070 1679 1099; x_wconf 76' lang='lat' dir='ltr'><strong>ullum</strong></span> <span class='ocrx_word' id='word_1_562' title='bbox 1691 1077 1847 1105; x_wconf 64' lang='lat' dir='ltr'><strong>poem-vn</strong></span> 
     </span>
    </p>
   </div>
   <div class='ocr_carea' id='block_1_79' title="bbox 1039 1114 1849 1151">
    <p class='ocr_par' dir='ltr' id='par_1_79' title="bbox 1039 1114 1849 1151">
     <span class='ocr_line' id='line_1_79' title="bbox 1039 1114 1849 1151; baseline 0.005 -10"><span class='ocrx_word' id='word_1_563' title='bbox 1039 1114 1169 1142; x_wconf 84' lang='lat' dir='ltr'><strong>committi</strong></span> <span class='ocrx_word' id='word_1_564' title='bbox 1183 1118 1280 1149; x_wconf 89' lang='lat' dir='ltr'><strong>potest,</strong></span> <span class='ocrx_word' id='word_1_565' title='bbox 1294 1114 1346 1143; x_wconf 89' lang='lat' dir='ltr'><strong>nisi</strong></span> <span class='ocrx_word' id='word_1_566' title='bbox 1357 1120 1403 1143; x_wconf 90' lang='lat' dir='ltr'><strong>aut</strong></span> <span class='ocrx_word' id='word_1_567' title='bbox 1413 1115 1478 1143; x_wconf 81' lang='lat' dir='ltr'><strong>dum</strong></span> <span class='ocrx_word' id='word_1_568' title='bbox 1489 1120 1651 1151; x_wconf 78' lang='lat' dir='ltr'><strong>appetuntur</strong></span> <span class='ocrx_word' id='word_1_569' title='bbox 1660 1123 1694 1144; x_wconf 84' lang='lat' dir='ltr'><strong>ea</strong></span> <span class='ocrx_word' id='word_1_570' title='bbox 1707 1123 1773 1151; x_wconf 73' lang='lat' dir='ltr'><strong>qua:</strong></span> <span class='ocrx_word' id='word_1_571' title='bbox 1792 1117 1849 1145; x_wconf 84' lang='lat' dir='ltr'><strong>ille</strong></span> 
     </span>
    </p>
   </div>
   <div class='ocr_carea' id='block_1_80' title="bbox 1039 1160 1848 1196">
    <p class='ocr_par' dir='ltr' id='par_1_80' title="bbox 1039 1160 1848 1196">
     <span class='ocr_line' id='line_1_80' title="bbox 1039 1160 1848 1196; baseline 0.004 -9"><span class='ocrx_word' id='word_1_572' title='bbox 1039 1160 1216 1195; x_wconf 85' lang='lat' dir='ltr'><strong>contempsit,</strong></span> <span class='ocrx_word' id='word_1_573' title='bbox 1233 1166 1279 1188; x_wconf 84' lang='lat' dir='ltr'><strong>aut</strong></span> <span class='ocrx_word' id='word_1_574' title='bbox 1294 1161 1430 1196; x_wconf 87' lang='lat' dir='ltr'><strong>fugiuutur</strong></span> <span class='ocrx_word' id='word_1_575' title='bbox 1454 1168 1514 1196; x_wconf 67' lang='lat' dir='ltr'><strong>quae</strong></span> <span class='ocrx_word' id='word_1_576' title='bbox 1538 1162 1584 1190; x_wconf 92' lang='lat' dir='ltr'><strong>ille</strong></span> <span class='ocrx_word' id='word_1_577' title='bbox 1606 1162 1743 1190; x_wconf 83' lang='lat' dir='ltr'><strong>sustinuit.</strong></span> <span class='ocrx_word' id='word_1_578' title='bbox 1765 1162 1848 1191; x_wconf 78' lang='lat' dir='ltr'><strong>Tuta</strong></span> 
     </span>
    </p>
   </div>
   <div class='ocr_carea' id='block_1_81' title="bbox 1040 1206 1849 1244">
    <p class='ocr_par' dir='ltr' id='par_1_81' title="bbox 1040 1206 1849 1244">
     <span class='ocr_line' id='line_1_81' title="bbox 1040 1206 1849 1244; baseline 0.004 -9"><span class='ocrx_word' id='word_1_579' title='bbox 1040 1206 1131 1242; x_wconf 87' lang='lat' dir='ltr'><strong>itaque</strong></span> <span class='ocrx_word' id='word_1_580' title='bbox 1144 1207 1203 1242; x_wconf 87' lang='lat' dir='ltr'><strong>ejus</strong></span> <span class='ocrx_word' id='word_1_581' title='bbox 1214 1207 1279 1241; x_wconf 91' lang='lat' dir='ltr'><strong>vita,</strong></span> <span class='ocrx_word' id='word_1_582' title='bbox 1300 1207 1326 1235; x_wconf 92' lang='lat' dir='ltr'><strong>in</strong></span> <span class='ocrx_word' id='word_1_583' title='bbox 1348 1208 1427 1236; x_wconf 88' lang='lat' dir='ltr'><strong>terris</strong></span> <span class='ocrx_word' id='word_1_584' title='bbox 1451 1215 1500 1243; x_wconf 86' lang='lat' dir='ltr'><strong>per</strong></span> <span class='ocrx_word' id='word_1_585' title='bbox 1519 1208 1654 1237; x_wconf 83' lang='lat' dir='ltr'><strong>hominem</strong></span> <span class='ocrx_word' id='word_1_586' title='bbox 1679 1216 1762 1244; x_wconf 85' lang='lat' dir='ltr'><strong>quem</strong></span> <span class='ocrx_word' id='word_1_587' title='bbox 1793 1218 1849 1237; x_wconf 66' lang='lat' dir='ltr'><strong>suo</strong></span> 
     </span>
    </p>
   </div>
   <div class='ocr_carea' id='block_1_82' title="bbox 1038 1252 1850 1288">
    <p class='ocr_par' dir='ltr' id='par_1_82' title="bbox 1038 1252 1850 1288">
     <span class='ocr_line' id='line_1_82' title="bbox 1038 1252 1850 1288; baseline 0.005 -8"><span class='ocrx_word' id='word_1_588' title='bbox 1038 1252 1143 1288; x_wconf 71' lang='lat' dir='ltr'><strong>ccipere</strong></span> <span class='ocrx_word' id='word_1_589' title='bbox 1165 1252 1290 1288; x_wconf 80' lang='lat' dir='ltr'><strong>dignatus</strong></span> <span class='ocrx_word' id='word_1_590' title='bbox 1303 1258 1356 1287; x_wconf 85' lang='lat' dir='ltr'><strong>est,</strong></span> <span class='ocrx_word' id='word_1_591' title='bbox 1375 1253 1514 1288; x_wconf 82' lang='lat' dir='ltr'><strong>disciplina</strong></span> <span class='ocrx_word' id='word_1_592' title='bbox 1544 1262 1651 1282; x_wconf 88' lang='lat' dir='ltr'><strong>morum</strong></span> <span class='ocrx_word' id='word_1_593' title='bbox 1686 1256 1747 1283; x_wconf 89' lang='lat' dir='ltr'><strong>luit.</strong></span> <span class='ocrx_word' id='word_1_594' title='bbox 1786 1255 1850 1284; x_wconf 76' lang='lat' dir='ltr'><strong>Re-</strong></span> 
     </span>
    </p>
   </div>
   <div class='ocr_carea' id='block_1_83' title="bbox 1038 1299 1848 1336">
    <p class='ocr_par' dir='ltr' id='par_1_83' title="bbox 1038 1299 1848 1336">
     <span class='ocr_line' id='line_1_83' title="bbox 1038 1299 1848 1336; baseline 0.004 -9"><span class='ocrx_word' id='word_1_595' title='bbox 1038 1299 1172 1327; x_wconf 84' lang='lat' dir='ltr'><strong>surrectio</strong></span> <span class='ocrx_word' id='word_1_596' title='bbox 1193 1307 1258 1327; x_wconf 87' lang='lat' dir='ltr'><strong>vero</strong></span> <span class='ocrx_word' id='word_1_597' title='bbox 1277 1299 1335 1334; x_wconf 82' lang='lat' dir='ltr'><strong>ejus</strong></span> <span class='ocrx_word' id='word_1_598' title='bbox 1349 1300 1499 1335; x_wconf 77' lang='lat' dir='ltr'><strong>emortuis,</strong></span> <span class='ocrx_word' id='word_1_599' title='bbox 1515 1300 1580 1328; x_wconf 88' lang='lat' dir='ltr'><strong>nihil</strong></span> <span class='ocrx_word' id='word_1_600' title='bbox 1603 1302 1720 1329; x_wconf 85' lang='lat' dir='ltr'><strong>hominis</strong></span> <span class='ocrx_word' id='word_1_601' title='bbox 1742 1303 1848 1336; x_wconf 79' lang='lat' dir='ltr'><strong>perire</strong></span> 
     </span>
    </p>
   </div>
   <div class='ocr_carea' id='block_1_84' title="bbox 1040 1341 1847 1382">
    <p class='ocr_par' dir='ltr' id='par_1_84' title="bbox 1040 1341 1847 1382">
     <span class='ocr_line' id='line_1_84' title="bbox 1040 1341 1847 1382; baseline 0.005 -9"><span class='ocrx_word' id='word_1_602' title='bbox 1040 1350 1157 1379; x_wconf 67' lang='lat' dir='ltr'><strong>naturai,</strong></span> <span class='ocrx_word' id='word_1_603' title='bbox 1171 1353 1233 1373; x_wconf 87' lang='lat' dir='ltr'><strong>cttm</strong></span> <span class='ocrx_word' id='word_1_604' title='bbox 1244 1341 1334 1374; x_wconf 84' lang='lat' dir='ltr'><strong>omnia</strong></span> <span class='ocrx_word' id='word_1_605' title='bbox 1345 1346 1418 1374; x_wconf 88' lang='lat' dir='ltr'><strong>salva</strong></span> <span class='ocrx_word' id='word_1_606' title='bbox 1438 1352 1502 1374; x_wconf 87' lang='lat' dir='ltr'><strong>sunt</strong></span> <span class='ocrx_word' id='word_1_607' title='bbox 1526 1347 1593 1381; x_wconf 86' lang='lat' dir='ltr'><strong>Deo,</strong></span> <span class='ocrx_word' id='word_1_608' title='bbox 1605 1349 1670 1377; x_wconf 89' lang='lat' dir='ltr'><strong>satis</strong></span> <span class='ocrx_word' id='word_1_609' title='bbox 1690 1348 1847 1382; x_wconf 75' lang='lat' dir='ltr'><strong>indicavit.</strong></span> 
     </span>
    </p>
   </div>
   <div class='ocr_carea' id='block_1_85' title="bbox 1039 1390 1845 1426">
    <p class='ocr_par' dir='ltr' id='par_1_85' title="bbox 1039 1390 1845 1426">
     <span class='ocr_line' id='line_1_85' title="bbox 1039 1390 1845 1426; baseline 0.004 -7"><span class='ocrx_word' id='word_1_610' title='bbox 1039 1395 1068 1419; x_wconf 88' lang='lat' dir='ltr'><strong>et</strong></span> <span class='ocrx_word' id='word_1_611' title='bbox 1081 1390 1306 1426; x_wconf 88' lang='lat' dir='ltr'><strong>quemadmodum</strong></span> <span class='ocrx_word' id='word_1_612' title='bbox 1322 1396 1419 1419; x_wconf 87' lang='lat' dir='ltr'><strong>cuncta</strong></span> <span class='ocrx_word' id='word_1_613' title='bbox 1435 1392 1553 1420; x_wconf 87' lang='lat' dir='ltr'><strong>serviant</strong></span> <span class='ocrx_word' id='word_1_614' title='bbox 1570 1394 1685 1421; x_wconf 79' lang='lat' dir='ltr'><strong>creamri</strong></span> <span class='ocrx_word' id='word_1_615' title='bbox 1699 1401 1762 1426; x_wconf 84' lang='lat' dir='ltr'><strong>suo,</strong></span> <span class='ocrx_word' id='word_1_616' title='bbox 1774 1394 1845 1423; x_wconf 85' lang='lat' dir='ltr'><strong>sive</strong></span> 
     </span>
    </p>
   </div>
   <div class='ocr_carea' id='block_1_86' title="bbox 1040 1436 1844 1472">
    <p class='ocr_par' dir='ltr' id='par_1_86' title="bbox 1040 1436 1844 1472">
     <span class='ocr_line' id='line_1_86' title="bbox 1040 1436 1844 1472; baseline 0.004 -8"><span class='ocrx_word' id='word_1_617' title='bbox 1040 1436 1073 1464; x_wconf 88' lang='lat' dir='ltr'><strong>ad</strong></span> <span class='ocrx_word' id='word_1_618' title='bbox 1104 1436 1248 1465; x_wconf 89' lang='lat' dir='ltr'><strong>vindictam</strong></span> <span class='ocrx_word' id='word_1_619' title='bbox 1282 1441 1450 1472; x_wconf 85' lang='lat' dir='ltr'><strong>peccatorum</strong></span> <span class='ocrx_word' id='word_1_620' title='bbox 1479 1437 1536 1466; x_wconf 87' lang='lat' dir='ltr'><strong>sive</strong></span> <span class='ocrx_word' id='word_1_621' title='bbox 1566 1438 1599 1465; x_wconf 86' lang='lat' dir='ltr'><strong>ad</strong></span> <span class='ocrx_word' id='word_1_622' title='bbox 1625 1439 1742 1466; x_wconf 83' lang='lat' dir='ltr'><strong>hominis</strong></span> <span class='ocrx_word' id='word_1_623' title='bbox 1757 1439 1844 1468; x_wconf 77' lang='lat' dir='ltr'><strong>libe-</strong></span> 
     </span>
    </p>
   </div>
   <div class='ocr_carea' id='block_1_87' title="bbox 1040 1484 1838 1520">
    <p class='ocr_par' dir='ltr' id='par_1_87' title="bbox 1040 1484 1838 1520">
     <span class='ocr_line' id='line_1_87' title="bbox 1040 1484 1838 1520; baseline 0.001 -9"><span class='ocrx_word' id='word_1_624' title='bbox 1040 1484 1189 1517; x_wconf 85' lang='lat' dir='ltr'><strong>rationem,</strong></span> <span class='ocrx_word' id='word_1_625' title='bbox 1216 1491 1351 1519; x_wconf 86' lang='lat' dir='ltr'><strong>qnamque</strong></span> <span class='ocrx_word' id='word_1_626' title='bbox 1373 1484 1450 1512; x_wconf 89' lang='lat' dir='ltr'><strong>facile</strong></span> <span class='ocrx_word' id='word_1_627' title='bbox 1473 1491 1572 1519; x_wconf 88' lang='lat' dir='ltr'><strong>corpus</strong></span> <span class='ocrx_word' id='word_1_628' title='bbox 1591 1485 1688 1512; x_wconf 67' lang='lat' dir='ltr'><strong>anima:</strong></span> <span class='ocrx_word' id='word_1_629' title='bbox 1706 1486 1838 1520; x_wconf 76' lang='lat' dir='ltr'><strong>serviat,</strong></span> 
     </span>
    </p>
   </div>
   <div class='ocr_carea' id='block_1_88' title="bbox 1040 1529 1842 1566">
    <p class='ocr_par' dir='ltr' id='par_1_88' title="bbox 1040 1529 1842 1566">
     <span class='ocr_line' id='line_1_88' title="bbox 1040 1529 1842 1566; baseline 0.002 -8"><span class='ocrx_word' id='word_1_630' title='bbox 1040 1537 1101 1558; x_wconf 89' lang='lat' dir='ltr'><strong>cum</strong></span> <span class='ocrx_word' id='word_1_631' title='bbox 1118 1531 1173 1565; x_wconf 86' lang='lat' dir='ltr'><strong>ipsa</strong></span> <span class='ocrx_word' id='word_1_632' title='bbox 1185 1529 1326 1565; x_wconf 81' lang='lat' dir='ltr'><strong>subjicitur</strong></span> <span class='ocrx_word' id='word_1_633' title='bbox 1341 1530 1407 1563; x_wconf 85' lang='lat' dir='ltr'><strong>Deo,</strong></span> <span class='ocrx_word' id='word_1_634' title='bbox 1421 1530 1517 1566; x_wconf 86' lang='lat' dir='ltr'><strong>quibus</strong></span> <span class='ocrx_word' id='word_1_635' title='bbox 1532 1530 1658 1565; x_wconf 70' lang='lat' dir='ltr'><strong>perfectis</strong></span> <span class='ocrx_word' id='word_1_636' title='bbox 1672 1538 1725 1559; x_wconf 87' lang='lat' dir='ltr'><strong>non</strong></span> <span class='ocrx_word' id='word_1_637' title='bbox 1739 1531 1842 1560; x_wconf 80' lang='lat' dir='ltr'><strong>solum</strong></span> 
     </span>
    </p>
   </div>
   <div class='ocr_carea' id='block_1_89' title="bbox 1004 1575 1844 1618">
    <p class='ocr_par' dir='ltr' id='par_1_89' title="bbox 1004 1575 1844 1618">
     <span class='ocr_line' id='line_1_89' title="bbox 1004 1575 1844 1618; baseline 0.001 -15"><span class='ocrx_word' id='word_1_638' title='bbox 1004 1586 1027 1618; x_wconf 68' lang='grc' dir='ltr'><em>ς</em></span> <span class='ocrx_word' id='word_1_639' title='bbox 1043 1575 1115 1603; x_wconf 90' lang='lat' dir='ltr'><strong>nulla</strong></span> <span class='ocrx_word' id='word_1_640' title='bbox 1129 1575 1278 1603; x_wconf 84' lang='lat' dir='ltr'><strong>substantia</strong></span> <span class='ocrx_word' id='word_1_641' title='bbox 1293 1575 1392 1603; x_wconf 82' lang='lat' dir='ltr'><strong>malum</strong></span> <span class='ocrx_word' id='word_1_642' title='bbox 1406 1580 1459 1608; x_wconf 87' lang='lat' dir='ltr'><strong>est,</strong></span> <span class='ocrx_word' id='word_1_643' title='bbox 1473 1576 1543 1610; x_wconf 84' lang='lat' dir='ltr'><strong>quod</strong></span> <span class='ocrx_word' id='word_1_644' title='bbox 1556 1576 1611 1603; x_wconf 79' lang='lat' dir='ltr'><strong>ﬁeri</strong></span> <span class='ocrx_word' id='word_1_645' title='bbox 1627 1584 1766 1612; x_wconf 87' lang='lat' dir='ltr'><strong>nunquam</strong></span> <span class='ocrx_word' id='word_1_646' title='bbox 1787 1586 1844 1611; x_wconf 79' lang='lat' dir='ltr'><strong>po-</strong></span> 
     </span>
    </p>
   </div>
   <div class='ocr_carea' id='block_1_90' title="bbox 1042 1620 1848 1658">
    <p class='ocr_par' dir='ltr' id='par_1_90' title="bbox 1042 1620 1848 1658">
     <span class='ocr_line' id='line_1_90' title="bbox 1042 1620 1848 1658; baseline 0.001 -8"><span class='ocrx_word' id='word_1_647' title='bbox 1042 1626 1104 1655; x_wconf 88' lang='lat' dir='ltr'><strong>test,</strong></span> <span class='ocrx_word' id='word_1_648' title='bbox 1120 1622 1169 1649; x_wconf 84' lang='lat' dir='ltr'><strong>sed</strong></span> <span class='ocrx_word' id='word_1_649' title='bbox 1184 1621 1265 1649; x_wconf 86' lang='lat' dir='ltr'><strong>etiam</strong></span> <span class='ocrx_word' id='word_1_650' title='bbox 1282 1620 1356 1648; x_wconf 91' lang='lat' dir='ltr'><strong>nullo</strong></span> <span class='ocrx_word' id='word_1_651' title='bbox 1380 1621 1453 1648; x_wconf 86' lang='lat' dir='ltr'><strong>malo</strong></span> <span class='ocrx_word' id='word_1_652' title='bbox 1475 1621 1603 1654; x_wconf 87' lang='lat' dir='ltr'><strong>afficitur,</strong></span> <span class='ocrx_word' id='word_1_653' title='bbox 1628 1622 1699 1657; x_wconf 83' lang='lat' dir='ltr'><strong>quod</strong></span> <span class='ocrx_word' id='word_1_654' title='bbox 1716 1622 1848 1658; x_wconf 74' lang='lat' dir='ltr'><strong>lieripcr</strong></span> 
     </span>
    </p>
   </div>
   <div class='ocr_carea' id='block_1_91' title="bbox 1039 1667 1849 1704">
    <p class='ocr_par' dir='ltr' id='par_1_91' title="bbox 1039 1667 1849 1704">
     <span class='ocr_line' id='line_1_91' title="bbox 1039 1667 1849 1704; baseline 0 -8"><span class='ocrx_word' id='word_1_655' title='bbox 1039 1672 1178 1704; x_wconf 87' lang='lat' dir='ltr'><strong>peccatum</strong></span> <span class='ocrx_word' id='word_1_656' title='bbox 1193 1673 1220 1696; x_wconf 90' lang='lat' dir='ltr'><strong>et</strong></span> <span class='ocrx_word' id='word_1_657' title='bbox 1236 1667 1382 1695; x_wconf 86' lang='lat' dir='ltr'><strong>vindictam</strong></span> <span class='ocrx_word' id='word_1_658' title='bbox 1397 1667 1494 1702; x_wconf 88' lang='lat' dir='ltr'><strong>potuit.</strong></span> <span class='ocrx_word' id='word_1_659' title='bbox 1519 1667 1555 1694; x_wconf 86' lang='lat' dir='ltr'><strong>Et</strong></span> <span class='ocrx_word' id='word_1_660' title='bbox 1569 1669 1626 1695; x_wconf 61' lang='lat' dir='ltr'><strong>hac</strong></span> <span class='ocrx_word' id='word_1_661' title='bbox 1640 1673 1682 1695; x_wconf 91' lang='lat' dir='ltr'><strong>est</strong></span> <span class='ocrx_word' id='word_1_662' title='bbox 1692 1667 1849 1703; x_wconf 71' lang='lat' dir='ltr'><strong>disciplina</strong></span> 
     </span>
    </p>
   </div>
   <div class='ocr_carea' id='block_1_92' title="bbox 1039 1712 1849 1748">
    <p class='ocr_par' dir='ltr' id='par_1_92' title="bbox 1039 1712 1849 1748">
     <span class='ocr_line' id='line_1_92' title="bbox 1039 1712 1849 1748; baseline 0.002 -7"><span class='ocrx_word' id='word_1_663' title='bbox 1039 1713 1172 1741; x_wconf 87' lang='lat' dir='ltr'><strong>naturalis</strong></span> <span class='ocrx_word' id='word_1_664' title='bbox 1183 1713 1346 1741; x_wconf 86' lang='lat' dir='ltr'><strong>Christianis</strong></span> <span class='ocrx_word' id='word_1_665' title='bbox 1360 1713 1450 1741; x_wconf 88' lang='lat' dir='ltr'><strong>minus</strong></span> <span class='ocrx_word' id='word_1_666' title='bbox 1465 1712 1676 1748; x_wconf 86' lang='lat' dir='ltr'><strong>intelligentibus</strong></span> <span class='ocrx_word' id='word_1_667' title='bbox 1691 1713 1777 1748; x_wconf 81' lang='lat' dir='ltr'><strong>plena</strong></span> <span class='ocrx_word' id='word_1_668' title='bbox 1789 1714 1849 1743; x_wconf 81' lang='lat' dir='ltr'><strong>ﬁde</strong></span> 
     </span>
    </p>
   </div>
   <div class='ocr_carea' id='block_1_93' title="bbox 1038 1759 1848 1795">
    <p class='ocr_par' dir='ltr' id='par_1_93' title="bbox 1038 1759 1848 1795">
     <span class='ocr_line' id='line_1_93' title="bbox 1038 1759 1848 1795; baseline 0.002 -8"><span class='ocrx_word' id='word_1_669' title='bbox 1038 1760 1135 1795; x_wconf 85' lang='lat' dir='ltr'><strong>digna,</strong></span> <span class='ocrx_word' id='word_1_670' title='bbox 1151 1759 1363 1795; x_wconf 79' lang='lat' dir='ltr'><strong>intelligentibus</strong></span> <span class='ocrx_word' id='word_1_671' title='bbox 1385 1763 1476 1787; x_wconf 84' lang='lat' dir='ltr'><strong>autem</strong></span> <span class='ocrx_word' id='word_1_672' title='bbox 1498 1760 1572 1787; x_wconf 90' lang='lat' dir='ltr'><strong>omni</strong></span> <span class='ocrx_word' id='word_1_673' title='bbox 1596 1767 1690 1788; x_wconf 86' lang='lat' dir='ltr'><strong>errore</strong></span> <span class='ocrx_word' id='word_1_674' title='bbox 1711 1767 1848 1795; x_wconf 66' lang='lat' dir='ltr'><strong>purgata.</strong></span> 
     </span>
    </p>
   </div>
   <div class='ocr_carea' id='block_1_94' title="bbox 1038 1805 1849 1841">
    <p class='ocr_par' dir='ltr' id='par_1_94' title="bbox 1038 1805 1849 1841">
     <span class='ocr_line' id='line_1_94' title="bbox 1038 1805 1849 1841; baseline 0.002 -8"><span class='ocrx_word' id='word_1_675' title='bbox 1038 1805 1097 1834; x_wconf 84' lang='lat' dir='ltr'><strong>Jam</strong></span> <span class='ocrx_word' id='word_1_676' title='bbox 1113 1813 1178 1833; x_wconf 86' lang='lat' dir='ltr'><strong>vero</strong></span> <span class='ocrx_word' id='word_1_677' title='bbox 1201 1805 1261 1841; x_wconf 88' lang='lat' dir='ltr'><strong>ipse</strong></span> <span class='ocrx_word' id='word_1_678' title='bbox 1283 1805 1366 1833; x_wconf 88' lang='lat' dir='ltr'><strong>totius</strong></span> <span class='ocrx_word' id='word_1_679' title='bbox 1389 1806 1521 1833; x_wconf 70' lang='lat' dir='ltr'><strong>doctrinae</strong></span> <span class='ocrx_word' id='word_1_680' title='bbox 1534 1805 1631 1833; x_wconf 80' lang='lat' dir='ltr'><strong>modus</strong></span> <span class='ocrx_word' id='word_1_681' title='bbox 1644 1806 1743 1841; x_wconf 86' lang='lat' dir='ltr'><strong>partim</strong></span> <span class='ocrx_word' id='word_1_682' title='bbox 1756 1815 1849 1841; x_wconf 80' lang='lat' dir='ltr'><strong>aper-</strong></span> 
     </span>
    </p>
   </div>
   <div class='ocr_carea' id='block_1_95' title="bbox 1041 1852 1847 1889">
    <p class='ocr_par' dir='ltr' id='par_1_95' title="bbox 1041 1852 1847 1889">
     <span class='ocr_line' id='line_1_95' title="bbox 1041 1852 1847 1889; baseline 0.002 -9"><span class='ocrx_word' id='word_1_683' title='bbox 1041 1853 1174 1885; x_wconf 64' lang='lat' dir='ltr'><strong>tissimus,</strong></span> <span class='ocrx_word' id='word_1_684' title='bbox 1195 1852 1291 1887; x_wconf 89' lang='lat' dir='ltr'><strong>partim</strong></span> <span class='ocrx_word' id='word_1_685' title='bbox 1313 1852 1534 1880; x_wconf 85' lang='lat' dir='ltr'><strong>similitudinibus</strong></span> <span class='ocrx_word' id='word_1_686' title='bbox 1550 1852 1577 1880; x_wconf 85' lang='lat' dir='ltr'><strong>in</strong></span> <span class='ocrx_word' id='word_1_687' title='bbox 1591 1853 1683 1886; x_wconf 85' lang='lat' dir='ltr'><strong>dictis,</strong></span> <span class='ocrx_word' id='word_1_688' title='bbox 1700 1853 1728 1880; x_wconf 89' lang='lat' dir='ltr'><strong>in</strong></span> <span class='ocrx_word' id='word_1_689' title='bbox 1743 1854 1847 1889; x_wconf 79' lang='lat' dir='ltr'><strong>factis,</strong></span> 
     </span>
    </p>
   </div>
   <div class='ocr_carea' id='block_1_96' title="bbox 1041 1898 1848 1927">
    <p class='ocr_par' dir='ltr' id='par_1_96' title="bbox 1041 1898 1848 1927">
     <span class='ocr_line' id='line_1_96' title="bbox 1041 1898 1848 1927; baseline 0.001 -2"><span class='ocrx_word' id='word_1_690' title='bbox 1041 1898 1067 1925; x_wconf 95' lang='lat' dir='ltr'><strong>in</strong></span> <span class='ocrx_word' id='word_1_691' title='bbox 1079 1898 1254 1926; x_wconf 80' lang='lat' dir='ltr'><strong>sacramentis</strong></span> <span class='ocrx_word' id='word_1_692' title='bbox 1264 1898 1298 1925; x_wconf 89' lang='lat' dir='ltr'><strong>ad</strong></span> <span class='ocrx_word' id='word_1_693' title='bbox 1308 1906 1417 1926; x_wconf 91' lang='lat' dir='ltr'><strong>omnem</strong></span> <span class='ocrx_word' id='word_1_694' title='bbox 1431 1899 1528 1926; x_wconf 81' lang='lat' dir='ltr'><strong>animae</strong></span> <span class='ocrx_word' id='word_1_695' title='bbox 1542 1898 1745 1926; x_wconf 84' lang='lat' dir='ltr'><strong>instructionem</strong></span> <span class='ocrx_word' id='word_1_696' title='bbox 1756 1907 1848 1927; x_wconf 68' lang='lat' dir='ltr'><strong>exer—</strong></span> 
     </span>
    </p>
   </div>
   <div class='ocr_carea' id='block_1_97' title="bbox 1040 1943 1845 1980">
    <p class='ocr_par' dir='ltr' id='par_1_97' title="bbox 1040 1943 1845 1980">
     <span class='ocr_line' id='line_1_97' title="bbox 1040 1943 1845 1980; baseline 0.004 -10"><span class='ocrx_word' id='word_1_697' title='bbox 1040 1943 1250 1978; x_wconf 81' lang='lat' dir='ltr'><strong>citationemque</strong></span> <span class='ocrx_word' id='word_1_698' title='bbox 1269 1943 1505 1977; x_wconf 78' lang='lat' dir='ltr'><strong>accommodatus,</strong></span> <span class='ocrx_word' id='word_1_699' title='bbox 1524 1944 1589 1979; x_wconf 91' lang='lat' dir='ltr'><strong>quid</strong></span> <span class='ocrx_word' id='word_1_700' title='bbox 1602 1944 1675 1973; x_wconf 80' lang='lat' dir='ltr'><strong>aliud</strong></span> <span class='ocrx_word' id='word_1_701' title='bbox 1688 1952 1772 1980; x_wconf 83' lang='lat' dir='ltr'><strong>quam</strong></span> <span class='ocrx_word' id='word_1_702' title='bbox 1791 1953 1845 1973; x_wconf 83' lang='lat' dir='ltr'><strong>ra-</strong></span> 
     </span>
    </p>
   </div>
   <div class='ocr_carea' id='block_1_98' title="bbox 1043 1989 1849 2026">
    <p class='ocr_par' dir='ltr' id='par_1_98' title="bbox 1043 1989 1849 2026">
     <span class='ocr_line' id='line_1_98' title="bbox 1043 1989 1849 2026; baseline 0.005 -10"><span class='ocrx_word' id='word_1_703' title='bbox 1043 1989 1148 2016; x_wconf 87' lang='lat' dir='ltr'><strong>tionalis</strong></span> <span class='ocrx_word' id='word_1_704' title='bbox 1159 1989 1310 2024; x_wconf 71' lang='lat' dir='ltr'><strong>disciplina:</strong></span> <span class='ocrx_word' id='word_1_705' title='bbox 1322 1989 1440 2024; x_wconf 82' lang='lat' dir='ltr'><strong>regulam</strong></span> <span class='ocrx_word' id='word_1_706' title='bbox 1452 1990 1590 2025; x_wconf 78' lang='lat' dir='ltr'><strong>implevit?</strong></span> <span class='ocrx_word' id='word_1_707' title='bbox 1602 1989 1669 2017; x_wconf 85' lang='lat' dir='ltr'><strong>Nam</strong></span> <span class='ocrx_word' id='word_1_708' title='bbox 1691 1995 1719 2017; x_wconf 87' lang='lat' dir='ltr'><strong>et</strong></span> <span class='ocrx_word' id='word_1_709' title='bbox 1733 1997 1849 2026; x_wconf 77' lang='lat' dir='ltr'><strong>myste—</strong></span> 
     </span>
    </p>
   </div>
   <div class='ocr_carea' id='block_1_99' title="bbox 1040 2036 1846 2071">
    <p class='ocr_par' dir='ltr' id='par_1_99' title="bbox 1040 2036 1846 2071">
     <span class='ocr_line' id='line_1_99' title="bbox 1040 2036 1846 2071; baseline 0.004 -8"><span class='ocrx_word' id='word_1_710' title='bbox 1040 2036 1141 2063; x_wconf 88' lang='lat' dir='ltr'><strong>riorum</strong></span> <span class='ocrx_word' id='word_1_711' title='bbox 1148 2036 1280 2070; x_wconf 70' lang='lat' dir='ltr'><strong>expositio</strong></span> <span class='ocrx_word' id='word_1_712' title='bbox 1290 2036 1324 2063; x_wconf 87' lang='lat' dir='ltr'><strong>ad</strong></span> <span class='ocrx_word' id='word_1_713' title='bbox 1332 2044 1363 2063; x_wconf 83' lang='lat' dir='ltr'><strong>ea</strong></span> <span class='ocrx_word' id='word_1_714' title='bbox 1377 2036 1499 2071; x_wconf 89' lang='lat' dir='ltr'><strong>dirigitur</strong></span> <span class='ocrx_word' id='word_1_715' title='bbox 1511 2044 1570 2071; x_wconf 69' lang='lat' dir='ltr'><strong>quae</strong></span> <span class='ocrx_word' id='word_1_716' title='bbox 1578 2037 1747 2071; x_wconf 81' lang='lat' dir='ltr'><strong>apertissime</strong></span> <span class='ocrx_word' id='word_1_717' title='bbox 1760 2038 1846 2066; x_wconf 81' lang='lat' dir='ltr'><strong>dicta</strong></span> 
     </span>
    </p>
   </div>
   <div class='ocr_carea' id='block_1_100' title="bbox 1039 2082 1847 2119">
    <p class='ocr_par' dir='ltr' id='par_1_100' title="bbox 1039 2082 1847 2119">
     <span class='ocr_line' id='line_1_100' title="bbox 1039 2082 1847 2119; baseline 0.005 -10"><span class='ocrx_word' id='word_1_718' title='bbox 1039 2086 1142 2114; x_wconf 85' lang='lat' dir='ltr'><strong>sunt,et</strong></span> <span class='ocrx_word' id='word_1_719' title='bbox 1151 2083 1173 2109; x_wconf 92' lang='lat' dir='ltr'><strong>si</strong></span> <span class='ocrx_word' id='word_1_720' title='bbox 1180 2091 1210 2109; x_wconf 83' lang='lat' dir='ltr'><strong>ea</strong></span> <span class='ocrx_word' id='word_1_721' title='bbox 1222 2087 1322 2109; x_wconf 84' lang='lat' dir='ltr'><strong>tantum</strong></span> <span class='ocrx_word' id='word_1_722' title='bbox 1331 2088 1418 2109; x_wconf 82' lang='lat' dir='ltr'><strong>essent</strong></span> <span class='ocrx_word' id='word_1_723' title='bbox 1427 2091 1486 2117; x_wconf 76' lang='lat' dir='ltr'><strong>qua:</strong></span> <span class='ocrx_word' id='word_1_724' title='bbox 1502 2082 1627 2112; x_wconf 87' lang='lat' dir='ltr'><strong>facillime</strong></span> <span class='ocrx_word' id='word_1_725' title='bbox 1638 2083 1847 2119; x_wconf 76' lang='lat' dir='ltr'><strong>intelliguntur,</strong></span> 
     </span>
    </p>
   </div>
   <div class='ocr_carea' id='block_1_101' title="bbox 1041 2128 1846 2163">
    <p class='ocr_par' dir='ltr' id='par_1_101' title="bbox 1041 2128 1846 2163">
     <span class='ocr_line' id='line_1_101' title="bbox 1041 2128 1846 2163; baseline 0.007 -8"><span class='ocrx_word' id='word_1_726' title='bbox 1041 2135 1091 2155; x_wconf 89' lang='lat' dir='ltr'><strong>nec</strong></span> <span class='ocrx_word' id='word_1_727' title='bbox 1104 2128 1223 2155; x_wconf 84' lang='lat' dir='ltr'><strong>studiose</strong></span> <span class='ocrx_word' id='word_1_728' title='bbox 1234 2135 1410 2163; x_wconf 78' lang='lat' dir='ltr'><strong>quaereretur,</strong></span> <span class='ocrx_word' id='word_1_729' title='bbox 1419 2137 1469 2156; x_wconf 87' lang='lat' dir='ltr'><strong>nec</strong></span> <span class='ocrx_word' id='word_1_730' title='bbox 1483 2129 1775 2159; x_wconf 85' lang='lat' dir='ltr'><strong>suaviterinveniretur</strong></span> <span class='ocrx_word' id='word_1_731' title='bbox 1790 2140 1846 2161; x_wconf 78' lang='lat' dir='ltr'><strong>ve-</strong></span> 
     </span>
    </p>
   </div>
   <div class='ocr_carea' id='block_1_102' title="bbox 1040 2174 1847 2210">
    <p class='ocr_par' dir='ltr' id='par_1_102' title="bbox 1040 2174 1847 2210">
     <span class='ocr_line' id='line_1_102' title="bbox 1040 2174 1847 2210; baseline 0.006 -9"><span class='ocrx_word' id='word_1_732' title='bbox 1040 2174 1115 2202; x_wconf 88' lang='lat' dir='ltr'><strong>ritas.</strong></span> <span class='ocrx_word' id='word_1_733' title='bbox 1132 2174 1224 2209; x_wconf 80' lang='lat' dir='ltr'><strong>Neque</strong></span> <span class='ocrx_word' id='word_1_734' title='bbox 1234 2176 1257 2202; x_wconf 89' lang='lat' dir='ltr'><strong>si</strong></span> <span class='ocrx_word' id='word_1_735' title='bbox 1272 2180 1365 2203; x_wconf 84' lang='lat' dir='ltr'><strong>essent</strong></span> <span class='ocrx_word' id='word_1_736' title='bbox 1380 2176 1407 2202; x_wconf 90' lang='lat' dir='ltr'><strong>in</strong></span> <span class='ocrx_word' id='word_1_737' title='bbox 1420 2175 1567 2210; x_wconf 84' lang='lat' dir='ltr'><strong>Seripturis</strong></span> <span class='ocrx_word' id='word_1_738' title='bbox 1593 2182 1761 2204; x_wconf 80' lang='lat' dir='ltr'><strong>sacramenta</strong></span> <span class='ocrx_word' id='word_1_739' title='bbox 1772 2198 1782 2210; x_wconf 92' lang='lat'><strong>,</strong></span> <span class='ocrx_word' id='word_1_740' title='bbox 1812 2183 1847 2206; x_wconf 80' lang='lat' dir='ltr'><strong>es</strong></span> 
     </span>
    </p>
   </div>
   <div class='ocr_carea' id='block_1_103' title="bbox 1040 2219 1848 2256">
    <p class='ocr_par' dir='ltr' id='par_1_103' title="bbox 1040 2219 1848 2256">
     <span class='ocr_line' id='line_1_103' title="bbox 1040 2219 1848 2256; baseline 0.007 -10"><span class='ocrx_word' id='word_1_741' title='bbox 1040 2219 1067 2246; x_wconf 91' lang='lat' dir='ltr'><strong>in</strong></span> <span class='ocrx_word' id='word_1_742' title='bbox 1082 2220 1261 2247; x_wconf 83' lang='lat' dir='ltr'><strong>sacramentis</strong></span> <span class='ocrx_word' id='word_1_743' title='bbox 1278 2228 1330 2247; x_wconf 90' lang='lat' dir='ltr'><strong>non</strong></span> <span class='ocrx_word' id='word_1_744' title='bbox 1346 2225 1438 2248; x_wconf 74' lang='lat' dir='ltr'><strong>essent</strong></span> <span class='ocrx_word' id='word_1_745' title='bbox 1450 2221 1588 2256; x_wconf 83' lang='lat' dir='ltr'><strong>signacula</strong></span> <span class='ocrx_word' id='word_1_746' title='bbox 1603 2222 1726 2250; x_wconf 76' lang='lat' dir='ltr'><strong>veritatis</strong></span> <span class='ocrx_word' id='word_1_747' title='bbox 1736 2242 1746 2255; x_wconf 87' lang='lat'><strong>.</strong></span> <span class='ocrx_word' id='word_1_748' title='bbox 1768 2225 1848 2252; x_wconf 74' lang='lat' dir='ltr'><strong>satis</strong></span> 
     </span>
    </p>
   </div>
   <div class='ocr_carea' id='block_1_104' title="bbox 1040 2267 1844 2304">
    <p class='ocr_par' dir='ltr' id='par_1_104' title="bbox 1040 2267 1844 2304">
     <span class='ocr_line' id='line_1_104' title="bbox 1040 2267 1844 2304; baseline 0.005 -11"><span class='ocrx_word' id='word_1_749' title='bbox 1040 2272 1100 2293; x_wconf 87' lang='lat' dir='ltr'><strong>cum</strong></span> <span class='ocrx_word' id='word_1_750' title='bbox 1123 2267 1278 2301; x_wconf 87' lang='lat' dir='ltr'><strong>cognitione</strong></span> <span class='ocrx_word' id='word_1_751' title='bbox 1299 2268 1369 2294; x_wconf 82' lang='lat' dir='ltr'><strong>actio</strong></span> <span class='ocrx_word' id='word_1_752' title='bbox 1392 2268 1560 2295; x_wconf 88' lang='lat' dir='ltr'><strong>conveniret.</strong></span> <span class='ocrx_word' id='word_1_753' title='bbox 1592 2268 1666 2295; x_wconf 80' lang='lat' dir='ltr'><strong>Nunc</strong></span> <span class='ocrx_word' id='word_1_754' title='bbox 1686 2276 1753 2296; x_wconf 84' lang='lat' dir='ltr'><strong>vero</strong></span> <span class='ocrx_word' id='word_1_755' title='bbox 1764 2278 1844 2304; x_wconf 89' lang='lat' dir='ltr'><strong>quo-</strong></span> 
     </span>
    </p>
   </div>
   <div class='ocr_carea' id='block_1_105' title="bbox 1039 2311 1842 2351">
    <p class='ocr_par' dir='ltr' id='par_1_105' title="bbox 1039 2311 1842 2351">
     <span class='ocr_line' id='line_1_105' title="bbox 1039 2311 1842 2351; baseline 0.007 -12"><span class='ocrx_word' id='word_1_756' title='bbox 1039 2311 1113 2339; x_wconf 84' lang='lat' dir='ltr'><strong>niam</strong></span> <span class='ocrx_word' id='word_1_757' title='bbox 1137 2312 1222 2347; x_wconf 84' lang='lat' dir='ltr'><strong>pietas</strong></span> <span class='ocrx_word' id='word_1_758' title='bbox 1243 2313 1341 2341; x_wconf 88' lang='lat' dir='ltr'><strong>timore</strong></span> <span class='ocrx_word' id='word_1_759' title='bbox 1357 2314 1508 2346; x_wconf 88' lang='lat' dir='ltr'><strong>inchoatur,</strong></span> <span class='ocrx_word' id='word_1_760' title='bbox 1534 2314 1667 2342; x_wconf 82' lang='lat' dir='ltr'><strong>charitatc</strong></span> <span class='ocrx_word' id='word_1_761' title='bbox 1681 2316 1842 2351; x_wconf 82' lang='lat' dir='ltr'><strong>perﬁcitur,</strong></span> 
     </span>
    </p>
   </div>
   <div class='ocr_carea' id='block_1_106' title="bbox 1041 2358 1844 2395">
    <p class='ocr_par' dir='ltr' id='par_1_106' title="bbox 1041 2358 1844 2395">
     <span class='ocr_line' id='line_1_106' title="bbox 1041 2358 1844 2395; baseline 0.006 -10"><span class='ocrx_word' id='word_1_762' title='bbox 1041 2358 1156 2393; x_wconf 86' lang='lat' dir='ltr'><strong>populus</strong></span> <span class='ocrx_word' id='word_1_763' title='bbox 1181 2358 1279 2387; x_wconf 89' lang='lat' dir='ltr'><strong>timore</strong></span> <span class='ocrx_word' id='word_1_764' title='bbox 1300 2360 1465 2387; x_wconf 87' lang='lat' dir='ltr'><strong>constrictus</strong></span> <span class='ocrx_word' id='word_1_765' title='bbox 1479 2380 1486 2392; x_wconf 90' lang='lat'><strong>,</strong></span> <span class='ocrx_word' id='word_1_766' title='bbox 1511 2364 1633 2395; x_wconf 90' lang='lat' dir='ltr'><strong>tempore</strong></span> <span class='ocrx_word' id='word_1_767' title='bbox 1656 2361 1799 2390; x_wconf 84' lang='lat' dir='ltr'><strong>servitutis</strong></span> <span class='ocrx_word' id='word_1_768' title='bbox 1814 2364 1844 2390; x_wconf 88' lang='lat' dir='ltr'><strong>in</strong></span> 
     </span>
    </p>
   </div>
   <div class='ocr_carea' id='block_1_107' title="bbox 1040 2404 1845 2438">
    <p class='ocr_par' dir='ltr' id='par_1_107' title="bbox 1040 2404 1845 2438">
     <span class='ocr_line' id='line_1_107' title="bbox 1040 2404 1845 2438; baseline 0.009 -9"><span class='ocrx_word' id='word_1_769' title='bbox 1040 2406 1132 2431; x_wconf 70' lang='lat' dir='ltr'><strong>vett-re</strong></span> <span class='ocrx_word' id='word_1_770' title='bbox 1140 2404 1209 2438; x_wconf 82' lang='lat' dir='ltr'><strong>lege,</strong></span> <span class='ocrx_word' id='word_1_771' title='bbox 1223 2404 1314 2432; x_wconf 86' lang='lat' dir='ltr'><strong>multis</strong></span> <span class='ocrx_word' id='word_1_772' title='bbox 1323 2406 1500 2432; x_wconf 87' lang='lat' dir='ltr'><strong>sacramentis</strong></span> <span class='ocrx_word' id='word_1_773' title='bbox 1511 2405 1681 2433; x_wconf 89' lang='lat' dir='ltr'><strong>onerabatur.</strong></span> <span class='ocrx_word' id='word_1_774' title='bbox 1696 2406 1753 2434; x_wconf 85' lang='lat' dir='ltr'><strong>Hoc</strong></span> <span class='ocrx_word' id='word_1_775' title='bbox 1761 2409 1845 2436; x_wconf 84' lang='lat' dir='ltr'><strong>enim</strong></span> 
     </span>
    </p>
   </div>
   <div class='ocr_carea' id='block_1_108' title="bbox 1039 2449 1844 2486">
    <p class='ocr_par' dir='ltr' id='par_1_108' title="bbox 1039 2449 1844 2486">
     <span class='ocr_line' id='line_1_108' title="bbox 1039 2449 1844 2486; baseline 0.007 -10"><span class='ocrx_word' id='word_1_776' title='bbox 1039 2449 1106 2477; x_wconf 88' lang='lat' dir='ltr'><strong>utile</strong></span> <span class='ocrx_word' id='word_1_777' title='bbox 1120 2449 1218 2477; x_wconf 86' lang='lat' dir='ltr'><strong>talibus</strong></span> <span class='ocrx_word' id='word_1_778' title='bbox 1230 2453 1291 2477; x_wconf 88' lang='lat' dir='ltr'><strong>erat</strong></span> <span class='ocrx_word' id='word_1_779' title='bbox 1301 2451 1335 2477; x_wconf 89' lang='lat' dir='ltr'><strong>sd</strong></span> <span class='ocrx_word' id='word_1_780' title='bbox 1350 2450 1556 2478; x_wconf 85' lang='lat' dir='ltr'><strong>desiderandam</strong></span> <span class='ocrx_word' id='word_1_781' title='bbox 1569 2452 1681 2486; x_wconf 81' lang='lat' dir='ltr'><strong>gratiam</strong></span> <span class='ocrx_word' id='word_1_782' title='bbox 1698 2453 1759 2485; x_wconf 87' lang='lat' dir='ltr'><strong>Dei,</strong></span> <span class='ocrx_word' id='word_1_783' title='bbox 1775 2462 1844 2486; x_wconf 64' lang='lat' dir='ltr'><strong>qua</strong></span> 
     </span>
    </p>
   </div>
   <div class='ocr_carea' id='block_1_109' title="bbox 1040 2495 1844 2531">
    <p class='ocr_par' dir='ltr' id='par_1_109' title="bbox 1040 2495 1844 2531">
     <span class='ocr_line' id='line_1_109' title="bbox 1040 2495 1844 2531; baseline 0.005 -9"><span class='ocrx_word' id='word_1_784' title='bbox 1040 2502 1088 2529; x_wconf 88' lang='lat' dir='ltr'><strong>per</strong></span> <span class='ocrx_word' id='word_1_785' title='bbox 1104 2495 1251 2530; x_wconf 88' lang='lat' dir='ltr'><strong>prophetas</strong></span> <span class='ocrx_word' id='word_1_786' title='bbox 1267 2501 1380 2524; x_wconf 86' lang='lat' dir='ltr'><strong>ventura</strong></span> <span class='ocrx_word' id='word_1_787' title='bbox 1401 2497 1564 2524; x_wconf 71' lang='lat' dir='ltr'><strong>cauebatur:</strong></span> <span class='ocrx_word' id='word_1_788' title='bbox 1580 2505 1639 2531; x_wconf 59' lang='lat' dir='ltr'><strong>qua:</strong></span> <span class='ocrx_word' id='word_1_789' title='bbox 1655 2498 1699 2524; x_wconf 91' lang='lat' dir='ltr'><strong>ubi</strong></span> <span class='ocrx_word' id='word_1_790' title='bbox 1710 2499 1788 2525; x_wconf 87' lang='lat' dir='ltr'><strong>venit</strong></span> <span class='ocrx_word' id='word_1_791' title='bbox 1805 2501 1844 2526; x_wconf 89' lang='lat' dir='ltr'><strong>ab</strong></span> 
     </span>
    </p>
   </div>
   <div class='ocr_carea' id='block_1_110' title="bbox 1040 2542 1842 2580">
    <p class='ocr_par' dir='ltr' id='par_1_110' title="bbox 1040 2542 1842 2580">
     <span class='ocr_line' id='line_1_110' title="bbox 1040 2542 1842 2580; baseline 0.005 -11"><span class='ocrx_word' id='word_1_792' title='bbox 1040 2544 1097 2576; x_wconf 79' lang='lat' dir='ltr'><strong>lp~a</strong></span> <span class='ocrx_word' id='word_1_793' title='bbox 1112 2542 1159 2570; x_wconf 88' lang='lat' dir='ltr'><strong>Dei</strong></span> <span class='ocrx_word' id='word_1_794' title='bbox 1171 2542 1309 2577; x_wconf 82' lang='lat' dir='ltr'><strong>Sapientia</strong></span> <span class='ocrx_word' id='word_1_795' title='bbox 1320 2543 1429 2571; x_wconf 87' lang='lat' dir='ltr'><strong>homine</strong></span> <span class='ocrx_word' id='word_1_796' title='bbox 1444 2550 1583 2578; x_wconf 85' lang='lat' dir='ltr'><strong>assumpto</strong></span> <span class='ocrx_word' id='word_1_797' title='bbox 1593 2565 1601 2577; x_wconf 91' lang='lat'><strong>,</strong></span> <span class='ocrx_word' id='word_1_798' title='bbox 1618 2552 1631 2571; x_wconf 89' lang='lat' dir='ltr'><strong>a</strong></span> <span class='ocrx_word' id='word_1_799' title='bbox 1644 2553 1696 2580; x_wconf 91' lang='lat' dir='ltr'><strong>quo</strong></span> <span class='ocrx_word' id='word_1_800' title='bbox 1709 2545 1736 2572; x_wconf 90' lang='lat' dir='ltr'><strong>in</strong></span> <span class='ocrx_word' id='word_1_801' title='bbox 1753 2546 1842 2573; x_wconf 86' lang='lat' dir='ltr'><strong>liber-</strong></span> 
     </span>
    </p>
   </div>
   <div class='ocr_carea' id='block_1_111' title="bbox 1042 2589 1839 2624">
    <p class='ocr_par' dir='ltr' id='par_1_111' title="bbox 1042 2589 1839 2624">
     <span class='ocr_line' id='line_1_111' title="bbox 1042 2589 1839 2624; baseline 0.004 -8"><span class='ocrx_word' id='word_1_802' title='bbox 1042 2592 1124 2616; x_wconf 77' lang='lat' dir='ltr'><strong>tatem</strong></span> <span class='ocrx_word' id='word_1_803' title='bbox 1141 2589 1231 2617; x_wconf 83' lang='lat' dir='ltr'><strong>vocati</strong></span> <span class='ocrx_word' id='word_1_804' title='bbox 1252 2596 1356 2621; x_wconf 83' lang='lat' dir='ltr'><strong>sumus,</strong></span> <span class='ocrx_word' id='word_1_805' title='bbox 1374 2597 1456 2624; x_wconf 84' lang='lat' dir='ltr'><strong>pauca</strong></span> <span class='ocrx_word' id='word_1_806' title='bbox 1473 2596 1640 2617; x_wconf 84' lang='lat' dir='ltr'><strong>sacramenta</strong></span> <span class='ocrx_word' id='word_1_807' title='bbox 1655 2591 1839 2619; x_wconf 82' lang='lat' dir='ltr'><strong>saluberrima</strong></span> 
     </span>
    </p>
   </div>
   <div class='ocr_carea' id='block_1_112' title="bbox 1040 2636 1840 2672">
    <p class='ocr_par' dir='ltr' id='par_1_112' title="bbox 1040 2636 1840 2672">
     <span class='ocr_line' id='line_1_112' title="bbox 1040 2636 1840 2672; baseline 0.004 -10"><span class='ocrx_word' id='word_1_808' title='bbox 1040 2636 1185 2663; x_wconf 89' lang='lat' dir='ltr'><strong>constituta</strong></span> <span class='ocrx_word' id='word_1_809' title='bbox 1211 2640 1294 2668; x_wconf 89' lang='lat' dir='ltr'><strong>sunt,</strong></span> <span class='ocrx_word' id='word_1_810' title='bbox 1317 2643 1378 2671; x_wconf 78' lang='lat' dir='ltr'><strong>qua:</strong></span> <span class='ocrx_word' id='word_1_811' title='bbox 1401 2636 1556 2663; x_wconf 84' lang='lat' dir='ltr'><strong>societatem</strong></span> <span class='ocrx_word' id='word_1_812' title='bbox 1572 2636 1717 2664; x_wconf 80' lang='lat' dir='ltr'><strong>Christiani</strong></span> <span class='ocrx_word' id='word_1_813' title='bbox 1732 2639 1840 2672; x_wconf 86' lang='lat' dir='ltr'><strong>populi,</strong></span> 
     </span>
    </p>
   </div>
   <div class='ocr_carea' id='block_1_113' title="bbox 1042 2681 1838 2715">
    <p class='ocr_par' dir='ltr' id='par_1_113' title="bbox 1042 2681 1838 2715">
     <span class='ocr_line' id='line_1_113' title="bbox 1042 2681 1838 2715; baseline 0.004 -7"><span class='ocrx_word' id='word_1_814' title='bbox 1042 2681 1092 2709; x_wconf 87' lang='lat' dir='ltr'><strong>hoc</strong></span> <span class='ocrx_word' id='word_1_815' title='bbox 1104 2687 1145 2708; x_wconf 88' lang='lat' dir='ltr'><strong>est</strong></span> <span class='ocrx_word' id='word_1_816' title='bbox 1158 2681 1209 2709; x_wconf 85' lang='lat' dir='ltr'><strong>sub</strong></span> <span class='ocrx_word' id='word_1_817' title='bbox 1221 2689 1274 2709; x_wconf 91' lang='lat' dir='ltr'><strong>uno</strong></span> <span class='ocrx_word' id='word_1_818' title='bbox 1283 2682 1338 2709; x_wconf 87' lang='lat' dir='ltr'><strong>Deo</strong></span> <span class='ocrx_word' id='word_1_819' title='bbox 1352 2682 1443 2709; x_wconf 69' lang='lat' dir='ltr'><strong>liberat</strong></span> <span class='ocrx_word' id='word_1_820' title='bbox 1454 2683 1639 2715; x_wconf 81' lang='lat' dir='ltr'><strong>multitudinis,</strong></span> <span class='ocrx_word' id='word_1_821' title='bbox 1652 2684 1838 2711; x_wconf 69' lang='lat' dir='ltr'><strong>continerent.</strong></span> 
     </span>
    </p>
   </div>
   <div class='ocr_carea' id='block_1_114' title="bbox 1039 2729 1838 2763">
    <p class='ocr_par' dir='ltr' id='par_1_114' title="bbox 1039 2729 1838 2763">
     <span class='ocr_line' id='line_1_114' title="bbox 1039 2729 1838 2763; baseline 0.003 -7"><span class='ocrx_word' id='word_1_822' title='bbox 1039 2729 1120 2756; x_wconf 71' lang='lat' dir='ltr'><strong>Ilnita</strong></span> <span class='ocrx_word' id='word_1_823' title='bbox 1138 2736 1202 2756; x_wconf 78' lang='lat' dir='ltr'><strong>vero</strong></span> <span class='ocrx_word' id='word_1_824' title='bbox 1215 2737 1275 2763; x_wconf 77' lang='lat' dir='ltr'><strong>qua:</strong></span> <span class='ocrx_word' id='word_1_825' title='bbox 1290 2730 1387 2762; x_wconf 88' lang='lat' dir='ltr'><strong>populo</strong></span> <span class='ocrx_word' id='word_1_826' title='bbox 1404 2729 1526 2761; x_wconf 68' lang='lat' dir='ltr'><strong>Ilebrnso,</strong></span> <span class='ocrx_word' id='word_1_827' title='bbox 1541 2730 1589 2756; x_wconf 87' lang='lat' dir='ltr'><strong>hoc</strong></span> <span class='ocrx_word' id='word_1_828' title='bbox 1602 2735 1654 2762; x_wconf 87' lang='lat' dir='ltr'><strong>est,</strong></span> <span class='ocrx_word' id='word_1_829' title='bbox 1670 2730 1722 2757; x_wconf 87' lang='lat' dir='ltr'><strong>sub</strong></span> <span class='ocrx_word' id='word_1_830' title='bbox 1736 2731 1838 2758; x_wconf 85' lang='lat' dir='ltr'><strong>eodem</strong></span> 
     </span>
    </p>
   </div>
   <div class='ocr_carea' id='block_1_115' title="bbox 1041 2773 1840 2809">
    <p class='ocr_par' dir='ltr' id='par_1_115' title="bbox 1041 2773 1840 2809">
     <span class='ocr_line' id='line_1_115' title="bbox 1041 2773 1840 2809; baseline 0.004 -9"><span class='ocrx_word' id='word_1_831' title='bbox 1041 2781 1094 2800; x_wconf 89' lang='lat' dir='ltr'><strong>uno</strong></span> <span class='ocrx_word' id='word_1_832' title='bbox 1121 2774 1177 2801; x_wconf 85' lang='lat' dir='ltr'><strong>Deo</strong></span> <span class='ocrx_word' id='word_1_833' title='bbox 1204 2773 1364 2809; x_wconf 75' lang='lat' dir='ltr'><strong>compeditcc</strong></span> <span class='ocrx_word' id='word_1_834' title='bbox 1389 2775 1551 2802; x_wconf 87' lang='lat' dir='ltr'><strong>multitudini</strong></span> <span class='ocrx_word' id='word_1_835' title='bbox 1567 2776 1652 2809; x_wconf 87' lang='lat' dir='ltr'><strong>impos</strong></span> <span class='ocrx_word' id='word_1_836' title='bbox 1665 2780 1688 2801; x_wconf 82' lang='lat' dir='ltr'><strong>ta</strong></span> <span class='ocrx_word' id='word_1_837' title='bbox 1698 2782 1786 2806; x_wconf 81' lang='lat' dir='ltr'><strong>crant,</strong></span> <span class='ocrx_word' id='word_1_838' title='bbox 1802 2778 1840 2803; x_wconf 81' lang='lat' dir='ltr'><strong>ab</strong></span> 
     </span>
    </p>
   </div>
   <div class='ocr_carea' id='block_1_116' title="bbox 1016 2820 1840 2857">
    <p class='ocr_par' dir='ltr' id='par_1_116' title="bbox 1016 2820 1840 2857">
     <span class='ocr_line' id='line_1_116' title="bbox 1016 2820 1840 2857; baseline 0.007 -11"><span class='ocrx_word' id='word_1_839' title='bbox 1016 2827 1025 2836; x_wconf 74' lang='grc' dir='ltr'><strong><em>ο</em></strong></span> <span class='ocrx_word' id='word_1_840' title='bbox 1042 2820 1148 2847; x_wconf 63' lang='lat' dir='ltr'><strong>actione</strong></span> <span class='ocrx_word' id='word_1_841' title='bbox 1164 2825 1266 2848; x_wconf 82' lang='lat' dir='ltr'><strong>remota</strong></span> <span class='ocrx_word' id='word_1_842' title='bbox 1279 2825 1358 2853; x_wconf 81' lang='lat' dir='ltr'><strong>sunt,</strong></span> <span class='ocrx_word' id='word_1_843' title='bbox 1384 2822 1410 2848; x_wconf 94' lang='lat' dir='ltr'><strong>in</strong></span> <span class='ocrx_word' id='word_1_844' title='bbox 1427 2821 1479 2849; x_wconf 87' lang='lat' dir='ltr'><strong>ﬁde</strong></span> <span class='ocrx_word' id='word_1_845' title='bbox 1500 2827 1580 2857; x_wconf 84' lang='lat' dir='ltr'><strong>atque</strong></span> <span class='ocrx_word' id='word_1_846' title='bbox 1608 2823 1840 2857; x_wconf 64' lang='lat' dir='ltr'><strong>interpretation.</strong></span> 
     </span>
    </p>
   </div>
   <div class='ocr_carea' id='block_1_117' title="bbox 1042 2866 1838 2903">
    <p class='ocr_par' dir='ltr' id='par_1_117' title="bbox 1042 2866 1838 2903">
     <span class='ocr_line' id='line_1_117' title="bbox 1042 2866 1838 2903; baseline 0.009 -12"><span class='ocrx_word' id='word_1_847' title='bbox 1042 2870 1209 2892; x_wconf 83' lang='lat' dir='ltr'><strong>tttanset‘unl.</strong></span> <span class='ocrx_word' id='word_1_848' title='bbox 1227 2866 1265 2892; x_wconf 90' lang='lat' dir='ltr'><strong>Ita</strong></span> <span class='ocrx_word' id='word_1_849' title='bbox 1280 2873 1350 2894; x_wconf 85' lang='lat' dir='ltr'><strong>nunc</strong></span> <span class='ocrx_word' id='word_1_850' title='bbox 1365 2874 1415 2894; x_wconf 90' lang='lat' dir='ltr'><strong>nec</strong></span> <span class='ocrx_word' id='word_1_851' title='bbox 1425 2867 1558 2896; x_wconf 85' lang='lat' dir='ltr'><strong>serviliter</strong></span> <span class='ocrx_word' id='word_1_852' title='bbox 1572 2868 1697 2903; x_wconf 82' lang='lat' dir='ltr'><strong>alligant,</strong></span> <span class='ocrx_word' id='word_1_853' title='bbox 1712 2875 1741 2897; x_wconf 87' lang='lat' dir='ltr'><strong>et</strong></span> <span class='ocrx_word' id='word_1_854' title='bbox 1757 2877 1838 2898; x_wconf 74' lang='lat' dir='ltr'><strong>exer-</strong></span> 
     </span>
    </p>
   </div>
   <div class='ocr_carea' id='block_1_118' title="bbox 1038 2911 1404 2941">
    <p class='ocr_par' dir='ltr' id='par_1_118' title="bbox 1038 2911 1404 2941">
     <span class='ocr_line' id='line_1_118' title="bbox 1038 2911 1404 2941; baseline 0.005 -2"><span class='ocrx_word' id='word_1_855' title='bbox 1038 2916 1102 2939; x_wconf 76' lang='lat' dir='ltr'><strong>cent</strong></span> <span class='ocrx_word' id='word_1_856' title='bbox 1115 2911 1261 2940; x_wconf 86' lang='lat' dir='ltr'><strong>liberaliter</strong></span> <span class='ocrx_word' id='word_1_857' title='bbox 1275 2912 1404 2941; x_wconf 88' lang='lat' dir='ltr'><strong>animum.</strong></span> 
     </span>
    </p>
   </div>
  </div>
