3956 6180
297 306 401 368 σοι

896 429 1124 486 CAPUT
1150 431 1290 486 XXI.

296 538 480 610 Arguit
506 540 860 611 roluptuosos,
893 543 1140 604 curiosos,
1173 547 1438 614 superbos,
1467 562 1531 601 ea:
1557 547 1735 601 eodem
1757 547 1890 600 libro

829 613 894 666 de
914 629 1032 665 uera
1065 613 1348 683 Religione.

371 723 522 794 Nego
551 738 669 779 esse
698 739 1020 794 quemquam
1053 725 1275 781 istorum
1313 728 1402 799 qui
1439 730 1571 784 nihil
1604 730 1887 785 colendum

296 815 614 871 existimant
639 855 655 880 ,
696 817 787 885 qui
820 832 925 871 non
949 827 1040 871 aut
1069 818 1375 874 carnalibus
1403 820 1614 890 gaudiis
1641 821 1890 875 subditus

294 906 400 972 sit,
431 916 525 961 aut
573 906 864 976 potentiam
894 925 1087 963 vanam
1120 909 1329 977 foveat,
1354 922 1446 966 aut
1470 915 1650 983 aliquo
1681 924 1891 982 specta-

295 999 419 1056 culo
441 999 750 1056 delectatus
778 1002 1031 1056 insaniat.
1067 1004 1138 1056 Ita
1168 1005 1469 1060 nescientes
1497 1006 1728 1076 diligunt
1755 1017 1889 1060 tem-

295 1091 500 1160 poralia
528 1133 545 1158 ,
602 1101 659 1145 ut
689 1091 814 1146 inde
847 1093 1229 1149 beatitudinem
1266 1101 1546 1165 expetant.
1582 1096 1676 1152 His
1707 1107 1888 1151 autem

296 1182 460 1237 rebus
493 1181 696 1250 quibus
741 1183 965 1253 quisque
1005 1184 1194 1240 beatus
1225 1186 1338 1241 vult
1368 1186 1531 1250 effici,
1563 1187 1765 1242 serviat
1795 1202 1888 1243 ne-

297 1287 454 1328 cesse
485 1282 570 1327 est
595 1314 611 1338 ,
660 1272 789 1327 velit
818 1274 974 1329 nolit.
1019 1273 1152 1329 Nam
1180 1289 1500 1347 quocunque
1525 1275 1778 1333 duxerint
1804 1292 1890 1333 se-

297 1364 499 1434 quitur,
554 1372 609 1418 et
657 1365 900 1435 quisquis
948 1381 1010 1421 ea
1055 1365 1201 1421 visus
1244 1367 1406 1424 fuerit
1455 1367 1669 1425 auferre
1705 1383 1888 1440 posse,

297 1458 578 1512 metuitur.
609 1455 840 1512 Possunt
886 1469 1066 1516 autem
1114 1461 1218 1532 ιε
1245 1461 1446 1517 auferri
1477 1463 1575 1518 ista
1601 1508 1617 1533 ,
1666 1472 1723 1519 et
1747 1463 1889 1520 scin-

297 1547 412 1602 tilla
469 1548 607 1618 ignis
631 1591 646 1615 ,
699 1557 756 1603 et
783 1549 956 1619 aliqua
1000 1566 1163 1620 parva
1195 1552 1443 1608 bestiola.
1492 1549 1799 1618 Postremo,
1832 1562 1891 1611 ut

297 1637 550 1693 onnittazn
596 1639 1017 1697 innumerabiles
1046 1643 1400 1700 adversitates
1425 1687 1439 1713 ,
1469 1653 1682 1715 tempus
1713 1647 1886 1717 ipsum

297 1727 508 1784 auferat
555 1745 777 1786 necesse
827 1742 910 1787 est
956 1733 1135 1788 omnia
1161 1736 1512 1790 transeuntia.
1546 1736 1730 1807 Itaque
1760 1753 1882 1792 cum

1519 316 1954 375 THESAURUS.
1984 317 2142 375 CAP.
2171 317 2338 376 XXII.

1915 436 1964 493 Α
1995 449 2313 504 superamur
2338 433 2408 488 ab
2447 433 2702 489 omnibus
2726 447 2848 504 quae
2878 446 2976 490 nos
3002 448 3348 492 commovere
3378 451 3440 491 ac
3464 453 3578 513 per-

3475 325 3581 381 602

1993 529 2214 582 turbare
2257 526 2546 596 potuerint.
2611 526 2795 596 Itaque
2856 527 3107 583 nolumus
3148 528 3218 582 ab
3269 528 3580 584 hominibus

1992 620 2168 683 vinci,
2203 629 2259 673 et
2290 621 2422 673 iram
2453 635 2562 673 non
2596 633 2883 686 possumus
2912 619 3149 676 vincere.
3205 620 3320 687 Qua
3355 621 3584 688 turpitu-

1991 710 2116 764 dine
2145 711 2274 778 qnid
2319 710 2706 764 exsecrabilius
2750 710 2856 764 dici
2887 711 3100 779 potest?
3128 711 3385 764 Fatemur
3410 709 3583 764 homi-

1992 814 2115 854 nem
2141 799 2242 854 hoc
2268 815 2390 857 esse
2419 802 2561 870 quod
2595 816 2692 856 nos
2720 816 2928 870 sumus,
2963 801 3054 871 qui
3093 811 3298 866 tamen,
3352 801 3454 856 etsi
3485 803 3578 854 ha—

1992 891 2118 947 beat
2148 893 2270 946 vitia
2292 935 2306 956 ,
2339 909 2444 948 non
2472 905 2557 948 est
2579 902 2758 948 tamen
2784 893 2899 963 ipse
2924 894 3135 948 vitium.
3181 895 3394 961 Quanto
3424 893 3583 961 igitur

1993 981 2273 1037 honestius
2317 984 2479 1038 homo
2527 998 2625 1037 nos
2654 984 2820 1039 vincit
2848 1000 3005 1054 quam
3042 986 3275 1039 vitium?
3321 984 3454 1050 Quis
3481 999 3579 1036 att-

1993 1081 2100 1128 tem
2125 1072 2337 1128 dubitet
2383 1073 2618 1129 immane
2655 1075 2846 1130 vitium
2876 1091 2998 1131 esse
3027 1076 3412 1130 invidentiam?
3465 1078 3580 1142 Qua

1993 1180 2218 1221 necesse
2265 1175 2348 1221 est
2393 1175 2706 1236 torqueatur
2750 1175 2805 1222 et
2836 1167 3177 1235 subjiciatur,
3211 1169 3301 1236 qui
3335 1182 3439 1220 non
3470 1167 3580 1220 vnlt

1992 1258 2048 1314 in
2079 1259 2240 1314 rebus
2288 1259 2682 1328 temporalibus
2708 1258 2874 1316 vinci.
2923 1259 3113 1314 Melius
3137 1269 3374 1327 estergo
3401 1269 3456 1324 ut
3485 1260 3579 1312 ho-

1994 1365 2084 1404 mo
2106 1364 2206 1404 nos
2250 1350 2430 1404 vincat
2455 1366 2614 1419 quam
2647 1350 2967 1418 invidentia,
3016 1352 3100 1408 vel
3129 1353 3404 1422 quodlibet
3430 1350 3573 1404 aliud

1993 1443 2220 1509 vitium;
2267 1443 2364 1498 sed
2412 1457 2512 1497 nec
2555 1442 2626 1496 ab
2673 1443 2892 1498 homine
2933 1443 3072 1500 vinci
3099 1453 3302 1512 potest,
3327 1443 3418 1513 qui
3452 1443 3576 1494 vitia

1991 1549 2088 1588 sua
2115 1534 2326 1591 vicerit.
2379 1535 2496 1590 Non
2542 1536 2688 1591 enim
2729 1536 2978 1602 vincitur,
3021 1537 3121 1590 nisi
3149 1536 3234 1590 cui
3261 1535 3486 1604 eripitur
3511 1536 3579 1588 ab

1993 1626 2307 1682 adversario
2354 1628 2497 1698 quod
2538 1637 2706 1683 amat.
2783 1627 2885 1695 Qui
2931 1643 3062 1697 ergo
3109 1627 3163 1682 id
3210 1635 3358 1682 amat
3401 1628 3576 1682 solum

1993 1718 2134 1788 quod
2165 1719 2366 1774 amanti
2415 1717 2552 1788 eripi
2591 1735 2700 1774 non
2744 1730 2948 1789 patest,
2980 1720 3070 1774 ille
3094 1719 3462 1774 indubitanter
3493 1717 3575 1772 iu-

296 1820 479 1873 οωηίε
529 1821 847 1889 ιοηιροωιίε
878 1823 1108 1880 mundus
1156 1824 1258 1881 εειο
1282 1827 1593 1898 concludat,
1626 1803 1882 1885 διηηίυυε
1913 1803 1962 1865 Β
1992 1807 2164 1863 victus
2183 1819 2287 1873 est,
2316 1823 2418 1863 nec
2466 1809 2572 1863 ulla
2604 1809 2872 1865 cruciatur
2899 1809 3116 1863 invidia.
3144 1809 3200 1864 Id
3230 1809 3375 1865 enim
3402 1807 3576 1877 diligit

298 1913 489 1967 mundi
518 1913 761 1983 partibus
786 1917 1063 1985 serviunt,
1108 1921 1198 1990 qui
1234 1931 1514 1991 propterea
1545 1933 1731 1989 putant
1756 1924 1888 1982 nihil

297 2005 596 2062 colendum
624 2023 766 2075 esse,
797 2025 863 2064 ne
887 2012 1147 2069 serviant.
1183 2013 1561 2071 Verumtamen
1586 2033 1887 2088 quanquam

297 2102 349 2156 in
397 2100 507 2156 hac
555 2117 736 2158 rerum
780 2106 1120 2161 extremitate
1168 2108 1351 2164 miseri
1381 2109 1640 2178 jaceant,
1675 2121 1731 2164 ut
1757 2112 1888 2166 vitia

295 2205 390 2244 sua
421 2191 526 2245 sibi
556 2189 822 2247 dominari
854 2195 1145 2262 patiantur,
1189 2197 1273 2252 vel
1309 2199 1560 2266 libidine,
1594 2201 1674 2256 vel
1702 2214 1891 2270 super-

294 2279 404 2345 bia,
439 2281 526 2335 vel
556 2281 868 2339 curiositate
890 2284 1160 2353 damnati,
1192 2287 1274 2342 vel
1303 2288 1513 2345 duobus
1546 2290 1770 2358 horum,
1804 2292 1889 2348 vel

295 2371 577 2437 omnibus,
604 2373 840 2442 quandiu
870 2385 996 2430 sunt
1027 2376 1079 2431 in
1121 2379 1223 2434 hoc
1261 2380 1435 2435 stadio
1465 2381 1588 2436 vita:
1619 2383 1886 2451 humanae,

296 2463 417 2518 licet
445 2464 529 2518 eis
575 2466 826 2535 congredi
876 2477 930 2523 et
958 2469 1197 2538 vincere,
1246 2471 1290 2526 si
1319 2473 1467 2542 prius
1492 2475 1717 2531 credant
1746 2480 1886 2546 quod

295 2555 610 2624 intelligere
638 2557 871 2612 nondum
901 2560 1108 2628 valent,
1140 2573 1190 2616 et
1222 2578 1327 2616 non
1359 2563 1587 2635 diligant
1607 2567 1884 2622 mundum.

293 2645 566 2710 Quoniam
609 2659 770 2700 omne
817 2648 957 2716 quod
998 2648 1049 2702 in
1094 2650 1294 2706 mundo
1323 2659 1426 2717 est,
1458 2656 1599 2708 sicut
1624 2654 1888 2711 divinitus

291 2730 502 2788 dictum
548 2743 634 2788 cst
658 2777 671 2800 ,
705 2739 1142 2807 concupiscentia
1173 2742 1352 2797 carnis
1382 2753 1465 2799 est
1487 2784 1502 2809 ,
1550 2756 1604 2801 et
1633 2749 1887 2817 concupi-

295 2825 504 2880 seentia
535 2826 845 2894 oculorum,
879 2837 935 2884 et
961 2830 1185 2886 ambitio
1213 2834 1417 2889 saeculi.
1453 2833 1567 2890 Hoc
1593 2838 1754 2892 modo
1782 2840 1886 2893 tria

291 2915 380 2970 illa
404 2925 538 2969 sunt
560 2925 764 2972 notata.
788 2917 920 2972 Nam
945 2921 1888 2997 concupiscentiaearnis,voluptatis

292 3006 499 3061 infima:
524 3016 796 3064 amatores
813 3010 1097 3079 significat;
1127 3016 1561 3083 concupiscentia
1585 3018 1886 3087 oculorum,

292 3097 581 3162 curiosos;
624 3097 848 3153 ambitio
877 3100 1100 3167 steculi,
1131 3103 1414 3172 superbos.
1457 3105 1674 3175 Triplex
1723 3109 1883 3164 etiam

1990 1899 2132 1970 quod
2181 1900 2511 1970 diligendum
2558 1912 2608 1957 et
2661 1902 3097 1971 percipiendum;
3148 1913 3350 1971 quanto
3393 1902 3576 1971 plures

1990 1993 2229 2050 venerint
2261 2034 2277 2059 ,
2314 2001 2463 2058 tanto
2501 1992 2582 2049 eis
2623 1993 2842 2049 uberius
2870 1993 3186 2063 gratulatur.
3215 1993 3400 2064 Diligit
3428 1995 3574 2048 enim

1992 2084 2159 2138 Deum
2195 2098 2260 2138 ex
2305 2091 2420 2138 toto
2459 2082 2622 2139 corde
2645 2124 2662 2150 ,
2707 2076 2774 2138 et‘
2808 2099 2873 2138 ex
2923 2091 3032 2136 tota
3063 2082 3264 2149 anima,
3296 2095 3348 2138 et
3374 2100 3439 2139 ex
3465 2093 3580 2138 tota

1991 2183 2215 2241 mente;
2262 2185 2318 2230 et
2339 2174 2516 2246 diligit
2563 2174 2864 2244 proximum
2890 2183 3141 2244 tanquam
3165 2175 3422 2244 seipsum.
3458 2176 3574 2230 Non

1991 2267 2068 2323 illi
2110 2281 2240 2336 ergo
2284 2267 2524 2334 invidet,
2559 2276 2620 2322 ut
2665 2267 2738 2322 sit
2779 2266 2921 2336 quod
2955 2267 3070 2336 ipse
3089 2277 3192 2332 est,
3223 2267 3331 2322 imo
3358 2268 3579 2337 adjuvat

1992 2361 2157 2416 etiam
2206 2372 2465 2431 quantum
2517 2371 2710 2431 potest.
2763 2361 2875 2417 Nec
2909 2370 3084 2431 potest
3110 2363 3359 2416 amittere
3387 2362 3576 2432 proxi-

1991 2468 2136 2508 mum
2183 2467 2341 2522 quem
2384 2451 2554 2522 diligit
2584 2461 2834 2521 tanquam
2875 2452 3142 2520 seipsum,
3171 2453 3294 2523 quia
3329 2468 3500 2522 neque
3524 2454 3576 2506 in

1990 2545 2170 2612 seipso
2200 2560 2262 2601 ea
2290 2544 2466 2615 diligit
2501 2559 2621 2615 quae
2647 2544 2814 2599 oculis
2843 2544 3156 2613 subjacent,
3185 2553 3278 2597 aut
3307 2543 3427 2598 ullis
3456 2544 3578 2598 aliis

1989 2634 2235 2704 corporis
2277 2635 2566 2701 sensibus;
2601 2650 2730 2704 ergo
2771 2634 2912 2703 apud
2935 2635 3172 2704 seipsum
3214 2635 3373 2688 habet
3411 2651 3572 2702 quem

1989 2725 2164 2795 diligit
2194 2734 2445 2796 tanquam
2492 2727 2729 2796 seipsum
2755 2743 2768 2780 :
2800 2742 2861 2783 ea
2891 2737 2972 2782 est
3007 2735 3185 2782 autem
3230 2727 3411 2796 regula
3440 2726 3577 2781 dile-

1993 2816 2213 2882 ctionis,
2245 2826 2301 2870 ut
2323 2832 2442 2887 qua:
2471 2816 2570 2871 sibi
2602 2819 2714 2872 vult
2739 2817 2880 2872 bona
2901 2817 3207 2887 provenire,
3235 2827 3290 2871 et
3315 2816 3390 2871 illi
3423 2817 3580 2894 velit;

1991 2927 2046 2973 et
2075 2932 2194 2986 qua:
2220 2917 2468 2973 accidere
2490 2917 2591 2972 sibi
2624 2918 2764 2971 mala
2797 2932 2900 2971 non
2941 2916 3074 2980 vult,
3091 2927 3143 2972 et
3165 2916 3410 2972 illinolit.
3429 2917 3576 2972 llanc

1929 3013 1939 3023 ‘
1991 3007 2317 3063 voluntatem
2368 3022 2494 3076 erga
2537 3023 2725 3063 omnes
2776 3009 3020 3063 homines
3049 3017 3266 3074 servat,
3299 3024 3419 3062 nam
3447 3024 3575 3078 erga

1991 3101 2261 3157 neminem
2303 3102 2637 3171 operandum
2669 3109 2754 3156 est
2782 3102 3018 3166 malum,
3054 3109 3109 3154 et
3149 3101 3367 3155 dilectio
3397 3103 3575 3170 prosi-

293 3189 527 3242 tentatio
541 3189 595 3242 in
615 3189 833 3245 homine
847 3207 1004 3261 quem
1022 3195 1220 3250 veritas
1250 3197 1360 3266 ipsa
1386 3200 1625 3268 suscepit
1651 3203 1884 3259 cavenda

1993 3196 2064 3248 mi
2099 3194 2296 3248 malum
2327 3207 2432 3248 non
2463 3207 2738 3262 operatur.
2772 3194 3065 3263 Diligamus
3087 3208 3236 3263 ergo,
3274 3203 3331 3247 ut
3368 3208 3574 3262 praece-

293 3289 601 3335 monstrata
627 3290 731 3337 cst.
779 3283 905 3352 Dic,
938 3285 1111 3355 inquit
1155 3273 1413 3361 tentator,
1462 3292 1726 3362 lapidibus
1773 3296 1888 3353 istis

290 3383 350 3427 ut
398 3389 576 3443 panes
634 3375 784 3430 fiant.
833 3379 921 3432 Ait
974 3379 1051 3434 illi
1111 3381 1205 3453 lat.
1237 3392 1293 3437 at
1333 3383 1444 3456 ille]
1492 3401 1630 3443 unus
1692 3399 1747 3445 et
1801 3405 1889 3445 so-

289 3463 375 3518 lus
402 3465 710 3535 magister:
760 3467 876 3524 Non
921 3469 974 3525 in
1002 3486 1138 3541 pane
1167 3474 1286 3528 solo
1318 3474 1449 3530 vivit
1482 3478 1644 3532 homo
1664 3521 1678 3544 ,
1713 3480 1806 3534 sed
1833 3480 1886 3535 in

290 3558 441 3612 omni
471 3557 640 3614 verbo
671 3560 787 3615 Dei.
846 3562 922 3616 lta
941 3565 1084 3619 enim
1106 3566 1361 3622 domitam
1388 3568 1567 3624 docuit
1586 3586 1707 3626 esse
1728 3587 1889 3641 opor-

291 3656 408 3703 tere
451 3649 803 3718 cupiditatem
850 3653 1166 3723 voluptatis,
1199 3665 1258 3711 ut
1303 3674 1402 3714 nec
1433 3659 1557 3714 fami
1587 3664 1886 3719 cedendum

289 3741 382 3794 sit.
435 3739 547 3794 Sed
588 3737 728 3797 forte
771 3742 1154 3801 dominationis
1197 3750 1509 3818 temporalis
1550 3751 1689 3807 fastu
1712 3755 1888 3825 decipi

293 3840 556 3898 poterat,
607 3833 697 3902 qui
742 3836 924 3890 carnis
977 3836 1251 3907 voluptate
1287 3855 1392 3895 non
1440 3843 1648 3911 potuit?
1694 3843 1886 3902 Omnia

290 3936 426 3992 ergo
471 3924 660 3978 mundi
711 3940 878 3998 regna
925 3911 1215 3983 monstrata
1265 3939 1420 3999 sunt,
1457 3942 1512 3987 et
1533 3933 1731 3988 dictum
1763 3945 1884 3991 est:

290 4013 486 4070 Omnia
519 4016 616 4070 tibi
649 4016 824 4086 dabo,
878 4020 923 4073 si
956 4030 1253 4089 prostratus
1292 4023 1599 4078 adoraveris
1626 4041 1730 4081 me.
1789 4026 1885 4082 Cui

287 4121 617 4174 responsum
645 4117 770 4163 est:
821 4109 1108 4166 Dominum
1136 4112 1300 4167 Deum
1333 4123 1480 4169 tuum
1510 4116 1761 4173 adorabis
1784 4161 1797 4182 ,
1829 4127 1887 4174 et

285 4196 361 4250 illi
390 4197 496 4251 soli
549 4200 773 4253 servies.
831 4198 903 4254 Ita
947 4202 1148 4256 calcata
1180 4204 1428 4271 superbia
1458 4213 1562 4260 est.
1634 4207 1884 4276 Snbjecta

285 4298 368 4342 est
398 4297 587 4343 autem
624 4302 868 4345 extrema
907 4293 1066 4346 etiam
1096 4295 1424 4350 curiositatis
1451 4297 1743 4364 illecebra;
1777 4314 1884 4356 non

284 4381 431 4434 enim
474 4392 532 4434 ut
577 4396 638 4436 se
666 4384 734 4437 de
779 4382 994 4454 fastigio
1023 4385 1207 4454 templi
1235 4387 1604 4456 praecipitaret
1635 4391 1876 4460 urgebat,

284 4471 392 4526 nisi
422 4487 587 4527 causa
620 4483 828 4529 tantum
856 4475 1054 4546 aliquid
1079 4477 1392 4545 experiendi
1419 4495 1433 4543 ;
1475 4480 1569 4535 sed
1601 4496 1775 4551 neque
1798 4482 1884 4538 hic

1993 3292 2141 3352 ptum
2171 3292 2274 3348 est,
2301 3285 2461 3338 etiam
2493 3283 2740 3339 inimicos
2765 3294 2999 3352 nostros,
3032 3285 3076 3338 si
3103 3300 3230 3340 vere
3250 3284 3433 3340 invicti
3454 3300 3576 3340 esse

1992 3374 2262 3431 volumus.
2323 3373 2438 3429 Non
2478 3377 2621 3430 enim
2661 3391 2756 3446 per
2799 3378 3036 3445 seipsum
3088 3377 3371 3446 quisquam
3403 3378 3575 3432 homi-

1991 3481 2120 3520 num
2150 3465 2383 3521 invictus
2411 3476 2524 3535 est,
2554 3467 2648 3522 sed
2677 3483 2773 3537 per
2799 3468 2943 3522 illam
2975 3469 3470 3526 incommutabilem
3499 3472 3574 3526 le-

1990 3558 2233 3627 gem,cui
2257 3559 2561 3629 quicunque
2580 3560 2844 3625 serviunt,
2860 3561 3095 3615 solisunt
3111 3561 3265 3617 liberi
3288 3580 3302 3628 ;
3328 3563 3406 3617 sic
3430 3562 3576 3617 enim

1990 3651 2070 3706 eis
2098 3651 2240 3721 quod
2273 3652 2503 3720 diligunt
2554 3652 2753 3707 auferri
2784 3667 2889 3706 non
2934 3661 3148 3720 potest,
3189 3669 3312 3722 quae
3352 3668 3441 3708 res
3472 3670 3574 3709 una

1989 3742 2220 3797 invictos
2262 3742 2384 3796 iacit
2421 3751 2476 3797 et
2515 3742 2781 3812 perfectos
2822 3745 2987 3798 viros.
3051 3743 3184 3798 Nam
3215 3744 3262 3797 si
3285 3746 3367 3800 vel
3396 3746 3574 3810 ipsum

1992 3835 2264 3890 hominem
2317 3834 2478 3888 homo
2520 3834 2810 3900 dilexerit,
2861 3852 2968 3889 non
3011 3845 3262 3906 tanquam
3309 3837 3574 3904 seipsum,

1989 3925 2083 3978 sed
2114 3933 2367 3992 tanquam
2399 3922 2701 3992 jumentum
2728 3964 2743 3987 ,
2781 3934 2875 3978 aut
2900 3925 3120 3981 balneas
3145 3966 3160 3990 ,
3191 3936 3282 3980 aut
3307 3928 3573 3983 aviculatn

1989 4014 2188 4084 pictam
2224 4014 2307 4067 vel
2334 4014 2624 4084 garrulam,
2656 4015 2706 4070 id
2738 4025 2840 4080 est,
2873 4026 2931 4070 ut
2959 4033 3024 4071 ex
3053 4032 3120 4072 eo
3146 4018 3343 4086 aliquid
3369 4029 3573 4088 tempo-

1987 4106 2118 4161 ralis
2139 4105 2430 4174 voluptatis
2459 4116 2554 4161 aut
2580 4109 2852 4162 commodi
2883 4108 3092 4177 capiat,
3124 4110 3318 4162 serviat
3351 4125 3574 4164 necesse

1987 4205 2073 4253 est
2101 4213 2207 4251 non
2242 4197 2470 4266 homini,
2503 4199 2621 4267 sed,
2653 4199 2795 4269 quod
2828 4201 3064 4269 turpius,
3093 4208 3202 4254 tam
3233 4199 3376 4255 foedo
3401 4210 3456 4255 et
3481 4203 3573 4255 de-

1989 4293 2222 4349 testabili
2269 4292 2425 4364 vitio,
2469 4308 2576 4365 quo
2606 4309 2712 4348 non
2754 4303 2900 4348 amat
2941 4293 3212 4349 hominem
3241 4293 3383 4348 sicut
3411 4293 3574 4349 homo

1986 4385 2248 4441 amandus
2269 4396 2486 4457 est,quo
2507 4387 2639 4441 vitio
2658 4387 2970 4443 dominante
2993 4403 3162 4458 usque
3187 4388 3252 4444 ad
3277 4398 3571 4444 extremam

1986 4478 2149 4532 vitam
2179 4479 2264 4534 vel
2295 4479 2474 4548 potius
2504 4489 2731 4534 mortem
2763 4478 3089 4548 perducitur.
3115 4481 3221 4535 Sed
3249 4496 3315 4536 ne
3338 4483 3416 4536 sic
3451 4481 3571 4552 qni-

287 4565 472 4618 victus
500 4574 587 4620 est
610 4607 626 4633 ,
670 4575 726 4622 et
756 4567 878 4622 ideo
915 4567 995 4623 sic
1022 4569 1298 4638 respondit
1324 4611 1340 4638 ,
1373 4579 1429 4624 ut
1459 4571 1883 4641 intelligeremus

1989 4569 2112 4623 dem
2142 4569 2210 4622 ab
2249 4569 2471 4624 homine
2512 4570 2674 4625 homo
2703 4571 3005 4641 diligendus
3030 4581 3143 4641 est,
3186 4581 3245 4628 ut
3281 4573 3574 4643 diliguntur

281 4673 395 4712 non
428 4673 568 4727 opus
593 4674 715 4714 esse
739 4661 804 4714 ad
827 4661 1256 4730 cognoscendum
1287 4664 1452 4718 Deum
1486 4666 1870 4720 tentationibus

279 4749 582 4804 visibiliter
609 4750 788 4805 divina
825 4752 1108 4821 explorare
1135 4754 1478 4809 molientibus
1514 4753 1670 4808 :Non
1704 4765 1880 4810 tenta-

265 4843 397 4909 bis,
457 4843 672 4912 inquit,
725 4845 1008 4900 Dominum
1057 4846 1221 4901 Deum
1269 4855 1438 4902 tuum.
1495 4849 1875 4914 Quamobrem,

274 4936 539 5005 quisquis
566 4937 709 4989 intus
736 4937 827 4991 Dei
855 4937 1020 4992 verbo
1043 4941 1300 5008 pascitur,
1334 4957 1438 4996 non
1462 4942 1655 5012 quaerit
1688 4941 1740 4996 in
1778 4943 1878 4997 ista

275 5042 473 5082 eremo
507 5028 859 5095 voluptatem.
917 5028 1019 5096 Qui
1080 5033 1169 5086 uni
1217 5032 1328 5087 Deo
1374 5041 1578 5086 tantum
1606 5032 1880 5102 subjectus

273 5131 383 5184 est,
415 5135 528 5173 non
559 5122 752 5189 quaerit
798 5121 848 5175 in
880 5135 1064 5179 monte
1090 5164 1104 5187 ,
1135 5124 1186 5178 id
1218 5134 1300 5180 est
1323 5167 1338 5190 ,
1369 5125 1420 5179 in
1455 5135 1665 5179 terrena
1691 5126 1880 5179 elatio-

274 5225 344 5265 ne
367 5254 383 5276 ,
413 5210 753 5278 jactantiam.
801 5211 1054 5282 Quisquis
1094 5223 1301 5268 :cterno
1331 5215 1642 5282 spectaculo
1669 5216 1876 5271 incom-

273 5301 563 5356 mutabilis
611 5304 856 5359 veritatis
903 5305 1266 5375 adhaerescit,
1316 5322 1420 5361 non
1463 5322 1558 5377 per
1607 5308 1874 5378 fastigium

274 5392 450 5461 hujus
475 5395 748 5462 corporis,
780 5396 832 5450 id
866 5407 947 5451 est
971 5439 984 5460 ,
1017 5413 1112 5468 per
1151 5399 1248 5453 hos
1277 5401 1460 5454 oeulos
1485 5403 1873 5472 praecipitatur,

272 5497 332 5541 ut
363 5489 696 5557 temporalia
730 5500 785 5544 et
816 5490 1067 5545 inferiora
1100 5503 1410 5562 cognoscat.

871 5601 1095 5658 CAPUT
1128 5602 1293 5658 XXII.

275 5690 441 5758 Quod
468 5689 652 5744 melius
692 5693 756 5745 sit
796 5692 858 5745 αι
888 5695 1088 5749 homine
1117 5712 1269 5763 quem
1301 5713 1330 5747 α
1355 5696 1476 5748 vitio
1503 5697 1664 5761 vinci,
1700 5713 1760 5750 ra:
1786 5713 1871 5750 eo-

666 5765 780 5815 dem
812 5764 940 5817 libro
966 5767 1028 5818 de
1055 5783 1170 5820 vera
1217 5765 1500 5837 Religionr.

351 5851 472 5911 ﬂos
499 5853 553 5910 in
579 5861 719 5911 terra
749 5854 1085 5927 laboramus,
1137 5867 1189 5915 et
1231 5874 1352 5915 cum
1386 5873 1582 5927 magno
1607 5856 1874 5914 dedecore

1986 4660 2232 4716 carnales
2265 4660 2463 4716 fratres
2484 4701 2500 4727 ,
2536 4661 2629 4739 vel
2663 4662 2787 4728 lilii,
2822 4663 2902 4717 vel
2935 4663 3228 4733 conjuges,
3261 4663 3346 4718 vcl
3372 4664 3572 4734 quique

1984 4752 2226 4820 cognati,
2271 4763 2360 4805 aut
2390 4753 2615 4821 affines,
2656 4763 2748 4807 aut
2777 4753 2955 4819 cives,
2987 4769 3109 4808 nam
3141 4765 3194 4810 et
3225 4756 3325 4810 ista
3354 4756 3574 4811 dilectio

1986 4846 2298 4914 temporalis
2343 4856 2447 4899 est.
2517 4844 2701 4913 Itaque
2740 4845 2805 4899 ad
2854 4846 3131 4916 pristinam
3171 4847 3573 4919 perfectamque

1983 4948 2234 4991 naturam
2269 4953 2364 4991 nos
2395 4939 2505 5006 ipsa
2540 4936 2747 4992 Vevitas
2772 4953 2994 5001 vocans,
3020 4940 3258 5008 praecipit
3287 4949 3344 4994 ut
3370 4941 3573 4995 carnali

1982 5028 2353 5082 consuetudini
2407 5027 2761 5090 resistamus,
2825 5027 3029 5083 docens
3079 5031 3346 5085 neminem
3386 5041 3569 5098 aptum

1981 5133 2104 5173 esse
2133 5135 2300 5188 regno
2344 5117 2470 5182 Dei,
2523 5118 2612 5187 qui
2646 5133 2750 5171 non
2785 5117 2916 5172 istas
2945 5120 3189 5175 carnales
3219 5119 3571 5175 necessitudi-

1980 5224 2078 5263 nes
2099 5209 2313 5264 oderit:
2367 5222 2541 5278 neque
2589 5207 2694 5262 hoc
2733 5208 2819 5264 cui
2844 5224 2981 5271 tuam
3016 5210 3360 5264 inhumanum
3393 5209 3566 5262 videri

1979 5301 2136 5357 debet
2184 5301 2398 5371 :magis
2429 5300 2573 5356 enim
2623 5311 2706 5356 est
2753 5299 3105 5356 inlmmanum
3146 5315 3249 5355 non
3296 5314 3479 5353 amare
3515 5313 3569 5352 ut

1981 5393 2197 5450 homine
2222 5395 2364 5463 quod
2399 5393 2562 5448 homo
2590 5403 2674 5449 est
2699 5437 2715 5462 ,
2766 5393 2860 5448 sed
2890 5408 3074 5449 amare
3112 5392 3251 5461 quod
3277 5392 3418 5445 filius
3441 5400 3523 5446 est
3548 5407 3565 5457 ;

1981 5485 2082 5539 hoc
2105 5495 2186 5540 est
2213 5485 2356 5540 enim
2390 5499 2497 5539 non
2527 5484 2580 5538 in
2629 5499 2696 5539 eo
2738 5499 2921 5538 amare
2968 5482 3095 5537 illud
3121 5483 3263 5552 quod
3305 5483 3372 5536 ad
3397 5483 3566 5538 Deum

1983 5579 2235 5644 pertinet,
2264 5576 2357 5631 sed
2387 5591 2568 5632 amare
2600 5575 2731 5630 illud
2763 5575 2906 5644 quod
2933 5574 3000 5628 ad
3028 5588 3088 5629 se
3119 5573 3371 5643 pertinet.
3425 5575 3565 5642 Quid

1979 5684 2108 5739 ergo
2154 5670 2349 5723 mirum
2396 5670 2439 5723 si
2485 5668 2551 5722 ad
2603 5680 2829 5737 regnum
2883 5680 2989 5720 non
3044 5665 3310 5735 pervenit,
3337 5668 3427 5736 qui
3459 5682 3567 5726 non

1979 5776 2320 5816 eummunetn
2342 5760 2436 5814 sed
2465 5758 2727 5826 privatam
2750 5772 2862 5811 rem
2891 5756 3102 5826 diligit?
3127 5756 3234 5813 lmo
3258 5769 3560 5828 utrumque,

1979 5856 2054 5911 ait
2080 5853 2368 5927 quispiam,
2392 5853 2500 5909 imo
2527 5851 2656 5908 illud
2689 5866 2876 5924 unum,
2905 5852 3034 5912 dicit
3063 5854 3224 5914 Deus.
3251 5854 3389 5917 Dicit
3417 5854 3564 5914 enim
