1987 3092
205 129 259 159 ωδ

741 131 774 158 1).
796 127 954 159 ΕυϐτΡΡΙΙ
964 130 1120 159 ‘A‘BBATIS
1132 129 1291 158 AWCANI

1787 133 1839 162 (ω

208 189 349 217 verissiine
361 188 467 217 Yet-itas
478 193 486 215 :’
497 189 582 217 Nemo
592 188 998 224 potestduebm'dmioieser-
1012 188 1037 218 Α
1052 191 1080 214 ut
1094 187 1129 214 ab
1143 194 1176 215 eo
1189 186 1289 222 aliquid
1304 187 1456 216 bonicur:
1469 191 1624 220 ‘ntereatnr,
1637 187 1685 215 sed
1707 188 1750 215 eiii
1774 190 1838 219 nihil

205 236 279 263 vire:
293 242 372 263 nemo
392 235 466 262 enim
486 240 572 269 potest
588 236 705 270 perfecte
722 236 832 270 diligere
848 242 901 270 quo
916 242 995 262 vocuo

203 288 273 314 inor,
295 281 346 308 nisi
362 281 450 308 oderit
464 281 535 308 unde
556 288 724 308 revocamur.
753 281 887 308 Vocantur
902 285 992 308 autem

204 328 236 353 ad
261 327 406 360 perfectam
432 332 552 353 naturam
565 327 720 358 humanam.
737 328 842 361 qualem
857 331 918 353 ante
932 333 993 361 pec-

201 378 290 399 catiiin
306 378 426 399 nostrum
445 373 512 399 Deus
530 373 602 405 fecit,
617 380 773 400 revocamur
788 377 876 400 autem
890 373 924 399 ab
934 373 992 406 ejus

200 419 343 445 dilectione
367 426 445 453 quam
460 420 596 453 peccando
619 420 776 446 meruimus.
799 419 887 452 Quare
902 419 991 445 oderi-

161 471 166 480 ’
201 474 260 492 inus
274 470 380 500 oportet
407 466 478 492 unde
492 470 520 493 ut
535 465 682 493 liberemur
692 471 825 500 optamus.
850 466 991 492 Oilerimus

201 520 265 546 ergo
281 512 442 546 temporales
456 512 669 539 necessitudines
684 533 690 546 ,
706 511 730 538 si
750 511 909 538 aeternitaiis
924 511 990 537 elia-

199 561 278 587 ritate
297 560 452 594 flagrauios.
479 560 577 594 Diligat
603 560 682 586 honto
697 560 846 594 proximum
863 564 989 593 tanquam

198 607 327 642 seipsuin.
353 606 433 634 Certe
457 607 528 634 enim
550 606 601 634 sibi
623 607 679 641 ipse
694 613 773 633 nemo
788 611 828 632 est
842 611 928 639 pater,
945 608 991 631 aut

201 652 281 684 illius,
296 658 341 679 aut
355 652 452 685 affinis,
470 656 514 678 aut
529 651 629 685 aliquid
649 650 811 684 huiusmodi,
828 650 873 676 sed
886 654 988 677 tantttm

199 697 287 723 botno.
300 697 349 730 Qui
361 704 424 730 ergo
433 695 518 731 diligit
533 696 648 729 aliquem
662 701 785 729 tanquam
798 695 926 728 seipsum,
939 696 988 722 lioc

199 742 225 768 in
242 749 274 768 co
286 741 366 768 debet
385 742 498 776 diligere
510 741 580 775 quod
592 742 643 768 sibi
658 741 714 775 ipse
727 746 778 768 est.
789 741 908 775 Corpora
924 748 988 768 vero

198 794 250 813 non
263 791 326 814 sunt
338 787 408 821 quod
423 795 472 814 nos
486 794 589 818 sumus,
600 795 651 814 non
663 795 727 822 ergo
737 787 762 814 in
776 787 883 815 homine
890 794 987 821 corpus

197 837 238 859 est
253 833 444 867 expetendum,
473 838 519 860 aut
541 833 755 860 desiderantium.
779 833 853 861 Valet
867 834 938 860 enim
951 833 985 861 ad

1046 233 1117 260 aliud
1133 241 1211 268 quam
1226 234 1312 268 ipsum
1326 233 1467 262 adhaerere
1482 234 1537 264 Deo
1552 234 1650 263 bonum
1672 239 1715 262 est
1738 235 1785 264 llic
1799 236 1839 267 vi;

1046 280 1163 314 quandiu
1176 285 1218 307 est
1233 280 1259 308 iii
1275 280 1324 309 bac
1332 281 1383 307 vita
1399 280 1483 308 utitur
1491 281 1578 309 amico
1591 282 1624 308 ad
1640 282 1837 315 rependettdam

1044 326 1170 360 gratiam,
1186 326 1269 353 utitur
1287 326 1395 353 inimico
1413 327 1445 353 ad
1462 327 1630 362 patientiam,
1647 329 1727 354 utitur
1742 328 1837 363 quibus

1045 376 1132 405 potest
1146 373 1178 398 ad
1194 372 1406 405 beiieliceutiain,
1423 374 1505 400 utitur
1515 374 1642 403 omnibus
1668 374 1700 401 ad
1717 374 1837 402 benevo-

1045 418 1154 445 lentiam
1169 428 1174 445 :
1190 424 1216 446 et
1231 427 1381 454 quanquam
1402 420 1558 452 temporalia
1580 427 1635 448 non
1654 420 1749 456 diligat
1766 421 1836 456 ipse,

1044 471 1116 491 recte
1132 466 1214 493 utitur
1229 466 1432 500 temporalibus,
1445 471 1472 493 et
1489 474 1537 501 pro
1551 474 1643 494 eorum
1658 472 1732 496 sorte
1750 468 1832 496 homi-

1044 511 1121 538 nibus
1144 512 1271 544 Consulit,
1299 513 1320 539 si
1343 512 1482 546 irqualiter
1506 520 1559 540 non
1586 517 1672 547 potest
1699 513 1836 541 omnibus.

1042 556 1130 589 Quare
1151 557 1173 585 si
1195 557 1311 591 aliquem
1341 556 1510 585 familiarium
1541 566 1650 586 suorum
1684 559 1836 594 promptius

1042 611 1120 637 (lll‘llll
1136 603 1283 637 quemlibet
1300 603 1463 638 alloquitur,
1481 612 1533 630 non
1547 611 1610 632 eum
1634 604 1718 640 magis
1736 604 1836 640 diligit,

1041 648 1088 674 sed
1103 648 1137 675 ad
1154 656 1216 675 eum
1233 648 1313 675 habet
1328 648 1455 682 majorem
1468 649 1607 681 ﬁduciam,
1624 655 1650 678 et
1670 649 1835 684 apertiorem

1041 694 1170 726 temporis
1197 694 1317 730 ianuam.
1351 695 1461 724 Tractat
1485 696 1556 723 enim
1585 696 1697 731 tempori
1725 696 1836 725 deditos

1040 744 1115 766 tanto
1130 741 1235 775 melius,
1254 745 1355 776 quanto
1379 741 1436 774 ipse
1451 742 1536 769 minus
1551 742 1683 776 obligatus
1701 747 1742 770 est
1761 748 1834 770 tetu-

1043 786 1112 821 pori.
1127 786 1193 813 Cum
1205 786 1293 820 itaque
1309 786 1433 814 omnibus
1447 794 1515 822 quos
1535 787 1635 821 pariter
1661 787 1748 822 d.ligit
1770 794 1835 821 pro-

1040 831 1118 857 desse
1131 839 1182 858 non
1198 831 1292 865 possit,
1305 832 1354 859 nisi
1366 832 1474 866 eonjum
1482 831 1594 859 tioribus
1604 832 1735 866 prodesse
1744 832 1835 864 malit,

194 879 244 906 hoc
257 880 336 906 etiam
354 880 423 914 quod
439 884 600 914 prateeptum
614 885 672 907 est:
689 879 726 906 Ne
740 880 916 913 concupiscas
927 887 983 907 rem
1003 874 1023 904 Β
1038 876 1152 911 injustus
1163 882 1215 904 est.
1228 877 1317 906 Animi
1333 883 1422 906 autem
1433 878 1588 912 coniunctio
1601 877 1687 913 major
1697 882 1740 907 est
1749 886 1836 914 quam

195 924 309 958 proximi
322 925 358 951 ιιιί
371 933 378 956 ;
389 930 551 959 quapropter
563 925 682 959 quisquis
690 925 718 951 in
731 925 931 959 proximoaliud
943 927 984 953 di-

192 970 337 1005 ligitquam
347 971 397 997 sibi
408 971 465 1005 ipse
473 975 524 1003 est,
538 979 590 998 non
601 979 661 998 eum
673 971 758 1006 diligit
774 976 900 1005 tanquam
911 973 982 1006 seip-

192 1022 251 1042 sum
263 1024 269 1047 ;
283 1016 339 1050 ipsa
353 1016 535 1049 igiturnatura
548 1016 661 1043 lininaua
673 1017 731 1043 sine
742 1017 843 1044 carnali
855 1017 983 1045 conditio-

191 1069 224 1089 ne
234 1062 368 1096 diligenda
388 1067 441 1095 est,
459 1062 514 1089 sive
533 1062 568 1089 sit
589 1063 761 1096 p"|‘“0i6||d8,
777 1063 835 1090 sive
851 1064 980 1098 perfecta.

190 1107 290 1135 Omnes
296 1108 346 1134 sub
354 1115 407 1134 uno
414 1108 468 1135 Deo
478 1113 551 1142 patre
561 1109 667 1143 cognati
675 1110 788 1144 suntqui
800 1117 860 1137 eum
866 1110 984 1144 diligunt

189 1163 217 1185 et
229 1159 328 1185 faciunt
339 1158 502 1186 voluntatem
521 1158 615 1193 ipsius,
627 1164 653 1186 et
665 1158 778 1186 invicem
790 1159 841 1186 sibi
853 1166 913 1187 sunt
929 1180 936 1192 ,
953 1166 979 1188 et

190 1211 279 1242 patres
292 1214 352 1235 cum
364 1207 414 1234 sibi
432 1208 586 1241 consulunt,
604 1213 630 1235 et
644 1208 692 1235 lilii
705 1216 765 1236 cum
780 1209 829 1236 sibi
841 1210 980 1245 obteinpe-

189 1258 261 1286 rant,
274 1254 325 1289 19
331 1257 358 1281 et
367 1253 464 1281 fratres
472 1253 598 1285 maxime,
606 1254 666 1288 quia
675 1261 722 1281 eos
734 1262 802 1281 unus
811 1260 886 1290 pater
899 1260 979 1284 testa-

191 1303 282 1326 mento
294 1306 344 1327 suo
359 1299 392 1326 ad
408 1307 487 1327 unam
505 1299 691 1328 haereditatem
711 1304 797 1328 vocat.
813 1301 980 1337 Quapropter

187 1353 238 1372 cur
251 1346 302 1373 iste
315 1353 367 1373 non
383 1347 417 1373 sit
431 1346 547 1374 invictus
560 1345 694 1373 hominem
713 1346 860 1381 diligendo,
876 1355 936 1375 cum
949 1347 977 1375 in

187 1399 221 1418 eo
236 1391 302 1418 nihil
320 1396 416 1426 prmter
431 1391 567 1419 hominem
587 1392 688 1426 diliga',
706 1392 731 1418 id
751 1397 801 1425 est,
826 1397 977 1422 creaturam

187 1440 246 1472 Dei,
260 1440 293 1467 ad
306 1439 364 1475 ejus
380 1440 523 1474 imaginem
540 1440 647 1473 factam,
665 1447 715 1467 nec
727 1440 750 1467 ei
774 1442 857 1474 possit
880 1441 978 1469 deesse

187 1486 304 1519 perfecta
321 1490 414 1513 natura
429 1493 507 1520 quam
524 1485 608 1520 diligit
622 1493 681 1512 cum
695 1486 753 1519 ipse
768 1486 901 1520 perfectus
916 1486 977 1514 est?

186 1531 261 1559 Sicut
276 1533 359 1565 enim,
371 1532 445 1560 verbi
464 1532 559 1566 gratia,
573 1533 595 1559 si
618 1531 758 1578 quisquam
783 1531 878 1567 diligat
905 1533 974 1578 bene
988 1547 1012 1578 ε

185 1582 348 1610 cantantem,
372 1584 423 1603 non
440 1578 521 1609 hunc,
537 1582 581 1603 aut
603 1577 686 1609 illum,
708 1576 756 1604 sed
779 1581 880 1604 tantum
907 1576 975 1604 bene

185 1628 338 1650 cantantem
352 1623 510 1658 quemlibet,
525 1630 584 1650 cum
598 1623 632 1649 sit
647 1628 769 1650 cantator
789 1622 903 1659 [cantor]
918 1623 975 1658 ipse

185 1667 335 1702 perfectus;
354 1668 389 1695 ita
403 1668 460 1694 vult
473 1675 566 1694 omnes
578 1667 644 1695 tales
656 1673 727 1699 esse,
741 1672 768 1694 ut
781 1673 869 1695 tamen
886 1669 909 1695 ei
920 1675 974 1695 non

183 1713 254 1740 desit
276 1714 346 1748 quod
361 1713 446 1748 diligit
466 1713 590 1748 [diligat],
610 1714 671 1747 quia
698 1713 754 1747 ipse
777 1714 846 1742 bene
872 1719 973 1742 cantat.

183 1758 250 1786 Nam
265 1758 287 1785 si
301 1759 423 1793 cuiquam
436 1758 537 1786 invidet
546 1759 614 1786 bene
629 1759 759 1791 cantanti,
774 1767 827 1786 non
843 1760 896 1794 jam
908 1760 973 1787 illud

183 1804 279 1838 diligit,
296 1804 343 1831 sed
358 1810 404 1831 aut
423 1803 540 1836 laudem,
568 1809 614 1831 aut
628 1804 728 1839 aliquid
743 1805 824 1838 aliud,
840 1813 892 1840 quo
905 1805 974 1834 bene

176 1850 316 1882 cantando
327 1851 382 1878 vult
393 1851 543 1886 pervenire,
552 1857 578 1879 et
590 1857 677 1887 potest
689 1852 712 1879 ei
724 1851 807 1879 minui
818 1854 858 1881 vel
871 1853 972 1882 auferri

182 1897 204 1924 si
221 1901 246 1924 et
257 1897 327 1925 alius
350 1898 418 1926 bene
442 1899 599 1926 caiitaveiit.
614 1899 664 1933 Qui
688 1907 753 1933 ergo
777 1899 878 1927 invidet
902 1900 972 1928 bene

182 1943 312 1976 cantanti,
329 1951 380 1970 non
395 1948 466 1970 amat
479 1943 547 1971 bene
568 1949 735 1977 cantantem;
750 1944 797 1972 sed
819 1953 913 1972 rursus
928 1946 972 1981 qui

182 1997 215 2015 co
227 1989 337 2024 indiget,
354 1997 406 2017 non
420 1995 510 2018 cantat
522 1990 601 2018 bene.
618 1991 693 2025 Quod
712 1991 796 2018 multo
818 1999 973 2020 accommo-

181 2041 269 2068 datius
285 2041 318 2068 de
333 2041 402 2069 bene
417 2042 523 2070 vivente
544 2041 597 2069 dici
614 2045 710 2076 potest,
732 2041 792 2076 quia
807 2047 833 2069 et
851 2042 972 2071 invidere

181 2090 245 2118 niilli
277 2096 392 2126 potest:
418 2099 471 2126 quo
496 2091 569 2118 enim
596 2093 754 2126 perveniunt
779 2091 849 2120 bene
876 2093 970 2120 viven-

181 2142 245 2168 tes,
277 2137 441 2165 tantumdem
476 2142 517 2165 est
553 2138 696 2170 omnibus,
731 2145 781 2164 nec
824 2138 912 2165 minus
942 2138 972 2166 fit

179 2192 240 2211 cum
265 2184 356 2219 plures
379 2184 530 2213 habuerint.
556 2183 589 2211 Et
604 2189 690 2220 potest
714 2191 774 2212 esse
796 2189 901 2220 tempus
918 2193 971 2223 qtto

178 2230 264 2257 bonus
276 2235 397 2257 cantator
409 2234 518 2258 cantare
533 2238 586 2258 non
602 2230 729 2262 decenter
743 2235 834 2266 queat,
850 2235 878 2258 el
898 2230 969 2258 indi-
982 2236 1008 2268 D

177 2281 239 2311 geat
261 2284 327 2304 voce
347 2277 458 2304 alterius
470 2285 521 2312 qua
534 2277 583 2304 sibi
599 2276 757 2306 exbibeatur
783 2276 853 2312 quod
870 2276 967 2312 diligit,

178 2328 303 2359 tauqu2m
325 2323 348 2350 si
366 2323 464 2350 alicubi
488 2323 667 2356 convivalur,
690 2322 734 2350 ubi
768 2331 829 2350 eum
859 2327 969 2351 cantare

177 2361 256 2403 turpe
268 2369 313 2404 δι’,
330 2368 377 2396 sed
392 2369 486 2397 deceat
500 2369 593 2397 audire
616 2373 779 2403 cantantem,
795 2368 865 2396 bene
878 2373 967 2396 autem

175 2416 268 2442 vivere
289 2423 397 2451 semper
418 2416 506 2445 decet.
519 2415 607 2450 Quare
628 2415 749 2451 quisquis
772 2415 822 2443 lioc
837 2414 924 2450 diligit
939 2409 968 2443 et

177 2461 252 2494 facit,
274 2471 326 2491 non
343 2462 429 2491 solum
453 2470 505 2491 non
530 2461 632 2490 invidet
654 2461 831 2494 imitantibus,
855 2461 902 2488 sed
926 2460 967 2489 eis

175 2520 206 2540 se
221 2512 320 2547 praebet
335 2512 513 2543 libentissime
525 2516 606 2547 atque
621 2512 815 2541 humanissime
837 2516 967 2546 quantum

174 2565 270 2594 potest,
282 2567 331 2588 nec
345 2560 386 2590 eis
400 2564 489 2589 tamen
505 2558 620 2594 indiget.
631 2558 698 2587 Nam
709 2558 779 2594 quod
795 2558 821 2589 in
839 2557 892 2594 illis
906 2556 967 2585 dili-

172 2607 220 2640 git,
246 2606 274 2635 in
293 2613 323 2633 se
339 2606 397 2640 ipso
417 2605 499 2634 habet
521 2608 607 2632 totum
635 2608 716 2639 atque
737 2603 885 2639 perfectum
904 2611 910 2629 :
931 2603 966 2630 ita

172 2661 232 2681 cuin
243 2653 330 2688 diligit
349 2652 499 2687 proximum
514 2655 640 2686 tanquam
652 2650 787 2686 seipsutn,
797 2657 850 2679 non
866 2647 968 2682 invidet

172 2704 210 2739 ei,
223 2704 285 2739 quia
300 2710 350 2732 nec
360 2701 518 2737 sibimetipsi
528 2722 536 2735 ,
551 2706 660 2737 prestat
673 2700 781 2737 siquod
793 2705 892 2736 potest,
903 2698 967 2734 quia

171 2764 195 2783 ei
208 2756 258 2784 sibi
274 2755 323 2790 ipsi
332 2763 340 2787 ;
357 2762 409 2784 non
417 2753 490 2790 [nec]
499 2761 532 2781 eo
541 2753 652 2788 indiget,
658 2752 722 2788 quia
730 2758 781 2780 nec
788 2751 879 2786 seipse
887 2758 895 2782 ;
908 2754 967 2778 tau-

172 2807 227 2827 illm
252 2801 307 2828 Deo
331 2800 442 2835 indiget.
458 2799 501 2827 cui
520 2798 685 2827 adt-urendo
703 2798 799 2826 beatus
813 2801 864 2824 est.
879 2796 965 2824 Nemo

170 2851 260 2873 autem
282 2846 320 2872 illi
344 2846 423 2878 eripit
440 2847 539 2878 Deum;
564 2845 694 2879 illeiergo
719 2843 861 2871 verissime
883 2847 965 2877 atque

172 2891 332 2920 certissime
341 2891 456 2920 iuvimus
472 2893 553 2920 homo
565 2896 620 2926 ut,
635 2891 680 2926 qui
692 2889 815 2926 conciet
827 2889 894 2924 Deo,
909 2897 963 2923 non

1037 923 1156 951 locorum
1172 928 1217 950 aut
1231 927 1395 959 temporum,
1407 924 1502 958 quibus
1512 924 1539 951 in
1551 924 1602 951 hoc
1613 932 1725 960 corpore
1737 924 1832 961 jungi-

1035 976 1106 1000 miir,
1122 969 1169 996 sed
1192 977 1223 996 ea
1249 970 1365 997 maxima
1392 974 1434 997 Cal.
1460 978 1519 1005 qua:
1539 970 1664 999 omnibus
1687 971 1833 1005 prievalel.

1034 1014 1091 1041 Non
1109 1022 1174 1048 ergo
1193 1016 1241 1043 iste
1257 1015 1381 1049 afﬂigitur
1404 1021 1491 1044 morte
1514 1016 1683 1051 cujusquam,
1702 1017 1834 1050 quoniam

1034 1061 1078 1095 qui
1092 1065 1148 1088 toto
1167 1061 1257 1089 animo
1279 1062 1364 1089 Deum
1382 1062 1478 1097 diligit,
1495 1062 1569 1090 novit
1583 1069 1633 1089 nec
1655 1061 1706 1088 sibi
1728 1062 1834 1097 perire.

1033 1105 1078 1139 qui
1091 1105 1146 1133 Deo
1163 1114 1216 1133 nixn
1233 1107 1313 1141 perit.
1330 1107 1399 1136 Deus
1414 1113 1504 1134 autein
1521 1107 1651 1135 Dominus
1676 1112 1720 1135 est
1738 1112 1764 1138 et
1785 1108 1831 1135 vi—

1032 1159 1126 1180 vorum
1138 1156 1167 1180 et
1177 1155 1355 1181 mortuorum.
1373 1153 1431 1180 Non
1444 1153 1601 1188 cujusquam
1621 1153 1729 1182 miseria
1743 1154 1832 1183 miser

1034 1204 1088 1231 est,
1104 1198 1168 1233 quia
1183 1206 1234 1227 nec
1248 1199 1405 1234 cujusquam
1422 1199 1550 1234 injuSIitia
1565 1199 1594 1227 lit
1605 1200 1735 1235 iniustus;
1749 1205 1778 1228 et
1793 1206 1830 1230 ut.

1032 1251 1111 1272 nemo
1123 1244 1159 1271 illi
1169 1244 1300 1280 justitiam
1311 1250 1338 1272 et
1352 1245 1436 1273 Deum
1449 1245 1609 1281 [deitatem],
1625 1245 1665 1273 sic
1682 1253 1762 1273 nemo
1777 1253 1832 1274 au-

1032 1289 1082 1316 fert
1094 1289 1306 1323 beatitudinem;
1321 1295 1349 1319 et
1362 1291 1385 1319 si
1396 1290 1504 1326 quando
1525 1290 1593 1318 forte
1615 1290 1729 1326 alicujus
1750 1291 1831 1326 ρει-ις

1030 1336 1103 1369 culo,
1120 1336 1163 1364 vel
1178 1344 1283 1370 eirore,
1305 1337 1349 1365 vel
1366 1337 1461 1365 dolore
1478 1342 1674 1370 commovetur,
1690 1345 1776 1371 usque
1788 1338 1829 1366 ad

1031 1381 1102 1409 illius
1115 1382 1254 1415 auxilium,
1265 1386 1312 1410 aut
1321 1383 1528 1416 correctionem,
1542 1387 1588 1410 aut
1599 1383 1828 1418 consolationem.

1029 1433 1082 1452 non
1098 1433 1182 1461 usque
1196 1426 1230 1453 ad
1242 1433 1318 1454 suam
1330 1426 1534 1455 subversionem
1550 1428 1640 1454 valere
1657 1427 1767 1462 patitur.
1792 1427 1825 1456 In

1028 1471 1153 1498 omnibus
1179 1476 1269 1499 autem
1290 1472 1418 1500 officiosis
1441 1473 1579 1501 laboribus
1602 1472 1699 1503 futurae
1720 1474 1826 1507 quietis

1028 1522 1100 1544 cei-ta
1112 1518 1311 1551 exspectatione
1327 1526 1380 1545 non
1392 1519 1533 1554 frangitur.
1557 1519 1625 1552 Quid
1645 1519 1718 1547 enim
1733 1519 1758 1547 ei
1772 1527 1825 1547 uo-

1028 1561 1108 1594 cebit,
1121 1563 1165 1597 qui
1180 1563 1301 1590 bene‘uti
1317 1565 1398 1591 etiam
1415 1565 1524 1592 iniinico
1540 1565 1643 1599 potest?
1662 1565 1727 1600 Ejus
1747 1566 1825 1594 enim

1028 1608 1151 1643 praesidio
1164 1612 1244 1642 atque
1257 1609 1421 1636 munimento
1441 1610 1594 1638 inimicitias
1615 1617 1668 1637 non
1684 1610 1823 1644 pertime-

1026 1652 1087 1686 scit,
1106 1652 1181 1687 cujus
1197 1659 1330 1688 praecepto
1347 1658 1375 1681 et
1397 1654 1469 1683 dono
1491 1655 1577 1690 diligit
1596 1655 1729 1690 inimicos,
1754 1655 1824 1683 liuie

1026 1699 1083 1725 viro
1099 1699 1124 1726 in
1139 1699 1354 1728 tribulationibus
1365 1708 1458 1736 parum
1470 1706 1511 1729 est
1527 1709 1580 1730 non
1590 1702 1824 1736 contristari,.tiisi

1025 1746 1105 1773 etiam
1138 1746 1263 1781 gaudeat,
1291 1747 1380 1775 sciens
1402 1747 1473 1782 quod
1501 1747 1637 1775 tribulatio
1663 1748 1824 1783 patientiam

1025 1796 1171 1826 operatur,
1197 1792 1324 1827 patientia
1351 1794 1558 1828 probationem,
1583 1795 1705 1830 probatio
1728 1802 1825 1829 spem,

1024 1844 1087 1871 Spes
1098 1842 1186 1865 autem
1201 1845 1254 1866 no
1268 1838 1417 1875 confundit,
1432 1839 1559 1875 quoniam
1574 1839 1692 1869 charitas
1705 1839 1753 1868 Dei
1764 1840 1822 1869 dif-

1025 1883 1081 1911 lusa
1095 1888 1136 1911 est
1151 1884 1179 1911 in
1193 1884 1321 1913 cordibus
1336 1885 1436 1913 nostris
1460 1893 1508 1921 per
1531 1886 1660 1921 Spiritum
1682 1891 1822 1922 sanctum.

1025 1929 1071 1965 qui
1084 1930 1162 1959 datus
1175 1935 1217 1960 est
1231 1931 1404 1967 uobis;quis
1427 1933 1490 1962 buie
1514 1934 1644 1962 nocebit?
1659 1934 1720 1969 quis
1745 1935 1823 1964 bone

1024 1976 1195 2011 subjugabit?
1210 1977 1290 2007 homo
1300 1978 1345 2012 qui
1357 1979 1492 2013 prosperis
1508 1979 1589 2008 rebus
1604 1979 1720 2013 prolicit,
1733 1987 1817 2015 aspe-

1027 2022 1064 2050 ris
1078 2023 1140 2057 quid
1156 2023 1302 2058 profecerit
1314 2024 1399 2052 discet
1412 2024 1524 2061 [discit].
1549 2024 1617 2054 Cum
1631 2026 1703 2057 enim
1728 2031 1821 2054 muta-

1024 2067 1114 2096 bilium
1134 2068 1265 2098 bonorum
1286 2069 1363 2099 adest
1376 2070 1463 2103 copia,
1487 2077 1542 2100 non
1566 2071 1607 2098 eis
1629 2071 1753 2105 conﬁdit;
1767 2072 1820 2101 sed

1023 2120 1084 2142 cum
1099 2114 1303 2148 subtrahuntur,
1311 2117 1465 2150 agnoscitur
1479 2115 1621 2152 [agnoscit]
1644 2121 1736 2145 utrum
1753 2125 1821 2147 cum

1024 2165 1076 2185 non
1087 2159 1219 2192 ceperint,
1229 2160 1290 2193 quia
1301 2159 1457 2195 plerumque
1467 2168 1527 2189 cum
1538 2160 1634 2189 adsunt
1646 2160 1734 2194 nobis,
1746 2166 1820 2196 puta-

1022 2210 1083 2230 mus
1096 2203 1168 2238 quod
1181 2211 1233 2232 non
1240 2204 1430 2240 eadiligamus;
1440 2205 1488 2235 sed
1500 2213 1560 2235 cum
1571 2206 1667 2237 abesse
1674 2207 1820 2242 ceperint.

1023 2248 1177 2277 invenimus
1186 2249 1232 2284 qui
1243 2250 1338 2280 simus.
1349 2251 1406 2281 Hoc
1427 2251 1499 2281 enim
1521 2252 1581 2282 sine
1603 2259 1698 2286 amore
1723 2257 1821 2285 imo

1023 2293 1126 2325 aderat,
1139 2294 1212 2330 quod
1225 2294 1284 2323 sine
1294 2294 1389 2324 daiore
1409 2296 1528 2326 discedet
1542 2295 1691 2334 [discedit],
1705 2292 1820 2330 videtur

1023 2346 1087 2374 ergo
1102 2338 1209 2367 vincere
1223 2347 1285 2372 cum
1296 2340 1427 2375 vincatur,
1438 2341 1484 2376 qui
1497 2341 1650 2378 superando
1664 2342 1701 2376 ad
1710 2341 1817 2379 idm:

1023 2385 1095 2413 venit
1109 2385 1182 2421 quod
1195 2392 1255 2414 cum
1270 2386 1364 2416 dolore
1374 2386 1523 2420 anti-surus
1537 2392 1583 2417 est
1596 2395 1606 2423 ι
1618 2393 1647 2416 et
1661 2387 1746 2421 uincit
1753 2396 1819 2422 cum

1021 2431 1092 2459 vinci
1107 2430 1241 2464 videatur.
1252 2432 1372 2467 quisquis
1382 2432 1504 2466 cedendo
1519 2433 1554 2461 ad
1568 2433 1596 2465 id
1611 2434 1734 2470 pervenit
1743 2436 1820 2471 ωιαιι

1021 2484 1075 2507 non
1084 2477 1185 2507 amittit
1195 2477 1307 2506 invitus.
1320 2478 1405 2511 Quem
1421 2478 1537 2509 delectat
1555 2486 1622 2516 951⁵19
1642 2479 1820 2516 locum“:

1020 2529 1112 2557 amore
1135 2522 1307 2551 mutabilium
1331 2530 1422 2553 rerum
1443 2523 1521 2555 liber
1545 2531 1607 2563 esse
1630 2530 1756 2563 appetat;
1781 2531 1820 2562 ,ει

1019 2575 1098 2602 quem
1113 2574 1226 2603 regnare
1240 2567 1368 2603 delectat,
1393 2569 1438 2598 uni
1458 2570 1578 2601 omnium
1594 2571 1737 2609 regnatori
1757 2572 1817 2606 Deo

1019 2613 1142 2642 subditus
1155 2613 1269 2646 litereat,
1284 2614 1344 2649 plus
1356 2622 1418 2644 eum
1430 2615 1568 2652 diligendo
1575 2623 1660 2653 qum
1671 2618 1792 2654 regem
1804 2628 1818 2654 ξ

1019 2663 1047 2685 et
1067 2659 1125 2686 haec
1139 2663 1181 2688 est
1201 2658 1320 2694 perfecta
1334 2660 1452 2697 iustitia.
1469 2667 1521 2696 qua
1542 2661 1638 2699 potius,
1654 2662 1818 2698 poticam“

1020 2705 1109 2733 minus
1123 2705 1225 2733 minora
1243 2705 1397 2741 diligimus;
1419 2707 1578 2742 sapientum.
1591 2709 1818 2747 δρὶυιμλ

1021 2751 1163 2785 perlectam
1178 2751 1258 2778 talem
1274 2751 1376 2787 diligat,
1390 2752 1498 2787 qualem
1512 2753 1587 2781 illam
1603 2754 1694 2783 videat
1705 2753 1814 2792 [videt],

1019 2797 1128 2825 stultam
1146 2805 1200 2826 non
1213 2797 1302 2830 talem,
1317 2797 1363 2825 sed
1379 2798 1441 2832 quia
1455 2805 1516 2828 esse
1527 2799 1646 2839 perfecta
1659 2805 1687 2830 et
1705 2801 1816 2839 sapit-its

1019 2849 1115 2879 potest,
1128 2843 1188 2879 quia
1201 2851 1251 2872 nec
1259 2843 1380 2879 seipsitnt
1391 2843 1473 2875 debet
1484 2845 1596 2878 clintum
1607 2838 1731 2882 diligeie.
1743 2838 1814 2876 Nam

1018 2890 1105 2926 quise
1120 2890 1207 2926 diligit
1231 2890 1354 2926 stultum,
1372 2898 1427 2927 non
1438 2891 1567 2930 proficiet
1579 2891 1613 2928 ad
1635 2893 1810 2931 sapis-uiuo,
