3974 6184
301 312 409 370 605

1519 315 1958 377 THESAIJRUS.
1996 316 2152 387 CAP.
2192 316 2378 381 XXIII.
2454 364 2455 369 η
2544 353 2557 369 ν

3484 324 3590 380 CCO

301 446 403 488 nec
430 427 529 487 ﬁet
549 431 776 502 quisque
801 430 980 501 qualis
999 430 1144 502 cupit
1171 444 1314 497 esse,
1346 431 1447 489 nisi
1477 445 1535 489 se
1563 432 1736 488 oderit
1761 446 1893 502 qna-
1921 430 2094 500 Arsit,
2125 446 2250 489 cum
2290 432 2597 504 ignoscunt,
2626 445 2698 489 ne
2734 446 2945 503 parum.
2991 432 3136 488 Nihil
3180 433 3403 509 puniant
3443 438 3585 506 quod

300 522 370 578 lis
415 532 521 578 est.
552 522 658 580 Sed
708 524 883 581 donec
922 524 988 578 ad
1037 524 1354 593 sapientiam
1402 525 1895 596 perfectionemque

301 615 575 677 veniatur,
617 629 683 671 eo
726 615 907 670 animo
960 614 1099 670 ferat
1145 615 1431 671 stultitiam
1486 616 1737 685 proximi,
1788 632 1896 685 quo

305 720 455 761 'uam
485 708 653 762 ferret
677 707 725 763 si
754 708 955 765 Stultus
1006 717 1173 773 esset,
1206 717 1259 764 et
1301 718 1508 764 amaret
1553 710 1895 779 sapientiam.

300 798 644 867 Quapropter
671 798 716 853 si
744 807 799 853 et
822 800 933 869 ipsa
964 799 1212 869 superbia
1241 816 1385 856 vera:
1415 801 1676 859 libertatis
1702 811 1757 858 et
1786 801 1897 856 veri

302 891 454 959 regni
484 892 672 947 umbra
702 900 808 956 est,
832 891 995 946 etiam
1030 907 1121 959 per
1151 892 1323 962 ipsam
1369 909 1468 949 nos
1508 904 1898 948 commemorat

302 982 482 1036 divina
517 982 870 1050 providentia,
905 982 1032 1053 quid
1058 984 1427 1055 significentur
1463 985 1662 1053 vitiosi,
1694 996 1748 1040 et
1789 1001 1897 1055 quo

304 1076 603 1134 debeamus
646 1074 827 1131 redire
869 1077 1123 1132 conecti.
1149 1078 1267 1133 1am
1304 1093 1432 1133 vero
1461 1093 1653 1134 cuneta
1681 1089 1894 1151 specta-

306 1168 450 1236 cula,
482 1177 540 1222 ct
569 1169 748 1225 omnia
781 1168 869 1223 illa
900 1184 1021 1240 qua:
1065 1170 1367 1239 appellatur
1416 1172 1717 1236 curiositas,
1769 1171 1896 1241 (ιυῗά

310 1260 455 1317 aliud
490 1263 686 1331 qutcrit
732 1276 892 1331 quam
932 1262 1005 1317 de
1050 1277 1229 1318 rerum
1271 1262 1582 1329 cognitione
1623 1264 1898 1322 laztitiam?

308 1352 447 1422 Quid
481 1369 610 1425 ergo
636 1353 1025 1419 admirabilius,
1056 1355 1187 1423 quid
1224 1357 1524 1424 speciosius
1583 1356 1695 1425 ipsa
1749 1357 1896 1412 veri—

310 1456 439 1514 tate,
468 1446 538 1500 ad
562 1462 721 1517 quam
751 1457 1022 1516 spectator
1056 1448 1235 1502 omnia
1264 1449 1550 1518 pervenire
1596 1463 1656 1503 se
1700 1464 1900 1517 cupere

310 1539 627 1606 conﬁtetur,
662 1554 790 1595 cum
836 1539 1190 1599 vehementer
1218 1556 1288 1597 ne
1314 1539 1531 1599 lallatur
1558 1541 1836 1612 invigilat?

864 1690 1091 1746 CAPUT
1132 1690 1321 1748 XXIII.

2002 538 2107 579 non
2136 523 2311 576 valeat
2337 520 2405 577 ad
2436 522 2655 585 melius,
2687 523 2827 578 nihil
2851 521 3163 595 indulgeant
3189 523 3329 593 quod
3355 532 3590 579 vertatur

2002 616 2053 666 in
2082 614 2256 684 pejus,
2308 628 2435 669 suos
2467 623 2654 681 putent
2679 628 2868 669 omnes
2911 613 2964 666 in
3013 629 3151 683 quos
3200 614 3299 668 sibi
3353 624 3591 680 potestas

2000 704 2119 758 data
2154 704 2346 768 fuerit;
2381 705 2451 758 ita
2473 705 2733 769 serviant,
2760 714 2814 758 ut
2844 704 2921 761 eis
2950 705 3218 760 dominari
3267 705 3491 774 pudeat;
3518 707 3591 758 ita

2008 794 2377 862 dominentur,
2413 804 2466 853 ut
2513 795 2592 851 eis
2638 796 2844 853 servire
2892 795 3146 853 delectet.
3192 796 3249 849 ln
3292 795 3591 850 alienorum

1999 894 2176 946 autem
2213 885 2448 951 peccatis
2475 883 2686 937 molesti
2737 900 2842 938 non
2889 885 2994 939 sint
3044 884 3232 937 invito.
3282 883 3593 937 Inimicitias

2001 976 2170 1032 visent
2190 974 2524 1039 cautissime,
2542 974 2647 1033 ferai
2662 984 2721 1028 nt.
2742 975 3074 1044 aequissime,
3097 976 3283 1028 ﬁniant
3308 974 3591 1029 citissime.

2001 1068 2058 1121 In
2106 1067 2252 1122 omni
2294 1082 2426 1121 vero
2465 1075 2749 1121 contractu
2798 1076 2957 1134 atque
3009 1068 3424 1122 conversatione
3471 1080 3593 1119 cum

2003 1158 2335 1221 hominibus,
2367 1157 2500 1209 satis
2520 1165 2604 1210 est
2636 1170 2851 1210 servare
2883 1171 3045 1208 unum
3089 1155 3190 1209 hnc
3220 1156 3435 1223 vulgare
3473 1170 3594 1221 pro-

2000 1250 2248 1305 verbium
2281 1266 2292 1301 :
2324 1248 2533 1304 Nemini
2578 1248 2773 1303 faciant
2799 1247 2941 1318 quod
2970 1248 3075 1315 pati
3118 1248 3322 1302 nolunt.
3358 1247 3596 1317 Rempu-

2004 1343 2197 1401 blicam
2226 1341 2399 1396 nolint
2428 1340 2807 1397 administrare
2838 1340 2940 1395 nisi
2974 1339 3219 1411 perfecti.
3248 1340 3472 1395 Perfccti
3505 1357 3592 1393 an-

2003 1444 2109 1490 tem
2143 1435 2227 1490 vel
2259 1435 2402 1491 intra
2436 1444 2649 1491 aetatem
2675 1424 3002 1488 senatoriam
3037 1432 3309 1498 festinent,
3339 1435 3420 1488 vel
3443 1445 3590 1487 certe

2005 1528 2145 1585 intra
2163 1527 2537 1597 juventntem;
2568 1526 2663 1582 sed
2700 1527 2944 1596 quisquis
2969 1542 3093 1582 sero
3117 1544 3175 1582 se
3213 1528 3277 1581 ad
3334 1528 3431 1581 ista
3468 1543 3596 1581 con-

2012 1620 2257 1685 verterit,
2288 1635 2396 1675 non
2439 1617 2729 1673 arbitretur
2762 1617 2889 1671 nihil
2932 1619 3035 1673 sibi
3086 1632 3207 1673 esse
3247 1628 3596 1689 praeceptum,

2006 1727 2127 1768 nam
2179 1714 2276 1767 ista
2320 1710 2504 1781 utique
2554 1713 2758 1769 facilius
2786 1712 3008 1768 decocta
3051 1722 3210 1769 aetate
3251 1714 3509 1767 servabit.
3541 1712 3597 1767 lu

316 1802 464 1877 Quod
488 1802 587 1860 Dei
618 1804 834 1877 [catella
860 1805 1094 1873 quadam
1124 1806 1401 1877 disciplina
1426 1806 1512 1869 ait,
1540 1823 1605 1862 ea:
1627 1806 1758 1864 libra
1780 1822 1820 1863 ιι
1842 1807 1905 1862 de
1936 1811 1982 1873 Β
2006 1808 2152 1862 omni
2186 1820 2370 1863 autem
2399 1809 2528 1871 vita,
2556 1808 2693 1870 loto,
2728 1817 2988 1876 tempore,
3022 1808 3227 1864 amicos
3258 1810 3599 1865 authabeant

671 1875 882 1939 Ordine,
906 1883 952 1929 et
973 1887 1178 1940 cetera,
1196 1885 1243 1929 et
1263 1878 1331 1929 ad
1351 1874 1542 1930 locum.

381 1987 523 2044 Cum
565 2003 755 2048 omnes
803 2003 1080 2047 cernerem
1148 1988 1542 2047 studiosissime
1571 2005 1634 2048 ac
1673 2005 1769 2060 pro
1792 1993 1904 2050 suis

314 2095 584 2150 quemque
614 2080 817 2135 viribus
843 2080 1006 2136 Deum
1038 2096 1306 2151 quaerere,
1337 2081 1433 2139 sed
1491 2083 1664 2152 ipsum
1694 2083 1763 2141 de
1800 2099 1907 2151 quo

317 2172 612 2242 agebamus
630 2171 872 2227 ordinem
888 2186 991 2227 non
1014 2181 1215 2237 tenere,
1230 2187 1336 2241 quo
1360 2172 1426 2229 ad
1450 2173 1597 2229 illius
1622 2174 1917 2233 iuetfabitis

315 2261 613 2332 majestatis
656 2260 1062 2332 intelligentiam
1111 2264 1448 2331 pervenitur,
1498 2280 1596 2319 oro
1639 2280 1774 2330 vos,
1819 2267 1904 2320 in-

314 2367 494 2421 quam,
529 2353 601 2418 si,
633 2362 690 2407 ut
720 2351 897 2420 video,
929 2354 1154 2409 multum
1179 2353 1397 2423 diligitis
1419 2354 1686 2421 ordinem,
1721 2371 1787 2412 ne
1807 2370 1907 2412 nos

325 2456 691 2517 praposteros
730 2455 783 2500 ct
814 2444 1149 2529 inordinatos
1188 2461 1309 2502 esse
1358 2448 1657 2517 patiamini.
1706 2448 1906 2516 Quam-

314 2555 470 2609 quam
515 2538 661 2595 cnitu
704 2537 1070 2595 occultissima
1120 2539 1256 2613 ratio
1301 2552 1362 2593 se
1414 2538 1907 2596 demonstraturam

316 2632 635 2702 polliceatur
671 2630 806 2687 nihil
864 2643 1059 2702 praeter
1086 2631 1327 2689 divinum
1366 2632 1610 2688 ordinem
1645 2633 1782 2699 ﬁeri,
1826 2642 1908 2688 ta-

314 2738 437 2780 men
462 2724 510 2779 si
538 2724 843 2793 quempiam
886 2722 1314 2793 ludimagistrum
1355 2724 1668 2781 audiremus
1705 2741 1913 2791 conan-e

316 2826 422 2872 tem
476 2815 673 2871 ducere
721 2829 942 2885 puerum
1000 2815 1233 2886 syllabas
1288 2830 1447 2886 quem
1500 2815 1647 2885 prius
1697 2816 1907 2874 litte:as

316 2923 475 2969 nemo
494 2909 789 2974 docuisset,
810 2923 914 2964 non
936 2908 1057 2962 dico
1077 2909 1359 2965 ridendum
1387 2919 1641 2979 tanquam
1653 2910 1904 2977 stultum,

324 3003 420 3060 sed
452 3002 795 3059 vinciendum
838 3011 1089 3072 tanquam
1132 3002 1395 3058 furiosum
1424 3011 1770 3072 putaremus:
1797 3019 1903 3063 non

318 3096 387 3152 ob
418 3093 586 3160 aliud,
631 3093 843 3161 Opinor,
874 3093 977 3149 nisi
1030 3092 1172 3162 quod
1220 3093 1451 3148 docendi
1499 3093 1744 3150 ordinem
1793 3108 1903 3155 non

2008 1909 2100 1953 aut
2129 1899 2325 1953 habere
2368 1900 2591 1953 instent.
2632 1899 3008 1965 Obsequantnr
3034 1900 3232 1969 dignis,
3277 1904 3438 1955 etiam
3490 1917 3603 1957 non

2011 1992 2113 2048 hoc
2139 1991 2603 2063 exspectantibus,
2628 1992 2894 2060 superbos
2920 1994 3098 2046 minus
3133 2004 3344 2058 curent,
3378 1995 3604 2053 minimo

2008 2082 2138 2149 sint,
2172 2092 2298 2152 apte
2323 2094 2796 2153 congruenterque
2828 2086 3030 2139 vivant.
3069 2086 3237 2140 Deum
3278 2089 3476 2151 colant,
3509 2105 3601 2140 cn-

2007 2175 2199 2245 gitcnt,
2231 2186 2475 2246 quaerant
2524 2176 2651 2241 fide,
2689 2191 2808 2247 spe,
2840 2178 3104 2233 clmritate
3150 2179 3384 2246 subnixi,
3417 2190 3603 2250 optent

2008 2268 2454 2338 tranquillitatem
2500 2278 2668 2342 atque
2718 2281 2923 2326 certum
2982 2287 3199 2326 cursum
3254 2273 3446 2329 studiis
3488 2275 3605 2328 suis

2008 2358 2355 2431 onmiumque
2404 2362 2701 2425 sociorum,
2757 2373 2810 2418 et
2854 2362 2954 2416 sibi
3014 2365 3319 2433 quibusque
3376 2374 3603 2434 possm-t

2010 2459 2251 2505 mentem
2285 2451 2478 2505 bonum
2515 2462 2870 2522 pacatamque
2900 2456 3081 2509 vitam.
3123 2455 3376 2523 Sequitur
3416 2468 3472 2521 ut
3518 2458 3598 2509 di-

2008 2557 2123 2595 cam
2174 2542 2445 2611 quomodo
2495 2544 2723 2598 studiosi
2755 2546 2955 2599 erudiri
3000 2546 3253 2613 debeant,
3300 2549 3411 2615 qui,
3460 2549 3603 2621 sicut

2007 2633 2210 2687 dictum
2238 2643 2341 2702 est,
2371 2636 2551 2690 vivere
2578 2634 2925 2689 instituerunt
2967 2637 3033 2690 ad
3080 2638 3420 2693 discendum.
3468 2639 3596 2693 Item

2011 2725 2321 2778 necessario
2371 2725 2657 2793 dupliciter
2727 2725 3004 2793 ducimur,
3059 2729 3376 2783 auctoritate
3432 2737 3597 2799 atque

2008 2818 2253 2882 ratione;
2295 2828 2539 2887 tempore
2588 2821 2903 2886 auctoritas,
2955 2835 3015 2874 re
3061 2830 3238 2875 autem
3270 2822 3405 2875 ratio
3453 2824 3598 2891 prior

2008 2920 2111 2964 est.
2141 2910 2301 2964 Aliud
2344 2922 2427 2965 est
2468 2912 2608 2964 enim
2658 2912 2800 2980 quod
2858 2912 2908 2965 in
2968 2912 3176 2982 agendo
3230 2917 3590 2982 anteponitnr,

2007 3003 2149 3058 aliud
2188 3002 2333 3072 quod
2377 3004 2544 3072 pluris
2593 3004 2646 3057 in
2687 3005 2991 3073 appetendo
3037 3005 3355 3061 aestimatur.
3408 3006 3595 3075 Itaque

2010 3110 2315 3166 quanquam
2340 3095 2603 3150 bonorum
2645 3097 2934 3151 auctoritas
2974 3097 3234 3165 imperitae
3264 3098 3595 3154 multitudini

318 3195 544 3247 teneret.
575 3186 645 3241 At
688 3185 853 3240 multa
882 3185 1006 3238 talia
1054 3194 1110 3239 et
1152 3184 1431 3254 imperitos
1476 3200 1597 3253 qua:
1646 3200 1676 3240 a
1727 3185 1902 3241 doctis
1931 3171 1987 3251 CA
2007 3190 2255 3244 videatur
2295 3204 2416 3244 esse
2464 3189 2752 3253 salubrior,
2804 3189 2940 3242 ratio
2967 3204 3094 3242 vero
3123 3189 3318 3253 aptior,
3370 3191 3598 3245 eruditis

316 3278 781 3348 reprehendantur
802 3291 864 3331 ac
883 3276 1247 3342 derideantur,
1276 3286 1329 3331 et
1349 3277 1628 3333 dementes
1653 3276 1903 3337 homines

314 3386 435 3443 qua:
476 3384 579 3427 nec
624 3369 911 3427 stultorum
953 3368 1218 3437 judicium
1266 3368 1498 3438 fugiunt,
1532 3369 1712 3425 facere
1741 3384 1903 3425 nemo

314 3461 557 3529 ambigit,
599 3467 656 3514 et
694 3468 872 3517 tamen
912 3459 1077 3514 etiam
1127 3460 1228 3514 ista
1276 3460 1454 3516 omnia
1504 3476 1623 3529 qna:
1672 3460 1905 3516 fatemur

313 3567 434 3607 esse
464 3566 744 3617 perversa,
778 3566 885 3605 non
930 3564 1053 3605 esse
1105 3558 1301 3619 praeter
1343 3550 1584 3607 divinum
1631 3553 1901 3609 ordinem.

311 3646 432 3701 Alta
460 3644 708 3713 qutedam
722 3654 819 3699 eta
834 3644 1193 3703 multitudinis
1224 3644 1309 3698 vel
1328 3644 1631 3712 suspicione
1652 3646 1904 3702 remotis-

312 3741 445 3799 sima
474 3738 780 3807 disciplina,
814 3752 873 3795 se
903 3736 970 3791 ita
1002 3736 1282 3801 studiosis,
1315 3747 1368 3791 et
1398 3737 1561 3792 Deum
1586 3746 1748 3807 atque
1777 3738 1900 3793 ani-

315 3845 431 3885 mas
464 3839 674 3883 tantum
705 3828 1010 3891 amantibus
1038 3829 1253 3895 animis,
1280 3828 1741 3883 manifestatnram
1775 3844 1903 3886 esse

314 3922 606 3991 promittit,
641 3931 698 3976 nt
726 3938 831 3984 non
866 3923 1022 3976 nobis
1052 3937 1278 3979 summa:
1305 3936 1649 3978 numerorum
1696 3924 1902 3993 possint

314 4028 433 4069 esse
449 4014 733 4070 certiores.
760 4013 886 4069 lltcc
907 4022 1083 4070 autem
1105 4013 1391 4082 disciplina
1426 4015 1536 4082 ipsa
1566 4014 1656 4068 Dei
1685 4015 1767 4069 lex
1793 4022 1897 4083 est,

312 4121 431 4178 qua:
454 4106 595 4175 apud
625 4120 750 4160 eum
777 4106 878 4159 lixa
900 4112 956 4160 et
985 4104 1304 4165 inconcussa
1327 4119 1540 4172 semper
1569 4120 1818 4172 manens,
1844 4106 1898 4160 in

311 4202 582 4266 sapientes
632 4197 842 4253 animas
885 4198 1039 4267 quasi
1082 4198 1493 4263 transcribitur,
1536 4206 1593 4251 ut
1640 4206 1789 4253 tanto
1840 4212 1900 4254 se

308 4294 486 4348 sciant
532 4294 716 4349 vivere
740 4292 970 4357 melius,
998 4300 1250 4362 tantoque
1275 4290 1581 4357 sublimius,
1613 4300 1813 4360 quanto
1843 4301 1899 4346 et

310 4386 603 4453 perfectius
641 4400 760 4443 eam
806 4386 1240 4456 contetttplantur
1283 4384 1651 4455 intelligendo,
1711 4394 1766 4441 et
1813 4400 1895 4439 νι-

308 4477 483 4533 vendo
509 4478 820 4534 custodiunt
860 4478 1188 4547 diligentius.
1232 4477 1357 4534 llaec
1402 4477 1563 4547 igitur
1608 4477 1895 4547 disciplina

2009 3291 2191 3336 tamen
2220 3280 2368 3351 (quia
2396 3280 2574 3339 nullus
2603 3280 2875 3334 hominum
2912 3278 3031 3332 nisi
3059 3294 3124 3334 ex
3174 3280 3423 3348 imperito
3455 3284 3598 3349 ρει-ις

2013 3385 2099 3430 tus
2127 3375 2207 3441 tit,
2238 3373 2415 3427 nullus
2440 3382 2623 3428 autem
2653 3371 2934 3440 imperitus
2956 3380 3109 3426 novit
3129 3372 3339 3441 qualem
3383 3387 3443 3426 se
3493 3375 3592 3426 dc-

2007 3466 2134 3521 bcat
2164 3465 2408 3534 praebere
2432 3464 2776 3528 docentibus,
2807 3472 2857 3517 et
2885 3462 3030 3532 quali
3062 3464 3173 3517 vita
3193 3479 3318 3519 esse
3345 3465 3596 3520 docibiiia

2007 3559 2200 3629 possit)
2243 3558 2421 3613 evenit
2470 3566 2534 3611 ut
2576 3557 2829 3611 omnibus
2858 3557 2995 3611 bona
3057 3572 3247 3626 magna
3274 3568 3343 3614 .et
3385 3560 3593 3614 occulta

2005 3653 2216 3709 discere
2264 3652 2607 3720 cupientibus
2659 3666 2763 3706 non
2795 3653 3003 3720 aperiat
3032 3652 3136 3712 nisi
3176 3653 3469 3707 auctoritas
3506 3656 3597 3722 ᾗ.-

2005 3759 2188 3807 uuam,
2215 3758 2375 3812 quam
2405 3742 2634 3813 quisque
2665 3742 2954 3812 ingressos,
2979 3744 3098 3798 sine
3124 3744 3232 3797 ulla
3258 3744 3594 3799 dubitatione

2005 3835 2132 3888 vitae
2161 3836 2378 3903 optima:
2408 3841 2672 3902 praecepta
2702 3840 2957 3897 sectatur,
2983 3848 3079 3902 per
3099 3849 3238 3903 quat,
3263 3849 3384 3893 cum
3406 3835 3596 3892 docilis

2003 3923 2175 3979 factus
2201 3923 2384 3991 tuerit,
2418 3933 2529 3977 tum
2577 3922 2790 3977 demum
2832 3922 3006 3976 discet
3061 3932 3115 3978 et
3147 3934 3341 3991 quanta
3384 3926 3595 3980 ratione

2005 4016 2231 4084 praedita
2267 4016 2378 4070 sint
2406 4029 2469 4070 ea
2502 4014 2613 4075 ipsa
2643 4028 2764 4081 quae
2791 4025 3004 4068 secutus
3029 4023 3110 4069 est
3145 4025 3270 4074 ante
3304 4017 3589 4081 rationem,

2001 4118 2056 4165 et
2084 4108 2212 4177 quid
2246 4108 2315 4162 sit
2346 4108 2461 4176 ipsa
2503 4111 2659 4171 ratio,
2695 4120 2817 4175 qua:
2847 4104 3051 4178 [quam]
3097 4113 3215 4174 post
3256 4108 3593 4162 auctoritatis

2000 4198 2265 4254 cunabula
2293 4198 2479 4252 firmus
2508 4205 2564 4252 et
2591 4196 2815 4251 idoneus
2842 4196 2952 4266 jam
2983 4198 3228 4265 sequitur
3255 4207 3417 4267 atque
3441 4213 3592 4252 com-

2004 4287 2310 4359 prehendit.
2344 4288 2411 4343 Et
2434 4287 2561 4359 quid
2584 4287 2891 4344 intellectus
2925 4290 2976 4343 in
3001 4302 3108 4357 quo
3150 4288 3397 4346 universa
3442 4298 3588 4353 sunt,

1998 4381 2084 4435 vel
2131 4381 2246 4449 ipse
2276 4380 2453 4448 potius
2496 4379 2776 4444 universa,
2823 4388 2881 4435 et
2920 4379 3053 4449 quid
3102 4390 3298 4450 prater
3341 4381 3591 4436 universa

2000 4470 2372 4525 universorum
2405 4468 2767 4538 principium?
2798 4467 2895 4523 Ad.
2921 4482 3081 4538 quam
3118 4471 3490 4539 cognitionem
3533 4471 3593 4528 iit

316 4569 398 4622 eis
425 4568 517 4638 qui
544 4569 688 4625 illam
718 4568 1219 4625 nossedesiderant
1244 4568 1404 4623 simul
1432 4568 1704 4640 geminum
1751 4568 1895 4625 ordi-
1926 4547 2103 4619 Dbac
2138 4564 2247 4619 vita
2286 4561 2573 4632 pervenire
2623 4561 2959 4635 [pervenere]
3006 4562 3184 4631 pauci,
3240 4562 3383 4619 ultra
3426 4579 3592 4632 quam

310 4675 436 4719 nem
456 4661 609 4731 aequi
654 4662 828 4729 iubet,
855 4661 1010 4729 cujus
1035 4675 1140 4721 una
1175 4674 1297 4728 pars
1327 4661 1473 4724 vitae,
1504 4660 1670 4719 altera
1716 4661 1895 4718 erudi-

307 4754 472 4808 tionis
502 4762 605 4811 est.
631 4751 1085 4809 Adulescentibus
1113 4766 1241 4821 ergo
1263 4751 1520 4807 studiosis
1543 4752 1661 4822 ejus
1697 4753 1768 4807 ita
1815 4753 1894 4808 vi-

301 4843 539 4899 vendum
566 4845 675 4916 30
698 4851 804 4909 cst,
842 4851 898 4897 ut
937 4857 967 4895 a
1014 4845 1259 4901 venereis
1303 4844 1484 4908 rebus,
1516 4843 1584 4897 ab
1627 4844 1892 4900 illecebris

302 4936 513 4993 ventris
538 4945 591 4990 et
614 4938 869 5005 gutturis,
890 4938 961 4993 ab
1001 4933 1324 4997 immodeste
1369 4934 1614 5002 corporis
1649 4936 1793 4989 cultu
1834 4944 1891 4991 et

300 5038 525 5094 ornatu,
574 5027 644 5083 ab
695 5026 945 5087 inanibus
995 5025 1221 5095 negotiis
1267 5025 1535 5093 ludorum,
1585 5040 1615 5078 a
1674 5036 1893 5094 torpore

300 5116 481 5173 somni
509 5127 671 5186 atque
712 5117 958 5187 pigritiae,
985 5114 1056 5170 ab
1085 5116 1447 5181 mmulatiune,
1475 5116 1897 5183 obtrectatione,

299 5207 619 5273 invidentia,
646 5210 714 5262 ab
736 5208 998 5262 honorum
1023 5215 1459 5278 potestatumque
1483 5206 1901 5279 ambitionibus,

297 5300 370 5354 ab
424 5301 592 5371 ipsius
621 5301 782 5355 etiam
807 5299 978 5355 laudis
1004 5298 1286 5353 immodica
1315 5299 1604 5368 cupiditate
1644 5312 1703 5352 se
1735 5298 1895 5352 abstio

298 5402 486 5448 neant.
513 5394 767 5449 Amorem
792 5400 972 5447 autem
1002 5391 1245 5461 pecunia:
1291 5392 1456 5445 totius
1502 5390 1582 5445 sui
1613 5389 1729 5459 spei
1769 5404 1887 5444 cer-

298 5486 571 5540 tissimum
610 5499 879 5539 venenum
900 5498 1026 5539 esse
1054 5483 1297 5538 credant.
1328 5481 1469 5537 Nihil
1506 5482 1782 5537 enervitcr
1807 5480 1887 5534 fa-

297 5576 463 5641 ciant,
499 5575 632 5630 nibil
655 5575 947 5642 audacter;
982 5578 1034 5630 in
1064 5575 1297 5645 peccatis
1337 5582 1515 5629 autem
1545 5589 1763 5629 suorum
1802 5576 1884 5627 vel

297 5672 505 5738 pellant
542 5672 761 5725 omnino
806 5672 959 5737 iram,
1006 5670 1087 5723 Vel
1122 5671 1189 5722 ita
1224 5670 1460 5734 frenent,
1511 5678 1568 5723 nt
1611 5670 1680 5721 sit
1720 5666 1885 5736 pulsa:

298 5761 530 5825 similis;
558 5760 824 5815 neminem
856 5761 1086 5825 oderint,
1120 5760 1264 5813 nulla
1297 5760 1419 5813 vitia
1449 5774 1554 5812 non
1582 5773 1771 5812 curare
1800 5772 1889 5812 ve~

299 5850 421 5909 lini.
446 5851 769 5923 Magnopere
794 5854 1080 5910 observent
1111 5867 1228 5906 cum
1248 5849 1539 5917 vindicant,
1573 5862 1641 5905 nc
1660 5850 1899 5902 nimiunr

2000 4671 2129 4711 vero
2150 4655 2314 4711 etiam
2346 4663 2467 4725 post
2488 4654 2639 4708 aliane
2680 4653 2845 4709 vitam
2873 4667 3035 4708 nemo
3084 4654 3332 4724 progredi
3386 4665 3587 4722 potest.

1999 4749 2099 4815 Qui
2130 4757 2313 4804 autem
2338 4748 2453 4802 sola
2496 4745 2821 4800 auctoritate
2865 4747 3125 4811 contenti,
3173 4746 3327 4803 bouis
3379 4757 3589 4805 tantum

1999 4836 2239 4893 moribus
2280 4837 2546 4907 rectisque
2574 4836 2711 4891 votis
2738 4844 3047 4891 constanter
3064 4849 3285 4905 cperam
3313 4836 3589 4903 dederint,

1998 4938 2089 4983 aut
2116 4937 2547 4990 contemnentes,
2579 4936 2675 4979 ant
2699 4938 2804 4980 non
2836 4924 3076 4982 valentes
3115 4925 3415 4995 disciplinis
3445 4929 3585 4985 libe-

1998 5020 2199 5074 ralibus
2242 5028 2404 5086 atque
2445 5015 2661 5084 optimis
2691 5014 2915 5080 erudiri,
2962 5015 3152 5076 beatos
3194 5033 3291 5074 eos
3339 5021 3581 5090 quidem,

1993 5126 2117 5165 cum
2146 5112 2283 5165 inter
2306 5106 2552 5164 homines
2579 5107 2985 5173 vivunt,nescio
3001 5110 3276 5177 quomodo
3294 5113 3583 5182 appellem,

1994 5214 2170 5258 tamen
2202 5202 2519 5261 inconcusse
2553 5198 2745 5264 credo,
2784 5215 2909 5255 mos
2955 5209 3015 5257 ut
3059 5200 3161 5257 hoc
3196 5216 3400 5270 eoipus
3456 5202 3582 5257 reli-

1992 5295 2226 5364 ψιιιτίιιι,
2263 5306 2357 5347 eos
2395 5294 2503 5360 qui.
2535 5292 2675 5348 bene
2719 5292 2888 5361 magis
2919 5291 3165 5349 minusve
3207 5293 3471 5355 vixerunt.
3514 5307 3582 5347 eo

1992 5387 2198 5441 facilius
2225 5395 2320 5440 aut
2348 5385 2626 5440 difﬁcilius
2655 5384 2901 5440 liberari.
2925 5384 3234 5439 Auctoritas
3261 5395 3439 5441 autem
3459 5399 3581 5453 par-

1990 5480 2082 5533 tim
2129 5477 2306 5532 divina
2358 5489 2466 5543 est,
2514 5478 2708 5546 partim
2756 5478 3018 5537 humana;
3065 5476 3355 5539 κώνεια.
3403 5477 3577 5545 ﬁrma,

1988 5586 2205 5626 summa
2225 5585 2288 5627 ea
2322 5580 2439 5635 est,
2469 5585 2591 5640 qua
2618 5569 2799 5624 divina
2840 5569 3172 5621 nominatur.
3220 5567 3273 5622 In
3322 5584 3424 5636 qua
3467 5586 3583 5624 me.

1992 5664 2190 5718 tuenda
2235 5670 2323 5718 est
2352 5661 2626 5716 aeriarum
2666 5658 2982 5717 animalium
3026 5660 3159 5712 inira
3202 5657 3427 5725 fallacia,
3459 5678 3581 5731 qua

1991 5773 2085 5825 per
2122 5771 2299 5809 rerum
2349 5757 2416 5807 ad
2474 5756 2610 5808 istos
2662 5766 2855 5807 sensus
2904 5753 3148 5818 corporis
3200 5757 3583 5820 pertinentinn

1990 5848 2247 5917 tjuaadatn
2282 5842 2652 5900 divinationes
2694 5842 3086 5915 nonnullasque
3120 5848 3397 5916 potentias
3444 5848 3585 5904 decr
