3956 6180
352 327 451 384 507

1419 326 1481 382 D.
1517 320 1841 382 EUGYPPII
1881 318 2173 382 ABBH‘IS
2201 322 2524 382 AFRICANI

3517 319 3625 381 ωε

355 457 484 506 pere
513 439 720 496 animas
764 439 1011 495 facillime
1038 445 1386 503 consuerunt,
1439 447 1530 491 aut
1580 437 1940 506 periturarum
1971 438 2018 492 Α
2047 437 2133 505 qui
2165 438 2435 492 hominem
2479 436 2788 506 loquentem
2838 451 2944 491 non
2979 433 3324 506 intelligeret,
3357 436 3402 490 si
3431 451 3554 496 eum
3595 452 3625 491 a

357 534 689 586 fortunarqu
753 533 1026 596 curio-as,
1085 539 1176 582 aut
1224 527 1486 595 fragilium
1536 525 1798 594 cupiditas
1843 541 1938 595 po-

361 633 635 688 testatum,
661 633 757 677 aut
796 625 1032 678 inanium
1068 619 1486 675 fortnidolositas
1539 618 1938 673 miraculorum.

369 716 461 770 Illa
494 733 622 786 ergo
651 717 945 770 auctoritas
971 714 1154 769 divina
1195 713 1422 769 dicenda
1451 722 1555 778 est,
1585 729 1703 783 quae
1737 727 1840 766 non
1865 726 1944 764 so-

362 806 466 858 lum
497 807 548 858 in
573 806 919 860 sensibilibus
946 805 1112 876 signis
1148 805 1480 860 transcendit
1509 819 1721 858 omnem
1754 803 1943 857 huma-

359 911 481 949 nam
507 896 831 961 facultatem,
865 897 959 951 sed
988 906 1042 952 et
1071 897 1243 965 ipsum
1277 896 1545 951 hominem
1575 909 1739 965 agens
1764 904 1945 949 osten-

357 987 438 1039 dit
459 989 505 1040 ei
535 1003 814 1057 quousque
843 1007 901 1043 se
931 997 1150 1058 pmpter
1174 988 1348 1056 ipsum
1375 987 1721 1057 depre~serit,
1752 997 1804 1041 et
1836 1000 1943 1039 non

363 1080 530 1131 teneri
561 1080 811 1133 sensibus
834 1081 1028 1149 quibus
1058 1079 1416 1133 videnturilla
1451 1079 1714 1144 miranda,
1750 1077 1844 1133 sed
1877 1078 1942 1133 ad

362 1173 693 1227 intellectum
743 1173 894 1244 jubet
948 1175 1162 1229 evolare
1197 1193 1210 1228 :
1243 1174 1403 1229 simul
1433 1175 1839 1239 demonstrans,
1892 1184 1946 1229 et

359 1279 560 1336 quanta
586 1269 672 1322 hic
706 1267 892 1336 possit,
925 1279 978 1322 ct
1007 1285 1103 1323 cur
1138 1267 1463 1334 hmeJ‘aciat,
1494 1278 1548 1324 et
1577 1284 1736 1339 quam
1773 1269 1947 1336 parvi-

367 1359 813 1426 pendat.Doceat
866 1362 1009 1415 enim
1052 1370 1266 1430 Oportet
1319 1371 1374 1415 et
1425 1360 1580 1415 factis
1627 1369 1945 1430 potestatem

363 1464 539 1513 suam,
563 1459 615 1503 et
647 1450 944 1504 humilitate
973 1450 1336 1515 clementiam,
1369 1460 1420 1505 et
1461 1453 1822 1520 prmeeptione
1852 1467 1948 1506 tta-

364 1549 562 1593 turam.
595 1540 723 1606 Qua:
749 1539 926 1593 omnia
953 1541 1122 1593 sacris
1150 1540 1345 1609 quibus
1371 1540 1646 1596 initiamur
1687 1543 1949 1597 secretius

367 1631 684 1699 ﬁrmiusque
712 1631 1011 1695 traduntur,
1043 1632 1094 1685 in
1124 1632 1320 1700 quibus
1351 1633 1614 1686 bonorum
1648 1632 1754 1686 vita
1794 1632 1946 1688 facil-

366 1721 492 1774 lime
517 1738 621 1775 non
645 1723 1062 1792 disputationum
1085 1723 1418 1792 ambagibus,
1447 1724 1541 1780 sed
1569 1724 1946 1794 mysteriorum

2045 529 2303 585 diabolica
2349 530 2598 600 passione
2641 530 2895 584 immunis
2944 530 3172 584 audiret.
3218 529 3349 582 Nam
3395 527 3628 597 etquod

2044 622 2230 677 audire
2261 631 2511 690 putantur
2532 632 2585 675 et
2611 620 2906 690 intelligere
2931 629 3210 690 serpentes
3239 620 3400 675 verba
3428 619 3631 674 Marso-

2045 729 2187 778 rum,
2222 723 2279 768 ut
2316 714 2397 768 eis
2437 713 2834 768 incantantibus
2876 715 3156 779 prosiliant
3193 716 3510 785 plerumque
3561 714 3632 769 de

2046 804 2286 870 latebris,
2314 806 2471 860 etiam
2501 805 2609 860 illic
2649 804 2908 859 diabolica
2939 807 3020 861 vis
3048 815 3322 874 Operatur,
3356 805 3421 860 ad
3464 822 3632 877 agno-

2046 897 2298 950 scendam
2348 897 2545 968 ubique
2601 898 3009 964 providentiam,
3042 912 3202 968 quam
3260 912 3375 951 rem
3421 896 3508 951 cui
3551 896 3630 950 rei

2048 989 2275 1042 naturali
2303 977 2489 1044 Ordine
2519 988 2783 1057 subjiciat,
2815 999 2867 1044 et
2903 987 3006 1060 [ut]
3038 989 3164 1058 quid
3188 989 3348 1042 etiam
3377 989 3627 1043 volunta-

2052 1080 2191 1134 tibus
2219 1082 2373 1136 malis
2404 1082 2802 1151 sapientissima
2822 1091 3085 1151 potestate
3108 1083 3404 1150 permittat.
3438 1081 3507 1136 Ut
3529 1080 3632 1134 hoc

2049 1174 2218 1243 magis
2276 1174 2472 1228 habeat
2517 1188 2644 1227 usus
2693 1183 2968 1242 serpentes
3027 1171 3231 1226 moveri
3302 1169 3632 1226 carminibus

2051 1265 2347 1333 hominum,
2415 1281 2573 1336 quam
2626 1263 2793 1319 ullum
2833 1264 2978 1319 aliud
3031 1279 3198 1334 genus
3255 1263 3628 1329 animantium,

2049 1360 2209 1414 etiam
2241 1363 2355 1414 base
2395 1359 2541 1432 [hoc]
2572 1359 2848 1414 enimnon
2897 1373 3056 1428 parva
3111 1360 3216 1430 21
3258 1356 3470 1412 testatio
3525 1365 3630 1421 est,

2049 1457 2291 1502 naturam
2324 1450 2568 1518 primitus
2599 1450 2884 1502 humanam
2911 1447 3476 1516 serpentis‘seductam
3506 1461 3628 1502 esse

2048 1539 2336 1609 colloquio.
2367 1539 2618 1596 Gaudent
2643 1540 2784 1594 enim
2813 1539 3086 1594 daemones
3107 1537 3242 1593 hanc
3266 1537 3370 1593 sibi
3396 1547 3631 1608 potests-

2051 1640 2158 1686 tem
2185 1632 2324 1697 dari,
2349 1642 2407 1687 ut
2445 1632 2512 1686 ad
2558 1631 2975 1687 incantationem
3026 1630 3300 1684 hominum
3351 1640 3629 1699 serpentes

2056 1732 2328 1791 moveant,
2391 1733 2447 1779 ut
2488 1723 2728 1795 quolibet
2764 1725 2925 1778 modo
2956 1721 3141 1778 fallant
3188 1737 3322 1790 quos
3367 1730 3627 1791 possunt:

370 1815 689 1868 auctoritate
719 1823 994 1884 purgatur.
1045 1814 1284 1868 llumana
1335 1830 1464 1867 vero
1505 1815 1791 1868 auctoritas
1833 1812 1946 1882 ple-
1975 1808 2025 1870 Β
2055 1815 2156 1870 hoc
2183 1823 2360 1869 autem
2401 1816 2781 1884 permittuntur
2827 1813 2895 1869 ad
2935 1813 3091 1884 primi
3138 1813 3262 1868 facti
3319 1811 3629 1868 memoriam

364 1917 591 1972 rumque
623 1903 772 1956 fallit.
804 1903 859 1957 In
901 1904 981 1958 eis
1025 1913 1200 1958 tamen
1242 1903 1365 1972 jure
1401 1903 1613 1957 videtur
1658 1903 1944 1969 excellere,

364 1993 477 2060 qui,
511 2002 765 2062 quantum
799 1993 1168 2062 imperitorum
1212 2009 1404 2048 sensus
1433 1994 1594 2062 capit,
1629 1993 1790 2047 multa
1818 1993 1950 2048 dant

364 2081 559 2136 indicia
606 2082 967 2136 doctrinarum
1019 2097 1256 2146 suarum,
1293 2091 1348 2137 et
1397 2098 1501 2137 non
1551 2084 1737 2137 vivunt
1793 2084 1950 2137 aliter

364 2191 525 2244 quam
557 2176 847 2231 vivendum
890 2190 1010 2231 esse
1060 2177 1412 2246 praecipiunt:
1443 2178 1634 2246 quibus
1678 2181 1722 2233 si
1770 2179 1948 2249 aliqua

365 2268 528 2322 etiam
551 2267 779 2322 fortuna!
805 2283 1025 2323 munera
1050 2270 1396 2332 accesserint,
1416 2284 1641 2338 quorum
1658 2279 1950 2339 appareant

365 2378 466 2418 usu
506 2363 705 2432 magni,
736 2373 1148 2432 contemptuque
1172 2363 1422 2430 majores,
1447 2363 1819 2418 difficillimum
1845 2378 1953 2417 om-

367 2458 494 2510 nino
540 2467 621 2510 est
657 2466 713 2511 ut
753 2459 831 2513 eis
859 2458 1087 2526 quisque
1131 2455 1348 2511 vivendi
1379 2465 1642 2526 precepts
1700 2455 1950 2510 dantibus

365 2549 594 2605 credens
619 2561 766 2604 recte
795 2550 1146 2617 vituperetur.

935 2684 1161 2743 CAPUT
1203 2685 1392 2740 XXIV.

371 2799 446 2858 De
467 2801 728 2855 locutione
756 2800 1006 2868 serpentis
1034 2803 1101 2854 ad
1136 2799 1316 2864 Evam,
1349 2809 1398 2852 et
1430 2800 1494 2854 de
1522 2798 1952 2855 incantationibus

510 2871 823 2940 Marsorum,
846 2888 911 2926 ex
937 2872 1066 2926 libro
1090 2887 1142 2926 ιι
1165 2872 1228 2925 de
1262 2870 1448 2925 Genesi
1473 2871 1542 2924 ad
1565 2871 1809 2926 litteram.

441 2985 526 3039 Ab
554 2986 646 3040 illo
665 3000 796 3055 ergo
825 2985 981 3054 cujus
1009 2999 1172 3054 super
1199 2985 1380 3039 omnia
1409 2997 1529 3053 qua:
1571 2984 1773 3039 creavit
1801 2997 1951 3038 sum-

371 3089 457 3129 ma
485 3082 721 3141 potestas
749 3083 854 3140 est,
888 3088 982 3143 per
1006 3074 1226 3144 angelos
1246 3082 1462 3127 sanctos
1488 3071 1680 3143 [suos],
1698 3088 1729 3125 a
1759 3072 1952 3142 quibus

2049 1908 2555 1974 commendandam,
2585 1907 2724 1976 quod
2759 1905 2828 1962 sit
2857 1906 2937 1962 eis
2965 1905 3208 1976 quaedam
3237 1921 3358 1961 cum
3399 1904 3500 1961 hoc
3541 1921 3632 1976 ge-

2050 2013 2180 2054 neze
2210 1998 2564 2053 familiaritas.
2623 1998 2789 2054 Porro
2823 1998 2995 2068 ipsum
3040 1999 3269 2068 primum
3317 1995 3514 2052 factum
3563 1995 3630 2049 ad

2051 2089 2155 2144 hoc
2183 2089 2500 2157 permissum
2528 2097 2632 2156 est,
2663 2097 2720 2143 ut
2743 2104 2837 2158 per
2859 2099 3101 2144 naturam
3132 2088 3400 2158 serpentis
3426 2087 3630 2157 signifi-

2051 2189 2265 2235 caretur
2291 2179 2474 2250 generi
2518 2179 2817 2247 hominum,
2849 2179 2934 2234 cui
2980 2178 3276 2234 erudiendo
3316 2175 3431 2231 lure
3477 2186 3624 2247 gesta

2049 2271 2317 2327 conscribi
2344 2271 2646 2342 oportebat,
2671 2271 2846 2326 omnis
2887 2270 3165 2326 diabolica:
3214 2268 3523 2323 tentationis
3552 2267 3626 2322 si.

2052 2363 2296 2418 militudo
2331 2379 2346 2416 :
2395 2363 2536 2432 quod
2578 2363 2874 2433 apparebit,
2906 2377 3027 2416 cum
3063 2363 3116 2416 in
3159 2369 3464 2431 serpentem
3509 2375 3632 2428 pro-

2053 2454 2182 2508 ferri
2215 2456 2440 2524 ueperit
2466 2453 2650 2508 divina
2691 2453 2977 2507 sententia.
3011 2451 3240 2506 i’roinde
3283 2449 3634 2518 prudentissi-

2053 2559 2169 2600 mus
2197 2545 2437 2599 omnium
2480 2543 2798 2609 bestiarum,
2843 2541 2944 2597 hoc
2992 2551 3095 2606 est,
3155 2540 3518 2595 astutissimus
3561 2541 3630 2592 ita

2051 2637 2224 2691 dictus
2255 2644 2337 2690 est
2367 2650 2610 2704 serpens,
2643 2643 2862 2704 propter
2889 2636 3139 2688 astutiam
3161 2631 3396 2696 diaboli,
3428 2646 3544 2700 que
3579 2630 3633 2684 in

2053 2728 2147 2783 illo
2175 2737 2231 2783 et
2254 2727 2322 2783 de
2353 2728 2444 2783 illo
2471 2729 2664 2799 agebat
2683 2727 2864 2781 dolum
2891 2745 2903 2777 :
2943 2723 3390 2796 quemadmodum
3439 2723 3636 2777 dicitur

2053 2819 2290 2890 prudens
2318 2821 2400 2875 vel
2423 2829 2596 2874 astuta
2624 2819 2800 2888 lingua
2829 2833 2986 2888 quam
3021 2817 3255 2886 prudens
3297 2815 3379 2870 vel
3425 2825 3633 2872 astutus

2053 2922 2234 2968 movet
2280 2911 2344 2966 ad
2392 2910 2588 2980 aliquid
2638 2911 2931 2979 prudenter
2979 2917 3262 2977 astuteque
3302 2907 3633 2962 suadendum

2053 3005 2186 3074 (non
2214 3005 2355 3058 enim
2388 3013 2471 3057 est
2504 3002 2617 3057 haec
2642 3003 2721 3056 vis
2743 3016 2838 3056 seu
2869 3001 3033 3055 virtus
3062 2999 3287 3054 membri
3315 3001 3632 3068 corporalis,

2051 3093 2196 3162 quod
2227 3101 2446 3148 vocatur
2485 3092 2686 3162 lingua,
2710 3091 2806 3146 sed
2851 3091 3037 3159 utique
3083 3091 3276 3145 mentis
3307 3105 3424 3158 quae
3469 3091 3634 3143 utitur

368 3165 614 3220 illuditur
659 3165 921 3228 diabolus,
956 3179 1078 3217 cum
1131 3171 1187 3217 et
1232 3163 1300 3217 de
1353 3162 1520 3230 ipsius
1573 3161 1950 3217 malevolentia

2057 3161 2168 3255 ea),
2202 3186 2270 3239 ita
2301 3184 2464 3239 etiam
2504 3161 2680 3238 dictus
2704 3193 2787 3238 est
2826 3182 2997 3252 stylus
3045 3181 3272 3235 mendax
3313 3180 3630 3236 scribarum.

370 3260 666 3316 consulitur
710 3257 964 3312 Ecclesia:
997 3256 1109 3318 Dei.
1147 3271 1251 3310 non
1276 3264 1359 3309 est
1405 3254 1699 3323 permissus
1742 3262 1950 3310 tentare

369 3352 627 3406 feminam
657 3350 758 3404 nisi
787 3365 882 3419 per
911 3357 1239 3417 serpentem,
1273 3363 1372 3401 nec
1403 3345 1572 3400 virum
1606 3346 1707 3400 nisi
1740 3360 1834 3414 per
1872 3347 1952 3402 fe-

370 3445 590 3497 minam.
615 3442 722 3497 Sed
753 3443 806 3496 in
837 3449 1089 3508 serpente
1137 3439 1249 3507 ipse
1283 3439 1492 3493 locutus
1535 3449 1639 3504 est,
1687 3449 1843 3493 utens
1882 3454 1950 3495 eo

371 3535 520 3588 velut
561 3546 785 3602 organo,
833 3545 1160 3598 movensque
1223 3529 1340 3598 ejus
1384 3539 1638 3583 naturam'
1671 3544 1738 3585 eo
1787 3531 1950 3586 modo

368 3640 476 3694 quo
507 3638 726 3678 movere
754 3623 840 3678 ille
865 3621 1158 3694 [quomodo
1209 3635 1334 3675 vere
1359 3619 1448 3675 ille
1481 3621 1720 3692 movere]
1751 3630 1804 3678 et
1827 3637 1948 3677 mo-

371 3717 489 3772 veri
512 3716 604 3770 llla
637 3719 807 3785 potuit
836 3715 901 3768 ad
923 3713 1306 3783 exprimendos
1349 3712 1634 3768 verborum
1681 3727 1864 3780 sonos,
1895 3722 1954 3769 et

369 3808 520 3876 signa
537 3807 857 3876 corporalia,
874 3820 1099 3875 perquze
1111 3803 1302 3859 mulier
1328 3803 1601 3858 suadentis
1633 3804 1954 3875 intelligeret

369 3900 724 3954 voluntatem.
750 3898 805 3952 In
829 3898 941 3967 ipsa
973 3911 1104 3951 vero
1129 3895 1376 3961 muliere,
1413 3895 1534 3964 quia
1569 3895 1654 3950 illa
1679 3897 1956 3953 rationalis

368 4003 616 4048 creatura
645 4000 783 4057 erat,
812 4005 932 4060 qua:
961 3999 1106 4044 motu
1136 4002 1234 4043 suo
1257 3998 1438 4056 posset
1467 3988 1541 4042 uti
1582 3987 1651 4042 ad
1689 3988 1849 4044 verba
1877 3989 1956 4044 l'a-

369 4086 582 4152 cienda,
608 4101 713 4140 non
742 4086 857 4154 ipse
889 4083 1098 4139 locutus
1127 4088 1231 4148 est,
1260 4081 1355 4135 sed
1383 4080 1501 4149 ejus
1523 4078 1766 4149 operatio
1791 4088 1953 4148 atque

369 4180 674 4248 persuasio,
698 4177 938 4248 quamvis
963 4174 1174 4230 occulto
1212 4173 1466 4229 instinctu
1501 4172 1784 4242 adjuvaret
1817 4171 1956 4227 inte-

374 4275 486 4328 rius
515 4274 658 4341 quod
687 4272 924 4328 exterius
946 4278 1132 4341 egerat
1156 4283 1251 4338 per
1272 4278 1604 4338 serpentem.
1629 4267 1784 4334 Quod
1826 4267 1954 4336 qui-

370 4365 492 4420 dem
514 4365 560 4420 si
580 4364 698 4420 solo
725 4363 976 4419 instinctu
1015 4361 1278 4416 occultius
1315 4369 1518 4430 ageret,
1565 4359 1704 4414 sicut
1751 4359 1859 4428 egit
1902 4358 1953 4412 in

371 4456 508 4510 Juda
539 4465 597 4509 ut
623 4454 860 4510 traderet
887 4452 1181 4516 Christum,
1211 4457 1394 4519 posset
1429 4449 1642 4505 efﬁcere
1686 4449 1740 4502 in
1777 4448 1954 4502 anima

2055 3275 2238 3346 Neque
2264 3276 2405 3330 enim
2433 3290 2553 3330 esse
2575 3275 2884 3330 mendacem
2907 3275 3133 3342 pertinet
3157 3273 3259 3327 nisi
3279 3274 3344 3326 ad
3369 3271 3635 3327 viventem

2053 3376 2219 3435 atque
2266 3367 2618 3431 sentientem;
2671 3366 2765 3420 sed
2811 3366 2983 3435 stylus
3035 3364 3260 3419 mendax
3312 3364 3488 3420 dictus
3531 3374 3636 3428 est,

2055 3459 2195 3529 quod
2223 3475 2315 3527 per
2345 3475 2466 3512 eum
2498 3458 2724 3513 mendax
2764 3457 3094 3513 mendaciter
3131 3468 3403 3527 operetur,
3448 3473 3638 3526 quem-

2054 3552 2341 3606 admodum
2370 3553 2413 3605 si
2445 3562 2498 3607 et
2525 3551 2627 3606 iste
2652 3566 2874 3619 serpens
2902 3551 3127 3606 mendax
3166 3553 3454 3614 diceretur,
3493 3552 3636 3619 quod

2057 3657 2126 3700 eo
2156 3643 2403 3699 diabolus
2437 3653 2687 3713 tanquam
2718 3644 2858 3713 stylo
2883 3643 3211 3698 mendaciter
3240 3654 3497 3698 uteretur.
3526 3643 3639 3698 Hoc

2057 3738 2182 3792 ideo
2207 3738 2688 3792 commendandum
2714 3737 2894 3806 putavi
2919 3752 2984 3791 ne
3005 3739 3286 3807 quisquam
3321 3739 3640 3793 existimans

2057 3829 2352 3884 animantia
2379 3830 2600 3884 rationis
2627 3832 2868 3900 expertia
2902 3832 3193 3887 humanum
3231 3832 3428 3887 habere
3481 3833 3640 3886 intelo

2058 3922 2277 3987 lectum,
2327 3923 2407 3976 vel
2467 3925 2520 3975 in
2579 3921 2779 3976 animal
2835 3922 3095 3977 rationale
3149 3931 3370 3992 repente
3416 3925 3636 3989 mutari,

2058 4015 2343 4070 seducatur
2374 4015 2428 4069 in
2479 4015 2624 4070 illam
2672 4015 2977 4084 opinionem
3019 4014 3292 4070 ridiculam
3320 4025 3372 4070 et
3398 4017 3636 4083 noxiam,

2059 4110 2405 4165 revolutionis
2445 4111 2685 4163 anitnaru
2709 4126 2740 4162 n
2788 4111 2870 4164 vel
2908 4109 3182 4164 hominum
3215 4107 3266 4162 in
3295 4109 3515 4174 bestias,
3551 4110 3639 4164 vel

2058 4203 2110 4257 in
2140 4201 2383 4255 homines
2425 4199 2742 4256 bestiarum.
2781 4199 2872 4256 Sic
2910 4216 3038 4270 ergo
3069 4201 3274 4255 locutus
3299 4211 3383 4255 est.
3412 4217 3642 4270 serpens

2059 4294 2284 4359 homini,
2311 4295 2448 4348 sicut
2469 4295 2618 4349 asina
2669 4295 2720 4349 in
2766 4310 2869 4364 qua
2911 4295 3134 4350 sedebat
3188 4293 3404 4348 Balaam
3459 4295 3640 4349 lv-euta

2057 4396 2141 4442 est
2171 4385 2390 4450 homini,
2424 4386 2524 4441 nisi
2567 4385 2709 4456 quod
2753 4386 2880 4440 illud
2927 4401 3060 4456 opus
3113 4385 3212 4439 fuit
3269 4386 3591 4440 diabolicum
3620 4430 3634 4453 ,

2061 4477 2164 4531 hoc
2197 4477 2516 4546 angelicum.
2561 4476 2767 4531 Habent
2807 4476 2951 4532 enim
2991 4477 3234 4545 quadam
3273 4478 3396 4532 boni
3430 4490 3485 4532 et
3509 4479 3640 4532 mali

371 4547 606 4616 "Perbo
651 4560 840 4602 ³π¹⁰¹⁰
877 4559 988 4638 ⁵¹ξξ²
1025 4543 1305 4638 unum“
1352 4541 1586 4638 “fdf'c'a'
1609 4539 1770 4638 “sfw:
1811 4539 1951 4638 Sicf“
1979 4558 2034 4621 Ι)
2057 4569 2230 4638 angeli
2257 4539 2421 4637 opera
2449 4568 2666 4632 similia,
2697 4569 2835 4623 sicut
2871 4539 3080 4638 Moyses
3131 4578 3188 4623 et
3231 4570 3365 4638 magi
3401 4569 3641 4624 Pharao-

374 4639 483 4706 jam
528 4638 661 4703 dixi,
719 4635 958 4692 tentandi
1010 4635 1340 4688 voluntatem
1381 4631 1543 4686 habet
1589 4629 1857 4693 diabolus,
1899 4630 1954 4684 in

374 4737 638 4796 potestate
663 4735 843 4784 autem
883 4741 988 4782 nec
1020 4733 1079 4780 ut
1121 4724 1280 4778 iaciat
1320 4723 1498 4786 habet,
1546 4738 1646 4777 nee
1687 4721 1958 4790 quomodo

375 4817 554 4872 faciat.
583 4819 712 4883 Quia
741 4817 1036 4887 permissus
1065 4826 1147 4872 est
1170 4830 1299 4886 ergo
1350 4813 1591 4879 tentavit,
1615 4823 1668 4868 et
1688 4813 1958 4882 quomodo

379 4909 675 4977 permissus
698 4916 802 4977 est,
835 4908 908 4962 ita
932 4907 1176 4962 tentavit.
1214 4905 1370 4973 Quod
1405 4911 1587 4959 autem
1632 4903 1818 4972 generi
1861 4903 1956 4956 hu-

377 5015 538 5057 mano
565 5000 844 5070 prodesset
865 4998 1009 5070 quod
1040 5000 1286 5064 iaciebat,
1316 5011 1494 5066 neque
1522 4995 1751 5061 sciebat,
1783 5009 1958 5063 neque

376 5093 593 5149 volebat
622 5129 640 5158 ,
686 5101 742 5146 et
794 5105 864 5146 eo
919 5089 1035 5158 ipso
1073 5087 1396 5144 illudebatur
1430 5085 1500 5140 ab
1555 5084 1780 5153 angelis.
1839 5083 1956 5139 Non

377 5186 557 5254 itaque
600 5195 828 5253 serpens
859 5179 1145 5236 verborum
1191 5192 1356 5233 sonos
1383 5176 1716 5247 intelligebat
1759 5175 1848 5246 qui
1888 5188 1956 5230 ex

379 5278 470 5332 illo
500 5276 700 5333 flebant
720 5273 786 5329 ad
812 5273 1115 5337 mulierem,
1141 5284 1318 5340 neque
1346 5269 1491 5325 enim
1540 5282 1804 5324 conversa
1847 5283 1958 5323 cre-

376 5369 552 5424 denda
629 5376 717 5423 est
779 5367 956 5420 anima
1019 5363 1139 5434 ejus
1195 5363 1248 5418 in
1311 5369 1558 5417 naturam
1616 5358 1953 5416 rationalem.

377 5457 822 5528 Quandoquidem
852 5470 954 5512 nec
979 5455 1081 5523 ipsi
1109 5454 1375 5520 homines,
1407 5465 1637 5522 quorum
1679 5449 1958 5505 rationalis

377 5560 564 5605 natura
587 5560 688 5614 est,
714 5565 836 5606 cum
864 5549 1072 5604 daemon
1103 5546 1158 5601 in
1199 5545 1280 5602 eis
1308 5545 1570 5614 loquitur,
1599 5556 1665 5598 ea
1711 5540 1959 5610 passione

377 5654 497 5692 cum
532 5639 660 5710 [cui]
681 5655 746 5696 ex
773 5655 869 5696 ore
894 5638 995 5695 ista
1037 5637 1329 5706 requiritur
1377 5635 1558 5689 sciunt
1586 5630 1712 5700 quid
1745 5630 1956 5698 loquan-

378 5745 484 5792 tur,
512 5743 713 5799 quanto
740 5735 918 5789 minus
946 5732 1271 5801 intelligeret
1311 5729 1402 5784 ille
1438 5725 1725 5782 verborum
1771 5737 1955 5790 sonos,

373 5836 514 5894 quos
541 5837 635 5892 per
661 5838 783 5878 eum
803 5834 860 5882 et
883 5839 952 5882 ex
983 5839 1051 5882 eo
1078 5822 1328 5882 diabolus
1368 5821 1463 5878 illo
1511 5817 1674 5877 modo
1703 5815 1954 5890 faciebat,

2062 4661 2166 4725 nis,
2191 4676 2376 4716 verum
2416 4661 2467 4713 in
2510 4658 2591 4712 his
2647 4662 2808 4713 etiam
2863 4659 2989 4715 boni
3061 4659 3238 4729 angeli
3307 4661 3642 4728 potentiores

2060 4760 2220 4806 sunt:
2255 4765 2352 4805 nec
2382 4750 2504 4804 mali
2551 4750 2724 4819 angeli
2777 4749 2938 4804 etiam
2979 4749 3161 4804 talium
3205 4765 3428 4820 operum
3479 4751 3642 4820 quid-

2058 4857 2217 4915 quant
2268 4851 2510 4912 possunt,
2560 4841 2661 4894 nisi
2697 4841 2838 4910 quod
2894 4856 2990 4910 per
3047 4841 3216 4896 bonos
3268 4842 3488 4910 angelos
3512 4857 3638 4911 per-

2060 4935 2267 4990 miserit
2318 4934 2480 4997 Deus,
2539 4941 2594 4986 ut
2645 4932 2973 4987 retribuatur
3007 4933 3294 5002 unicuique
3338 4934 3636 4987 secundum

2059 5041 2154 5081 cor
2193 5024 2332 5094 ejus,
2382 5023 2463 5078 vel
2503 5023 2798 5077 secundum
2862 5024 3085 5092 gratiam
3170 5022 3286 5088 Dei,
3347 5032 3639 5092 utrumque

2057 5120 2199 5190 juste
2227 5132 2290 5171 ac
2318 5116 2566 5186 benigne,
2604 5130 2699 5183 per
2725 5115 3070 5170 altitudinem
3083 5113 3389 5170 divitiarum
3419 5113 3644 5185 sapienr

2059 5211 2148 5266 tia:
2176 5217 2229 5265 et
2257 5208 2493 5266 scientia:
2521 5207 2635 5263 Dei.

2636 5342 2864 5399 CAPUT
2894 5340 3061 5396 XXV.

2064 5462 2213 5528 Quod
2235 5475 2410 5514 amore
2429 5475 2482 5513 se
2505 5459 2826 5526 sequentibus
2855 5456 2992 5510 Deus
3027 5453 3350 5528 auctoritatis
3395 5453 3526 5528 aiant
3558 5469 3637 5528 se-

2129 5531 2466 5602 ptempliciter
2486 5521 2771 5597 ambiverit,
2802 5544 2865 5581 ex
2889 5528 3019 5581 libro
3043 5526 3107 5580 de
3137 5524 3365 5578 Moribus
3396 5521 3636 5577 Ecclesia

2134 5601 2416 5657 catholica.

2132 5719 2444 5787 Quaeramus
2485 5714 2929 5786 quemadmodum
2973 5711 3042 5766 sit
3081 5709 3280 5765 homini
3331 5705 3632 5762 vivendum.

2061 5813 2222 5874 Beate
2249 5819 2394 5870 certe
2419 5823 2607 5867 omnes
2632 5809 2814 5868 vivers
2834 5805 3081 5863 volumus
3105 5821 3118 5858 :
3143 5803 3326 5858 beatus
3344 5809 3520 5859 autem
3543 5811 3626 5853 ae-
