3956 6180
327 271 436 329 609

1533 273 1975 334 τιιεειιυιιυδ.
2011 278 2097 335 CA
2107 281 2164 336 P.
2207 281 2395 339 χιιι.

323 404 430 452 qne
455 386 547 442 ille
575 385 679 442 dici
705 393 883 457 potest
907 387 997 458 qui
1038 403 1146 443 non
1188 388 1344 445 habet
1373 390 1516 460 quod
1541 401 1704 458 amat,
1731 393 1914 461 qttale-
1940 396 1987 453 Α
2021 403 2338 461 potestatem
2366 397 2420 452 in
2453 396 2556 452 hoc
2586 399 2786 457 mundo
2814 409 2963 459 tenet
2988 407 3228 480 [habet],
3252 420 3366 467 toto
3406 417 3612 472 mundo

318 493 536 549 cunque
562 478 655 544 sit,
684 492 860 547 neque
897 480 986 547 qui
1029 479 1188 534 habet
1216 481 1357 552 quod
1397 491 1571 551 amat,
1604 483 1650 538 si
1689 487 1912 538 noxium

318 581 416 635 stt,
442 584 622 639 neque
639 569 730 640 qui
751 586 859 624 non
875 581 1015 626 amat
1035 572 1178 641 quod
1203 572 1383 641 habet,
1403 575 1612 630 etiamsi
1653 577 1914 644 optimum

317 668 410 721 sit.
433 662 573 719 Nam
602 673 658 717 et
682 663 775 732 qui
795 664 997 732 appetit
1017 666 1159 734 quod
1183 666 1406 736 adipisci
1438 683 1542 722 non
1569 678 1768 736 potest,
1787 685 1913 724 cru-

315 759 524 819 ciatur;
559 763 616 810 et
642 755 735 824 qui
765 757 990 828 adeptus
1019 766 1104 813 est
1128 758 1268 827 quod
1298 761 1655 829 appetendum
1687 776 1792 815 non
1821 777 1910 817 es-

314 859 397 902 set
423 848 551 920 [est]
583 848 818 914 fallitur;
850 858 906 904 et
933 849 1023 919 qui
1065 864 1169 904 non
1205 851 1409 919 appetit
1432 853 1574 922 quod
1607 852 1908 922 adipiscen-

312 942 446 994 dum
480 948 646 1004 esset,
673 950 916 1010 aegrotat.
947 941 1088 997 Nihil
1117 954 1294 998 autem
1316 944 1537 999 istorum
1568 946 1746 1000 animo
1774 962 1907 1002 con-

315 1033 480 1101 tingit
509 1033 630 1087 sine
657 1033 896 1097 miseria,
927 1034 1101 1089 nullus
1147 1035 1310 1105 igitur
1337 1036 1550 1091 illorum
1589 1037 1774 1092 beatus
1802 1047 1906 1093 est.

313 1123 590 1188 Quantum
631 1134 799 1179 restat
838 1124 925 1179 ubi
951 1126 1104 1206 beata
1157 1129 1264 1180 vita
1311 1127 1537 1182 inveniri
1568 1138 1756 1198 queat,
1785 1145 1906 1186 cum

316 1217 366 1270 id
396 1217 544 1286 quod
574 1225 659 1270 est
699 1217 935 1270 hominis
963 1199 1224 1285 optimum
1249 1229 1306 1274 et
1342 1231 1552 1276 amatur
1575 1231 1630 1276 et
1659 1223 1905 1279 habetur.

312 1309 455 1376 Quid
503 1319 586 1363 est
629 1309 774 1362 enim
805 1309 946 1363 aliud
975 1310 1116 1379 quod
1159 1311 1388 1367 dicimus
1419 1313 1553 1379 frui,
1583 1315 1681 1368 nisi
1710 1325 1907 1385 pra-sto

312 1403 517 1457 habere
547 1402 688 1471 quod
727 1401 936 1472 diligis?
982 1402 1186 1457 Pratsto
1222 1420 1351 1474 ergo
1390 1405 1542 1459 nobis
1585 1422 1706 1462 esse
1744 1408 1908 1462 debet

309 1495 579 1562 optimum
612 1504 875 1559 noSIrum,
908 1493 954 1548 si
983 1493 1136 1548 beate
1181 1495 1363 1550 vivere
1408 1497 1723 1566 cogitamus.
1770 1498 1903 1555 Nam

311 1587 562 1657 quisquis
591 1587 742 1657 qttod‘
764 1587 943 1658 seipso
970 1597 1056 1643 est
1077 1589 1314 1645 deterius
1342 1591 1602 1661 sequitur,
1631 1593 1688 1646 fit
1715 1601 1768 1647 et
1791 1593 1906 1662 ipse

307 1679 577 1734 deterior.
623 1678 845 1748 Oportet
885 1691 1063 1738 autem
1094 1698 1307 1738 omnem
1357 1683 1628 1738 hominem
1679 1683 1729 1737 id
1760 1683 1903 1754 quod

2015 492 2099 536 est
2124 485 2346 538 omnino
2375 485 2661 542 sublimior
2691 505 2844 545 mens
2884 494 3198 550 inluerendo
3235 499 3375 566 Deo;
3406 504 3489 558 sio
3519 505 3607 560 illa
3677 513 3680 516 ’

2016 575 2190 629 virtus
2215 577 2356 632 dicta
2399 589 2483 634 est
2520 594 2640 650 quae
2687 582 2854 651 ipsius
2904 587 3065 641 animi
3094 591 3263 645 nostri
3303 594 3603 650 rectissima

2014 667 2228 722 affectio
2247 678 2333 723 est
2356 687 2368 722 :
2393 671 2438 724 si
2463 671 2516 724 in
2543 672 2650 727 alio
2675 683 2779 740 est,
2803 675 2946 731 favet
2967 687 3022 731 ιιι
3048 679 3437 751 coniungantur
3459 684 3603 751 Deo,

2013 755 2058 811 si
2089 758 2140 810 in
2163 759 2318 818 nobis
2347 768 2452 827 est,
2476 762 2587 830 ipsa
2605 764 2898 834 conjungit.
2928 767 3044 822 Non
3063 783 3316 837 separant
3342 774 3602 830 instantes

2013 849 2300 919 molestiae,
2344 853 2445 908 hoc
2490 855 2635 910 enim
2687 858 2913 914 leviores
2939 875 3034 914 eas
3057 862 3351 929 sentimus,
3399 880 3504 934 quo
3548 869 3599 921 ei

2015 940 2198 1010 [unde]
2221 958 2250 996 a
2280 956 2389 1010 quo
2417 958 2514 998 nos
2536 959 2786 1016 separare
2831 949 3122 1004 moliuntur
3149 953 3327 1006 acrius
3366 955 3600 1010 inhare-

2012 1047 2151 1086 mus.
2185 1033 2302 1090 Non
2325 1047 2537 1103 separat
2561 1039 2846 1108 promissio
2871 1041 3190 1109 futurorum,
3216 1061 3338 1100 nam
3362 1058 3416 1101 et
3443 1048 3601 1116 quid-

2011 1126 2139 1198 quid
2181 1125 2305 1181 boni
2347 1127 2586 1183 futurum
2618 1141 2736 1196 est,
2783 1132 2983 1187 certius
3032 1139 3293 1202 promittit
3339 1139 3498 1205 Deus,
3544 1151 3602 1196 et

2013 1217 2144 1270 nihil
2168 1226 2252 1272 est
2276 1216 2394 1286 ipso
2439 1219 2548 1274 Deo
2576 1221 2792 1291 melius,
2815 1224 2906 1294 qui
2930 1225 3042 1294 jam
3065 1228 3306 1296 profecto
3335 1233 3472 1287 bene
3495 1233 3600 1289 sibi

2011 1309 2402 1367 inhaerentibus
2429 1327 2666 1383 praesens
2688 1325 2791 1372 est.

2576 1512 2807 1570 CAPUT
2836 1515 3027 1572 XXVI.

2010 1616 2088 1673 De
2110 1621 2366 1702 principia
2387 1622 2595 1702 Genesis
2615 1643 2646 1679 a
2671 1625 2849 1697 Moyse
2873 1646 3059 1698 magno
3076 1635 3315 1701 mysterio
3332 1634 3594 1702 inchoato,

2079 1695 2303 1765 ecquod
2347 1698 2616 1763 multiplex
2642 1695 2882 1751 sensuum
2910 1695 3262 1765 prolatio'uon
3307 1710 3370 1759 sit
3419 1695 3599 1762 centre

308 1770 582 1838 optimum
627 1779 710 1824 est
751 1772 922 1842 sequi,
962 1773 1056 1828 sed
1099 1774 1203 1829 tale
1230 1787 1351 1830 esse
1388 1774 1580 1844 debet,
1611 1775 1751 1845 quod
1799 1792 1902 1831 non

2082 1763 2257 1830 ﬁdem,
2281 1780 2342 1816 ex
2365 1765 2494 1817 libro
2526 1782 2600 1818 xtl
2625 1763 3038 1838 Confessionum.

308 1865 530 1917 amittat
558 1864 779 1930 invitus,
812 1867 1009 1937 quippe
1039 1883 1196 1923 nemo
1223 1879 1396 1938 potest
1426 1868 1698 1924 conlidere
1720 1869 1788 1926 de
1818 1869 1910 1924 tali

308 1956 482 2018 bono,
528 1957 675 2027 quod
714 1959 815 2013 sibi
841 1959 973 2028 eripi
1007 1976 1165 2031 posse
1193 1963 1386 2028 sentit,
1419 1963 1580 2018 etiam
1609 1964 1653 2018 si
1679 1964 1913 2019 retinete

308 2049 361 2103 id
384 2049 750 2120 amplectique
777 2052 1023 2106 voluerit.
1055 2053 1304 2123 Quisquis
1333 2062 1510 2108 autem
1533 2053 1601 2108 de
1634 2055 1776 2108 bono
1803 2071 1912 2123 quo

308 2142 516 2195 fruitur
548 2157 658 2196 non
675 2144 914 2208 confidit,
943 2145 995 2198 in
1025 2155 1172 2199 tanto
1203 2148 1392 2200 timore
1419 2147 1697 2200 amittendi
1727 2149 1914 2204 beatus

306 2247 431 2286 esse
461 2233 587 2302 quis
609 2235 820 2303 potest?
850 2233 979 2300 Quis
1004 2249 1131 2290 vero
1161 2234 1370 2289 dubitet
1395 2236 1665 2291 hominem
1697 2241 1912 2307 sapien-

306 2333 441 2386 tem,
471 2324 514 2376 si
539 2326 693 2392 sequi
729 2327 860 2379 satis
889 2325 1272 2391 putaverimus,
1295 2327 1493 2381 auferri
1519 2343 1547 2380 a
1577 2329 1730 2383 nobis
1752 2329 1909 2400 [cun-

307 2416 573 2471 ctandum
597 2427 746 2486 putet
773 2418 1045 2472 hominem
1078 2418 1395 2487 sapientem,
1419 2420 1463 2473 si
1491 2435 1613 2475 cum
1636 2421 1789 2489 sequi
1816 2437 1911 2492 pu-

309 2509 635 2572 taverimus,
665 2509 862 2564 auferri
891 2525 919 2563 a
967 2510 1144 2576 nobis,
1188 2525 1294 2564 non
1323 2513 1484 2566 modo
1513 2514 1906 2578 recusantibus,

305 2599 425 2670 sed]
449 2602 617 2655 etiam
661 2602 1081 2672 repugnantibus
1123 2605 1314 2671 posse?
1349 2603 1489 2658 Deus
1519 2604 1681 2674 igitur
1721 2615 1904 2670 restat,

304 2707 467 2762 quem
498 2693 547 2748 si
577 2697 856 2765 sequimur
901 2696 1059 2763 bene,
1085 2698 1128 2752 si
1171 2699 1526 2766 assequimur,
1562 2713 1667 2753 non
1700 2707 1905 2755 tantum

305 2784 472 2851 bene,
503 2786 601 2841 sed
635 2787 794 2842 etiam
825 2788 978 2843 beate
1009 2789 1254 2844 vivimus.
1287 2791 1504 2846 Sceutio
1526 2790 1619 2846 Dei
1649 2800 1732 2845 est
1781 2791 1907 2847 bea-

305 2880 477 2934 titatis
505 2880 807 2948 appetitus;
839 2880 1171 2947 consecutio,
1217 2883 1327 2949 ipsa
1379 2882 1623 2936 beatitas.
1660 2881 1767 2938 Sed
1796 2897 1904 2954 quo

307 2983 468 3039 pacto
494 2973 778 3041 sequimur
801 2988 960 3043 quem
983 2988 1088 3028 non
1112 2973 1388 3028 videmus?
1417 2982 1508 3027 aut
1527 2974 1798 3044 quomodo
1824 2976 1903 3028 vi-

304 3065 497 3118 demus
546 3057 954 3135 [videbimus],
984 3066 1072 3135 qui
1123 3080 1228 3118 non
1276 3065 1450 3119 solum
1497 3065 1774 3130 homines,
1804 3065 1899 3120 sed

2089 1873 2259 1930 Nemo
2284 1876 2394 1944 jam
2427 1877 2554 1932 mihi
2587 1881 2844 1936 molestus
2873 1883 2972 1949 sit,
3006 1884 3235 1941 dicendo
3271 1889 3402 1943 mihi
3437 1909 3448 1943 :
3484 1892 3598 1946 Non

2017 1963 2119 2018 hoc
2145 1967 2313 2019 sensit
2337 1969 2548 2038 Moyses
2575 1972 2714 2039 quod
2745 1981 2799 2025 tu
2829 1972 2986 2039 dicis,
3016 1977 3110 2029 sed
3143 1977 3245 2032 hoc
3263 1983 3430 2034 sensit
3456 1985 3598 2051 quod

2013 2071 2116 2126 ego
2145 2057 2286 2112 dico.
2309 2057 2519 2114 Siettint
2553 2062 2683 2116 mihi
2716 2063 2947 2117 diceret:
2969 2065 3119 2122 Unde
3149 2070 3256 2122 scis
3277 2070 3378 2125 hoc
3398 2075 3602 2128 sensis-

2013 2161 2073 2200 se
2099 2147 2340 2218 Moysen,
2371 2150 2512 2219 quod
2541 2151 2609 2206 de
2640 2151 2722 2206 his
2755 2153 2934 2208 verbis
2963 2155 3081 2225 ejus
3109 2158 3416 2228 eloqueris?
3437 2180 3597 2234 aequo

2015 2239 2194 2292 animo
2217 2239 2360 2294 ferre
2379 2240 2654 2308 deberem,
2685 2252 2740 2297 et
2769 2248 3096 2314 respondere
3119 2250 3345 2306 fortasse
3365 2268 3484 2321 qua:
3510 2270 3601 2308 su-

2015 2330 2194 2398 perius
2241 2332 2515 2400 respondi,
2545 2335 2627 2388 vel
2677 2334 2948 2404 aliquanto
2977 2339 3216 2408 uberius,
3237 2341 3282 2396 si
3310 2354 3455 2399 esset
3497 2346 3600 2399 du-

2014 2421 2148 2476 rior.
2173 2420 2306 2477 Cum
2336 2439 2463 2479 vero
2492 2425 2622 2480 dicit
2650 2445 2663 2480 :
2697 2426 2813 2482 Non
2843 2429 2944 2484 hoc
2969 2430 3060 2485 ille
3083 2434 3253 2487 sensit
3276 2436 3418 2503 quod
3447 2447 3499 2490 tu
3529 2439 3603 2492 di-

2013 2512 2116 2577 cis,
2165 2514 2259 2567 sed
2308 2516 2451 2584 quod
2499 2532 2599 2586 ego
2645 2518 2798 2584 dico,
2849 2534 3020 2591 neque
3044 2529 3222 2577 tamen
3273 2535 3430 2594 negat
3458 2529 3602 2595 quod

2014 2616 2240 2677 uterque
2271 2619 2512 2665 nostrum
2549 2611 2678 2666 dicit
2717 2623 3006 2683 utrumque
3035 2629 3222 2670 verum
3253 2632 3406 2683 esse;
3437 2634 3472 2673 ο
3497 2621 3602 2675 vita

2018 2714 2334 2768 pauperum,
2365 2702 2508 2756 Deus
2538 2718 2708 2769 meus,
2733 2704 2787 2758 in
2808 2704 2963 2773 cujus
2991 2706 3113 2760 sinu
3141 2722 3246 2762 non
3272 2719 3355 2762 est
3378 2722 3596 2764 contra-

2011 2791 2196 2858 dictio,
2231 2794 2353 2860 plue
2379 2795 2510 2848 milti
2540 2796 2902 2864 mztigationes
2935 2797 2986 2852 in
3010 2813 3124 2864 cor,
3149 2811 3204 2852 ttt
3227 2799 3490 2868 patienter
3520 2813 3601 2856 ta-

2008 2884 2088 2938 les
2115 2883 2302 2939 feraml
2329 2887 2430 2952 Qui
2457 2903 2562 2940 non
2597 2889 2724 2942 mihi
2754 2889 2856 2944 hoc
2883 2890 3088 2955 dicunt,
3117 2892 3237 2960 quia
3265 2892 3430 2948 divini
3449 2908 3596 2960 sunt,

2008 2979 2134 3032 etin
2157 2978 2318 3034 corde
2346 2979 2532 3034 famuli
2563 2983 2636 3035 lui
2669 2981 2919 3037 viderunt
2947 2984 3087 3054 quod
3116 2985 3319 3052 dicunt,
3352 2988 3448 3042 sed
3471 2993 3598 3058 quia

2008 3071 2227 3141 superbi
2256 3081 2402 3139 sunt,
2432 3089 2532 3127 nec
2562 3083 2830 3129 noverunt
2868 3075 3070 3146 Moysis
3113 3079 3469 3146 sententiam,
3501 3082 3597 3135 sed

303 3156 465 3210 etiam
499 3153 818 3224 insipientes
845 3171 1029 3210 sumus
1053 3155 1296 3211 homines
1315 3155 1791 3226 ?-'Coofugiendum
1819 3163 1903 3212 est
1931 3147 1976 3209 C
2005 3172 2187 3217 amant
2210 3178 2389 3229 suam;
2405 3180 2510 3218 non
2530 3167 2653 3235 quia
2667 3181 2793 3221 vera
2818 3175 2922 3232 est,
2947 3167 3044 3222 sed
3065 3168 3186 3238 quia
3207 3183 3304 3224 sua
3327 3179 3408 3224 est
3430 3188 3442 3223 ;
3467 3172 3599 3225 auo.

303 3251 466 3318 igitur
505 3246 578 3301 atl
623 3263 807 3301 eorum
832 3257 1095 3317 praecepta
1124 3263 1257 3318 quos
1281 3248 1552 3318 sapientes
1582 3248 1748 3302 fuisse
1776 3263 1901 3318 pro-

305 3339 480 3394 bable
511 3348 635 3402 est.
681 3350 737 3394 ut
779 3341 830 3394 in
881 3341 1052 3396 lucem
1083 3341 1324 3394 veritatis
1363 3341 1534 3395 aciem
1583 3339 1899 3397 titubantem

303 3435 449 3483 velut
481 3429 652 3484 ramis
683 3427 1027 3484 humanitatis
1055 3438 1277 3499 opacata
1314 3430 1532 3484 inducat
1556 3431 1850 3486 auctoritas
1884 3447 1897 3483 :

303 3535 466 3586 quam
498 3533 643 3574 vtam
674 3520 828 3574 nobis
857 3519 996 3575 Deus
1029 3530 1084 3576 et
1114 3521 1533 3591 patriarcharum
1569 3523 1899 3593 segregatio-

304 3629 390 3674 ne.
426 3623 486 3668 et
535 3613 668 3682 legis
715 3612 952 3680 vinculo,
997 3623 1052 3669 et
1097 3613 1482 3684 prophetarum
1529 3619 1818 3685 praesagio,
1846 3629 1902 3672 et

303 3705 547 3774 suscepti
587 3704 819 3760 hominis
848 3715 1215 3772 sacramento,
1253 3717 1307 3761 et
1336 3707 1703 3775 apostolorum
1746 3707 1898 3762 testi-

305 3799 512 3860 tuonio,
558 3808 611 3851 et
638 3809 932 3868 martyrum
972 3799 1253 3868 sanguine.
1299 3809 1353 3854 et
1397 3798 1639 3868 gentium
1667 3815 1901 3868 occupa-

305 3894 452 3947 tione
482 3890 714 3945 munivit
738 3909 752 3956 ;
785 3906 950 3961 quare
980 3891 1304 3947 ratiunculas
1331 3903 1541 3947 nostras
1561 3890 1756 3946 divinis
1775 3893 1898 3946 sub-

303 3987 589 4041 mittamus
637 3984 937 4040 affectibus.
991 3983 1288 4040 Audiamus
1343 4000 1472 4055 ergo
1518 4000 1676 4055 quem
1737 3985 1896 4039 tinem

306 4076 578 4132 bonorqu
611 4076 784 4140 nobis,
803 4075 1039 4144 Christe,
1065 4077 1406 4147 praescribas,
1436 4091 1545 4146 quo
1567 4091 1665 4131 nos
1687 4089 1899 4130 summo

303 4183 494 4224 amore
525 4168 746 4223 tendere
757 4168 938 4237 jubes.
963 4169 1184 4238 Diliges,
1205 4166 1396 4238 inquit,
1425 4166 1708 4222 Dominum
1728 4166 1896 4222 Deum

304 4271 456 4316 tuum
500 4276 573 4316 ex
603 4269 714 4315 toto
740 4260 904 4316 corde
931 4270 1040 4326 tuo,
1068 4270 1123 4315 ct
1143 4276 1210 4315 ex
1251 4270 1362 4314 tota
1388 4259 1567 4315 anima
1600 4268 1710 4324 tua,
1742 4268 1797 4314 et
1824 4275 1896 4313 ex

304 4364 415 4409 tota
454 4364 638 4408 mente
668 4364 778 4408 tua.
807 4353 947 4420 Quid
993 4354 1073 4409 vis
1100 4355 1370 4424 amplius?
1400 4353 1467 4409 Et
1495 4354 1691 4409 Paulus
1717 4371 1732 4407 :
1767 4353 1897 4408 Dili-

304 4447 581 4518 gentibus,
613 4447 805 4517 inquit,
831 4447 997 4504 Deum
1027 4447 1206 4502 omnia
1243 4448 1539 4518 procedunt
1578 4448 1630 4502 in
1671 4448 1894 4502 bonum.

2005 3253 2134 3322 quin
2164 3263 2220 3310 et
2245 3255 2405 3310 aliam
2439 3270 2618 3310 veram
2654 3259 2856 3328 pariter
2892 3268 3158 3325 amarent,
3191 3260 3330 3314 sicut
3350 3275 3451 3330 ego
3474 3275 3601 3316 amo

2004 3343 2147 3412 quod
2177 3344 2383 3409 dicunt,
2412 3346 2630 3415 quando
2652 3361 2837 3404 verum
2865 3347 3151 3414 inducunt;
3172 3365 3278 3404 non
3308 3351 3429 3420 quia
3453 3352 3600 3422 ipso-

2005 3449 2126 3489 rum
2152 3445 2258 3502 est,
2291 3437 2384 3492 sed
2429 3439 2552 3508 quia
2582 3454 2790 3494 verum.
2828 3441 2894 3494 Et
2919 3440 3043 3496 ideo
3076 3443 3184 3510 jam
3225 3457 3325 3499 nec
3364 3446 3598 3513 ipsorum

2001 3534 2109 3592 est,
2133 3527 2256 3598 quia
2285 3543 2469 3583 verum
2495 3538 2596 3583 est.
2630 3529 2687 3586 Si
2717 3541 2899 3585 autem
2933 3531 3054 3586 ideo
3090 3544 3273 3587 amant
3308 3535 3436 3589 illud
3475 3538 3599 3605 quia

2003 3633 2190 3674 verum
2203 3621 2424 3689 est,jam
2439 3632 2492 3676 et
2506 3623 2740 3691 ipsorum
2763 3633 2847 3679 est
2866 3633 2922 3679 et
2944 3640 3121 3680 meum
3151 3635 3257 3693 est,
3271 3629 3523 3696 quoniam
3543 3631 3598 3686 in

2001 3721 2286 3766 commune
2312 3711 2548 3767 omnium
2572 3722 2656 3769 est
2695 3715 2934 3769 veritatis
2962 3726 3288 3772 amatorum.
3328 3718 3462 3774 Illud
3490 3737 3594 3775 au-

2004 3808 2114 3855 tem
2143 3803 2284 3871 quod
2313 3803 2672 3870 contendunt,
2705 3820 2810 3859 non
2834 3805 2935 3860 hoc
2953 3808 3192 3862 sensisse
3215 3807 3434 3878 Moysen
3454 3812 3600 3880 quod

2001 3906 2106 3961 ego
2134 3894 2286 3960 dico,
2316 3895 2410 3949 sed
2439 3895 2582 3964 quod
2612 3897 2711 3964 ipsi
2737 3896 2942 3962 dicunt,
2973 3898 3118 3964 nolo,
3150 3915 3255 3954 non
3299 3916 3443 3966 amo,
3474 3905 3597 3972 quia

2001 3984 2103 4038 etsi
2133 3984 2202 4036 ita
2241 3993 2350 4051 est,
2382 3993 2561 4041 tamen
2602 3986 2704 4042 ista
2742 3988 3018 4043 temeritas
3063 4005 3166 4044 non
3197 3991 3467 4058 scientiae,
3501 3995 3597 4050 sed

2000 4073 2240 4131 audacia:
2268 4084 2372 4141 est,
2403 4091 2503 4131 nec
2528 4076 2693 4144 visus,
2719 4081 2824 4149 εξ
2873 4078 2967 4133 sed
3008 4080 3202 4151 typhus
3217 4095 3334 4137 eam
3365 4086 3595 4154 peperit.

2003 4164 2254 4236 Ideoque,
2272 4166 2516 4235 Domine,
2533 4170 2812 4224 tremenda
2829 4179 2957 4224 sunt
2976 4169 3178 4238 judicia
3199 4180 3307 4237 tua,
3337 4171 3595 4241 quoniam

1999 4261 2196 4316 veritas
2221 4270 2307 4317 tua
2337 4277 2437 4317 nec
2463 4278 2579 4318 mea
2609 4272 2712 4331 est,
2741 4278 2839 4318 nec
2863 4264 3004 4319 illius
3028 4277 3120 4318 aut
3151 4263 3316 4328 illius,
3348 4266 3444 4321 sed
3468 4280 3593 4320 om-

1999 4353 2148 4407 nium
2179 4363 2419 4409 nostrum
2441 4370 2579 4425 quos
2630 4356 2699 4410 ad
2751 4356 2869 4425 ejus
2903 4356 3340 4412 communionem
3382 4357 3597 4427 publice

2000 4459 2195 4511 vocas,
2223 4446 2538 4503 terribiliter
2595 4448 2896 4504 admonens
2960 4463 3059 4503 nos
3097 4459 3155 4505 ut
3195 4464 3315 4506 eam
3361 4450 3594 4506 nolimus

309 4541 451 4594 Dicit
478 4543 640 4596 etiam
677 4542 790 4610 ipse
815 4540 1120 4595 dilectionis
1150 4540 1400 4595 modum:
1426 4540 1558 4608 Quis
1585 4555 1714 4608 ergo
1744 4553 1900 4609 sepa-
1925 4525 1975 4585 1)
2003 4534 2202 4624 habere
2225 4539 2505 4606 privatam,
2535 4555 2602 4595 ne
2643 4542 2913 4611 privemur
2955 4556 3040 4596 ea.
3084 4540 3216 4596 Nam
3247 4543 3493 4612 quisquis
3537 4544 3589 4597 id

305 4641 395 4686 rat
418 4646 517 4686 nos
545 4648 573 4684 a
601 4631 862 4686 cltaritate
884 4631 1116 4687 Christi?
1137 4640 1192 4687 et
1217 4642 1431 4686 cetera.
1466 4631 1528 4685 Et
1554 4639 1672 4699 post
1696 4645 1895 4699 pauca:

305 4724 501 4779 Certus
531 4739 648 4779 sum
677 4726 819 4780 enim
839 4726 960 4794 quia
993 4741 1164 4795 neque
1183 4739 1349 4788 mors,
1378 4739 1553 4792 neque
1584 4724 1716 4790 vita,
1737 4733 1789 4780 et
1815 4741 1900 4779 re-

303 4821 476 4888 liqua.
508 4818 564 4872 Si
595 4833 726 4888 ergo
752 4819 894 4873 nulla
923 4835 1010 4874 res
1049 4819 1117 4872 ab
1144 4817 1262 4887 ejus
1299 4818 1562 4873 cltaritate
1607 4831 1707 4871 nos
1744 4831 1902 4886 sepa-

307 4923 414 4974 rat,
448 4911 573 4973 uuid
604 4927 727 4966 eSse
772 4929 876 4967 non
922 4911 1096 4966 solum
1145 4910 1355 4974 melius,
1383 4909 1476 4965 sed
1508 4909 1669 4962 etiam
1699 4910 1898 4965 certius

310 5003 415 5057 hoc
461 5004 602 5058 bono
634 5003 842 5072 potest?
871 5003 1038 5058 Nemo
1088 5018 1186 5058 nos
1229 5001 1354 5056 inde
1399 5010 1613 5071 separat
1643 5001 1899 5055 minando

307 5103 570 5160 mortem,
599 5094 828 5163 idipsum
859 5095 1002 5149 enim
1046 5094 1189 5164 quod
1225 5093 1497 5164 diligimus
1529 5094 1727 5158 Deum,
1761 5095 1899 5148 mori

307 5203 415 5240 liO't
453 5196 649 5254 potest,
683 5188 786 5241 nisi
831 5187 957 5242 dum
990 5204 1098 5242 non
1143 5187 1315 5256 diligit
1356 5186 1546 5253 Deum,
1573 5187 1656 5241 cui
1688 5186 1847 5258 [cum
1877 5185 1897 5258 ]

305 5294 458 5334 mors
503 5280 614 5345 ipsa
659 5289 771 5344 est,
815 5295 920 5334 non
968 5280 1193 5351 diligere
1223 5279 1413 5344 Deum,
1463 5279 1605 5349 quod
1646 5280 1780 5334 nihil
1816 5291 1899 5336 est

307 5373 456 5425 aliud
486 5387 648 5442 quam
675 5374 725 5427 ei
751 5374 1040 5443 quidquam
1071 5375 1124 5427 in
1149 5371 1422 5441 diligendo
1439 5381 1600 5442 atque
1621 5373 1896 5442 sequendo

309 5481 646 5535 praeponere.
706 5465 872 5522 Nemo
923 5466 1048 5522 inde
1103 5476 1317 5535 separat
1365 5465 1667 5534 pollicendo
1708 5469 1894 5535 vitam,

307 5571 475 5610 nemo
500 5557 640 5610 enim
671 5559 740 5612 ab
769 5559 888 5625 ipso
919 5559 1064 5612 fonte
1092 5567 1304 5627 separat
1343 5572 1533 5628 aquam
1567 5557 1896 5627 pollicendo.

307 5648 427 5703 Non
459 5660 672 5716 separat
698 5651 936 5718 angelus,
971 5664 1076 5704 non
1105 5650 1248 5704 enim
1277 5660 1360 5705 est
1389 5651 1634 5720 angelus,
1664 5666 1784 5705 cum
1814 5651 1899 5705 in-

309 5739 580 5796 iuremus
608 5740 741 5808 Deo,
785 5752 965 5796 nostra
993 5752 1170 5797 mente
1203 5744 1494 5811 potentior.
1540 5742 1658 5798 Non
1686 5753 1902 5813 separat

312 5835 512 5899 virtus,
551 5834 599 5890 si
627 5835 717 5891 illa
771 5831 940 5890 virtus
973 5836 1060 5892 hic
1105 5834 1375 5892 nominata
1411 5843 1493 5892 est
1520 5849 1637 5906 quze
1667 5836 1900 5906 aliquam

2005 4631 2148 4696 quod
2180 4642 2234 4685 tu
2263 4632 2513 4687 erunibus
2541 4633 2608 4687 ad
2643 4633 2928 4697 fruendum
2969 4634 3221 4703 proponis
3246 4635 3351 4689 sibi
3382 4638 3596 4705 proprie

2008 4722 2281 4790 vindicat,
2323 4735 2379 4778 et
2425 4741 2580 4780 suum
2632 4726 2744 4780 vult
2791 4739 2914 4781 esse
2963 4727 3102 4796 quod
3148 4729 3387 4782 omnium
3431 4739 3534 4795 est,
3565 4748 3596 4784 a

2003 4818 2275 4871 communi
2322 4819 2637 4887 propellitur
2665 4819 2731 4872 ad
2762 4834 2882 4883 sua,
2917 4820 3019 4875 hoc
3057 4828 3141 4875 est
3183 4836 3216 4874 a
3262 4821 3489 4877 veritate
3528 4823 3594 4876 ad

2007 4910 2378 4974 mendacium;
2419 4913 2511 4980 qui
2539 4913 2682 4964 enim
2711 4911 2948 4980 loquitur
3000 4913 3372 4978 mendacium,
3406 4913 3474 4968 de
3496 4929 3594 4967 suo

2005 4999 2262 5068 loquitur.
2294 5000 2546 5063 Attende,
2573 5000 2736 5068 judex
2785 5001 2990 5068 Optime
3020 5001 3189 5068 Deus,
3224 5004 3334 5071 ipsa
3363 5001 3590 5065 Veritas,

2001 5093 2218 5148 attende
2246 5093 2374 5162 quid
2402 5095 2605 5156 dicam,
2637 5093 3026 5149 contradictori
3058 5096 3202 5163 huic,
3238 5097 3594 5170 attende;t-o-

2000 5199 2114 5238 ram
2143 5191 2194 5237 te
2215 5185 2356 5238 enim
2385 5184 2535 5248 dico,
2561 5191 2616 5238 et
2639 5197 2823 5238 coram
2867 5183 3122 5239 fratribus
3153 5187 3310 5251 meis,
3342 5187 3431 5255 qui
3461 5186 3588 5252 legi-

2002 5277 2132 5331 time
2171 5284 2392 5331 utuntur
2443 5278 2594 5345 lege,
2649 5291 2821 5347 usque
2859 5278 2927 5331 ad
2971 5277 3131 5332 linem
3160 5277 3457 5332 charltatis.
3488 5277 3586 5330 At-

2001 5368 2184 5433 tende,
2207 5376 2263 5423 et
2283 5369 2401 5424 vide
2421 5368 2549 5438 quid
2572 5369 2622 5424 ei
2644 5368 2844 5435 dicam,
2865 5369 2908 5423 si
2933 5369 3112 5438 placet
3135 5369 3226 5422 tibi
3251 5385 3265 5432 ;
3296 5368 3430 5422 hanc
3447 5369 3591 5420 enim

2000 5477 2187 5519 vocem
2262 5462 2386 5517 huic
2456 5459 2634 5518 refero
2710 5460 2998 5516 fraternam
3058 5469 3112 5515 et
3165 5459 3463 5528 pacificant.
3534 5462 3592 5516 Si

2001 5554 2162 5609 ambo
2189 5554 2432 5610 videmus
2453 5569 2642 5610 verum
2671 5568 2792 5608 esse
2813 5553 2954 5623 quod
2981 5553 3135 5615 dicis,
3169 5563 3223 5606 et
3252 5551 3412 5605 ambo
3441 5553 3589 5607 vide-

2005 5663 2124 5701 mus
2153 5662 2338 5702 verum
2368 5661 2492 5702 esse
2519 5645 2660 5716 quod
2687 5643 2833 5708 dico,
2865 5644 2977 5710 ubi,
3011 5632 3216 5713 q’uatso,
3241 5644 3292 5698 id
3316 5643 3596 5701 videmus?

2005 5754 2106 5794 nec
2132 5754 2232 5810 ego
2260 5741 2453 5816 utique.
2472 5738 2524 5792 in
2545 5748 2616 5804 te,
2649 5750 2751 5791 nec
2781 5744 2836 5791 tu
2860 5735 2912 5790 in
2938 5750 3045 5802 me,
3077 5737 3171 5791 sed
3191 5737 3350 5791 ambo
3377 5738 3429 5792 in
3455 5752 3592 5807 tpSa,

2004 5849 2124 5905 qua:
2151 5847 2312 5904 supra
2337 5841 2546 5888 mentes
2576 5839 2788 5888 nostras
2832 5839 2939 5899 est,
2990 5830 3413 5890 incommutabili
3451 5835 3592 5890 veri-
