3956 6180
294 234 398 292 ϐὶδ

1569 226 2002 287 TllESAURUS.
2031 226 2185 285 CAP.
2224 227 2264 284 Χ
2277 228 2433 285 XVII.

3476 226 3582 294 stt

300 358 349 405 in
391 358 557 408 cantu
608 362 715 403 non
759 349 829 401 ita
860 354 973 410 est;
1002 332 1125 399 cum
1172 342 1314 398 enim
1363 350 1630 410 cantatur,
1680 343 1897 396 auditur
1927 326 1969 401 Α
2004 340 2150 395 illum
2172 342 2356 397 'virum
2384 341 2451 397 de
2484 350 2533 397 te
2562 342 2821 397 meruisse
2863 356 2967 397 nor.
2996 344 3242 412 credam;
3286 351 3455 405 sensit
3490 351 3583 409 ille

297 455 466 497 sonus
496 440 655 508 ejus,
698 454 803 491 non
838 436 983 505 prius
1037 433 1341 489 informiter
1368 443 1556 499 sonat,
1596 440 1650 489 et
1702 433 1899 493 deinde

298 534 567 589 formatur
630 534 683 585 in
740 540 978 586 cantum.
1034 529 1188 597 Quod
1236 530 1380 583 enim
1430 526 1606 597 primo
1635 538 1902 600 utcunque

295 625 543 682 sonuerit
596 623 871 694 praeterit,
929 636 1030 678 nec
1081 635 1149 676 ex
1203 636 1270 675 eo
1324 620 1615 690 quidquam
1662 621 1902 690 reperies

294 714 439 784 quod
491 723 824 785 resumptum
870 722 986 768 arte
1037 716 1365 784 componas,
1422 721 1478 767 et
1526 711 1650 767 ideo
1705 720 1901 767 cantus

296 811 348 864 in
378 824 520 861 sono
559 823 661 863 suo
708 807 972 862 vertitur:
1006 802 1096 875 qui
1134 817 1301 859 sonus
1341 804 1594 860 materies
1628 803 1744 874 ejus
1784 815 1898 870 est,

295 899 439 954 idem
475 900 676 970 quippe
729 898 989 953 formatur
1023 907 1081 952 ut
1110 907 1301 952 cantus
1334 899 1437 964 sit,
1481 907 1535 952 et
1585 897 1726 962 ideo,
1759 898 1900 952 sicut

298 992 582 1059 dicebam,
648 991 796 1062 prior
864 990 1117 1045 materies
1191 990 1460 1056 sonandi,
1514 1004 1672 1057 quam
1728 987 1898 1044 forma

298 1081 595 1145 cantandi,
651 1096 755 1135 non
814 1080 1123 1147 perﬁciendi
1187 1081 1426 1150 potentia
1479 1081 1665 1150 prior;
1726 1097 1900 1150 neque

298 1178 440 1231 enim
482 1192 649 1251 sonus
684 1188 767 1231 est
801 1175 1051 1228 cantandi
1094 1174 1315 1240 artifex,
1362 1174 1456 1228 sed
1502 1175 1737 1228 cantanti
1785 1176 1901 1228 ani-

297 1285 400 1325 mte
444 1268 685 1337 subjacet
728 1285 791 1321 ex
838 1283 1098 1337 corpore,
1140 1267 1207 1323 de
1259 1283 1366 1336 quo
1406 1276 1609 1321 tantum
1660 1268 1765 1338 23
1813 1266 1898 1321 fa-

296 1366 433 1429 ciat;
468 1380 565 1418 nec
595 1373 836 1430 tempore
862 1369 1025 1430 prior,
1062 1362 1221 1416 simul
1251 1362 1393 1416 enim
1427 1377 1549 1417 cum
1581 1372 1741 1416 cantu
1784 1361 1901 1416 edi-

292 1466 419 1512 tur:
474 1470 574 1510 nec
620 1456 765 1523 prior
819 1454 1117 1519 electione,
1159 1470 1264 1508 non
1309 1456 1452 1509 enim
1503 1456 1678 1524 potior
1728 1468 1897 1509 sonus

292 1562 456 1615 quam
508 1552 738 1609 cantus,
790 1544 1220 1613 quandoquidem
1267 1554 1458 1598 cantus
1504 1554 1587 1599 est
1632 1560 1735 1598 non
1777 1555 1897 1598 Ian-

294 1650 409 1689 ttun
469 1651 655 1699 sonus,
701 1622 1045 1689 verumetiam
1094 1634 1359 1708 [sonus]
1424 1638 1893 1707 speciosissimus;

2004 430 2228 487 omnino
2258 434 2311 487 in
2338 434 2417 487 his
2448 434 2624 488 verbis
2653 442 2812 503 atque
2839 436 3091 505 cogitavit
3117 452 3239 494 enm
3277 456 3339 495 ea
3382 444 3587 499 scribe-

2002 534 2084 576 ret
2114 562 2131 587 ,
2164 524 2420 594 quidquid
2457 525 2546 579 hic
2604 525 2715 580 veri
2748 525 3021 595 potuimus
3047 529 3310 600 iuvenire,
3344 542 3398 588 et
3424 534 3584 605 quid-

2003 614 2130 684 quid
2164 628 2262 670 nos
2290 629 2395 669 non
2426 618 2696 684 potuimus
2724 628 2814 672 aut
2844 618 3082 675 nondum
3114 635 3492 691 possumus,et
3514 635 3587 680 ta.

2000 719 2123 759 men
2164 704 2215 759 in
2248 706 2327 760 eis
2374 704 2600 761 inveniri
2646 717 2843 776 potest.
2881 710 3184 777 Postremo,
3222 713 3467 779 Domine,
3497 718 3586 786 qui

2006 793 2145 848 Deus
2171 810 2231 849 es
2259 804 2315 850 ct
2340 811 2444 850 non
2474 810 2599 851 caro
2630 807 2681 851 et
2706 802 2953 871 sanguis,
2993 804 3040 856 si
3068 804 3196 872 quid
3223 803 3385 860 homo
3411 808 3586 862 minus

2003 888 2170 953 videt,
2207 887 2447 957 nunquid
2477 901 2530 945 et
2561 892 2804 962 spiritum
2832 903 2981 949 tuum
3004 896 3223 961 bonum,
3243 897 3334 967 qui
3358 899 3588 957 deducet

2004 995 2089 1035 me
2115 981 2167 1035 in
2201 992 2394 1038 terram
2423 993 2645 1050 rectam,
2668 986 2835 1042 latere
2866 997 3041 1057 potutt
3083 991 3343 1061 quidquid
3375 1008 3500 1050 eras
3533 997 3587 1048 in

2004 1072 2083 1125 eis
2114 1072 2297 1127 verbis
2326 1084 2381 1128 tu
2426 1076 2541 1144 ipse
2590 1079 2925 1131 revelaturus
2973 1079 3271 1148 legentibus
3316 1086 3584 1151 posteris,

2002 1162 2215 1217 etiamsi
2246 1164 2335 1218 ille
2381 1182 2474 1234 per
2521 1182 2679 1236 quem
2710 1168 2865 1221 'dicta
2898 1180 3023 1224 sunt
3053 1185 3213 1224 unam
3243 1163 3488 1229 ioriassis
3516 1190 3581 1229 ex

2003 1255 2185 1309 multis
2235 1257 2363 1310 vitis
2410 1258 2730 1313 sententiam
2782 1261 3057 1329 cogitavit.
3115 1262 3269 1327 Quod
3299 1264 3344 1318 si
3373 1264 3442 1318 ita
3472 1277 3580 1331 est,

2003 1345 2072 1396 sit
2109 1346 2267 1414 igitur
2318 1346 2407 1400 illa
2436 1363 2593 1415 quam
2636 1351 2889 1417 cogitavit
2922 1352 3133 1407 caeteris
3163 1355 3449 1410 excelsior.
3483 1356 3592 1411 Νη..

2001 1434 2084 1488 bis
2114 1444 2315 1500 autem,
2348 1437 2593 1502 Domine,
2632 1447 2723 1493 aut
2753 1439 2921 1508 ipsam
2952 1441 3283 1510 demonstra,
3311 1455 3404 1500 aut
3433 1462 3589 1513 quam

2005 1525 2175 1595 placet
2209 1531 2430 1582 alteram
2458 1543 2660 1597 veram,
2703 1539 2758 1585 ιιι
2788 1532 2902 1585 sive
2938 1534 3215 1590 nobishoc
3245 1538 3386 1605 quod
3424 1540 3590 1593 etiam

2004 1618 2079 1674 illi
2113 1622 2314 1675 homini
2350 1634 2466 1687 tuo,
2512 1624 2626 1677 sive
2658 1624 2801 1678 aliud
2847 1641 2915 1680 ex
2949 1629 3262 1683 eorumdem
3302 1631 3587 1685 verborum

304 1725 400 1780 sed
437 1727 585 1795 prior
610 1726 705 1779 est
736 1723 963 1794 origine,
1012 1726 1134 1794 quia
1184 1742 1289 1780 non
1320 1739 1509 1781 camus
1554 1726 1811 1781 formatur
1837 1737 1893 1782 υι
1926 1716 1969 1775 Β
2003 1712 2285 1766 occasione
2315 1712 2626 1781 patvl‘acias,
2657 1723 2710 1768 tu
2742 1724 2918 1771 tamen
2949 1732 3046 1772 nos
3070 1734 3276 1788 pascas,
3302 1736 3406 1777 non
3436 1739 3590 1780 error

301 1833 474 1872 sonus
520 1818 631 1883 sit,
678 1818 769 1871 sed
820 1831 986 1871 sonus
1025 1817 1285 1871 formatur
1320 1828 1377 1872 ut
1422 1829 1610 1873 cantus
1645 1820 1735 1872 sit.
1781 1818 1891 1876 iloc

298 1906 557 1974 exemplo
588 1906 675 1975 qui
701 1914 877 1974 potest
906 1904 1171 1973 intelligat
1201 1894 1477 1960 materiam
1511 1922 1688 1961 rerum
1714 1909 1892 1977 primo

294 1997 497 2052 factam
546 2008 599 2051 et
644 1996 961 2066 appellatam
1007 1997 1203 2051 coelum
1250 2007 1304 2051 et
1353 2006 1548 2052 terram
1577 1999 1737 2068 ,quia
1769 1997 1891 2054 inde

298 2087 443 2141 facta
476 2097 603 2141 sunt
644 2088 839 2140 cmlum
872 2094 928 2141 et
972 2098 1110 2141 terra
1132 2128 1147 2152 ,
1194 2100 1293 2143 nec
1338 2097 1575 2157 tempore
1607 2090 1778 2157 primo
1809 2091 1888 2144 fa-

294 2191 440 2236 ctam
493 2181 617 2251 quia
673 2178 859 2234 fortnte
918 2196 1093 2234 rerum
1161 2190 1423 2235 exscrunt
1487 2191 1745 2248 tempora.
1797 2183 1888 2236 illa

295 2284 479 2328 autem
532 2280 649 2328 erat
689 2272 955 2338 informis,
994 2271 1214 2343 jamque
1260 2272 1312 2328 in
1372 2275 1702 2344 temporibus
1729 2277 1889 2330 simul

297 2364 772 2420 animadvertitur.
834 2364 942 2418 Nec
992 2373 1166 2418 tamen
1216 2364 1282 2419 de
1323 2364 1410 2419 illa
1453 2367 1656 2421 narrari
1688 2367 1889 2435 aliquid

295 2466 500 2528 petest,
525 2456 629 2510 nisi
668 2456 814 2510 velut
860 2466 1100 2525 tempore
1130 2456 1277 2525 prior
1317 2459 1423 2522 sit,
1474 2473 1594 2511 cum
1628 2458 1892 2535 pendetur

295 2548 625 2614 extremior,
656 2548 775 2617 quia
810 2548 1051 2617 profecto
1078 2547 1298 2603 meliora
1330 2556 1455 2603 Sunt
1486 2547 1708 2603 formata
1731 2566 1889 2619 quam

293 2638 575 2705 informia,
601 2646 654 2693 et
676 2639 1006 2707 praecedotur
1030 2636 1384 2711 [praecedunt]
1407 2640 1705 2695 :eteruitatc
1727 2641 1889 2696 Crea-

296 2729 435 2784 toris
456 2774 470 2796 ,
522 2738 583 2783 ut
611 2740 753 2785 esset
783 2730 850 2784 de
878 2730 1071 2795 nihilo,
1105 2730 1245 2785 unde
1275 2729 1475 2799 aliquid
1507 2732 1677 2786 fiet-et.
1706 2731 1759 2785 lu
1794 2732 1892 2787 hac

296 2824 625 2881 diversitate
672 2825 1059 2877 sententiarum
1117 2839 1363 2879 verarum
1400 2826 1740 2880 concat‘diatn
1799 2843 1890 2896 pa-

295 2918 407 2971 riat
454 2916 571 2984 ipsa
601 2914 807 2969 Veritas
833 2958 847 2981 ,
891 2924 945 2969 et
978 2915 1117 2969 Deus
1141 2927 1323 2970 noster
1351 2918 1671 2971 misereatur
1700 2918 1890 2986 nostri,

296 3016 359 3060 ut
382 3007 624 3075 legitime
644 3005 761 3076 lege
783 3015 1015 3073 utamur,
1038 3008 1285 3076 prtecepti
1310 3007 1433 3073 fine,
1452 3023 1580 3076 pura
1608 3008 1891 3064 charitate.

1997 1802 2208 1856 illudat.

2553 1901 2783 1960 CAPUT
2811 1902 3027 1959 XXVII.

2218 2031 2544 2107 Principium
2574 2037 2693 2091 libri
2721 2039 2786 2092 de
2818 2038 3003 2094 Genesi
3031 2041 3101 2094 ad
3129 2042 3373 2098 litteram.

2071 2168 2260 2224 Omnis
2285 2169 2467 2225 divina
2497 2171 2773 2242 Scriptura
2801 2175 3053 2243 bipartita
3075 2187 3180 2247 est,
3210 2178 3505 2234 secundum
3530 2176 3584 2235 id

1996 2262 2135 2329 quod
2162 2260 2418 2316 Dominus
2448 2264 2767 2333 signiﬁcavit
2787 2266 2974 2322 dicens
3006 2286 3020 2323 :
3051 2268 3291 2325 Scribam
3312 2273 3579 2327 eruditum

1996 2354 2051 2407 in
2077 2368 2240 2422 regno
2274 2354 2364 2408 Dei
2388 2354 2620 2409 similem
2643 2372 2763 2410 esse
2787 2358 3179 2426 patrifamilias,
3196 2362 3489 2428 proferenti
3512 2365 3580 2420 de

1996 2444 2250 2499 thesauro
2274 2460 2370 2500 suo
2396 2461 2533 2500 nova
2560 2455 2619 2501 et
2640 2458 2844 2513 vetera,
2865 2462 2983 2519 quze
3001 2449 3108 2503 duo
3125 2450 3469 2507 Testamenta
3499 2452 3586 2509 diL

1994 2546 2208 2590 cuntur.
2233 2536 2285 2591 ln
2306 2538 2457 2593 libris
2471 2547 2647 2594 autem
2662 2532 2912 2597 omnibus
2928 2541 3127 2597 sanctis
3142 2543 3335 2598 intueri
3351 2555 3584 2616 oportet,

1995 2644 2115 2698 qua:
2143 2630 2449 2687 ibiamterna
2482 2633 2813 2701 intimentur,
2836 2652 2955 2705 qure
2978 2636 3115 2691 facta
3142 2649 3448 2705 narrentur,
3470 2657 3588 2710 qum

1997 2722 2173 2778 futura
2206 2727 2665 2794 prtenuntientur,
2687 2744 2808 2799 qute
2853 2732 3058 2799 agenda
3089 2731 3468 2801 praecipiantur
3503 2736 3587 2788 vel

1998 2827 2338 2871 moneantur.
2373 2818 2427 2871 lu
2450 2820 2760 2874 narratione
2787 2836 2919 2892 ergo
2949 2836 3127 2875 rerum
3152 2822 3411 2876 iactatum
3443 2840 3587 2894 qute-

1997 2910 2135 2963 ritur
2159 2919 2339 2964 utrum
2360 2912 2536 2965 omnia
2586 2912 2879 2967 secundum
2906 2913 3192 2982 ﬁgurarum
3218 2918 3589 2971 tantummodo

2001 3006 2328 3060 intellectum
2359 3005 2727 3077 accipiantur,
2776 3022 2843 3061 an
2883 3007 3042 3061 etiam
3083 3007 3378 3062 secundum
3429 3008 3589 3063 fidem

300 3099 382 3153 Ac
412 3113 510 3165 per
540 3100 642 3153 hoc
681 3100 723 3152 si
768 3100 889 3168 quis
921 3100 1113 3170 quaerit
1139 3114 1202 3155 ex
1237 3116 1321 3155 me
1360 3101 1486 3171 quid
1516 3101 1705 3156 horum
1749 3101 1894 3174 Μογ-
1922 3093 1970 3158 C
2000 3112 2182 3153 rerum
2222 3107 2493 3169 gestarum
2527 3096 2816 3154 asserenda
2846 3107 2901 3153 et
2932 3099 3264 3154 defendenda
3299 3102 3425 3154 sint.
3457 3100 3589 3155 Nam

306 3203 398 3245 ses
430 3200 557 3245 tuus
585 3191 672 3245 ille
698 3192 927 3245 famulus
955 3192 1210 3255 senserit,
1252 3209 1356 3247 non
1381 3202 1507 3248 sunt
1533 3192 1585 3247 hi
1615 3209 1894 3251 sermones

300 3280 709 3337 confessionum
745 3297 1017 3349 mearum,
1050 3284 1094 3337 si
1129 3283 1223 3338 tibi
1261 3299 1366 3339 non
1399 3285 1661 3339 conliteor
1686 3288 1890 3351 nescio,

306 3385 362 3427 et
405 3372 522 3427 scio
571 3382 747 3428 tamen
799 3374 918 3428 illas
960 3390 1080 3430 esse
1122 3391 1276 3430 veras
1320 3377 1614 3431 sententias
1657 3378 1895 3449 exceptis

296 3462 653 3527 carnalibus,
706 3463 773 3518 de
823 3466 1018 3533 quibus
1069 3476 1323 3533 quantum
1357 3465 1657 3520 existimavi
1687 3468 1895 3521 locutus

303 3571 424 3610 sum
444 3599 460 3621 ,
509 3572 646 3627 quos
673 3566 853 3611 tamen
888 3558 1041 3612 bona:
1070 3559 1182 3627 Spei
1213 3559 1459 3627 parvulos
1489 3559 1604 3613 inec
1634 3560 1794 3614 verba
1828 3561 1893 3615 li-

298 3650 382 3704 bri
415 3650 491 3703 tui
546 3665 651 3704 non
694 3650 962 3716 territant,
1023 3652 1133 3703 alta
1186 3650 1476 3717 humiliter,
1509 3662 1565 3708 et
1605 3668 1768 3723 pauca
1798 3669 1891 3708 co-

303 3741 501 3809 piose:
554 3741 647 3796 sed
692 3756 879 3796 omnes
909 3756 1044 3811 quos
1091 3739 1143 3796 in
1187 3742 1267 3796 eis
1296 3742 1475 3797 verbis
1515 3759 1637 3799 vera
1669 3744 1893 3801 cernere

298 3846 363 3885 ac
393 3831 581 3887 dicere
604 3835 794 3897 fateor,
850 3832 1133 3902 diligamus
1162 3848 1259 3888 nos
1285 3833 1515 3889 invicem
1541 3878 1555 3901 ,
1588 3837 1893 3907 pariterque

298 3922 589 3992 di‘igamus
619 3934 669 3977 te
695 3922 861 3978 Deum
893 3933 1133 3979 nostrum
1165 3925 1365 3981 fontem
1399 3928 1670 3993 veritatis,
1713 3929 1756 3982 si
1784 3945 1890 3985 non

295 4028 462 4082 vam,
491 4014 585 4068 sed
607 4013 785 4084 ipsum
818 4013 1031 4086 [ipsam]
1058 4014 1291 4080 sitimus,
1324 4014 1683 4087 eumdemque
1717 4016 1891 4073 famu-

300 4105 417 4159 lum
463 4113 612 4158 tuum
655 4105 948 4175 Scriptura:
997 4104 1153 4176 hujus
1202 4108 1655 4177 dispensatorem,
1700 4110 1890 4178 spiritu

298 4209 401 4249 tuo
444 4195 658 4263 plenum
689 4195 758 4249 ita
796 4196 1142 4259 honoremus,
1177 4205 1235 4251 ut
1265 4196 1365 4251 hoc
1391 4212 1510 4251 eum
1538 4207 1591 4253 te
1620 4199 1893 4255 revelante

296 4302 429 4342 cum
483 4287 595 4339 haec
635 4286 898 4341 scriberet
945 4286 1241 4342 attendisse
1288 4288 1611 4354 credamus,
1663 4290 1803 4359 quod
1839 4293 1891 4346 in

295 4379 387 4431 eis
418 4381 649 4431 maxime
696 4386 751 4432 et
803 4378 920 4432 luce
970 4379 1216 4433 veritatis
1261 4390 1315 4435 et
1344 4382 1496 4452 fruge
1525 4382 1772 4437 utilitatis
1798 4399 1893 4438 ex-

1999 3206 2103 3245 non
2135 3206 2255 3246 esse
2281 3191 2592 3260 accipienda
2626 3191 2922 3259 figuraliter
2945 3192 3121 3245 nullus
3150 3191 3483 3247 Christianus
3505 3193 3589 3247 di-

1997 3298 2123 3337 cere
2153 3281 2392 3348 audebit,
2418 3281 2704 3337 attendens
2727 3282 3041 3352 Apostolum
3069 3281 3334 3338 dicentem
3362 3300 3375 3336 :
3401 3282 3590 3337 Omnia

1996 3385 2175 3429 autem
2202 3375 2315 3428 haec
2340 3379 2389 3428 in
2413 3374 2578 3444 figura
2602 3373 2979 3443 contingebant
3012 3372 3140 3442 illis,
3170 3384 3225 3429 et
3277 3374 3403 3429 illud
3439 3376 3583 3439 quod

1998 3463 2050 3520 in
2068 3465 2263 3521 Genesi
2291 3467 2552 3535 scriptum
2583 3473 2666 3519 est
2699 3506 2715 3531 ,
2747 3464 2813 3519 Et
2839 3471 2997 3520 erunt
3023 3464 3092 3520 du
3118 3489 3127 3513 ι
3159 3467 3211 3520 in
3248 3480 3414 3521 carne
3446 3482 3578 3528 una,

1996 3572 2247 3629 magnum
2275 3568 2668 3613 sacramentum
2719 3556 3187 3612 commendantem
3220 3556 3270 3611 in
3294 3556 3513 3613 Christo
3530 3566 3588 3613 et

1997 3651 2052 3705 in
2082 3650 2345 3706 Ecclesia.
2363 3649 2417 3704 Si
2448 3664 2576 3718 ergo
2606 3658 2835 3718 utroque
2857 3648 3017 3703 modo
3039 3648 3128 3703 illa
3145 3650 3418 3717 Scriptura
3432 3662 3588 3704 scru-

1996 3741 2154 3797 tanda
2182 3750 2286 3805 est,
2317 3742 2588 3810 quomodo
2633 3738 2835 3794 dictum
2881 3748 2965 3794 est
3008 3748 3206 3808 przeter
3236 3740 3584 3809 allegorieatn

1996 3830 2445 3903 signiﬁcationem
2479 3848 2491 3884 :
2536 3829 2589 3883 ln
2632 3828 2892 3899 principio
2935 3830 3061 3883 iecit
3101 3828 3242 3885 Deus
3285 3831 3481 3886 coelum
3533 3842 3588 3886 et

1996 3929 2234 3986 terram;
2266 3932 2442 3975 utrum
2472 3921 2526 3975 in
2558 3920 2823 3989 principio
2845 3920 3143 3988 temporis?
3170 3936 3236 3975 an
3260 3922 3380 3990 quia
3416 3923 3591 3991 primo

1995 4012 2234 4067 omnittm
2256 4010 2396 4065 facta
2427 4010 2570 4065 sint?
2598 4024 2664 4064 an
2698 4009 2751 4065 in
2783 4007 3047 4080 principio
3077 4010 3219 4080 quod
3247 4022 3332 4067 est
3353 4009 3588 4067 Verbum

1996 4103 2091 4159 Dei
2115 4104 2420 4173 unigenitus
2436 4100 2629 4157 Filius?
2651 4098 2718 4155 Et
2730 4100 2995 4171 quomodo
3010 4101 3399 4171 possitostendi
3419 4102 3590 4159 Deum

1995 4196 2115 4251 sine
2127 4195 2237 4251 ulla
2257 4194 2339 4249 sui
2358 4194 3001 4263 commutationeoperari
3023 4192 3297 4248 mutabilia
3314 4201 3368 4249 et
3382 4203 3588 4264 tempo-

1996 4289 2169 4344 ralia?
2194 4298 2248 4343 et
2270 4288 2397 4358 quid
2424 4288 2754 4359 signiﬁcetur
2773 4286 3119 4343 nominecteli
3139 4287 3393 4342 etterrte?
3409 4301 3587 4342 utrum

1999 4385 2254 4455 spiritalis
2283 4383 2687 4454 corporalisque
2713 4392 2958 4439 creatura
2988 4383 3111 4438 cteli
3148 4393 3202 4439 et
3231 4392 3388 4438 terra:
3428 4399 3589 4440 voca-

296 4471 478 4524 cell'tt.
510 4472 582 4523 ita
614 4485 735 4525 cum
780 4472 919 4525 alius
948 4471 1166 4537 dixerit,
1201 4473 1302 4527 hoc
1331 4475 1500 4529 sensit
1523 4476 1667 4545 quod
1690 4492 1810 4546 ego,
1840 4486 1893 4531 et
1923 4473 1971 4535 D
1997 4476 2178 4531 bulum
2196 4476 2582 4547 aceeperit?an
2602 4478 2970 4531 tantummodo
3000 4477 3297 4546 corporalis
3321 4478 3455 4532 utin
3488 4478 3590 4533 ho‘c

298 4566 474 4629 alius,
508 4565 612 4618 imo
641 4565 768 4619 illud
797 4568 937 4636 quod
966 4581 1088 4635 ego,
1118 4564 1419 4638 religiosius
1448 4586 1531 4624 me
1558 4570 1788 4624 arbitror
1812 4570 1893 4625 di-

295 4672 460 4721 cere,
503 4673 596 4710 cur
636 4673 741 4711 non
771 4666 1057 4728 utrumque
1083 4662 1282 4729 potius,
1312 4660 1357 4715 si
1388 4671 1676 4731 utrumque
1705 4679 1889 4718 verum

295 4750 441 4801 est?
472 4760 521 4801 et
571 4751 615 4804 si
666 4750 791 4819 quid
840 4752 1054 4807 tertium
1076 4793 1091 4816 ,
1138 4760 1193 4807 et
1219 4753 1265 4807 si
1297 4754 1422 4822 quid
1457 4765 1700 4824 quartum
1731 4798 1745 4823 ,
1771 4766 1823 4810 et
1848 4758 1895 4811 si

291 4839 436 4908 quid
479 4840 617 4893 aliud
650 4841 869 4895 omnino
894 4857 1077 4896 verum
1107 4843 1227 4912 quis
1250 4842 1558 4915 [quispiam]
1588 4845 1638 4898 in
1674 4848 1755 4899 his
1780 4860 1896 4900 ver-

296 4935 393 4984 his
425 4930 608 4983 videt?
651 4946 747 4985 cur
795 4947 900 4985 non
944 4933 1033 4987 illa
1067 4935 1241 4987 omnia
1277 4936 1473 4990 vidisse
1499 4936 1767 5001 credatur,
1803 4950 1897 5005 per

292 5039 470 5092 quem
501 5025 639 5077 Deus
670 5038 808 5078 unus
854 5041 1036 5081 sacras
1084 5028 1289 5082 litteras
1335 5044 1459 5081 vera
1495 5038 1549 5081 et
1572 5028 1783 5081 diversa
1813 5029 1893 5082 vi-

293 5116 454 5171 suris
511 5118 799 5171 multorum
852 5118 1100 5172 sensibus
1169 5118 1526 5186 temperavit?
1590 5118 1702 5188 Ego
1748 5128 1898 5174 certe

291 5209 456 5279 quod
490 5210 788 5280 intrepidus
825 5212 893 5267 de
928 5226 1048 5265 meo
1073 5212 1237 5266 corde
1267 5210 1577 5279 pronuntio,
1606 5210 1651 5265 si
1684 5210 1749 5265 ad
1782 5213 1897 5266 cul-

292 5317 435 5358 men
466 5304 801 5357 auctoritatis
831 5303 1029 5374 aliquid
1058 5305 1372 5369 scriberem,
1405 5306 1483 5359 sic
1514 5305 1726 5359 mallem
1758 5305 1895 5359 scri-

294 5399 465 5462 bere,
496 5398 717 5466 utquod
749 5399 860 5452 veri
892 5398 1117 5468 quisque
1144 5396 1212 5453 de
1243 5398 1325 5452 his
1366 5399 1526 5452 rebus
1553 5413 1746 5466 capere
1771 5413 1893 5468 pos-

295 5497 394 5542 set
418 5530 433 5552 ,
484 5504 598 5542 mea
641 5487 802 5543 verba
852 5498 1169 5544 τθεοιιεπθηι
1195 5532 1211 5557 ,
1255 5507 1412 5560 quam
1440 5503 1495 5546 Ill
1524 5508 1680 5545 unam
1710 5507 1893 5546 veram

298 5583 637 5635 sententiam
666 5583 730 5635 ad
760 5582 860 5635 hoc
887 5586 1123 5651 apertius
1151 5597 1404 5651 ponerem
1423 5627 1436 5648 ,
1477 5595 1533 5638 ut
1555 5587 1894 5640 excluderem

302 5684 539 5727 emeras
586 5689 813 5742 quarum
860 5675 1062 5730 falsitas
1110 5690 1197 5731 me
1243 5693 1347 5731 non
1393 5686 1573 5746 posset
1596 5677 1890 5733 offendere.

306 5764 454 5820 Heio
485 5766 693 5835 itaque,
732 5766 869 5824 Deus
900 5782 1052 5825 meus
1071 5809 1085 5837 ,
1131 5775 1238 5824 tam
1265 5784 1503 5840 praeceps
1527 5783 1679 5838 esse,
1709 5778 1765 5827 ut
1794 5770 1896 5827 hoc

1996 4566 2132 4624 libro
2149 4568 2219 4624 de
2238 4569 2466 4638 Spiritali
2489 4571 2720 4623 tacuisse
2738 4569 3087 4639 intelligatur,
3117 4579 3276 4639 atque
3297 4568 3367 4623 ita
3384 4570 3591 4626 dixisse

1997 4663 2195 4717 coelum
2240 4669 2295 4716 et
2323 4670 2520 4717 terram
2545 4704 2560 4726 ,
2600 4672 2657 4716 ut
2687 4675 2899 4715 omnem
2938 4671 3237 4715 creaturam
3274 4674 3589 4731 corpoream

1997 4755 2334 4821 superiorem
2366 4762 2529 4823 atque
2560 4752 2874 4807 inferiorem
2903 4751 3208 4822 signiﬁcare
3231 4752 3498 4808 voluerit?
3521 4768 3591 4808 an

1998 4845 2278 4914 utriusque
2305 4842 2553 4898 informis
2576 4846 2796 4897 materia
2822 4843 2964 4898 dicta
2988 4852 3094 4910 est,
3115 4845 3310 4900 omium
3343 4852 3396 4900 et
3422 4854 3589 4912 terra,

2004 4938 2259 5009 Ipit‘ilalis
2287 4938 2532 4992 videlicet
2558 4939 2683 5001 vita,
2716 4935 2875 4991 sicuti
2924 4948 3045 4993 esse
3078 4947 3252 5006 potest
3281 4937 3333 4994 in
3374 4953 3435 4995 se
3483 4955 3589 4995 non

2006 5049 2263 5089 c0nversa
2285 5033 2349 5086 ad
2374 5034 2679 5087 Creatorem
2699 5032 2825 5085 ?ta|i
2848 5032 2989 5086 enim
3013 5032 3365 5088 conversione
3392 5033 3591 5088 forma-

2007 5137 2092 5182 tttr
2119 5140 2277 5197 atque
2306 5127 2602 5196 perlicitur,
2628 5127 2672 5180 si
2697 5136 2872 5180 autem
2904 5142 3008 5181 non
3036 5135 3385 5181 convertatur
3417 5126 3590 5179 infor-

2005 5224 2106 5276 mis
2133 5233 2235 5278 est.
2267 5221 2575 5292 Corporalis
2611 5230 2786 5275 autem
2815 5221 2862 5277 si
2892 5222 3061 5291 possit
3102 5220 3323 5290 intelligi
3355 5236 3449 5289 per
3476 5222 3586 5290 pri-

2002 5315 2269 5367 vationem
2302 5314 2476 5367 omnis
2506 5326 2779 5382 corporeze
2802 5312 3094 5382 qualitatis,
3129 5327 3250 5382 quae
3280 5320 3503 5379 apparet
3534 5313 3589 5366 in

1999 5406 2221 5460 materia
2243 5404 2490 5470 formata,
2505 5419 2625 5459 cum
2640 5404 2750 5472 jam
2775 5401 3123 5470 suntspecies
3144 5414 3452 5470 corporum,
3472 5404 3588 5455 sive

1997 5495 2378 5562 visu,siveaiio
2390 5494 2621 5566 quolibet
2644 5509 2804 5549 sensu
2827 5493 3069 5561 corporis
3092 5491 3485 5557 perceptibiles.
3505 5499 3587 5548 An

1998 5589 2193 5643 ccelum
2226 5585 2629 5655 intelligendum
2652 5593 2733 5640 est
2760 5594 3004 5640 creatura
3038 5584 3311 5654 Spit-italis,
3338 5583 3403 5637 ab
3429 5597 3588 5639 exor-

2000 5681 2092 5736 dio
2119 5697 2225 5751 quo
2255 5682 2388 5734 facta
2416 5688 2499 5734 est
2521 5678 2751 5747 perlecta
2777 5678 2863 5732 ilia
2888 5688 2941 5733 et
2984 5680 3133 5732 beata
3166 5691 3409 5747 semper,
3442 5687 3583 5732 terra

2000 5786 2127 5828 vero
2179 5771 2472 5841 corporalis
2518 5770 2773 5827 materies
2825 5770 3003 5827 adhuc
3052 5768 3419 5842 imperfecta?
3462 5768 3586 5842 quia
