3956 6180
381 273 489 335 eis

1450 253 1515 327 υ.
1548 244 1867 309 ΕυϐἵΡΡΙΙ
1906 239 2199 301 ABBKTIS
2233 231 2557 296 AFRICANI

3559 212 3685 274 οιε

382 404 547 455 terra,
577 381 768 455 inquit,
799 388 912 435 erat
936 371 1218 431 invisibilis
1245 379 1301 425 et
1323 365 1698 437 incomposita,
1730 373 1782 417 et
1814 370 1966 414 tene-
1991 361 2045 420 Α
2072 352 2250 410 Verbo
2276 362 2380 419 est,
2414 352 2465 407 in
2495 363 2602 421 quo
2631 361 2737 402 non
2767 350 2852 400 εει
2876 341 3093 414 quando
3117 349 3166 396 ει
3195 337 3509 409 aliquando,
3525 353 3687 455 quo-

384 487 494 539 brae
520 454 672 536 erant
697 489 859 546 super
879 472 1157 542 abyssum,
1198 463 1394 536 quibus
1424 459 1607 515 verbis
1636 456 1851 513 videtur
1882 454 1965 508 in-

384 558 709 631 forrnitstem
769 564 1078 637 significare
1138 554 1454 614 substantia:
1502 549 1801 618 corporalis
1825 588 1841 612 ,
1900 561 1969 601 an

382 670 660 736 utriusque
699 657 1003 717 iuformitas
1042 653 1130 710 liis
1154 650 1316 708 etiam
1363 643 1753 718 posterioribus
1792 638 1973 696 verbis

383 754 746 830 s'gnilicatur?
775 746 1084 820 Corporalis
1104 742 1343 815 quidem,
1371 753 1439 795 eo
1466 736 1622 830 quod
1641 736 1842 830 dictum
1866 738 1972 830 est,

383 824 551 907 Terra
581 855 760 903 autem
788 850 905 898 erat
934 835 1221 895 invisibilis
1248 842 1305 889 ει
1332 829 1714 899 incomposita;
1758 824 1974 895 spirita-

387 943 454 997 lis
479 950 658 995 autem
681 951 748 991 eo
773 931 917 1005 quod
947 929 1154 987 dictum
1182 934 1290 992 est,
1320 921 1585 980 Tenebrae
1628 926 1784 973 erant
1812 928 1977 983 super

387 1036 665 1108 abyssum,
684 1040 743 1085 ut
765 1025 1027 1083 translato
1050 1020 1215 1076 verbo
1239 1017 1582 1076 tenebrosam
1611 1012 1862 1083 abyssum
1890 1007 1975 1063 in-

389 1106 713 1195 telligamus,
739 1130 983 1176 naturam
1014 1115 1141 1170 vita:
1163 1110 1473 1175 informem,
1501 1106 1604 1163 nisi
1633 1111 1979 1159 convertatur

390 1216 459 1271 ad
481 1215 791 1270 Creatorem
821 1210 909 1279 qui
939 1201 1279 1262 solummodo
1307 1201 1542 1255 formare
1585 1203 1763 1265 potest
1789 1201 1848 1248 ut
1872 1207 1979 1247 non

388 1311 459 1363 sit
488 1308 746 1379 abyssus,
780 1310 835 1357 et
859 1297 1165 1355 illuminare
1206 1302 1266 1350 ιιι
1306 1307 1411 1347 non
1453 1290 1525 1346 sit
1562 1288 1871 1343 tenebrosa.
1914 1284 1984 1339 Et

391 1374 663 1469 quomodo
689 1393 891 1449 dictum
913 1397 1017 1455 est,
1046 1385 1311 1442 Tenebras
1331 1389 1489 1437 erant
1512 1393 1675 1449 super
1696 1374 1984 1448 abyssum?

393 1495 475 1545 An
502 1488 625 1558 quia
656 1500 761 1542 non
774 1480 1153 1548 eratlux,quae
1176 1476 1223 1532 si
1252 1482 1420 1540 esset,
1446 1471 1629 1541 utique
1653 1473 1982 1538 superesset,

391 1592 449 1640 et
498 1592 749 1649 tanquam
792 1568 1297 1643 superfunderetur,
1326 1561 1470 1635 quod
1495 1569 1623 1616 tunc
1658 1558 1717 1613 fit
1746 1558 1799 1611 in
1824 1570 1984 1649 crea-

394 1683 512 1728 tura
544 1648 769 1740 spiritali
790 1679 913 1720 cum
939 1660 1274 1719 convertitur
1315 1655 1383 1711 ad
1430 1648 1871 1709 incommutabile
1898 1656 1984 1700 at-

2071 451 2219 505 niam
2251 456 2421 502 totum
2468 442 2598 498 illud
2644 440 2864 495 verbum
2896 446 3159 492 aeternum
3188 443 3302 498 est;
3346 443 3402 488 et
3427 432 3560 502 quid
3586 440 3686 486 est

2074 537 2163 594 lux
2193 538 2305 608 ipsa
2332 550 2454 607 qua:
2484 533 2624 587 facta
2652 538 2760 596 est,
2790 538 2968 583 utrum
2999 525 3245 597 spiritale
3267 525 3414 595 quid,
3447 540 3517 578 an
3546 538 3685 578 ror-

2073 630 2293 703 porale?
2314 632 2358 683 si
2390 626 2533 682 enim
2563 624 2826 693 spiritale,
2844 620 3148 692 potestipsa
3169 631 3291 673 esse
3317 619 3488 689 prima
3515 632 3675 672 erea-

2076 728 2217 788 tura,
2243 719 2352 789 jam
2376 718 2478 772 hoc
2498 717 2641 770 dicto
2657 713 2916 784 perfecta,
2934 727 3053 782 qua:
3079 711 3250 779 primo
3268 710 3462 765 caelum
3482 710 3689 780 appel-

2076 812 2181 867 lata
2212 820 2316 877 est,
2340 824 2462 865 cum
2491 808 2693 863 dictum
2714 813 2822 870 est,
2842 804 2899 857 ln
2932 802 3193 873 principio
3224 800 3350 856 fecit
3388 801 3529 857 Deus
3560 816 3687 855 εω-

2077 904 2186 960 lum
2218 912 2272 958 et
2303 912 2498 957 terram
2523 918 2536 953 :
2571 909 2630 955 ut
2653 897 2794 968 quod
2815 896 2953 951 dixit
2983 896 3146 962 Deus,
3177 894 3296 949 Fiat
3318 895 3427 961 lux,
3451 895 3688 951 cuncta

2076 1004 2159 1049 est
2191 995 2302 1059 lux,
2335 1008 2454 1049 eam
2478 1001 2824 1048 revocantem
2848 987 2916 1043 ad
2945 1002 3004 1042 se
3026 986 3337 1043 Creatorem
3361 986 3693 1058 [revocante

2080 1084 2371 1157 Creatore]
2400 1083 2683 1139 conversio
2725 1082 2842 1150 ejus
2881 1081 3017 1135 facta
3050 1090 3210 1152 atque
3249 1079 3549 1135 illuminata
3590 1081 3685 1134 iu-

2081 1177 2372 1248 telligzitur.
2411 1177 2474 1231 Et
2529 1190 2625 1230 cur
2654 1173 2725 1228 ita
2766 1172 2965 1227 dictum
2994 1181 3078 1227 cst
3107 1188 3121 1223 :
3168 1172 3225 1225 In
3254 1170 3518 1241 principio
3548 1170 3696 1226 fecit

2084 1269 2225 1324 Deus
2249 1268 2444 1322 coelum
2472 1275 2526 1321 et
2553 1275 2774 1329 terram,
2804 1274 2856 1319 et
2888 1280 2993 1318 non
3023 1263 3227 1318 dictum
3254 1273 3363 1328 est,
3385 1265 3444 1319 ln
3476 1265 3700 1333 princi-

2084 1360 2173 1430 pio
2201 1360 2335 1414 dixit
2373 1359 2535 1421 Dens,
2569 1357 2686 1411 Fiat
2728 1357 2926 1412 caelum
2956 1366 3010 1410 ct
3061 1366 3223 1410 terra.
3260 1356 3326 1409 Et
3370 1356 3505 1410 facta
3556 1365 3704 1411 sunt

2084 1456 2281 1509 coe'um
2310 1462 2366 1507 ει
2414 1461 2578 1514 terra,
2610 1452 2749 1506 sicut
2777 1450 2846 1503 de
2884 1450 3001 1504 lure
3043 1458 3311 1514 narratur,
3341 1448 3476 1503 dixit
3510 1449 3700 1518 Deus,

2086 1544 2206 1600 Fiat
2237 1544 2349 1609 lux,
2377 1552 2427 1598 et
2463 1542 2598 1597 facta
2623 1550 2708 1596 εει
2751 1541 2876 1595 lux?
2905 1540 3090 1596 Utrum
3122 1543 3269 1610 prius
3297 1541 3710 1599 univcrsaliter

2089 1634 2307 1690 nomine
2348 1633 2470 1688 coeli
2517 1644 2572 1688 et
2619 1641 2776 1687 terra:
2844 1630 3409 1700 comprehendendum
3458 1642 3584 1688 erat
3644 1641 3710 1689 et

530 1721 866 1830 incorporale
896 1758 1103 1816 lumen,
1127 1749 1270 1822 quod
1296 1757 1379 1804 est
1421 1744 1596 1801 Deus?
1626 1743 1697 1799 Et
1718 1738 1989 1813 quomodo
2021 1748 2066 1808 Β
2091 1724 2580 1835 commendandum
2604 1721 2746 1793 quod
2778 1721 2906 1835 fecit
2934 1722 3093 1835 Dens,
3122 1732 3173 1777 et
3203 1722 3398 1776 deinde
3426 1739 3521 1791 per
3570 1740 3714 1794 ρςιιι-

394 1830 536 1913 dixit
564 1856 725 1918 Deus,
752 1851 876 1907 Fiat
901 1847 1026 1903 lux?
1057 1856 1236 1900 utrum
1258 1838 1647 1911 temporaliter,
1671 1851 1739 1889 an
1760 1835 1812 1889 in
1829 1830 1991 1887 Verbi

395 1948 729 2008 aeternitate?
773 1954 830 2002 et
866 1943 912 1998 si
952 1937 1358 2009 temporaliter,
1401 1932 1590 2001 utique
1639 1924 1988 1983 mutabiliter.

396 2041 679 2110 Quomodo
701 2050 831 2107 ergo
856 2032 1026 2103 possit
1056 2027 1279 2097 intelligi
1320 2025 1423 2080 liec
1463 2023 1649 2078 dicere
1682 2019 1850 2110 Deum
1883 2014 1989 2110 nisi

400 2105 497 2206 per
526 2105 855 2186 creaturam?
885 2125 1001 2193 ipse
1028 2123 1228 2192 quippe
1257 2124 1341 2172 est
1369 2109 1847 2175 incommutabilis;
1871 2116 1924 2163 et
1948 2105 1994 2160 si

397 2200 496 2295 per
515 2226 817 2277 creaturam
845 2214 980 2270 dixit
1009 2212 1171 2276 Deus,
1204 2208 1321 2264 Fiat
1345 2205 1455 2271 lux,
1477 2200 1748 2274 quomodo
1766 2207 1848 2254 est
1868 2211 1997 2266 ergo

403 2313 574 2383 prima
602 2318 847 2364 creatura
881 2303 1007 2358 lux?
1036 2302 1082 2355 si
1117 2306 1233 2354 erat
1270 2296 1381 2366 jam
1429 2302 1677 2349 creatura
1709 2304 1805 2360 per
1835 2300 1996 2357 quam

405 2374 548 2459 Deus
568 2400 794 2463 diceret,
820 2394 938 2451 Fiat
959 2394 1070 2459 lux,
1095 2405 1161 2444 an
1185 2403 1290 2443 non
1316 2394 1398 2441 est
1420 2384 1509 2439 lux
1534 2381 1701 2453 prima
1722 2374 1999 2433 creatura?

404 2493 527 2566 quia
553 2491 667 2562 jam
697 2488 901 2542 dictum
931 2491 1048 2539 erat
1080 2499 1094 2535 :
1144 2480 1200 2534 In
1234 2475 1497 2548 principio
1539 2474 1665 2530 fecit
1706 2470 1847 2525 Deus
1884 2482 1999 2523 εω-

405 2583 514 2641 lum
544 2591 600 2637 et
631 2587 853 2643 terram,
882 2584 939 2631 et
984 2578 1195 2643 p0terat
1243 2583 1336 2640 per
1363 2566 1641 2623 coalestem
1692 2569 2000 2618 creaturam

413 2691 523 2731 vox
557 2674 673 2729 lieri
704 2668 1072 2740 temporaliter
1091 2674 1252 2733 atque
1279 2659 1629 2726 mutabiliter,
1659 2671 1761 2728 qua
1792 2654 2004 2709 dicere-

411 2779 522 2833 tur,
559 2765 678 2820 Fiat
709 2765 829 2827 lux;
860 2744 1002 2831 quod
1033 2758 1079 2812 si
1105 2759 1174 2812 ita
1198 2762 1304 2821 est,
1325 2750 1621 2821 corporalis
1648 2750 1736 2804 lux
1764 2744 1900 2801 facta
1924 2750 2009 2799 est

410 2862 514 2917 ista
538 2873 696 2930 quam
718 2854 995 2925 corporeis
1019 2851 1190 2906 oculis
1213 2848 1506 2912 cernimus,
1535 2845 1751 2899 dicente
1775 2841 1887 2897 Deo
1913 2852 2010 2910 per

408 2961 714 3012 creaturam
759 2946 1056 3017 spiiitalem
1088 2956 1248 3014 quam
1296 2942 1436 2995 Deus
1471 2939 1584 3009 jam
1617 2937 1851 2999 fecerat,
1883 2946 2006 2986 cum

414 3047 467 3099 in
499 3040 761 3113 principio
783 3038 909 3094 fecit
940 3036 1081 3092 Dens
1107 3034 1302 3090 coelum
1354 3042 1411 3088 et
1455 3039 1689 3094 terram,
1742 3025 1862 3081 Fiat
1891 3024 2006 3089 lux,

2096 1826 2177 1873 tes
2207 1815 2609 1886 exsequendum
2641 1813 2911 1884 quomodo
2943 1812 3071 1867 fecit
3098 1829 3219 1868 cum
3246 1829 3339 1883 per
3366 1814 3579 1884 singula
3621 1815 3715 1869 di-

2094 1908 2256 1971 citur,
2285 1906 2421 1961 dixit
2450 1905 2612 1973 Deus,
2634 1904 2685 1958 id
2714 1914 2819 1971 est,
2849 1904 2971 1973 quia
3003 1917 3097 1971 per
3122 1904 3344 1958 verbum
3375 1919 3531 1959 suum
3569 1904 3714 1963 fecit

2094 1998 2352 2071 quidquid
2378 1996 2525 2053 fecit.
2556 1998 2638 2052 An
2665 2012 2785 2051 cum
2811 1997 3039 2062 primum
3065 1996 3223 2050 fiebat
3246 1996 3544 2052 informitas
3578 2014 3717 2052 ma-

2096 2093 2268 2158 terizc,
2300 2092 2415 2146 sive
2435 2088 2708 2160 spiritalis,
2739 2089 2853 2143 sive
2880 2087 3199 2157 corporalis,
3234 2104 3337 2143 non
3360 2099 3477 2144 erat
3498 2088 3714 2143 dicen-

2102 2186 2253 2256 dum,
2275 2185 2410 2240 dixit
2429 2185 2590 2250 Deus,
2615 2182 2892 2250 Fiat'lquia
2918 2180 3142 2235 formam
3171 2181 3327 2236 Verbi
3356 2197 3574 2251 semper
3602 2183 3719 2237 Pa-

2100 2278 2166 2331 tri
2196 2275 2541 2339 colimrentis,
2566 2290 2675 2346 quo
2704 2274 3030 2343 sempiterne
3051 2273 3179 2327 dicit
3208 2275 3346 2329 Deus
3372 2273 3577 2341 omnia,
3604 2292 3719 2329 nu-

2099 2383 2205 2439 que
2227 2382 2360 2423 sono
2392 2366 2561 2434 vocis,
2595 2380 2770 2435 neque
2797 2366 3125 2436 cogitatione
3165 2375 3406 2436 tempora
3435 2382 3716 2428 sonorum

2102 2458 2403 2515 volventem
2456 2454 2749 2531 [volvente]
2780 2498 2796 2522 ,
2826 2457 2921 2512 sed
2965 2465 3232 2511 cowterna
3273 2456 3373 2511 sibi
3428 2458 3547 2512 lure
3580 2473 3613 2511 a
3646 2473 3713 2513 se

2104 2550 2299 2623 genita:
2323 2552 2601 2622 sapientiae
2624 2593 2641 2620 ,
2674 2565 2782 2606 non
2827 2551 3066 2605 imitatur
3113 2550 3443 2620 imperfectio
3471 2551 3714 2624 [imper-

2106 2643 2290 2718 fecto],
2316 2660 2438 2700 cum
2467 2643 2745 2699 dissimilis
2774 2643 2842 2699 ab
2868 2658 2933 2698 eo
2958 2644 3098 2713 quod
3128 2658 3337 2701 summe
3360 2659 3423 2699 ac
3452 2646 3717 2715 primitus

2106 2747 2212 2803 cst,
2242 2736 2569 2793 informitate
2588 2736 2817 2807 quadam
2848 2736 3020 2790 tendit
3056 2735 3123 2790 ad
3169 2736 3412 2802 nihilum,
3447 2737 3541 2791 sed
3573 2748 3716 2794 tunc

2109 2830 2345 2887 imitatur
2375 2828 2522 2884 verbi
2555 2829 2802 2894 formam,
2830 2843 3047 2898 semper
3076 2839 3236 2899 atque
3281 2830 3716 2885 incommutabi-

2110 2923 2234 2978 liter
2261 2922 2402 2995 Patri
2433 2920 2827 2988 colimrentem,
2854 2937 2976 2976 cum
3021 2930 3076 2975 el.
3103 2922 3215 2991 ipsa
3247 2938 3344 2992 pro
3367 2924 3447 2977 aui
3490 2925 3719 2993 generis

2111 3016 2481 3082 conversione,
2504 3016 2570 3070 ad
2603 3015 2652 3069 id
2676 3014 2819 3084 quod
2844 3030 2968 3070 vere
2992 3028 3054 3069 ac
3077 3028 3289 3084 semper
3310 3024 3415 3081 est,
3448 3016 3500 3069 id
3529 3025 3621 3070 est
3644 3018 3717 3072 ad

412 3106 803 3204 eo-modo'quo
828 3145 919 3200 per
946 3129 1070 3183 talis
1098 3135 1361 3183 creaturae
1405 3122 1719 3180 interiorem
1746 3129 1800 3174 ει
1826 3117 2010 3175 orcul-
2035 3114 2081 3177 C
2112 3119 2412 3165 creatorem
2444 3123 2557 3162 suae
2592 3106 2931 3187 Sllbalanlim'
2954 3106 3177 3162 formam
3201 3108 3364 3177 capit,
3407 3119 3461 3163 et
3491 3108 3717 3178 lit,per-

417 3236 532 3279 tum
562 3233 765 3278 inotum
796 3218 1053 3273 divinitus
1083 3216 1187 3271 dici
1218 3214 1409 3285 potuit,
1441 3212 1556 3266 Fiat
1586 3211 1698 3266 lux.
1732 3212 1813 3266 An
1842 3210 2006 3265 etiant

416 3312 770 3383 corporaliter
799 3308 980 3365 sonuit
1017 3321 1123 3361 vox
1168 3305 1396 3360 dicentis
1426 3302 1544 3369 Dei,
1578 3301 1697 3358 Fiat
1719 3301 1841 3366 lux,
1871 3302 2012 3358 sicut

417 3405 771 3476 corporaliter
814 3402 999 3457 sonuit
1032 3414 1139 3454 vox
1177 3397 1408 3453 dicentis
1458 3395 1549 3450 Dei
1580 3436 1595 3456 .
1636 3395 1716 3449 Tu
1743 3408 1804 3449 es
1845 3393 2014 3450 Filius

420 3512 574 3553 meus
590 3495 836 3557 d.lectus,
853 3500 907 3547 et
929 3492 1031 3545 hoc
1050 3503 1145 3559 per
1167 3496 1473 3542 creaturam
1494 3487 1835 3554 corporalem
1851 3500 2011 3555 quam

424 3591 627 3645 fecerat
655 3587 795 3642 Deus
822 3627 837 3653 ,
868 3598 993 3638 cum
1024 3583 1079 3637 in
1106 3579 1369 3650 principio
1401 3577 1527 3633 fecit
1569 3577 1711 3632 Deus
1737 3576 1934 3633 ccclum
1962 3584 2018 3631 et

424 3693 657 3748 terram,
687 3686 975 3747 antequam
1022 3674 1178 3729 fieret
1216 3673 1337 3739 lux,
1385 3686 1505 3742 qua
1554 3670 1607 3725 in
1651 3669 1751 3724 hac
1791 3678 2018 3723 sonante

423 3790 558 3833 voce
585 3774 721 3830 facta
753 3780 868 3837 est;
899 3770 1025 3826 etsi
1058 3768 1131 3824 ita
1177 3774 1295 3833 est,
1326 3779 1432 3837 qua
1481 3764 1659 3835 lingua
1704 3763 1885 3818 sonuit
1914 3776 2017 3818 vox

426 3870 530 3927 ista
570 3867 783 3923 dicente
814 3864 947 3930 Deo,
980 3861 1097 3917 Fiat
1124 3858 1250 3915 lux?
1294 3858 1416 3928 quia
1466 3855 1704 3912 nondum
1752 3854 1865 3927 24
1904 3860 2024 3910 erat

426 3966 726 4033 linguarum
755 3956 1069 4020 diversitas,
1092 3959 1425 4025 quaepostea
1455 3949 1594 4005 facta
1634 3958 1718 4004 est
1768 3949 1821 4002 in
1851 3947 2023 4002 :cdili-

426 4057 644 4111 catione
678 4049 841 4106 turris
882 4055 1004 4117 post
1046 4044 1333 4100 diluvium.
1376 4040 1637 4109 Quantam
1684 4039 1865 4111 lingua
1904 4044 2025 4093 erat

429 4162 533 4203 una
562 4143 758 4201 etsola
782 4157 887 4212 qua
920 4140 1060 4195 Dens
1086 4138 1295 4192 locutus
1314 4143 1419 4204 est,
1440 4133 1558 4189 Fiat
1573 4132 1884 4202 lux,etquis
1905 4142 2024 4187 erat

429 4254 590 4310 quem
604 4235 895 4306 oportebat
922 4229 1108 4286 audire
1130 4238 1290 4299 atque
1319 4226 1617 4296 intelligere
1642 4223 1709 4279 ad
1725 4238 1887 4294 quem
1921 4238 2025 4278 vox

433 4326 739 4400 huiusmodi
770 4320 1137 4397 proferretur?
1164 4321 1245 4375 An
1278 4318 1394 4373 haec
1421 4317 1657 4381 absurda
1684 4314 2026 4385 carnalisque

431 4420 685 4494 cogitatio
713 4426 800 4473 est
826 4424 989 4484 atque
1013 4412 1285 4482 suspicio?
1314 4409 1453 4479 Quid
1480 4423 1609 4480 ergo
1636 4407 1911 4462 dicemus?
1942 4409 2024 4462 An

2115 3200 2253 3256 fecta
2284 3210 2531 3255 creatura
2559 3217 2570 3251 :
2604 3207 2662 3253 ut
2690 3200 2742 3253 in
2771 3214 2838 3253 eo
2864 3198 3004 3269 quod
3036 3200 3312 3269 Scriptura
3345 3211 3544 3265 narrat,
3569 3201 3722 3257 d.xit

2116 3293 2278 3360 Deus,
2303 3292 2437 3357 Fiat,
2469 3292 2835 3360 intelligamus
2866 3291 2957 3346 Dei
2989 3290 3188 3346 dictum
3221 3292 3627 3361 incorporeum,
3662 3294 3718 3347 in

2118 3397 2307 3438 natura
2332 3383 2493 3438 Verbi
2534 3382 2653 3452 ejus
2682 3384 2934 3437 coaeterni
2970 3384 3277 3438 revocantis
3319 3383 3386 3438 ad
3417 3398 3475 3439 se
3504 3386 3719 3453 imper-

2116 3479 2402 3545 fectionem
2433 3487 2719 3543 creaturae,
2750 3487 2807 3533 ιιι
2836 3493 2943 3533 non
2973 3476 3041 3532 sit
3068 3478 3347 3548 informis,
3380 3478 3476 3535 sed
3510 3478 3722 3535 forme-

2120 3577 2207 3624 tur
2253 3568 2549 3625 secundum
2577 3568 2786 3638 singula
2816 3583 2935 3638 quae
2964 3582 3057 3636 per
3077 3567 3321 3623 ordinem
3352 3568 3675 3638 exsequitur
3694 3570 3721 3625 ἶ

2120 3660 2177 3715 ln
2223 3675 2324 3731 qua
2375 3660 2728 3715 conversione
2773 3668 2829 3715 et
2874 3657 3228 3728 formatione,
3260 3674 3362 3730 qua
3390 3658 3583 3732 [quia]
3614 3677 3721 3731 pro

2119 3767 2219 3807 suo
2237 3750 2397 3806 modo
2422 3749 2659 3805 imitatur
2682 3749 2847 3805 Deum
2873 3749 3129 3816 Verbum,
3164 3749 3265 3805 hoc
3286 3760 3369 3804 est
3393 3749 3485 3804 Dei
3517 3749 3720 3806 Filium

2123 3858 2338 3916 semper
2368 3842 2511 3898 Patri
2540 3843 2926 3910 coltrerentem,
2957 3843 3112 3913 plena
3137 3841 3488 3899 similitudine
3529 3853 3583 3897 et
3624 3858 3724 3899 es-

2124 3934 2296 3994 sentia
2327 3938 2460 4008 pari,
2500 3952 2603 4008 qua
2630 3937 2746 4007 ipse
2765 3947 2818 3993 et
2842 3936 2999 3992 Pater
3027 3953 3190 3992 unum
3218 3947 3364 4002 sunt,
3394 3952 3499 3993 non
3531 3950 3721 3993 autem

2125 4029 2367 4085 imitatur
2409 4030 2546 4085 lianc
2592 4028 2737 4084 verbi
2773 4027 3022 4094 formam,
3052 4030 3097 4083 si
3141 4044 3329 4083 aversa
3377 4044 3407 4082 a
3456 4028 3726 4084 Creatore

2126 4121 2374 4177 informis
2430 4131 2485 4177 ct
2513 4122 2822 4191 imperfecta
2880 4130 3204 4175 remaneat:
3254 4132 3535 4190 propterea
3591 4120 3726 4177 Filii

2126 4214 2570 4270 commemoratio
2599 4229 2705 4267 non
2739 4213 2811 4267 ita
2845 4212 2903 4266 fit
2943 4213 3065 4283 quia
3092 4211 3351 4281 Verbum,
3376 4212 3473 4267 sed
3505 4224 3724 4267 tantum

2126 4306 2251 4376 quia
2283 4305 2604 4377 principium
2631 4312 2715 4360 est
2734 4344 2750 4368 ,
2777 4318 2901 4358 cum
2930 4303 3131 4359 dicitur
3160 4320 3176 4358 :
3206 4303 3264 4358 In
3309 4288 3731 4374 principio/fecit

2133 4401 2273 4457 Deus
2310 4400 2507 4456 coelum
2556 4409 2611 4455 et
2658 4408 2883 4463 terram;
2911 4398 3189 4453 exordium
3236 4400 3435 4468 quippe
3455 4411 3729 4456 creature

433 4487 660 4585 id'quod
692 4507 1006 4578 intelligitur
1035 4505 1089 4560 in
1132 4518 1267 4558 sono
1308 4501 1457 4557 vocis
1482 4516 1606 4556 cum
1651 4497 1885 4565 dicitur,
1908 4496 2027 4552 Fiat
2054 4499 2106 4560 D
2133 4492 2436 4549 insinuatur
2479 4490 2656 4546 adhuc
2695 4491 2747 4545 in
2798 4487 3127 4544 informitate
3152 4487 3597 4559 imperfectionis.
3640 4490 3731 4546 Fit

436 4608 561 4671 lux,
593 4620 699 4661 non
728 4611 908 4658 autem
968 4599 1084 4669 ipse
1131 4610 1429 4668 corporeus
1475 4608 1681 4656 sonus,
1733 4593 1839 4650 boc
1890 4592 2029 4648 bene

436 4698 699 4766 accip.tur
724 4709 844 4749 esse
872 4707 972 4746 vox
1005 4689 1130 4745 Dei?
1158 4698 1211 4744 et
1234 4697 1411 4742 utrum
1440 4685 1543 4739 hoc
1575 4685 1751 4755 ipsum
1781 4684 1847 4738 ad
1875 4693 2031 4738 natu-

439 4804 554 4844 ram
595 4787 858 4856 pertineat
895 4783 1054 4839 Verbi
1090 4782 1205 4851 ejus
1234 4779 1303 4835 de
1346 4794 1453 4848 quo
1481 4777 1704 4843 dicitur,
1748 4776 1803 4831 In
1829 4775 2030 4845 princi-

440 4881 532 4951 pio
560 4886 677 4934 erat
719 4874 983 4941 Verbum,
1025 4882 1082 4929 et
1127 4873 1358 4927 Verbum
1404 4878 1522 4925 erat
1560 4869 1699 4938 apud
1748 4868 1947 4934 Deum,
1980 4876 2035 4922 ει

444 4974 586 5029 υειιε
614 4979 731 5026 erat
759 4967 1016 5023 Verbum?
1044 4965 1178 5021 Cum
1205 4964 1348 5020 enim
1375 4962 1443 5017 de
1469 4960 1564 5015 illo
1586 4960 1812 5014 dicitur:
1843 4958 2033 5012 Omnia

442 5081 540 5137 per
582 5062 756 5132 ipsum
808 5061 941 5114 facta
985 5067 1138 5125 sunt,
1188 5058 1320 5112 satis
1364 5054 1667 5111 ostenditur
1713 5063 1767 5108 et
1818 5053 1907 5107 lux
1941 5066 2036 5121 per

443 5163 618 5230 ipsum
644 5156 779 5210 facta
807 5167 958 5219 ,cum
979 5152 1114 5206 dixit
1135 5150 1300 5220 Deus,
1318 5149 1434 5204 Fiat
1459 5149 1568 5203 lux.
1596 5148 1747 5216 Quod
1773 5148 1815 5201 si
1840 5147 1907 5200 ita
1930 5156 2034 5212 est,

443 5263 704 5308 aternnm
729 5259 809 5303 est
835 5244 977 5315 quod
1006 5243 1081 5297 ait
1109 5243 1281 5309 Deus,
1316 5240 1434 5296 Fiat
1462 5240 1584 5307 lux,
1628 5241 1754 5311 quia
1794 5239 2033 5293 Verbum

449 5347 563 5411 Dei,
598 5346 737 5398 Deus
761 5340 901 5410 apud
935 5339 1123 5402 Deum,
1157 5337 1322 5392 Filius
1348 5335 1559 5399 unicus,
1594 5336 1705 5391 Deo
1754 5335 1893 5389 Patri
1945 5349 2038 5389 co-

447 5450 680 5494 aaternus
700 5444 801 5494 est,
827 5432 1074 5503 quamvis
1100 5430 1209 5485 Deo
1235 5430 1349 5484 hac
1372 5427 1519 5501 [lioc]
1552 5428 1603 5482 in
1633 5437 1834 5483 :etcrno
1859 5425 2037 5480 Verbo

447 5532 659 5585 dicente
680 5535 920 5582 creatura
937 5523 1248 5593 temporalis
1275 5520 1415 5576 facta
1435 5522 1504 5575 sit
1521 5537 1536 5585 ;
1553 5535 1674 5575 cum
1697 5520 1840 5575 enim
1873 5521 2035 5573 verba

449 5624 561 5678 sint
609 5619 896 5690 temporis,
943 5633 1065 5675 cum
1094 5616 1324 5672 dicimus
1372 5614 1585 5685 quando
1614 5622 1670 5666 et
1698 5612 1987 5679 aliquando
2018 5654 2035 5679 ,

453 5723 712 5767 aeternum
737 5722 913 5767 tamen
935 5708 1140 5781 estlin]
1167 5709 1342 5764 Verbo
1369 5706 1460 5761 Dei
1503 5705 1716 5775 quando
1774 5703 1888 5761 fieri
1940 5706 2039 5760 ali-

454 5800 584 5874 giid
605 5800 819 5874 debeat,
849 5810 905 5859 et
933 5810 1059 5859 tunc
1088 5802 1145 5858 lit
1170 5799 1383 5879 quando
1410 5797 1548 5883 “fieri
1582 5798 1832 5855 debuisse
1872 5798 1925 5854 in
1953 5798 2075 5875 illo.
2148 5792 2520 5869 propinquior,

2134 4595 2313 4642 autem
2347 4584 2467 4640 Filii
2497 4584 2963 4649 commemoratio,
2988 4582 3133 4654 quod
3157 4586 3317 4639 etiam
3352 4583 3583 4639 Verbum
3616 4596 3730 4651 εει,

2137 4699 2203 4740 eo
2230 4681 2372 4753 quod
2396 4680 2657 4751 scriptum
2679 4691 2792 4744 est,
2827 4679 2971 4733 Dixit
3001 4677 3375 4746 Deus,Fiat,ut
3397 4693 3491 4749 per
3514 4676 3567 4731 id
3581 4679 3732 4748 quod

2139 4776 2456 4848 principium
2472 4785 2554 4831 est
2576 4775 2811 4829 insinuet
2840 4771 3121 4829 exordium
3152 4783 3413 4829 creatura:
3435 4772 3734 4827 existentis

2139 4870 2209 4924 ab
2231 4868 2324 4923 illo
2346 4867 2522 4922 adhuc
2545 4864 2898 4936 imperfecta;
2917 4881 3010 4935 per
3041 4865 3093 4919 id
3114 4874 3294 4921 autem
3314 4864 3456 4936 quod
3489 4864 3730 4921 Verbum

2141 4970 2244 5024 est,
2260 4960 2493 5014 insinuet
2520 4955 2900 5028 perfectionem
2923 4966 3186 5012 creatura:
3226 4965 3494 5012 revocata:
3513 4957 3581 5010 ad
3604 4973 3735 5013 eum

2144 5063 2203 5107 ιιι
2235 5054 2558 5107 formaretur
2579 5050 2893 5106 inlimrendo
2917 5051 3177 5116 Creatori,
3203 5060 3259 5106 ει
3291 5066 3385 5120 pro
3415 5066 3513 5105 suo
3528 5066 3739 5121 genere

2145 5145 2401 5201 imitando
2436 5145 2661 5199 formam
2692 5145 3042 5213 sempiternae
3085 5154 3246 5214 atque
3276 5143 3740 5199 incommutaliili-

2142 5251 2224 5296 ter
2249 5240 2598 5295 inhaerentem
2632 5235 2798 5302 Patri,
2831 5251 2858 5288 a
2890 5250 2995 5304 quo
3033 5243 3173 5288 statu
3222 5229 3484 5306 [statim]
3524 5233 3627 5287 hoc
3655 5243 3744 5289 est

2143 5335 2285 5406 quod
2314 5334 2426 5389 ille.
2456 5334 2570 5386 Non
2598 5331 2745 5386 enim
2776 5328 2933 5384 habet
2960 5327 3246 5383 informem
3291 5327 3451 5382 vitam
3500 5326 3738 5381 Verbum
3759 5360 3773 5373 .

2147 5428 2333 5492 Fdius,
2363 5425 2447 5480 cui
2481 5440 2585 5478 non
2615 5422 2786 5476 solum
2831 5420 2934 5474 hoc
2976 5428 3060 5473 est
3088 5433 3210 5473 esse
3235 5418 3379 5489 quod
3407 5419 3614 5483 vivere,
3641 5421 3739 5473 sed

2142 5521 2304 5574 etiam
2363 5519 2463 5570 lioc
2509 5524 2595 5570 est
2637 5514 2815 5568 vivere
2858 5513 3004 5581 quod
3051 5511 3328 5580 sapienter
3373 5527 3437 5566 ac
3479 5511 3634 5565 beate
3663 5514 3740 5561 vi-

2144 5626 2293 5666 vere.
2323 5611 2575 5663 Creatura
2608 5621 2775 5670 vero,
2820 5617 3127 5673 quanquam
3158 5601 3418 5670 spiritalis
3446 5610 3501 5655 et
3531 5600 3743 5654 intelle-

2145 5705 2355 5767 ctualis,
2388 5703 2469 5757 vel
2494 5698 2792 5764 rationalis,
2826 5711 2947 5767 qua:
3002 5695 3212 5749 videtur
3257 5709 3382 5749 esse
3439 5693 3516 5747 illi
3567 5693 3743 5746 Verbo

2640 5799 2815 5862 potest
2836 5789 3035 5846 habere
3056 5785 3339 5843 informem
3376 5786 3540 5842 vitam
3578 5802 3595 5841 :
3621 5785 3743 5855 quia
