3974 6184
240 325 340 382 ΜἹ

1424 297 1857 363 TiiESAURUS.
1895 296 2048 351 CAP.
2094 293 2331 350 XXVIII.

3406 280 3515 336 (illi

234 455 338 496 non
366 436 510 492 sicut
532 434 629 486 hoc
644 445 684 485 e.
707 429 792 484 tui
818 441 939 482 esse
964 422 1105 495 quod
1126 418 1328 483 vivere,
1352 420 1419 471 ita
1448 413 1590 488 [nec]
1621 415 1720 467 hoc
1746 411 1821 465 vi-
1853 414 1899 472 Α
1929 409 1993 462 Ει
2013 408 2231 475 Spiritus
2256 404 2345 459 Dei
2374 400 2809 471 superfcrebatur
2839 414 3001 467 super
3027 397 3259 467 aquam?
3286 397 3365 450 An
3390 394 3519 465 quia

236 544 364 586 vere
390 525 533 598 quod
557 523 830 592 sapienter
856 533 917 573 ac
939 517 1095 570 beate
1127 514 1325 567 vivere.
1360 509 1597 563 Adversa
1626 504 1816 576 [Aver-

238 620 317 693 sa]
344 596 488 678 enim
510 634 541 673 a
566 614 825 686 sapientia
857 604 1300 669 incommutabili,
1331 602 1489 657 stulte
1514 612 1579 653 ac
1624 596 1819 651 misere

240 716 387 781 vivit,
429 727 547 783 quae
576 705 879 763 inforniitas
908 701 1026 768 ejus
1053 706 1156 752 est.
1190 695 1475 749 Formatur
1492 696 1668 742 autem
1693 700 1823 739 con-

242 777 394 859 versa
448 777 515 855 ad
562 791 996 852 incommutabile
1037 789 1212 841 lumen
1263 782 1537 852 sapientire
1594 777 1823 835 Verbum

243 893 370 957 Dei;
410 906 441 944 a
468 904 575 960 quo
604 887 744 943 enim
774 880 977 939 exstitit
1008 875 1234 952 [existit]
1267 884 1322 928 ut
1351 874 1422 927 sit
1461 880 1727 936 utcunque
1765 880 1828 919 ac

243 956 403 1047 vivat,
432 956 501 1034 ad
532 979 678 1033 illum
700 970 1025 1028 convertitur
1055 978 1110 1022 ut
1133 966 1403 1034 sapienter
1442 976 1504 1015 ac
1536 964 1693 1013 beate
1750 956 1830 1009 vi-

245 1082 351 1126 Vat.
383 1068 709 1135 Principium
764 1064 960 1133 qu‘ppe
1006 1065 1267 1113 creaturae
1316 1050 1695 1108 intellectualis
1743 1054 1829 1101 est

250 1175 447 1218 aeterna
477 1157 767 1228 Sapientia,
802 1151 942 1223 quod
977 1147 1293 1219 principium
1326 1159 1547 1199 manens
1578 1142 1631 1195 in
1658 1154 1717 1195 se
1748 1138 1831 1192 in-

250 1250 696 1310 commutabiliter
708 1247 855 1300 nullo
879 1242 1035 1297 modo
1052 1248 1290 1296 cessaret
1311 1232 1609 1308 [cessabit],
1631 1229 1835 1286 occulta

249 1343 601 1415 inspiratione
629 1336 944 1402 vocationis,
976 1332 1124 1401 loqui
1156 1330 1203 1385 ei
1239 1337 1530 1388 creaturze,
1573 1323 1656 1377 cui
1690 1319 1838 1391 prin-

251 1410 447 1506 eipium
479 1440 565 1488 est
593 1441 650 1485 ut
676 1435 1017 1485 convertatur
1063 1423 1130 1477 ad
1170 1422 1219 1475 id
1267 1434 1332 1475 ex
1383 1433 1487 1487 quo
1521 1426 1602 1471 est
1628 1456 1644 1481 ,
1697 1410 1839 1482 quod

258 1504 413 1583 aliter
440 1526 664 1581 formata
695 1536 757 1575 ac
806 1517 1040 1588 perfecta
1082 1527 1205 1569 esse
1231 1526 1337 1566 non
1378 1508 1568 1578 possit.
1612 1504 1843 1572 Ideoque

253 1623 609 1687 interrogatus
639 1606 940 1687 [Dominus]
974 1606 1093 1676 quis
1120 1613 1298 1669 esset,
1333 1597 1653 1669 respondit:
1686 1595 1843 1649 Prin-

257 1685 489 1779 cipium,
521 1706 611 1775 qui
636 1685 829 1772 loquor
862 1700 1034 1752 vobis.
1064 1695 1217 1762 Quod
1262 1702 1438 1747 autem
1473 1689 1639 1744 Filius
1667 1685 1844 1755 loqui-

1922 495 2220 571 [quoniam]
2245 510 2447 565 egenus
2472 501 2634 563 atque
2668 492 2884 562 indigns
2921 487 3232 561 [indigens]
3263 502 3420 542 amor
3447 489 3523 541 ita

1921 586 2124 654 diligit,
2157 593 2216 638 ut
2244 583 2406 638 rebus
2448 597 2581 652 quas
2624 580 2794 649 diligit
2836 579 3183 648 subjiciatur,
3228 582 3524 647 praplerea

1923 691 2043 731 cuin
2075 683 2407 729 memoratur
2434 673 2655 740 spiritus
2681 670 2808 736 Dei,
2842 671 2894 725 in
2925 685 3031 740 quo
3057 677 3239 725 sancta
3273 669 3390 736 ejus
3426 667 3518 722 be-

1926 767 2229 824 nevo‘entia
2265 766 2586 834 dilectioque
2616 764 2962 831 intelligitur,
3013 760 3308 829 superferri
3342 758 3523 814 dictus

1929 878 2030 928 εει,
2061 878 2128 916 ne
2154 859 2394 915 iacienda
2425 872 2586 925 opera
2617 870 2710 910 sua
2744 870 2837 922 per
2866 854 3174 923 indigentia}
3203 851 3308 923 25
3339 865 3527 908 neces-

1930 958 2141 1011 sitatem
2182 952 2379 1019 potiuz,
2409 965 2569 1019 quam
2606 964 2700 1017 per
2731 948 3115 1000 abundantiam
3147 943 3527 999 beneficentiae

1935 1048 2078 1101 Deus
2104 1058 2285 1097 amare
2319 1041 2629 1105 putaretur?
2659 1039 2825 1107 Cujus
2855 1038 2932 1090 rei
2966 1053 3176 1091 memor
3209 1036 3525 1105 Apostolus,

1935 1138 2177 1193 dicturus
2205 1135 2273 1190 de
2295 1133 2581 1197 charitate,
2608 1130 3100 1199 supereminentem
3132 1127 3270 1181 viam
3302 1127 3529 1180 demon-

1937 1239 2229 1284 straturum
2263 1242 2321 1280 se
2346 1226 2439 1289 ait,
2468 1232 2523 1278 et
2547 1224 2600 1277 in
2627 1222 2732 1275 alio
2756 1222 2873 1275 loco
2900 1220 3414 1288 supereminentem,
3448 1222 3529 1270 in—

1940 1325 2079 1395 quit,
2109 1321 2354 1376 scientia:
2379 1319 2697 1373 charitatem
2724 1315 2945 1370 Christi.
2972 1314 3103 1369 Cum
3127 1328 3255 1381 ergo
3274 1313 3351 1365 sic
3374 1327 3535 1380 opor-

1944 1420 2082 1468 teret
2111 1412 2367 1466 insinuari
2412 1408 2659 1478 spiritum
2701 1406 2793 1460 Dei
2826 1414 2884 1457 ut
2914 1403 3207 1473 superferri
3240 1402 3531 1467 diceretur,

1946 1506 2280 1563 commodius
2313 1503 2507 1557 factum
2550 1510 2631 1556 est
2672 1508 2729 1553 ut
2759 1498 2906 1567 prius
2936 1498 3297 1551 insinuarctur
3339 1495 3536 1561 aliquid

1948 1598 2276 1661 inchoatum,
2309 1593 2395 1648 cui
2424 1589 2717 1661 superferri
2750 1590 3049 1654 diceretur;
3084 1603 3188 1641 non
3220 1587 3361 1641 enim
3397 1587 3536 1650 loco,

1950 1690 2045 1745 sed
2064 1689 2241 1744 omnia
2261 1696 2550 1755 superante
2567 1699 2627 1738 ac
2647 1682 2991 1753 prtecellente
3015 1681 3272 1750 potentia.
3295 1680 3366 1733 ha
3380 1682 3540 1734 etiam

257 1771 361 1865 tur,
390 1771 553 1852 Pater
574 1795 808 1864 loquitur
834 1809 847 1843 :
871 1789 992 1860 quia
1012 1787 1170 1840 Patre
1196 1785 1453 1854 loquente
1488 1779 1686 1833 dicitur
1711 1777 1843 1831 Ver-
1876 1784 1925 1844 Β
1953 1781 2111 1836 rebus
2162 1794 2225 1834 ex
2276 1777 2368 1832 illa
2408 1775 2752 1831 inchoatione
2796 1773 3047 1843 perfectis
3076 1783 3237 1841 atque
3282 1771 3541 1833 formatis,

260 1893 382 1945 bum
413 1887 556 1959 quod
587 1886 754 1941 Filius
779 1892 863 1938 est
887 1889 1090 1935 aeterno
1119 1889 1290 1939 more,
1319 1873 1364 1926 si
1382 1885 1535 1928 more
1565 1866 1847 1923 dicendum

264 1993 345 2037 est
393 1980 647 2048 loquente
688 1975 799 2029 Deo
845 1972 1077 2028 Verbum
1119 1976 1470 2023 coaeternum.
1524 1961 1664 2016 inest
1704 1960 1847 2015 enim

269 2073 371 2127 Deo
394 2068 695 2138 benignitas
725 2078 957 2127 summa,
976 2071 1031 2116 et
1054 2067 1258 2121 sancta,
1282 2066 1336 2110 et
1356 2054 1523 2125 justa,
1554 2062 1606 2107 et
1634 2050 1849 2121 quidem

270 2179 371 2219 non
402 2176 470 2217 ex
502 2157 814 2229 indigentia,
848 2154 944 2211 sed
975 2167 1042 2207 ex
1071 2147 1425 2205 beneficentia
1456 2144 1678 2200 veniens
1707 2156 1858 2196 amor

270 2260 321 2310 in
376 2268 543 2325 opera
597 2265 717 2308 sua.
788 2248 1074 2317 Propterea
1133 2247 1441 2311 priusquam
1504 2237 1856 2299 scriberetur,

271 2323 566 2402 disitDens
592 2385 607 2409 ,
634 2342 759 2397 Fiat
783 2340 872 2394 lux
891 2382 905 2405 ,
937 2333 1209 2407 praecessit
1241 2332 1517 2399 Scriptura
1545 2328 1761 2393 dicens,
1796 2323 1863 2378 Et

272 2437 489 2506 spiritus
519 2432 611 2486 Dei
638 2427 1075 2501 superfereb.ttur
1106 2417 1419 2494 [ferebatur]
1449 2432 1610 2486 super
1641 2429 1855 2484 aquam.

277 2528 407 2596 Quia
430 2527 552 2581 sive
580 2539 732 2592 aquae
761 2521 980 2575 nomine
1024 2517 1294 2587 appellare
1331 2512 1501 2566 voluit
1542 2518 1705 2563 totam
1742 2521 1862 2561 cor-

279 2618 509 2688 poralem
534 2614 835 2677 materiam,
867 2619 923 2664 ut
951 2624 1016 2663 eo
1040 2607 1198 2661 modo
1227 2604 1523 2659 insinuaret
1549 2598 1695 2655 unde
1724 2596 1861 2651 facta

279 2720 333 2765 et
358 2712 578 2764 formata
607 2706 714 2760 sint
739 2704 921 2758 omnia
950 2717 1069 2771 quae
1099 2701 1151 2753 in
1179 2698 1292 2753 suis
1331 2694 1617 2766 generibus
1643 2694 1754 2761 jam
1783 2688 1865 2746 di.

280 2814 539 2871 gnoscere
571 2810 878 2866 possumus,
913 2792 1189 2863 appellans
1240 2802 1465 2857 aquam,
1499 2785 1623 2854 qu'a
1650 2797 1715 2837 ex
1762 2782 1868 2835 hu-

286 2893 420 2948 mida
453 2899 642 2945 natura
666 2886 909 2942 videmus
937 2882 1118 2937 omnia
1148 2879 1201 2935 in
1234 2889 1371 2934 terra
1405 2890 1500 2944 per
1543 2872 1752 2941 species
1780 2885 1871 2924 va-

287 2991 389 3043 rias
411 2984 629 3041 formari
656 2993 816 3052 atque
835 2991 1222 3043 concrescere;
1251 2973 1364 3029 sive
1385 2969 1682 3041 Spiritalem
1712 2967 1872 3020 vitam

292 3081 569 3151 quamdam
597 3084 721 3131 ante
739 3075 963 3130 formam
979 3065 1349 3125 conversionis
1370 3062 1522 3135 quasi
1542 3061 1837 3116 fluitantem
1858 3073 1873 3112 :

1956 1876 2091 1930 vidit
2114 1874 2253 1928 Deus
2278 1872 2401 1943 quia
2432 1871 2631 1927 bonum
2656 1877 2759 1932 est,
2784 1868 2985 1937 placuit
3017 1866 3158 1920 enim
3187 1864 3325 1935 quod
3353 1865 3545 1920 factum

1961 1975 2045 2022 est
2064 1965 2117 2019 in
2150 1979 2212 2019 ea
2240 1960 2574 2031 benignitate
2592 1972 2693 2028 qua
2714 1957 2910 2026 placuit
2936 1963 2995 2010 ut
3021 1954 3194 2009 fieret.
3222 1955 3335 2009 Duo
3355 1953 3550 2023 quippe

1959 2064 2087 2111 sunt
2120 2062 2343 2125 propter
2366 2066 2485 2122 qum
2516 2058 2662 2104 amat
2690 2050 2832 2108 Deus
2861 2057 3161 2103 creaturam
3186 2060 3362 2125 suam,
3393 2053 3451 2098 ut
3481 2045 3554 2101 sit

1959 2157 2016 2202 ct
2051 2157 2108 2201 ut
2131 2154 2365 2200 manea’.
2400 2143 2468 2198 Ut
2510 2150 2653 2196 esset
2684 2155 2813 2210 ergo
2847 2138 2985 2209 quod
3030 2120 3293 2203 maneret,
3336 2135 3554 2204 spiritus

1964 2239 2057 2294 Dei
2086 2236 2524 2307 superferebatur
2552 2248 2714 2302 super
2740 2234 2962 2301 aqu'am;
2997 2240 3051 2285 ut
3078 2222 3255 2283 anteiri
3288 2239 3551 2290 maneret,

1966 2329 2098 2386 vidit
2154 2328 2299 2382 Deus
2325 2326 2450 2396 quia
2477 2324 2675 2379 bonum
2701 2331 2813 2388 est;
2846 2331 2898 2376 et
2928 2320 3073 2390 quod
3103 2319 3170 2375 de
3200 2320 3318 2374 luce
3348 2318 3556 2372 dictum

1968 2438 2074 2492 est,
2108 2431 2214 2481 hoc
2245 2432 2311 2479 de
2344 2404 2621 2478 omnibus.
2652 2416 3031 2475 Manentenim
3063 2411 3312 2483 quaedam
3343 2423 3537 2476 super-

1966 2536 2150 2591 gressa
2172 2533 2391 2574 omnem
2415 2514 2770 2585 temporalem
2792 2508 3213 2568 volubilitatem,
3238 2501 3293 2554 in
3319 2496 3542 2567 amplis-

1967 2613 2105 2669 sima
2127 2610 2413 2667 sanctitate
2433 2608 2535 2663 sub
2556 2609 2665 2663 Deo
2689 2624 2704 2671 ;
2723 2602 2970 2674 quaedam
2985 2613 3116 2654 vero
3135 2592 3437 2651 secundum
3457 2587 3542 2643 sui

1970 2704 2233 2772 temporis
2252 2701 2498 2767 modum,
2521 2698 2651 2753 dum
2684 2712 2783 2765 per
2813 2689 3207 2748 discessionem
3241 2679 3545 2772 successio-

1969 2810 2204 2863 nemquc
2228 2806 2409 2847 rerum
2442 2790 2771 2845 saeculorum
2794 2778 3147 2854 pulchritudo
3163 2764 3494 2833 contexitur.

2518 2886 2746 2943 CAPUT
2796 2884 3030 2959 xxyur

1978 3007 2169 3064 Contra
2192 3021 2275 3059 eos
2300 3002 2388 3073 qui
2411 3001 2620 3073 dicunt:
2650 2997 2906 3066 Nunquid
2926 2997 2994 3051 ibi
3015 2996 3114 3073 fuit
3138 2996 3345 3073 Moyses
3365 2997 3567 3073 quando

2054 3079 2171 3146 fecit
2200 3068 2336 3146 Deus
2359 3072 2542 3146 caelum
2567 3078 2614 3124 et
2646 3078 2851 3135 terram,
2882 3076 2937 3122 ut
2965 3068 3243 3122 credatur?
3265 3082 3329 3123 ea:
3357 3068 3489 3121 libro
3514 3082 3569 3125 XI

292 3141 724 3241 superferebatur
752 3168 935 3234 utique
974 3161 1194 3232 spiritus
1224 3158 1347 3224 Dei,
1397 3156 1523 3228 quia
1563 3151 1876 3223 subiacebat
1906 3155 1953 3217 ο
2053 3141 2115 3201 de
2135 3145 2353 3201 Civitate
2383 3141 2497 3195 Dei.

294 3265 498 3319 scilicet
523 3262 679 3317 bona
720 3256 979 3314 voluntati
1020 3253 1288 3310 Creatoris
1316 3247 1575 3320 quidquid
1610 3245 1738 3302 illud
1767 3253 1885 3300 erat

296 3357 431 3427 quod
464 3351 801 3409 formandum
851 3346 1234 3417 perficiendum
1256 3357 1343 3412 jue
1391 3340 1784 3401 inchoaverat,
1829 3344 1887 3391 ut

296 3444 502 3500 dicente
524 3440 635 3495 Deo
656 3438 709 3493 in
724 3437 901 3492 Verbo
922 3449 1036 3498 suo,
1063 3431 1186 3488 Fiat
1216 3432 1334 3495 lux,
1352 3430 1407 3484 in
1427 3428 1567 3483 bona
1589 3427 1886 3489 voluntate,

299 3537 398 3590 hoc
426 3545 509 3589 est
539 3533 591 3587 in
620 3527 958 3599 beneplacito
1007 3525 1124 3595 ejus
1153 3538 1250 3594 pro
1286 3520 1446 3578 modo
1472 3520 1493 3593 [
1517 3516 1776 3589 modulo]
1808 3515 1889 3571 sui

301 3626 510 3699 generis
541 3630 782 3677 maneret
805 3618 947 3690 quod
979 3615 1175 3671 factum
1206 3621 1311 3678 est,
1339 3619 1391 3667 et
1414 3612 1537 3666 ideo
1566 3610 1770 3664 dictum
1805 3614 1888 3661 est

301 3718 438 3785 quod
482 3714 743 3785 placuerit
773 3712 907 3777 Deo,
937 3710 1213 3779 Scriptura
1245 3706 1459 3760 dicente
1490 3722 1501 3756 :
1536 3703 1601 3758 Et
1641 3702 1779 3757 facta
1808 3710 1893 3755 est

306 3809 418 3863 lux.
445 3808 511 3861 Et
536 3806 666 3859 vidit
698 3805 835 3858 Deus
860 3804 1030 3857 lucem
1060 3799 1183 3870 quia
1209 3799 1347 3853 bona
1376 3803 1460 3851 est
1494 3813 1507 3847 :
1540 3803 1598 3849 ut
1636 3790 1893 3864 quemad-

316 3898 529 3952 modum
562 3896 613 3949 itt
638 3895 755 3963 ipso
778 3892 1000 3949 exordio
1023 3890 1285 3944 inchoata:
1313 3895 1593 3951 creatura),
1625 3898 1746 3954 qua:
1770 3883 1894 3938 εωιί

306 4000 358 4044 ει
381 4000 537 4044 terra:
562 3985 799 4051 nomine,
820 3992 1036 4053 propter
1060 3979 1114 4036 id
1137 3980 1277 4051 quod
1308 3978 1375 4035 de
1398 3978 1485 4033 illa
1513 3975 1893 4046 perficiendum

309 4088 441 4147 erat,
476 4083 897 4133 commemorata
936 4082 1040 4138 est,
1073 4071 1308 4125 Trinitas
1336 4069 1641 4124 insinuatur
1681 4064 1898 4121 Creato-

308 4173 379 4226 ris
406 4188 420 4235 ;
450 4184 572 4224 nam
602 4168 814 4221 dicente
841 4164 1119 4233 Scriptura
1148 4204 1163 4228 ,
1198 4161 1250 4216 In
1302 4161 1566 4231 principio
1598 4159 1725 4214 fecit
1756 4159 1898 4214 Deus

310 4266 501 4318 coelum
533 4271 586 4316 et
612 4273 832 4323 terram,
860 4256 1206 4324 intelligimus
1236 4255 1446 4310 Patrem
1472 4255 1523 4308 in
1554 4254 1647 4308 Dei
1682 4252 1901 4307 nomine

311 4368 362 4411 et
391 4357 578 4409 Filium
611 4354 663 4406 in
695 4350 940 4421 principii
984 4349 1231 4411 nomine,
1272 4348 1363 4415 qui
1411 4361 1513 4400 Ιιοιι
1565 4344 1761 4411 Patris,
1806 4343 1900 4398 sed

316 4463 409 4514 per
458 4448 692 4514 seipsum
743 4451 938 4497 creatae
993 4439 1237 4509 primitus
1263 4452 1322 4492 ac
1356 4438 1692 4506 potissimum
1744 4436 1905 4505 spiti-

2059 3258 2363 3335 Visibilium
2386 3258 2625 3313 omnium
2651 3253 2918 3309 maximus
2944 3252 3175 3309 mundus
3203 3260 3309 3319 est,
3333 3252 3573 3308 invisibi-

1988 3355 2117 3411 lium
2148 3350 2389 3407 omnium
2420 3349 2685 3403 maximus
2715 3346 2857 3401 Deus
2884 3354 2964 3402 est
3000 3363 3013 3398 :
3050 3345 3146 3401 sed
3176 3346 3433 3401 mundum
3456 3360 3576 3401 esse

1990 3447 2373 3518 conspicimus,
2400 3444 2566 3500 Deum
2597 3456 2718 3498 esse
2741 3441 3032 3496 credimus.
3058 3441 3209 3508 Quod
3240 3451 3416 3496 autem
3441 3441 3579 3496 Deus

1994 3539 2179 3596 fecerit
2225 3536 2517 3599 mundum,
2568 3533 2699 3588 nulli
2754 3532 2917 3587 tutius
2961 3533 3232 3588 credimus
3271 3546 3430 3603 quam
3479 3533 3581 3604 ipsi

1994 3633 2126 3711 Deo.
2157 3630 2259 3687 Ubi
2280 3644 2402 3686 eum
2435 3626 2777 3683 audivimus?
2808 3640 3069 3695 nusquam
3100 3626 3313 3682 interim
3343 3643 3443 3683 nos
3471 3645 3583 3683 me-

1998 3727 2101 3782 lius
2144 3740 2306 3796 quam
2356 3725 2410 3779 in
2454 3722 2745 3791 Scripturis
2791 3723 3014 3787 sanctis,
3039 3721 3129 3777 ubi
3160 3722 3292 3777 dixit
3322 3725 3583 3793 prepbeta

1997 3816 2114 3885 ejus
2140 3833 2152 3867 :
2186 3815 2243 3868 In
2275 3812 2537 3882 principio
2568 3811 2689 3865 fecit
2714 3810 2856 3865 Deus
2878 3810 3076 3866 coelum
3108 3821 3159 3865 et
3184 3821 3401 3866 terram.
3433 3813 3584 3869 Nun-

1998 3905 2251 3976 quidnam
2302 3903 2371 3958 ibi
2431 3902 2526 3955 fuit
2580 3901 2681 3956 iste
2732 3899 2991 3969 propheta
3023 3900 3239 3969 quando
3286 3898 3411 3957 fecit
3444 3903 3585 3957 Deus

1999 3996 2197 4053 cretum
2241 4002 2298 4049 et
2348 3991 2583 4047 terram?
2624 3989 2774 4055 Non,
2810 3990 2905 4044 sed
2938 3991 3010 4045 ibi
3044 3990 3141 4045 fuit
3169 3991 3429 4061 sapientia
3455 3993 3583 4058 Dei,

2004 4102 2099 4157 per
2147 4100 2307 4156 quam
2361 4082 2500 4137 facta
2548 4090 2674 4136 sunt
2712 4080 2913 4147 omnia,
2961 4097 3081 4151 quae
3112 4081 3165 4137 in
3188 4083 3393 4137 animas
3424 4085 3585 4141 etiam

2003 4186 2219 4231 sanctas
2238 4190 2298 4230 se
2330 4173 2606 4235 transfert,
2639 4171 2841 4227 amicos
2868 4171 2961 4227 Dei
2992 4182 3044 4228 et
3076 4173 3362 4242 prophetas
3389 4175 3588 4228 consti-

2006 4268 2126 4332 tuit,
2177 4266 2364 4334 eisque
2405 4278 2566 4331 opera
2620 4276 2715 4316 sua
2762 4263 2882 4317 sine
2925 4265 3153 4331 strepitu
3184 4263 3326 4318 intus
3347 4276 3585 4320 enarrat.

2009 4359 2320 4427 [.oquuntur
2344 4354 2424 4409 eis
2456 4368 2667 4423 quoque
2696 4352 2870 4421 angeli
2905 4353 3018 4418 Dei,
3050 4355 3139 4424 qui
3168 4369 3383 4424 semper
3406 4355 3591 4411 vident

2011 4450 2199 4503 faciem
2260 4446 2453 4510 Patris,
2514 4444 2948 4514 voluntatemque
2992 4445 3108 4515 ejus
3159 4446 3351 4515 quibus
3379 4458 3592 4517 oportet

317 4538 409 4591 tztli
437 4549 718 4599 creaturae,
750 4544 803 4589 et
842 4540 1236 4601 consequenter
1266 4530 1427 4585 etiam
1463 4530 1725 4583 universa:
1752 4542 1904 4582 crea-
1937 4529 1982 4587 D
2010 4528 2344 4594 ηηηιίηιίθηι,
2374 4537 2445 4590 Ex
2482 4534 2568 4589 his
2592 4551 2727 4589 unus
2748 4543 2863 4589 erat
2906 4536 3006 4591 me
3035 4536 3291 4606 propheta
3319 4539 3410 4609 qui
3455 4540 3593 4595 dixit

319 4639 472 4691 turre,
505 4626 821 4696 principium
852 4634 973 4689 est;
1001 4623 1212 4677 dicente
1256 4630 1434 4675 autem
1467 4620 1741 4687 Scriptura
1780 4659 1794 4685 ,
1838 4618 1907 4671 Et

318 4722 537 4790 spiritus
576 4719 668 4773 Dei
730 4718 1166 4788 superlerebatur
1203 4732 1364 4785 super
1407 4728 1628 4781 aquam,
1672 4712 1908 4780 comple-

320 4824 425 4867 tam
456 4811 1021 4867 commemorationem
1054 4809 1327 4863 Trinitatis
1355 4807 1730 4876 agnosdmus;
1765 4806 1832 4857 ita
1857 4813 1909 4858 et

320 4907 372 4959 in
397 4905 750 4957 conversione
779 4909 938 4970 atque
962 4899 1293 4970 perfectione
1314 4907 1595 4965 creatum,
1630 4906 1685 4951 ut
1703 4897 1909 4966 species

323 5012 501 5050 rerum
522 4995 849 5063 digerantur,
868 4992 1054 5046 eadem
1078 4992 1313 5045 Trinitas
1333 4990 1649 5055 insinuatur,
1674 4989 1908 5042 Verbum

324 5088 417 5141 Dei
450 5085 695 5149 scilicet,
727 5093 781 5138 et
809 5083 970 5138 Verbi
1000 5090 1310 5153 generator,
1350 5096 1471 5136 cum
1509 5083 1732 5146 dicitur,
1768 5081 1912 5135 Dixit

321 5174 497 5237 Dens,
531 5182 584 5226 et
614 5183 796 5227 sancta
827 5172 1069 5236 bonitas,
1113 5174 1166 5225 in
1189 5186 1294 5241 qua
1326 5170 1432 5225 Deo
1456 5172 1629 5240 placet
1657 5171 1911 5241 quidquid

319 5268 370 5321 ei
402 5282 499 5337 pro
529 5282 638 5319 sua:
668 5274 871 5319 naturae
900 5266 1115 5321 modqu
1146 5266 1439 5334 perfectum
1470 5268 1657 5334 placrt,
1685 5282 1803 5319 eum
1836 5265 1915 5318 di-

319 5359 463 5410 citur
493 5375 504 5408 :
541 5354 681 5409 Vidit
712 5355 852 5409 Deus
896 5356 1016 5424 quia
1048 5356 1244 5410 bonum
1281 5367 1384 5411 est.
1424 5355 1527 5411 Sed
1551 5372 1649 5410 cur
1674 5371 1911 5410 eorume-

322 5455 528 5500 morata
576 5447 723 5514 prius
775 5445 1018 5512 quamvis
1069 5446 1378 5516 imperfecta
1435 5454 1677 5500 creatura
1726 5458 1908 5516 postea

321 5546 786 5592 commemoratur
817 5536 1036 5605 spiritus
1072 5536 1201 5600 Dei,
1248 5536 1388 5605 prius
1417 5535 1627 5590 dicente
1666 5535 1911 5605 Scriptu-

322 5644 391 5683 ra
427 5648 437 5681 :
471 5630 637 5683 Terra
663 5637 840 5681 autem
880 5635 998 5681 erat
1038 5627 1314 5683 invisibilis
1353 5636 1409 5682 et
1446 5628 1823 5694 incomposita,
1862 5638 1913 5682 et

327 5720 569 5774 tenebrat
594 5726 750 5772 erant
772 5732 933 5787 super
964 5718 1245 5788 abyssum,
1278 5734 1341 5774 ac
1379 5716 1574 5775 deinde
1607 5718 1867 5774 infereute
1902 5736 1912 5770 :

542 5836 818 5893 Ριιτιιθι..
854 5831 1043 5891 LXII.

2009 4640 2063 4685 et
2084 4627 2334 4697 scripsit:
2370 4626 2427 4680 In
2452 4625 2715 4694 principio
2740 4626 2862 4681 fecit
2892 4624 3031 4679 Deus
3056 4625 3251 4691 caelum
3282 4637 3337 4682 et
3369 4638 3588 4697 terram;

2010 4723 2097 4789 qui
2131 4730 2234 4775 tam
2261 4720 2484 4775 idoneus
2510 4719 2659 4773 testis
2684 4731 2886 4798 cst’per
2913 4722 3212 4789 quemDeo
3240 4723 3589 4788 credendum,

2010 4823 2068 4867 ut
2095 4814 2281 4868 eodem
2306 4813 2497 4881 spiritu
2529 4811 2624 4864 Dei
2653 4794 2901 4879 quo'hrec
2930 4812 3032 4865 sibi
3061 4793 3296 4868 revelata
3336 4818 3590 4886 cognovit

2010 4904 2169 4958 etiam
2191 4905 2361 4972 ipsam
2386 4903 2544 4957 fidem
2568 4913 2804 4955 nostram
2829 4900 3061 4969 futuram
3086 4911 3232 4959 tanto
3252 4914 3377 4961 ante
3398 4906 3593 4976 pradi-

2016 4997 2171 5052 xerit.
2190 4995 2295 5051 Sed
2319 4995 2444 5065 quid
2470 4994 2667 5063 placuit
2693 5002 2896 5048 aeterno
2924 4993 3032 5048 Deo
3059 5002 3182 5049 tunc
3203 4996 3377 5052 facere
3396 4998 3590 5054 omium

2015 5095 2071 5141 et
2100 5095 2298 5140 terram
2328 5099 2446 5155 quae
2471 5092 2627 5138 antea
2655 5098 2760 5138 non
2788 5083 3039 5138 fecisset?
3069 5084 3169 5151 Qui
3194 5088 3293 5141 hoc
3311 5086 3516 5152 dicunt,
3544 5087 3591 5139 si

2019 5176 2280 5231 mundum
2311 5184 2571 5229 aeternum
2594 5175 2711 5229 sine
2743 5175 2847 5228 ullo
2869 5174 3055 5249 initio,
3070 5185 3125 5230 et
3153 5176 3273 5230 ideo
3294 5190 3393 5230 nec
3417 5190 3445 5229 a
3482 5175 3592 5230 Deo

2020 5266 2217 5321 factum
2244 5265 2409 5319 videri
2437 5265 2646 5331 volunt,
2671 5266 2831 5319 nimis
2860 5266 3037 5320 aversi
3068 5275 3192 5320 sunt
3216 5282 3245 5320 a
3267 5265 3509 5335 veritate,
3536 5276 3595 5320 et

2018 5358 2200 5413 lethali
2245 5356 2433 5410 morbo
2477 5357 2767 5426 impietatis
2810 5355 3102 5410 insaniunt.
3151 5354 3407 5423 Exceptis
3447 5357 3594 5411 enim

2015 5448 2340 5519 propheticis
2368 5449 2619 5511 vocibus,
2670 5447 2898 5502 mundus
2932 5448 3044 5516 ipse
3076 5446 3477 5519 ordin_atissima
3500 5462 3598 5504 sua

2016 5538 2371 5593 mutabilitate
2399 5548 2453 5592 et
2481 5539 2772 5592 mobilitate
2802 5546 2855 5591 et
2885 5511 3172 5589 visibilium
3201 5511 3442 5592 omnium
3475 5540 3594 5609 pul-

2019 5629 2284 5685 cherrima
2316 5629 2515 5697 specie,
2540 5626 2936 5697 quodammodo
2969 5626 3159 5682 tacitus
3190 5669 3204 5694 ,
3234 5640 3287 5684 et
3316 5629 3510 5688 factum
3542 5648 3605 5691 so

2021 5735 2142 5776 esse
2169 5760 2183 5787 ,
2231 5728 2285 5775 et
2329 5734 2433 5774 non
2467 5718 2566 5774 nisi
2592 5733 2621 5773 a
2653 5717 2762 5773 Deo
2795 5715 3141 5773 ineffabilitcr
3170 5730 3328 5792 atque
3361 5722 3605 5779 invisibi-

3118 5835 3195 5894 20
