3956 6180
458 266 560 325 Ci?)

1528 266 1585 318 D.
1634 266 1946 328 EUGYIEi‘ll
1993 269 2282 329 ABBATIS
2322 272 2640 328 AFfiltlANl

3611 286 3709 342 620

454 379 578 439 litc’r
609 397 799 454 magno
843 395 896 436 et
937 381 1271 437 ineffabilite'r
1318 390 1476 450 atque
1524 382 1862 440 invisibiliter
1905 385 2021 453 pul-
2055 390 2096 441 Α
2132 401 2249 442 mus
2297 389 2490 456 quippe
2544 388 2672 441 istos
2722 386 2834 441 dies
2887 395 3040 442 notos
3072 404 3178 444 non
3207 391 3403 447 habere
3431 409 3706 470 vesperam

452 477 580 530 cbro
622 476 736 530 fieri
776 471 835 529 se
877 478 1113 548 potuisse-
1140 475 1453 548 proclamat.

1006 567 1230 640 carm
1270 565 1462 620 xm.

450 658 598 724 ρηοτι
642 660 1010 728 commutari!”
1060 659 1122 713 de
1164 660 1341 724 mttmfi
1383 669 1606 728 tempore
1633 657 1801 726 refelli
1832 658 2024 728 possint

730 720 816 785 ’ἄρ’
840 732 1011 783 mundi
1033 729 1165 794 loco,
1191 720 1252 781 de
1267 730 1441 783 eodem
1473 720 1599 782 libro
1630 720 1701 781 ιιξ

515 844 644 909 Cum
698 846 855 916 igitur
905 862 1064 898 unum
1116 844 1370 918 mundum
1403 844 1602 916 ingenti
1635 841 1848 912 quidem
1882 843 2020 896 mole

439 951 718 1012 corporea,
756 935 961 1001 finitum
987 946 1193 1012 tamen,
1241 945 1294 989 et
1323 935 1442 1006 loco
1466 949 1563 1006 suo
1583 932 2015 1005 determination,

439 1037 488 1080 ct
518 1007 773 1102 aperante
792 1027 912 1094 _Deo
943 1028 1134 1080 faetum
1158 1009 1278 1080 esse
1298 1027 1500 1102 dicant,
1525 1026 1663 1095 quod
1691 1025 2018 1094 respondent

436 1119 503 1171 de
534 1120 751 1180 infinitis
774 1129 925 1172 extra
958 1119 1212 1171 mundum
1243 1119 1396 1184 locis,
1426 1133 1526 1192 “cur
1553 1119 1602 1171 in
1644 1118 1723 1173 eis
1753 1119 1820 1170 ab
1851 1132 2016 1185 opere

439 1204 574 1258 Deus
619 1217 824 1276 cesset,
861 1207 970 1261 hoc
1013 1207 1114 1262 sibi
1148 1209 1507 1278 respondeant
1541 1209 1605 1276 de
1640 1209 1860 1262 infinitis
1891 1220 2013 1263 ante

439 1300 693 1368 mundum
728 1301 1077 1368 temporibus.
1109 1300 1216 1356 Cur
1244 1301 1296 1354 in
1315 1301 1403 1372 eis
1434 1299 1500 1353 ab
1530 1315 1694 1375 opere
1723 1301 1861 1353 Deus
1890 1316 2009 1356 ces-

432 1391 651 1458 saverit,
677 1401 732 1445 et
754 1393 890 1446 sicut
911 1407 1015 1460 non
1043 1401 1124 1454 est
1154 1405 1488 1460 consequens
1512 1400 1566 1444 ut
1593 1391 1810 1460 fortuito
1832 1392 2010 1458 potius

430 1500 586 1552 quam
636 1485 839 1539 ratione
864 1483 1038 1538 divina
1063 1485 1233 1555 Deus,
1266 1501 1367 1552 non
1399 1485 1538 1558 alio,
1568 1485 1662 1541 sed
1688 1483 1789 1539 ἱεῐο
1822 1485 1870 1538 in
1903 1501 2008 1555 quo

425 1583 508 1629 est
535 1575 652 1634 loco
685 1575 940 1644 mundum
984 1575 1353 1648 constituerit,
1387 1591 1508 1648 cum
1541 1577 1740 1645 pariter
1786 1577 2007 1630 infinitis

427 1665 622 1734 ubiqtte
663 1667 964 1738 patentibus
1005 1667 1151 1736 nullo
1190 1667 1568 1742 excellentiorc
1612 1667 1802 1722 merito
1823 1677 2008 1744 [posset

2132 477 2230 531 nisi
2265 479 2330 542 de
2358 481 2434 532 sol
2460 494 2484 532 ς
2515 494 2746 555 occasu,
2784 494 2878 538 nec
2912 497 3067 544 mane
3095 482 3192 538 nisi
3224 485 3290 538 de
3319 487 3448 540 solis
3475 500 3704 555 exortu;

2131 567 2342 621 illorum
2389 579 2567 622 autem
2618 570 2822 639 priores
2880 579 2988 625 tres
3037 573 3152 628 dies
3193 576 3310 630 sine
3359 578 3476 633 sole
3508 585 3707 647 reret-ti

2125 672 2266 734 sont,
2297 663 2386 732 qui
2415 663 2501 716 die
2529 671 2720 729 quarto
2741 663 2920 720 factus
2951 665 3203 720 refertur.
3231 655 3568 751 Etprintittts
3592 673 3707 750 qui-
3751 719 3761 726 .

2123 751 2360 808 demlux
2390 753 2554 808 verbo
2583 753 2672 808 Dei
2707 753 2864 817 facta,
2896 763 3055 825 atque
3082 757 3222 811 inter
3248 759 3414 822 ipsam
3453 771 3510 830 et
3557 772 3705 819 tene-

2122 839 2242 895 bras
2273 842 2412 896 Deus
2445 858 2723 912 separ..sse
2751 855 3018 913 narratur,
3046 857 3099 916 et
3128 849 3370 909 eamdem
3403 853 3574 908 lucem
3603 871 3703 914 ve-

2119 945 2274 1003 casse
2299 933 2462 997 diem,
2498 936 2745 992 tenebras
2775 945 2953 991 autem
2980 949 3213 994 noctem.
3247 941 3350 995 Sed
3387 945 3573 1012 .qualis
3615 949 3701 1002 illa

2117 1025 2189 1088 sit
2219 1023 2330 1089 lux,
2357 1033 2410 1077 et
2435 1040 2540 1094 quo
2563 1027 2866 1083 alternante
2889 1039 3057 1098 motu,
3081 1019 3701 1107 qualemque'vesperam

2116 1121 2168 1165 et
2199 1129 2354 1168 mane
2378 1115 2585 1179 fecerit,
2613 1127 2876 1173 remotum
2903 1130 2986 1175 est
3009 1135 3036 1173 a
3061 1123 3307 1178 sensibus
3338 1127 3534 1184 nostris
3563 1145 3575 1180 :
3602 1145 3700 1183 nec

2117 1201 2185 1254 ita
2245 1214 2300 1256 ut
2339 1214 2420 1256 est
2448 1204 2671 1283 intelligi
2720 1223 2749 1260 a
2783 1209 2937 1262 nobis
2967 1219 3169 1279 potest,
3199 1214 3340 1283 quod
3373 1226 3550 1282 tamen
3580 1218 3702 1274 sine

2116 1293 2217 1346 ulla
2244 1293 2582 1352 haesitatione
2607 1281 2932 1354 credendum
2965 1310 3072 1356 est.
3102 1281 3214 1356 Aut.
3229 1306 3369 1358 enim
3399 1281 3574 1376 aliqua
3608 1309 3697 1362 Ιιιι

2111 1400 2368 1455 corporra
2416 1397 2518 1455 est,
2571 1390 2683 1445 sive
2735 1393 2783 1444 iu
2836 1394 3203 1462 superioribus
3237 1398 3417 1465 mundi
3460 1402 3698 1468 partibus

2114 1480 2270 1546 longe
2319 1493 2347 1532 a
2376 1483 2753 1550 conspectibus
2787 1485 3003 1558 nostris,
3033 1486 3146 1550 sive
3176 1490 3316 1542 umle
3345 1491 3424 1544 sol
3461 1504 3698 1560 postmo-

2111 1569 2240 1622 dum
2286 1585 2547 1640 accensus
2574 1580 2677 1638 est,
2711 1583 2798 1627 aut
2830 1573 2964 1631 lucis
3008 1577 3221 1632 nomine
3266 1577 3558 1650 signiﬁcata
3611 1597 3694 1638 est

2111 1672 2293 1716 saneta
2321 1665 2532 1731 civitas,
2567 1665 2616 1719 in
2648 1666 2848 1720 sanctis
2871 1669 3072 1737 angelis
3103 1679 3156 1723 et
3185 1673 3462 1740 spiritibus
3484 1675 3686 1741 beatis,

423 1755 508 1830 hic
536 1757 681 1827 eligi,
708 1758 949 1826 quamvis
976 1758 1218 1812 eamdem
1243 1759 1474 1830 divinam
1507 1758 1791 1823 rationem,
1817 1774 1916 1827 qua
1948 1759 1998 1813 id
2037 1747 2076 1804 Β
2106 1753 2171 1807 de
2197 1771 2298 1823 uua
2325 1755 2455 1810 ἀίεῖι
2483 1757 2767 1825 Αροεῑοιυθ
2793 1776 2806 1810 ε
2841 1757 2972 1826 Qua?
3005 1774 3215 1814 ευτειιιη
3262 1774 3346 1818 εει
3398 1763 3694 1829 Jermalem

418 1848 615 1918 factum
640 1859 744 1915 cst,
777 1850 916 1904 nulia
939 1859 1128 1928 posset
1157 1849 1867 1932 humanaettttt'preltetttletie
1901 1865 1996 1906 ua-

422 1951 577 2010 tura;
619 1941 693 1994 ita
733 1957 842 2016 non
887 1951 969 1997 est
1011 1956 1342 2012 consequens
1373 1951 1429 1995 ut
1453 1941 1561 1996 Deo
1579 1941 1783 2010 aliquid
1815 1944 1996 1996 existi-

417 2015 624 2104 internus
669 2030 930 2100 accidisse
971 2029 1276 2102 fortuitum,
1317 2029 1458 2100 quod
1502 2030 1594 2082 illo
1632 2032 1812 2104 potius
1834 2046 1992 2108 quam

414 2123 685 2177 anteriore
709 2131 954 2196 tempore
982 2122 1220 2178 condidit
1250 2122 1528 2198 mundum,
1561 2138 1689 2180 .cum
1719 2125 1994 2193 atqnaliter

413 2214 678 2269 anteriora
734 2223 972 2284 tempora
1015 2226 1110 2284 per
1139 2215 1403 2268 inﬁnitum
1427 2223 1571 2268 retro
1595 2223 1824 2281 Spatium
1849 2230 1991 2296 prae-

414 2309 687 2380 t_crissent,
723 2322 819 2368 nec
843 2305 1037 2378 fuisset
1057 2307 1228 2377 aliqua
1260 2305 1555 2362 differentia
1589 2307 1727 2362 unde
1787 2318 1993 2377 tempus

413 2396 638 2474 tempori
665 2405 911 2478 eligendo
936 2415 1360 2476 ριωΡοηθιειω.
1393 2404 1544 2478 Quod
1575 2405 1616 2458 si
1648 2407 1829 2474 dicunt
1882 2408 1992 2476 ina-

409 2511 505 2568 nes
531 2511 651 2560 esse
681 2497 951 2566 hominum
977 2479 1351 2568 cogitationes,
1380 2496 1573 2566 quibus
1613 2497 1821 2564 infinita
1855 2499 1989 2550 ima-

407 2587 656 2666 ainantur
681 2587 822 2670 lupa,
851 2603 976 2658 cum
1006 2588 1155 2658 locus
1179 2587 1355 2658 nullus
1383 2587 1455 2658 sit
1484 2597 1679 2662 prteter
1705 2589 1986 2664 mundum,

407 2679 761 2752 respondetur
806 2680 882 2735 eis
931 2679 1034 2748 isto
1066 2679 1226 2738 modo
1257 2695 1269 2731 :
1318 2678 1549 2734 iuani'er
1581 2679 1822 2734 homines
1842 2680 1989 2756 cogi-

407 2783 520 2826 tare
541 2771 808 2842 wmterita
835 2781 1080 2842 tempora
1112 2769 1406 2826 vacationis
1430 2768 1544 2832 Dei,
1601 2784 1724 2823 cum
1780 2778 1988 2837 tempus

405 2845 606 2916 nullum
633 2861 699 2916 sit
722 2872 846 2918 ante
877 2847 1129 2922 mundum
1157 2876 1170 2913 :
1205 2861 1248 2914 si
1273 2862 1414 2916 enim
1439 2871 1583 2915 recte
1607 2848 1987 2915 discernuntur

403 2954 672 3009 :eternltas
695 2964 746 3009 et
779 2964 1006 3017 tempus,
1036 2952 1176 3023 quod
1208 2965 1417 3022 tempus
1444 2953 1561 3008 sine
1590 2953 1762 3023 aliqua
1806 2963 1979 3008 muta-

404 3048 605 3104 bilitate
649 3062 753 3101 non
809 3055 911 3110 est,
956 3047 1008 3098 in
1041 3044 1339 3100 aeternitate
1372 3054 1552 3118 autem
1582 3045 1721 3097 nulla
1753 3047 1977 3097 mutatio

2105 1855 2273 1900 mater
2325 1856 2505 1914 nostra
2554 1856 2754 1901 aeterna
2802 1849 2853 1901 in
2893 1849 3066 1903 caelis.
3119 1851 3216 1920 _Ait
3260 1853 3457 1924 quippe
3505 1867 3557 1920 et
3588 1857 3694 1910 aiio

2101 1938 2254 1990 loco:
2303 1936 2504 1996 Omnes
2549 1940 2691 1993 enim
2739 1953 2830 1994 vos
2862 1941 2953 1994 filii
2997 1941 3128 2009 lucis
3172 1945 3322 2009 estis,
3355 1954 3407 1999 et
3437 1945 3688 2010 filiidiei,

2098 2044 2201 2081 non
2251 2042 2438 2082 sumus
2483 2029 2655 2097 n,oc.is
2701 2046 2874 2099 neque
2918 2032 3278 2086 tenebrarum.
3315 2033 3369 2089 Si
3404 2044 3581 2100 tamen
3634 2047 3689 2091 et

2097 2132 2374 2188 vesperam
2405 2118 2513 2174 diei
2547 2118 2703 2188 hujus
2729 2129 2783 2176 et
2816 2137 2973 2175 n'tane
3002 2121 3338 2198 aliquatenus
3381 2140 3683 2194 congruen-

2095 2217 2172 2278 ter
2204 2209 2507 2281 intefl'gere
2530 2211 2823 2271 valeamus,
2858 2199 3111 2280 quoniam
3153 2213 3378 2274 scientia
3421 2224 3684 2270 creatura:

2097 2303 2146 2354 iu
2214 2303 2615 2373 comparatione
2676 2303 2915 2360 scientia:
2963 2305 3235 2360 Creatoris
3289 2306 3683 2374 quodammodo

2092 2392 2455 2460 vesperascit:
2482 2393 2716 2462 itemque
2741 2394 2960 2449 lucescit
2981 2404 3211 2456 etmaue
3242 2395 3319 2458 tit,
3349 2413 3469 2451 cum
3491 2410 3543 2452 et
3568 2399 3680 2468 ipsa

2092 2485 2322 2554 refertur
2349 2490 2414 2539 ad
2465 2486 2672 2544 laudem
2702 2485 3154 2556 dilectionemque
3183 2486 3475 2560 Creatoris,
3504 2505 3604 2544 nec
3625 2490 3680 2543 in

2092 2583 2305 2639 noctem
2325 2575 2586 2646 vergitur,
2612 2575 2698 2629 ubi
2727 2591 2832 2630 non
2855 2577 3081 2631 Creator
3103 2589 3363 2632 creatura:
3385 2579 3676 2635 dilectione

2089 2668 2427 2738 relinquitur.
2477 2667 2712 2738 Denique
2762 2668 3039 2736 Scriptura
3091 2684 3210 2722 cum
3237 2670 3357 2725 illos
3384 2671 3499 2726 dies
3523 2671 3680 2727 diuu-

2088 2768 2321 2814 nteraret
2345 2775 2408 2814 ex
2443 2759 2660 2823 ordine,
2694 2775 2952 2828 nusquam
2985 2761 3309 2831 interposuit
3365 2765 3472 2843 26
3527 2782 3679 2820 vora-

2086 2852 2268 2919 bulum
2311 2852 2482 2908 noctis
2511 2870 2524 2905 :
2571 2869 2674 2906 non
2703 2855 2846 2917 enim
2876 2853 2952 2907 ait
2980 2854 3173 2908 alicubi
3200 2872 3212 2906 :
3246 2854 3402 2910 Facta
3432 2869 3512 2911 est
3545 2874 3671 2923 nox,

2085 2945 2180 3014 sed
2203 2962 2216 2999 :
2245 2945 2405 3016 Facta
2428 2954 2510 3001 est
2533 2960 2778 3018 veSpera,
2800 2957 2853 3014 et
2876 2947 3070 3001 factum
3093 2955 3177 3001 est
3200 2964 3354 3004 mane
3375 2949 3489 3003 dies
3513 2967 3671 3018 unus,

2089 3037 2163 3103 ita
2193 3036 2314 3093 dies
2337 3037 2607 3107 secundus
2630 3047 2681 3092 et
2704 3037 2901 3091 caeteri.
2918 3038 3165 3107 Cognitio
3188 3040 3385 3118 quippe
3411 3055 3671 3096 creatura:

399 3149 480 3193 est
501 3179 515 3201 ,
546 3139 663 3207 quis
695 3151 796 3189 non
823 3136 1000 3189 videat
1027 3133 1165 3202 thd
1196 3115 1437 3200 tempora
1463 3149 1567 3196 non
1601 3133 1843 3202 fuissent,
1877 3136 1978 3188 nisi
2011 3110 2055 3172 (ἶ
2087 3125 2139 3181 iu
2164 3129 2333 3199 seipse
2357 3130 2715 3186 decoloratior
2735 3139 2835 3204 est,
2871 3142 2925 3185 ut
2953 3130 3023 3185 ita
3053 3131 3247 3198 dicam,
3276 3115 3432 3208 quam
3465 3150 3584 3189 cum
3619 3135 3676 3189 in

399 3237 641 3282 creatura
683 3226 834 3286 fieret
873 3240 992 3294 qua:
1021 3223 1220 3291 aliquid
1246 3224 1420 3292 aliqua
1451 3222 1685 3276 motione
1713 3224 1975 3278 mutaret?

399 3317 561 3384 Cujus
585 3315 836 3368 motionis
863 3324 916 3368 et
947 3313 1258 3366 mutationis
1289 3329 1407 3367 cum
1441 3313 1583 3367 aliud
1626 3325 1786 3383 atque
1833 3315 1976 3369 aliud

397 3423 514 3475 quae
557 3406 714 3460 simul
771 3420 890 3458 esse
936 3419 1039 3458 tton
1091 3411 1317 3471 possunt
1353 3404 1495 3457 cedit
1533 3411 1692 3472 atque
1739 3407 1978 3458 Succedit

400 3499 450 3550 in
484 3495 827 3550 brevioribus
858 3494 938 3548 vel
969 3493 1396 3562 produt-tioribus
1427 3509 1698 3548 morarum
1728 3495 1978 3549 interval-

396 3591 480 3653 lis,
525 3595 734 3656 tempus
771 3593 1106 3655 setiueretur.
1145 3585 1275 3638 Cum
1321 3585 1470 3653 igitur
1520 3584 1683 3651 Deus,
1732 3587 1782 3639 in
1825 3587 1976 3656 cujus

395 3677 690 3734 aeternitate
713 3676 853 3731 nulla
877 3683 960 3731 est
989 3674 1207 3728 omnino
1241 3676 1487 3741 mutatio,
1511 3687 1725 3729 creator
1747 3680 1818 3730 sit
1843 3687 1976 3731 tem-

395 3788 581 3840 porum
605 3781 657 3827 et
679 3771 978 3838 ordinator,
1001 3772 1271 3842 quomodo
1292 3771 1502 3827 dicatur
1533 3782 1651 3843 post
1676 3783 1972 3854 temporum

393 3865 562 3934 ιΡΩίῖθ
592 3863 849 3918 mundum
877 3877 1110 3927 creasse,
1143 3879 1248 3918 non
1277 3862 1452 3929 video,
1485 3864 1586 3917 nisi
1616 3863 1827 3922 dicatur
1850 3877 1975 3922 ante

392 3958 650 4012 mundum
696 3957 925 4025 aliquam
977 3955 1141 4010 fuisse
1189 3965 1513 4028 creaturam,
1561 3957 1714 4028 cujus
1742 3959 1972 4015 motibus

393 4061 630 4118 mnpora
662 4056 962 4103 currerent.
1009 4045 1180 4102 Porro
1209 4049 1253 4100 si
1287 4049 1480 4102 litteras
1511 4063 1679 4118 sacrae
1712 4051 1972 4107 maxime-

392 4158 500 4210 que
539 4154 758 4194 veraces
786 4139 854 4192 ita
894 4137 1117 4212 dicunt,
1174 4137 1224 4191 itt
1261 4138 1521 4208 principio
1570 4139 1763 4195 fecisse
1806 4141 1971 4195 Deum

391 4235 582 4285 rmlum
615 4241 666 4284 ct
697 4239 915 4292 terram,
947 4238 1005 4282 ut
1036 4228 1170 4281 nihil
1208 4239 1366 4284 antea
1396 4229 1590 4284 fecisse
1620 4229 1966 4302 intelligatur,

391 4324 508 4392 quia
537 4323 637 4377 hoc
661 4322 836 4389 potius
862 4321 914 4374 in
943 4321 1203 4390 principio
1231 4319 1423 4376 fecisse
1454 4323 1743 4391 diceretur,
1773 4324 1816 4377 si
1843 4326 1967 4394 quid

389 4396 601 4468 fecisset
639 4420 764 4466 ante
803 4420 995 4465 rmtera
1040 4423 1233 4467 cuncta
1265 4428 1384 4482 qua":
1420 4413 1574 4479 fecit,
1621 4417 1968 4483 proculdubio

390 4523 494 4559 nou
545 4515 628 4560 cst
674 4504 903 4558 nmndus
958 4504 1127 4557 factus
1168 4507 1220 4556 in
1252 4514 1514 4574 tempore,
1548 4509 1639 4560 sed
1672 4522 1791 4578 eum
1828 4518 1959 4561 tem-

388 4614 534 4665 pore.
584 4599 736 4663 Quod
763 4598 906 4652 enim
939 4599 995 4650 fit
1023 4597 1074 4651 in
1112 4607 1372 4666 tempore,
1407 4608 1609 4669 etpost
1637 4601 1854 4669 aliquod
1882 4603 1958 4668 fit,

385 4699 437 4743 et
484 4699 607 4742 ante
652 4689 863 4758 aliquod
918 4699 1147 4758 tempus,
1197 4699 1314 4758 post
1374 4690 1423 4742 id
1448 4689 1595 4768 ’diiod
1629 4695 1958 4760 pra'terilum

385 4791 483 4844 est,
537 4789 660 4834 ante
692 4780 744 4834 id
775 4783 912 4848 quod
946 4782 1180 4836 futurum
1209 4789 1311 4835 est.
1335 4781 1548 4836 Nullum
1577 4793 1753 4837 autem
1781 4798 1958 4850 posset

385 4885 504 4926 esse
529 4869 876 4939 praeteritum,
895 4875 1014 4940 quia
1038 4873 1178 4926 nulla
1203 4881 1319 4926 erat
1349 4884 1612 4940 creatura,
1661 4875 1812 4944 cujus
1842 4893 1957 4933 mtt-

385 4960 633 5018 tabilibus
681 4961 911 5016 motibus
963 4973 1230 5030 ageretur.
1287 4963 1420 5018 Cum
1477 4974 1716 5032 tempore
1780 4979 1957 5022 autem

383 5059 554 5112 factus
605 5062 687 5107 est
729 5051 980 5118 mundus,
1031 5053 1076 5104 si
1117 5054 1168 5106 iu
1216 5054 1329 5121 ejus
1361 5055 1663 5111 conditione
1688 5057 1961 5130 faetuset

384 5148 658 5204 mutabilis
691 5155 888 5220 motus,
912 5146 1050 5198 sicut
1080 5146 1290 5212 videtur
1318 5154 1375 5203 se
1408 5149 1607 5206 habere
1637 5152 1798 5207 etiam
1830 5156 1962 5224 ordo

386 5243 478 5296 ilic
534 5241 821 5309 primorum
874 5252 965 5291 sex
1020 5235 1106 5310 vel
1157 5247 1362 5306 septem
1412 5240 1617 5300 dierum
1666 5243 1718 5316 in
1771 5245 1967 5316 quibus

381 5323 538 5392 mane
576 5343 632 5390 et
683 5347 906 5397 vespere
935 5330 1296 5397 nominantur,
1328 5332 1500 5387 donec
1522 5337 1700 5392 omnia
1733 5354 1853 5406 quae
1882 5339 1964 5393 his

380 5425 569 5480 diebus
604 5425 745 5480 Deus
771 5411 893 5478 fecit
922 5430 1073 5475 sexto
1105 5421 1448 5490 perﬁciantur
1473 5425 1581 5491 die,
1618 5429 1963 5500 septimoque

379 5501 438 5570 ἱιῖ
483 5532 674 5585 magno
723 5515 975 5586 mysterio
1035 5509 1125 5568 Dei
1155 5518 1362 5568 vacatio
1391 5519 1838 5585 commendetur;
1871 5522 1959 5590 qui

379 5609 494 5661 dies
526 5607 821 5678 cuiusmodi
846 5611 971 5672 sint,
1015 5616 1104 5662 aut
1132 5607 1444 5678 perdifficile
1473 5610 1644 5676 nobis,
1678 5621 1768 5678 aut
1798 5614 1957 5680 etiam

359 5696 688 5767 impossibile
717 5708 792 5754 est
823 5702 1080 5770 uigilare,
1118 5712 1317 5770 quanto
1355 5703 1519 5773 magis
1542 5702 1752 5761 dicere!
1782 5702 1944 5762 Vide-

2089 3220 2178 3275 Dci
2202 3221 2460 3290 sapientia
2487 3221 2847 3292 cognoscitur,
2876 3224 3022 3276 velut
3043 3223 3095 3278 in
3121 3235 3233 3279 arte
3257 3241 3360 3293 qua
3393 3225 3526 3288 faeta
3554 3239 3630 3282 est
3655 3244 3672 3284 :

2088 3313 2206 3380 ideo
2230 3327 2452 3384 vespera
2476 3313 2856 3400 congruentius
2878 3330 3035 3386 quam
3065 3331 3168 3369 nox
3195 3317 3296 3372 dici
3321 3327 3496 3386 potest
3519 3333 3674 3386 :ane

2086 3411 2295 3472 tamen,
2328 3413 2385 3456 ut
2411 3402 2554 3470 dixi,
2586 3418 2705 3458 cum
2736 3403 2802 3471 ad
2835 3403 3156 3468 laudandum
3185 3409 3552 3472 clamandum
3586 3425 3673 3462 re-

2081 3491 2244 3545 fertur
2266 3491 2600 3560 Creatorem,
2630 3493 2860 3548 recurrit
2891 3496 2942 3548 in
2974 3510 3147 3560 mane,
3183 3513 3229 3551 et
3268 3497 3369 3552 hoc
3398 3513 3517 3552 cum
3545 3499 3609 3552 fat
3633 3500 3675 3554 it

2082 3585 2132 3636 itt
2164 3586 2470 3654 cognitione
2498 3588 2577 3638 sui
2607 3586 2776 3656 ipsius
2802 3626 2816 3650 ,
2849 3585 2963 3640 dies
3005 3603 3140 3654 unus
3183 3599 3302 3654 est:
3333 3605 3452 3643 eum
3488 3592 3537 3644 in
3569 3607 3667 3645 co-

2083 3676 2322 3746 gn'tione
2355 3676 2677 3731 firmamenti
2706 3716 2720 3742 ,
2754 3677 2896 3746 quod
2930 3677 3070 3733 inter
3109 3695 3272 3752 aquas
3304 3681 3586 3738 inferiores
3615 3693 3672 3738 et

2078 3766 2382 3841 superiores
2405 3767 2599 3834 coitum
2624 3770 2946 3840 appellatum
2970 3759 3201 3840 est,dics
3223 3773 3516 3828 secundus:
3543 3791 3668 3829 cum

2082 3859 2133 3911 in
2168 3859 2482 3930 cognitione
2527 3872 2682 3916 terra:
2721 3876 2784 3930 ac
2831 3865 3025 3938 maris,
3063 3866 3414 3936 omniumque
3440 3868 3670 3938 gignen-

2083 3947 2218 4001 tium
2249 3963 2368 4024 qutr.
2398 3947 2668 4006 radicibus
2695 3950 3004 4019 continuata
3033 3965 3154 4008 sunt
3184 3965 3372 4024 terrm,
3405 3958 3521 4012 dies
3554 3968 3666 4012 ter-

2079 4039 2218 4106 tius;
2251 4055 2372 4094 cum
2407 4041 2460 4094 in
2489 4041 2796 4111 cognitione
2828 4043 3169 4112 luminarium
3213 4048 3435 4121 majoris
3478 4061 3532 4105 et
3562 4054 3665 4106 tui-

2077 4129 2223 4185 noris
2248 4169 2262 4194 ,
2292 4131 2639 4216 omniumque
2669 4132 2904 4192 siderum
2935 4177 2948 4202 ,
2977 4139 3093 4201 dies
3134 4153 3388 4208 quartus;
3431 4157 3554 4206 cum
3609 4146 3667 4199 in

2074 4223 2379 4290 cognitione
2421 4223 2663 4286 omnium
2695 4240 2759 4279 cx
2808 4225 2960 4295 aquis
3010 4229 3321 4298 animalium
3363 4236 3664 4296 natatilium

2072 4324 2233 4381 atque
2277 4313 2570 4372 volatilium
2597 4356 2612 4380 ,
2659 4315 2773 4370 dies
2816 4318 3070 4388 quintus;
3115 4335 3236 4374 cun:
3271 4321 3322 4375 iu
3353 4325 3664 4393 ccgnitione

2073 4405 2309 4459 omnium
2335 4407 2645 4462 animalium
2672 4417 3008 4472 terrenarum
3033 4421 3192 4480 atque
3220 4413 3382 4484 ipsius
3405 4417 3658 4480 hominis,

2073 4494 2189 4548 dies
2213 4507 2429 4570 sextus;
2456 4512 2575 4550 eum
2605 4513 2734 4553 vero
2764 4499 2814 4552 in
2841 4499 2929 4554 die
2951 4502 3178 4570 septimo
3205 4489 3486 4573 requiescit
3518 4507 3661 4563 Deus

2069 4589 2137 4640 ab
2160 4587 2407 4642 omnibus
2429 4591 2682 4658 operibus
2721 4592 2852 4658 suis,
2877 4601 2930 4647 et
2957 4595 3252 4662 sanctificat
3283 4613 3425 4663 eum,
3456 4615 3660 4672 nequa-

2069 4694 2225 4747 quam
2250 4693 2332 4736 est
2357 4683 2726 4752 accipiendum
2749 4686 3049 4758 pueriliter,
3072 4699 3322 4761 tanquam
3343 4691 3487 4750 Deus
3512 4694 3659 4752 tabo-

2067 4773 2266 4826 raverit
2295 4775 2568 4842 cperando
2591 4773 2702 4844 (qui
2729 4775 2865 4832 dixit
2889 4787 2942 4834 et
2970 4779 3109 4834 facta
3133 4792 3280 4846 sunt,
3306 4784 3472 4836 verbo
3501 4785 3656 4838 inici-

2066 4863 2250 4934 ligibili
2277 4880 2326 4919 et
2351 4865 2704 4936 sempiterno,
2737 4885 2842 4934 non
2870 4872 3098 4928 sonabili
3122 4885 3174 4940 et
3197 4877 3535 4950 temporali);
3561 4880 3654 4930 sed

2067 4957 2283 5023 requies
2313 4954 2401 5009 Dei
2430 4958 2665 5032 requiem
2691 4961 2953 5029 signiﬁcat
2979 4978 3165 5018 eorum
3190 4967 3277 5035 qui
3304 4969 3651 5036 requiescunt

2065 5049 2115 5101 in
2155 5051 2284 5115 lico,
2311 5051 2448 5103 sicut
2479 5051 2656 5104 laetitia
2689 5053 2880 5106 domus
2904 5055 3140 5120 laztitiam
3173 5059 3436 5128 significat
3463 5075 3495 5114 e
3521 5077 3653 5114 -ruu|

2065 5143 2153 5214 qui
2191 5143 2438 5196 ld‘iatliur
2484 5143 2534 5198 in
2586 5144 2766 5214 domo,
2800 5147 3010 5208 etiamsi
3042 5163 3264 5216 noneos
3293 5150 3343 5204 dt
3367 5165 3487 5204 mus
3514 5151 3651 5220 ipsa,

2071 5246 2162 5299 sed
2187 5246 2286 5299 alia
2310 5261 2396 5300 res
2424 5247 2631 5318 aliquos
2683 5249 2834 5314 Ianos
2862 5247 3024 5314 facit:
3053 5259 3254 5320 quanto
3286 5253 3456 5322 magis
3481 5253 3524 5306 si
3558 5270 3641 5304 ea-

2072 5344 2192 5398 dem
2247 5345 2437 5408 domus
2485 5345 2881 5416 pulchritudine
2930 5363 3024 5404 sua
3063 5348 3224 5405 faciat
3253 5350 3400 5416 lartos
3443 5351 3650 5405 habita-

2073 5447 2234 5502 tores,
2264 5447 2318 5490 ιιι
2343 5452 2448 5502 nou
2471 5440 2643 5492 solum
2666 5440 2949 5509 eloqnendi
2976 5440 3134 5506 modo
3158 5442 3276 5506 keta
3300 5444 3650 5512 dicatur,quo

2069 5527 2431 5596 signifi-t-atnus
2485 5543 2577 5595 per
2622 5527 2672 5584 id
2720 5530 2858 5598 quod
2887 5531 3126 5596 continet
3159 5533 3207 5586 id
3235 5534 3378 5602 quod
3407 5545 3645 5589 contuie-

2069 5625 2173 5681 tur,
2206 5619 2342 5674 sicut
2373 5617 2578 5676 theatra
2612 5618 2886 5687 plaudunt,
2914 5634 3065 5689 prata
3095 5623 3360 5693 mugiunt,
3416 5640 3538 5678 cum
3599 5640 3651 5678 ut

2065 5708 2170 5763 illis
2225 5710 2463 5764 homines
2507 5710 2787 5782 plaudant,
2823 5711 2874 5768 itt
2923 5714 3004 5768 his
3046 5713 3206 5771 boves
3238 5715 3516 5784 mugiunt;
3555 5714 3645 5769 sed
