3974 6184
58 6134 83 6145 Α

421 348 526 402 6‘23
1488 340 1549 392 D.
1582 336 1898 393 EUGYPPII
1942 336 2231 392 ABBATIS
2265 333 2588 391 {sFlllCANl
3586 323 3687 379 69.!

420 465 753 521 auctoritatis
798 456 1126 524 intentioni,
1177 470 1296 526 quae
1343 468 1437 523 per
1482 454 1661 507 omnia
1700 464 1866 519 opera
1915 448 2003 503 Dei
2041 457 2076 507 ,ι
2115 449 2279 516 fecit,
2313 464 2433 520 qua:
2462 449 2710 502 voluntas
2754 443 2936 514 utique
2970 452 3171 497 nonest
3202 442 3376 504 nihil,
3409 439 3690 509 respiciant

423 561 749 630 subjungens
780 599 796 623 ,
830 557 894 610 Et
924 555 1054 609 vidit
1084 554 1222 607 Deus
1253 548 1377 618 quia
1412 548 1609 601 bonum
1638 554 1741 609 est,
1767 542 2004 611 comple-

424 656 600 723 lisque
636 650 883 705 omnibus
911 646 1145 700 inferens
1165 684 1180 708 ,
1234 642 1299 695 Et
1328 639 1459 693 vidit
1505 639 1643 693 Deus
1674 636 1857 691 omnia
1886 649 2005 701 qua)

426 745 577 807 fecit,
621 751 674 796 et
720 754 847 793 cccc
880 740 1016 791 bona
1051 734 1231 800 valde,
1263 731 1462 786 nullam
1493 730 1649 783 aliam
1681 742 1897 782 causam
1930 726 2006 780 fa-

425 834 603 890 ciendi
647 830 825 885 mundi
857 826 1082 895 intelligi
1111 823 1309 885 voluit,
1342 822 1444 877 nisi
1484 830 1544 876 ut
1580 821 1719 875 bona
1753 820 1943 874 ﬁerent
1973 831 2005 871 a

422 924 566 979 bono
611 922 741 984 Deo,
787 919 871 972 ubi
914 918 959 972 si
999 930 1158 971 nemo
1190 921 1482 981 peccasset,
1519 909 1887 966 tantummodo
1915 923 2009 962 ua-

424 1014 557 1067 tnris
588 1013 744 1067 bonis
784 1019 926 1064 esset
957 1007 1189 1062 mundus
1226 1014 1448 1060 ornatus
1485 1010 1541 1057 et
1570 1003 1779 1072 plenus,
1806 1009 1859 1054 et
1885 1001 2006 1068 quia

426 1112 702 1173 peccatum
744 1110 844 1165 est,
881 1115 985 1153 non
1030 1098 1152 1151 ideo
1180 1106 1370 1149 cuncta
1402 1103 1527 1147 sunt
1565 1091 1783 1162 impleta
1813 1104 2006 1158 pecca-

427 1196 516 1255 tis,
547 1207 668 1245 cum
707 1193 967 1243 bonorum
1001 1189 1154 1256 longe
1193 1185 1366 1254 major
1405 1198 1663 1239 numerus
1694 1182 1747 1235 in
1777 1180 2010 1235 cmlesti-

431 1285 529 1336 bus
557 1296 667 1335 sua:
695 1289 898 1334 natura:
935 1277 1181 1332 ordinem
1210 1284 1419 1338 servet;
1453 1288 1551 1327 nec
1581 1271 1715 1325 mala
1743 1271 2006 1336 voluntas,

429 1378 557 1439 quia
602 1380 805 1425 natura:
835 1370 1077 1423 ordinem
1118 1380 1335 1421 servare
1366 1364 1557 1429 noluit,
1607 1362 1730 1417 ideo
1757 1362 1883 1429 justi
1919 1359 2011 1413 Dei

434 1465 580 1533 luges
610 1463 789 1517 omnia
832 1461 966 1515 bene
1006 1455 1303 1513 ordinanti‘s
1328 1456 1515 1523 effugit
1541 1471 1555 1506 :
1586 1452 1839 1523 quoniam
1874 1451 2014 1505 sicut

437 1557 640 1623 pictura
672 1569 791 1609 cum
822 1552 1000 1607 colore
1028 1551 1180 1621 nigro
1206 1550 1325 1603 loco
1346 1564 1442 1603 suo
1470 1546 1642 1617 posito
1674 1543 1909 1618 [posita],
1943 1546 2012 1598 ita

430 1646 749 1702 universitas
779 1660 981 1707 rerum,
1012 1644 1059 1698 si
1101 1642 1218 1713 quis
1248 1642 1416 1712 possit
1455 1639 1669 1704 intueri,
1702 1637 1861 1694 etiam
1891 1652 2013 1692 cum

436 1736 802 1809 peccatoribus
834 1734 1055 1805 pulchra
1083 1743 1187 1799 est,
1224 1731 1469 1801 quamvis
1494 1745 1590 1799 per
1619 1745 1677 1784 se
1706 1731 1848 1797 ipsos
1878 1743 2015 1782 con-

2107 541 2248 595 unde
2278 538 2572 595 secundum
2602 551 2797 604 corpus
2827 533 2996 590 factus
3029 536 3097 588 sit
3129 535 3309 589 homo.
3340 533 3497 586 Certe
3526 531 3687 594 enim,

2113 631 2250 686 sicut
2296 631 2573 698 Scriptura
2606 638 2852 694 testatur,
2874 642 2997 683 eum
3034 627 3101 681 de
3124 626 3252 680 limo
3274 625 3356 679 vel
3378 624 3446 679 de
3481 623 3694 692 pulvere

2110 733 2266 779 terra:
2301 724 2442 777 Deus
2469 720 2613 789 fecit,
2645 728 2700 776 et
2726 718 3076 790 proculdubio
3111 717 3389 772 voluntate
3419 716 3562 770 fecit.
3589 713 3697 768 Nec

2109 823 2288 869 tamen
2322 814 2571 867 voluntas
2603 811 2696 866 Dei
2727 811 2900 880 pulvis
2926 818 3017 863 aut
3049 809 3209 863 limus
3241 818 3344 862 est.
3379 807 3527 862 Sicut
3568 820 3697 873 ergo

2112 907 2162 960 in
2192 922 2255 961 eo
2278 905 2417 974 quod
2444 920 2514 960 ex
2552 905 2678 958 limo
2703 902 2898 957 factum
2931 911 3033 971 εει,
3059 901 3301 971 quamvis
3329 901 3600 954 voluntate
3627 900 3699 954 sit

2113 995 2335 1060 factum,
2388 1010 2494 1048 non
2539 1001 2621 1047 est
2671 992 2918 1046 voluntas
2966 991 3147 1053 limus,
3180 990 3250 1044 ita
3283 992 3334 1043 in
3366 1005 3431 1043 eo
3463 987 3604 1059 quod
3635 1004 3699 1041 ex

2114 1087 2280 1142 nihilo
2308 1086 2502 1146 factum
2533 1096 2636 1152 est,
2663 1066 2904 1153 quamvis
2934 1082 3206 1137 voluntate
3235 1083 3304 1135 sit
3334 1080 3559 1146 factum,
3586 1094 3693 1134 nou

2111 1189 2193 1234 est
2223 1179 2468 1233 voluntas
2499 1175 2653 1229 nihil.
2701 1175 2816 1230 Jam
2866 1188 2995 1228 vero
3039 1172 3179 1244 quod
3220 1173 3513 1226 dolendum
3545 1170 3698 1225 addi-

2114 1268 2260 1331 disti,
2278 1281 2341 1321 ex
2369 1264 2683 1320 Priscilliani
2713 1264 2904 1317 haeresi
2930 1263 2994 1317 ad
3020 1278 3260 1318 errorem
3289 1261 3532 1331 Origenis
3556 1260 3697 1329 apud

2113 1372 2211 1412 vos
2255 1357 2498 1411 homines
2536 1355 2699 1409 fuisse
2739 1354 3011 1423 delapsos,
3044 1367 3143 1407 nec
3170 1353 3239 1406 ah
3284 1351 3371 1405 illa
3405 1360 3556 1420 peste
3599 1363 3696 1419 po-

2114 1452 2282 1503 tuisse
2326 1447 2506 1502 sanari
2555 1447 2655 1500 nisi
2705 1453 2759 1498 et
2798 1445 2912 1515 ipsa
2959 1443 3221 1498 medicina
3266 1442 3567 1496 morbidum
3609 1442 3708 1495 ali-

2117 1540 2242 1609 quid
2272 1539 2562 1605 intulisset,
2590 1553 2695 1592 non
2723 1536 3043 1605 estquidem
3073 1535 3228 1589 dolor
3256 1535 3356 1589 iste
3381 1532 3703 1601 culpandus.

2121 1632 2332 1686 Veritas
2359 1633 2503 1686 enim
2535 1630 2741 1699 debuit,
2773 1644 2878 1684 non
2916 1628 3121 1683 falsitas
3148 1628 3347 1698 pellere
3380 1626 3706 1680 falsitatem:

2120 1749 2243 1788 nam
2288 1732 2388 1786 hoc
2415 1739 2623 1786 mutare
2648 1738 2733 1785 est
2761 1728 2957 1783 malum
2981 1771 2997 1796 ,
3030 1742 3138 1782 non
3168 1726 3387 1781 evitare.
3419 1724 3707 1780 Verumta-

428 1828 695 1881 sideratos
736 1840 831 1880 sua
869 1823 1178 1880 deformitas
1217 1830 1412 1890 turpet.
1458 1819 1662 1873 Deinde
1692 1818 1874 1873 videre
1921 1818 2017 1871 de-
2048 1831 2099 1892 Β
2126 1838 2246 1878 men
2277 1824 2400 1893 quia
2431 1821 2497 1876 de
2525 1826 2639 1890 ipso
2672 1820 2804 1881 Deo.
2836 1825 3207 1872 creaturarum
3253 1815 3491 1868 omnium
3520 1813 3710 1867 curuli-

432 1918 549 1971 buit
577 1918 853 1984 Origenes,
886 1922 941 1969 et
970 1914 1273 1983 quicunque
1298 1910 1369 1963 ita
1402 1910 1638 1979 sapiunt,
1668 1908 1714 1961 si
1745 1908 1857 1962 haec
1890 1908 2009 1975 opi-

435 2010 523 2062 nio
553 2022 674 2061 vera
717 2013 881 2072 esset,
932 2003 1186 2059 mundum
1232 2002 1351 2055 ideo
1382 2000 1576 2054 factum
1615 2008 1666 2052 ut
1696 1999 1885 2051 animze
1918 2012 2015 2066 pro

437 2098 644 2153 mei-itis
675 2104 1013 2165 peccatorum
1061 2106 1280 2147 suorum
1314 2103 1564 2158 tauquam
1603 2090 1866 2156 ergastula
1899 2088 2017 2157 qui-

434 2191 533 2243 b-ts
588 2187 867 2257 poenaliter
914 2183 1316 2239 includerentur
1378 2178 1615 2248 corpora
1660 2179 1968 2247 accipereut
1998 2217 2012 2240 ,

432 2279 711 2349 superiora
756 2284 810 2332 et
859 2277 1055 2331 leviora
1101 2287 1221 2344 quae
1265 2272 1466 2337 minus,
1496 2269 1746 2325 inferiora
1788 2284 1918 2322 vero
1962 2275 2018 2322 et

436 2374 676 2442 graviora
707 2385 823 2440 quae
852 2368 1080 2435 amplius
1123 2372 1512 2436 peccaverunt,
1559 2361 1862 2423 daemones,
1895 2359 2015 2429 qui-

435 2466 534 2517 bus
554 2461 787 2516 deterius
818 2458 951 2513 nihil
984 2464 1088 2521 est,
1132 2466 1342 2510 terrena
1376 2466 1622 2521 corpora,
1655 2452 1849 2521 quibus
1884 2449 2017 2505 infe-

436 2555 547 2608 rius
571 2562 624 2607 et
644 2551 857 2620 gravius
882 2548 1013 2602 nihil
1041 2556 1145 2615 est,
1178 2546 1353 2614 potius
1382 2557 1542 2613 quam
1571 2542 1815 2596 homines
1855 2540 2015 2594 etiam

438 2646 606 2695 honos
636 2639 836 2694 habere
865 2637 1137 2692 debuisse.
1168 2635 1318 2690 Nunc
1341 2648 1468 2688 vero
1507 2640 1565 2686 ut
1593 2631 2016 2700 intelligeremns

444 2735 741 2803 animarum
788 2733 978 2787 merita
1027 2745 1131 2784 non
1183 2728 1530 2799 qualitatibus
1580 2738 1865 2793 corporum
1896 2736 2018 2777 esse

439 2823 726 2894 pensanda,
774 2823 975 2878 aerium
1005 2822 1272 2891 pessimus
1297 2818 1528 2885 daemon,
1562 2816 1722 2870 homo
1752 2825 1928 2870 autem
1961 2822 2017 2870 et

438 2933 580 2973 nunc
608 2918 731 2971 licet
761 2917 955 2979 malus,
984 2913 1139 2981 longe
1167 2911 1388 2967 minoris
1419 2909 1749 2978 mitiorisque
1774 2906 2014 2973 malitiae,

436 3016 492 3062 et
512 3014 658 3062 certe
679 3014 804 3061 ante
825 3014 1124 3075 peccatum,
1146 3012 1322 3057 tamen
1346 3002 1546 3055 luteum
1570 3010 1764 3067 corpus
1784 2997 2013 3066 accepit.

437 3098 575 3167 Quid
616 3107 792 3152 autem
822 3097 1037 3150 stultius
1067 3094 1171 3149 dici
1214 3102 1391 3163 potest
1420 3106 1579 3161 quam
1612 3105 1708 3160 per
1737 3090 1895 3143 istum
1928 3102 2015 3142 so-

2120 1922 2272 1974 tore,
2307 1912 2409 1965 hoc
2453 1919 2538 1964 est
2588 1907 2655 1962 de
2706 1909 2819 1973 ipsa
2868 1916 3134 1960 rea-terna
3182 1912 3236 1958 et
3285 1902 3709 1958 incommutabili

2117 2006 2400 2067 Trinitate,
2421 2005 2487 2057 ab
2509 2005 2587 2057 eis
2611 2002 2699 2072 qui
2729 2001 2795 2054 ad
2821 2015 2912 2053 vos
2940 1999 3102 2053 libros
3127 1996 3371 2065 Origenis
3392 1997 3706 2057 attu'erant,

2119 2098 2170 2153 id
2203 2096 2458 2151 traditum
2490 2108 2609 2149 esse
2639 2103 3031 2148 commemoras
3073 2089 3216 2158 quod
3262 2089 3459 2143 veritas
3504 2086 3706 2149 habet,

2119 2198 2306 2243 contra
2372 2200 2530 2256 quam
2587 2186 2865 2239 veritatem
2922 2180 3288 2251 Priscillianus
3340 2177 3706 2234 Sabellianutu

2119 2278 2392 2347 antiquum
2422 2276 2615 2344 dogma
2636 2272 2885 2336 restituit,
2922 2270 3009 2324 ubi
3042 2270 3157 2340 ipse
3199 2269 3355 2323 Pater
3382 2268 3472 2338 qui
3504 2265 3701 2330 Filius,

2118 2369 2209 2439 qui
2254 2377 2308 2423 et
2353 2367 2586 2435 Spiritus
2615 2373 2829 2418 sanctus
2873 2354 3332 2432 perhibeturfhoc
3382 2360 3483 2416 iste
3530 2360 3706 2430 pejor,

2119 2460 2260 2531 quod
2290 2460 2449 2514 etiam
2473 2458 2541 2513 de
2563 2456 2746 2511 anima
2764 2456 2837 2511 ita
2862 2456 3046 2522 sentit,
3068 2464 3124 2507 ut
3147 2469 3250 2508 non
3282 2469 3398 2507 eam
3432 2453 3706 2523 propriam

2121 2553 2253 2607 velit
2303 2550 2501 2606 habere
2550 2558 2817 2613 naturam,
2875 2545 2970 2601 sed
3019 2545 3087 2600 de
3132 2544 3247 2612 ipso
3296 2544 3408 2599 Deo
3457 2556 3710 2613 tanquam

2124 2643 2439 2714 part'culam
2490 2640 2760 2707 deﬂuere,
2810 2647 2867 2693 et
2915 2647 3023 2691 tam
3074 2634 3389 2692 deformiter
3444 2632 3712 2702 inquinari

2120 2748 2279 2808 atque
2327 2738 2378 2791 in
2425 2733 2664 2790 deterius
2714 2729 3072 2794 commutari,
3103 2744 3224 2783 cum
3273 2726 3585 2782 Manicltmis
3618 2742 3711 2779 au-

2119 2828 2244 2883 deat
2289 2826 2595 2880 afﬁrmare:
2631 2839 2739 2878 non
2773 2836 2957 2892 parum
3000 2818 3125 2873 boni
3155 2835 3220 2872 ex
3259 2818 3415 2873 libris
3445 2818 3549 2872 illis
3581 2832 3712 2887 pro-

2120 2921 2294 2975 vincia
2324 2926 2503 2973 vestra
2534 2918 2796 2987 percepit,
2823 2914 2876 2969 in
2908 2930 2967 2969 ea
2998 2928 3058 2969 re
3085 2912 3319 2968 maxime
3348 2913 3400 2966 in
3431 2927 3530 2980 qua
3551 2910 3711 2980 capi-

2122 3012 2300 3067 taliter
2326 3018 2558 3076 crratur,
2592 3009 2661 3064 de
2695 3008 2953 3063 Creatore
2997 3007 3195 3077 quippe
3225 3020 3329 3058 non
3362 3004 3434 3058 de
3461 3010 3711 3058 creatura

2122 3121 2230 3167 tam
2275 3112 2406 3167 falsa
2448 3120 2502 3166 et
2540 3118 2649 3164 tam
2698 3106 2900 3164 nefaria
2947 3106 3271 3162 sentiuntur.
3304 3104 3433 3161 Sive
3482 3117 3619 3173 ergo
3661 3104 3712 3156 in

438 3189 546 3281 'e"!
570 3197 626 3281 Ψ
649 3187 702 3239 i"
732 3202 838 3281 “,“⁰
857 3186 1057 3281 (ΝΜΟ
1077 3201 1217 3281 9⁷³9⁵
1239 3194 1403 3251 esse“
1434 3198 1538 3236 non
1567 3182 1762 3281 decf":
1782 3179 2017 3249 pum'ri'
2044 3193 2091 3257 (ἶ
2125 3216 2260 3268 hanc
2300 3212 2458 3267 ﬁdem
2508 3211 2599 3281 qui
2638 3209 2991 3265 deviaverant
3018 3206 3252 3263 restituti
3297 3214 3441 3269 sunt,
3471 3206 3591 3258 sive
3620 3202 3715 3274 qui

438 3278 667 3342 tudinis,
694 3278 777 3332 vel
809 3277 970 3332 etiam
1014 3276 1172 3331 saluti
1212 3290 1391 3331 rerum
1434 3272 1793 3343 corporalium
1824 3286 2019 3326 consu-

439 3368 602 3421 luisse
630 3367 887 3421 artificem
916 3367 1104 3432 Deum,
1136 3365 1228 3420 sed
1270 3365 1373 3418 hoc
1396 3364 1570 3432 potius
1590 3362 1862 3427 evenisse,
1894 3360 2016 3429 quia

439 3471 544 3509 una
574 3457 752 3510 anima
783 3457 863 3511 sic
898 3464 1236 3525 peccaverat,
1261 3462 1323 3508 ut
1350 3454 1442 3507 tali
1470 3467 1697 3520 corpore
1724 3461 2020 3506 mereretur

444 3547 682 3601 includi?
731 3548 808 3600 Ac
837 3560 931 3615 per
973 3545 1073 3599 hoc
1109 3546 1154 3599 si
1201 3543 1514 3613 contigisset
1550 3552 1606 3596 ut
1637 3557 1742 3596 non
1783 3557 1885 3595 una
1925 3541 2018 3596 sed

442 3640 583 3701 duae,
614 3638 721 3691 imo
765 3652 873 3691 non
915 3638 1035 3691 dua:
1066 3636 1159 3692 sed
1190 3637 1374 3691 decem
1406 3635 1487 3689 vel
1518 3646 1732 3690 centum
1775 3633 2020 3687 similiter

440 3731 822 3809 :cqualiterqne
860 3738 1195 3800 peccassent,
1230 3738 1444 3783 centum
1486 3727 1629 3782 soles
1673 3726 1895 3780 haberet
1932 3726 2022 3778 hic

441 3822 691 3883 mundus,
716 3821 854 3889 quod
893 3829 949 3873 ut
990 3835 1095 3874 non
1121 3820 1293 3888 ﬁeret,
1335 3834 1440 3873 non
1470 3817 1676 3885 epifii-is
1715 3814 2023 3885 providouc

442 3912 667 3965 mirabili
700 3910 765 3964 ad
796 3925 973 3965 rerum
1017 3912 1377 3978 cm'poralium
1407 3902 1632 3963 saltt‘lem
1663 3907 2022 3973 dectiremqnc

441 4005 742 4059 consultum
809 4013 937 4066 est,
1009 4002 1101 4055 sed
1148 4001 1373 4071 contigit
1430 3999 1605 4070 potius
1662 4006 1805 4051 tanta
1864 3997 2025 4051 unius

441 4099 635 4150 anima:
680 4096 1055 4167 progressione
1096 4096 1367 4164 peccantis
1395 4133 1410 4158 ,
1443 4103 1499 4146 ut
1541 4092 1657 4146 sola
1686 4105 1883 4160 corpus
1915 4090 2022 4144 tale

444 4194 763 4241 mereretur.
798 4187 914 4241 Non
946 4188 1104 4256 plane
1133 4185 1432 4240 animarum
1459 4184 1525 4239 de
1556 4183 1750 4253 quibus
1776 4183 2025 4238 nesciunt

441 4280 566 4349 quid
616 4280 920 4349 loquantur,
965 4280 1059 4334 scd
1114 4294 1301 4334 eorum
1350 4278 1585 4348 ipsorum
1630 4277 1719 4346 qui
1774 4275 1893 4329 talia
1937 4290 2022 4327 sa-

442 4373 595 4437 piunt
626 4373 850 4424 multum
897 4372 1055 4441 longe
1099 4387 1125 4423 a
1170 4372 1396 4426 veritate
1432 4378 1486 4425 et
1520 4369 1711 4423 merito
1749 4376 1834 4422 est
1871 4382 2023 4422 coer-

442 4466 606 4517 cenda
640 4466 961 4534 progressio.

988 4578 1212 4635 CAPUT
1251 4578 1466 4633 XXXII.

447 4667 519 4721 De
550 4670 721 4722 eodem
754 4686 925 4723 errore
969 4679 1014 4723 et
1056 4670 1117 4722 de
1159 4670 1273 4740 igne
1301 4680 1512 4734 mtervo,
1540 4686 1603 4723 ex.
1633 4671 1762 4723 libro
1797 4669 2026 4737 Respon—

711 4740 868 4793 sionis
894 4741 960 4793 ad
986 4741 1219 4794 consulta
1250 4741 1423 4795 Orasii
1448 4741 1746 4810 presbyteri.

518 4850 695 4918 Usque
740 4848 873 4903 adeo
920 4849 1083 4918 igitur
1110 4851 1162 4903 in
1193 4866 1258 4905 eo
1287 4849 1425 4919 quod
1458 4865 1524 4902 ex
1558 4848 1728 4903 nihilo
1776 4846 1904 4901 fecit
1934 4861 2028 4901 vo-

444 4942 619 4997 Iutttas
671 4956 775 4992 non
810 4941 937 4995 nihil
970 4941 1185 5007 dicitur,
1221 4950 1278 4995 nt
1306 4944 1419 5011 ipsa
1458 4943 1724 5011 praecipue
1752 4955 2027 4995 commcn-

443 5033 617 5087 dctur.
662 5032 793 5085 Nam
825 5032 909 5085 cui
950 5032 1175 5087 dicitur:
1203 5032 1399 5088 Subest
1432 5033 1572 5087 enim
1603 5032 1695 5086 tibi
1727 5047 1847 5087 eum
1880 5033 2026 5087 voles

442 5139 621 5194 posse,
651 5124 764 5178 sive
812 5122 952 5178 adsit
991 5124 1131 5178 unde
1182 5126 1291 5188 fiat,
1328 5125 1443 5180 sive
1491 5138 1598 5177 non
1647 5122 1808 5188 adsit,
1838 5131 1920 5177 sat
1945 5132 2028 5177 est

443 5215 710 5278 voluntas,
742 5214 831 5268 ubi
863 5228 1071 5268 summa
1104 5225 1183 5268 cst
1217 5222 1473 5282 potestas.
1508 5212 1789 5278 Quomodo
1820 5227 1947 5281 ergo
1974 5212 2024 5265 in

443 5322 508 5359 ei
550 5307 693 5376 quod
732 5305 798 5359 de
840 5304 1007 5359 nihilo
1056 5314 1287 5366 creatur,
1322 5304 1568 5357 voluntas
1616 5302 1847 5356 creantis
1895 5302 2027 5356 nihil

444 5412 564 5451 esse
605 5396 947 5465 perhibetur,
994 5410 1113 5448 cum
1165 5404 1381 5463 prepter
1431 5408 1492 5446 ea
1534 5394 1600 5446 de
1645 5394 1812 5447 nihilo
1856 5392 2026 5447 creari

446 5490 644 5559 aliquid
680 5490 870 5559 possit,
896 5489 1019 5558 quia
1044 5489 1285 5541 voluntas
1308 5485 1561 5548 creantis,
1586 5486 1746 5538 etiam
1769 5487 1886 5540 sine
1914 5499 2027 5538 ma—

448 5580 600 5641 teria,
629 5580 730 5633 sibi
759 5577 993 5632 suffit-it?
1020 5576 1172 5644 Quod
1200 5576 1243 5629 si
1271 5573 1407 5630 forte
1434 5591 1539 5629 non
1570 5576 1740 5629 sotum
1771 5575 2027 5640 animam,

447 5669 538 5719 sed
568 5670 762 5722 nullam
793 5670 1011 5724 omnino
1039 5679 1340 5724 creaturam
1370 5670 1557 5722 volunt
1584 5667 1736 5721 fateri
1769 5683 1832 5721 es
1863 5668 2031 5721 nihilo

449 5757 662 5822 factam,
694 5759 811 5814 ideo
840 5760 1090 5830 quoniam
1120 5760 1376 5832 quidquid
1411 5759 1547 5816 Deus
1579 5758 1727 5826 fecit,
1753 5760 2030 5818 voluntate

2122 3318 2244 3358 eam
2265 3301 2502 3357 nondum
2532 3308 2793 3356 noverant
2809 3298 3016 3353 illarum
3047 3296 3466 3367 disputationum
3482 3294 3718 3349 lectione

2120 3396 2440 3462 didicerunt,
2474 3392 2580 3447 hoc
2624 3406 2685 3447 se
2729 3391 2995 3461 gaudeant
3025 3389 3280 3444 didicisse
3326 3386 3470 3458 quod
3512 3400 3709 3441 unum

2120 3497 2224 3542 est.
2253 3487 2407 3556 Quod
2433 3494 2613 3542 autem
2657 3493 2713 3539 et
2742 3486 2795 3539 in
2823 3484 2903 3540 eis
2939 3483 3143 3540 erroris
3182 3490 3285 3547 est,
3314 3494 3624 3549 quanquam
3654 3487 3707 3532 te

2120 3576 2559 3649 cognovissejam
2583 3574 2816 3643 videam,
2837 3581 3016 3628 tamen
3037 3569 3486 3641 quemadmodum
3512 3578 3706 3623 contra

2123 3671 2249 3725 talia
2279 3670 2601 3737 disseratur,
2630 3666 2703 3722 ibi
2734 3667 2927 3722 melius
2947 3665 3158 3720 discere
3182 3664 3405 3734 poteris,
3445 3661 3532 3716 ubi
3557 3675 3718 3715 error

2123 3763 2240 3833 ipse
2266 3771 2322 3817 et
2347 3762 2478 3817 olim
2504 3768 2722 3815 exortus
2744 3765 2846 3824 est,
2869 3765 2926 3813 et
2950 3772 3056 3812 non
3087 3755 3213 3810 olim
3240 3752 3498 3824 proditus.
3528 3751 3714 3817 Quan-

2124 3863 2234 3907 tum
2271 3865 2487 3921 possum
2519 3860 2697 3904 tamen
2725 3851 2883 3904 etiam
2915 3862 3017 3917 ego
3044 3859 3384 3909 commoneo,
3415 3852 3473 3898 ut
3503 3843 3571 3897 de
3602 3842 3717 3896 dia-

2124 3946 2231 4000 boli
2260 3945 2674 4016 angelorumque
2715 3940 2836 4011 ejus
2878 3940 3235 4004 correctione,
3262 3947 3316 3993 et
3348 3937 3399 3992 in
3430 3936 3713 4007 pristinum

2130 4049 2326 4092 statum
2361 4036 2721 4106 reparatione,
2749 4048 2942 4103 sapere
2970 4032 3102 4087 nihil
3148 4032 3346 4086 audeas
3380 4048 3396 4085 :
3429 4044 3533 4083 non
3581 4028 3710 4098 quia

2123 4130 2338 4185 diabolo
2365 4138 2422 4184 et
2446 4126 2782 4182 dannouibus
2813 4124 3135 4188 invidemus,
3166 4131 3223 4179 et
3247 4136 3314 4177 eo
3355 4119 3516 4175 modo
3557 4120 3713 4188 quasi

2125 4225 2297 4278 vicem
2347 4220 2738 4277 malevolentia:
2785 4218 3160 4289 rependimus,
3192 4230 3314 4271 cum
3366 4213 3443 4269 illi
3488 4226 3594 4266 non
3649 4212 3722 4265 ιιι»

2124 4315 2268 4369 aliud
2301 4315 2399 4369 nisi
2446 4313 2754 4370 invidentia:
2793 4310 3025 4366 stimulis
3067 4307 3251 4379 agitati
3302 4314 3483 4361 nostra
3524 4291 3718 4357 itinera

2124 4404 2315 4473 quibus
2348 4406 2398 4458 in
2432 4404 2598 4457 Deum
2630 4401 2899 4457 tendimus
2939 4399 3255 4471 perturbare
3283 4404 3583 4451 conentur.
3620 4391 3720 4445 sed

2126 4498 2246 4563 qu’a
2279 4495 2481 4549 uttitna:
2526 4495 2809 4550 sententia:
2850 4491 3044 4547 summi
3077 4500 3136 4546 et
3164 4487 3490 4545 veracissimi
3516 4485 3719 4554 judieis

2050 4568 2105 4627 Ῑ)
2126 4600 2189 4641 ex
2216 4595 2395 4640 nostra
2426 4585 2844 4656 praesumptione
2885 4584 3015 4638 nihil
3046 4582 3243 4637 addere
3275 4580 3551 4635 debemus.
3586 4576 3713 4644 Ipse

2130 4679 2277 4732 enim
2308 4692 2367 4732 se
2395 4677 2658 4731 similibus
2679 4690 2865 4731 eorum
2890 4689 3011 4730 esse
3034 4673 3299 4728 dic-turum
3326 4667 3577 4740 prmditit
3601 4684 3614 4719 :
3644 4666 3721 4719 lte

2133 4769 2184 4821 in
2216 4770 2389 4837 ignem
2415 4778 2700 4832 aeternum,
2724 4767 2809 4833 qui
2838 4774 3053 4833 paratus
3078 4773 3160 4819 est
3187 4763 3405 4818 diaboto
3429 4772 3485 4814 et
3511 4756 3721 4826 angelis

2132 4858 2283 4927 ejus;
2314 4872 2412 4914 nec
2440 4872 2657 4913 movere
2703 4857 2863 4911 debet
2890 4866 2945 4910 ut
2982 4855 3129 4927 [hoc]
3169 4853 3289 4909 loco
3329 4865 3588 4907 aeternum
3623 4861 3723 4916 pro

2132 4948 2384 5002 diuturno
2434 4947 2762 5016 accipiamus
2815 4948 2956 5015 quod
3020 4946 3148 5000 alibi
3206 4944 3469 5013 scriptum
3525 4949 3608 4995 est
3665 4937 3719 4992 in

2132 5050 2389 5095 aeternum
2428 5041 2563 5094 etin
2608 5041 2863 5095 saeculum
2906 5037 3111 5093 saeculi.
3152 5035 3373 5089 Latinus
3403 5031 3596 5101 quippe
3638 5028 3723 5083 in-

2131 5139 2339 5200 terpres
2392 5130 2559 5184 noluit
2601 5130 2782 5185 dicere
2830 5130 2883 5183 in
2935 5138 3195 5183 aeternum
3243 5134 3300 5180 et
3350 5124 3404 5178 iu
3459 5130 3720 5176 aeternum

2130 5222 2317 5277 mterui
2346 5239 2361 5276 :
2397 5221 2490 5277 sed
2522 5224 2774 5291 quoniam
2807 5221 2856 5276 id
2886 5222 3027 5291 quod
3052 5224 3179 5276 αἰὼν
3208 5219 3395 5275 Graece
3424 5216 3641 5279 dicitur,
3667 5222 3724 5266 et

2132 5314 2384 5367 saeculum
2417 5325 2470 5368 ct
2498 5322 2758 5368 aeternum
2789 5312 3129 5382 interpretari
3161 5320 3358 5379 potest,
3387 5305 3723 5364 commodius

2132 5402 2221 5455 alii
2254 5404 2576 5473 interpretes
2607 5403 2992 5458 transtulerunt
3024 5405 3077 5457 in
3108 5403 3363 5457 sacculum
3394 5409 3450 5456 et
3476 5400 3527 5454 in
3552 5410 3723 5451 saecu-

2135 5494 2240 5547 lum
2256 5495 2459 5559 saeculi,
2475 5494 2567 5549 sed
2588 5509 2691 5549 non
2716 5493 2819 5549 hoc
2839 5494 3044 5548 dictum
3068 5503 3154 5549 est
3175 5495 3264 5549 ubi
3289 5496 3490 5549 dictum
3505 5502 3614 5549 est:
3643 5487 3723 5547 lle

2137 5583 2189 5635 in
2220 5585 2392 5652 ignem
2426 5594 2709 5639 aeternum.
2742 5583 2855 5638 Non
2887 5583 3030 5637 enim
3075 5584 3276 5638 dictum
3309 5594 3393 5639 est
3421 5589 3597 5650 αἰῶνα,
3623 5583 3722 5637 sed

2136 5676 2329 5728 αἰώνιον
2354 5691 2367 5727 :
2393 5673 2533 5743 qttod
2564 5674 2610 5729 si
2641 5689 2671 5728 a
2698 5675 2895 5728 sarculo
2916 5674 3241 5729 declinatum
3270 5685 3434 5742 esset,
3466 5676 3723 5731 saeculare

2137 5763 2325 5822 Latine
2356 5766 2647 5833 diceretur,
2675 5781 2782 5822 non
2810 5772 3094 5837 aeternum,
3129 5770 3273 5839 quod
3305 5784 3462 5826 nemo
3489 5782 3724 5839 unquam
