3974 6184
296 367 387 424 693

1447 346 1877 405 TllES.\URUS.
1925 344 2079 400 CAP.
2122 342 2369 399 XXXlll.

3442 332 3548 387 €226

298 480 547 545 interpres
584 484 746 525 ausus
794 477 879 524 est
931 467 1131 522 dicere.
1167 465 1499 533 Quapropter
1530 462 1654 515 licet
1684 459 1870 514 Latine
1896 463 1944 521 Α
1974 460 2206 515 cmlestia
2256 460 2367 514 sint
2411 469 2632 523 corpora
2682 452 2950 515 videmus,
2977 448 3120 519 quod
3166 446 3398 499 animata
3443 444 3554 497 sint

297 564 536 623 naculum
576 575 696 616 cum
728 559 905 629 aliquo
936 557 1042 611 ﬁne
1072 553 1422 622 intelligatur,
1452 561 1709 605 aeternum
1738 561 1866 600 vero

299 655 393 712 nisi
414 652 465 708 id
496 650 638 720 quod
675 650 794 705 sine
824 648 928 702 ﬁne
968 656 1049 700 est
1093 660 1201 699 non
1231 643 1399 697 soleat
1431 639 1718 709 appellari;
1748 640 1869 693 αἰὼν

298 752 467 799 autem
486 740 694 805 Graece,
711 736 1001 807 aliquando
1017 744 1299 801 atternum,
1321 732 1606 800 aliquando
1620 729 1875 785 smculum

298 832 591 904 signiﬁcare
610 828 963 898 intelligatur,
990 834 1166 879 tamen
1189 822 1331 893 quod
1354 838 1416 876 cx
1439 828 1538 875 hoc
1556 820 1771 874 nomine
1785 818 1881 872 de-

300 927 500 981 rivatur
522 935 574 978 et
599 919 898 990 appellatur
917 918 1137 979 αὶὼνιον,
1152 913 1254 983 ipsi
1281 912 1476 977 Graeci,
1492 918 1745 979 quantum
1770 907 1885 962 exi-

300 1018 477 1082 stimo,
492 1028 599 1069 non
632 1012 808 1066 solent
831 1007 1133 1076 intelligere
1154 1004 1256 1059 nisi
1277 1003 1330 1059 id
1353 1002 1494 1072 quod
1522 1017 1626 1056 non
1651 999 1811 1053 habet
1833 998 1885 1051 ﬁ-

304 1121 423 1161 nem
445 1122 457 1159 :
484 1117 584 1158 nos
603 1110 778 1157 autem
802 1102 913 1153 sive
925 1100 1084 1154 αἱῶνα
1097 1097 1210 1150 sive
1226 1098 1424 1150 αἰώνιον
1443 1108 1547 1147 non
1562 1091 1795 1146 solemus
1808 1090 1886 1141 di-

305 1215 423 1255 cere
446 1196 544 1252 nisi
571 1208 857 1258 aeternum,
875 1191 968 1246 sed
981 1193 1139 1245 αἰῶνα
1152 1188 1379 1243 dicimus
1395 1195 1449 1241 et
1479 1182 1753 1246 s:1-culutn,
1769 1183 1889 1237 αἰώ-

307 1313 405 1346 νιον
417 1300 589 1344 autem
603 1303 708 1341 non
722 1284 827 1339 nisi
839 1278 1385 1346 aaternum.Quamvis
1397 1276 1609 1346 quidam
1625 1272 1889 1328 interdum

306 1385 464 1437 etiam
491 1382 599 1451 28
632 1375 884 1432 ωια-τιιειιε
907 1374 1139 1428 audeant
1161 1372 1360 1436 dicere,
1381 1383 1447 1422 ne
1466 1366 1667 1421 Latina:
1690 1365 1885 1429 lingua:

309 1477 494 1531 de~-sse
507 1474 746 1525 videatur
760 1468 827 1522 ab
842 1467 1029 1521 eodem
1052 1463 1270 1517 nomine
1292 1459 1581 1523 derivatio,
1598 1466 1651 1511 et
1669 1456 1894 1509 fortasse

313 1563 526 1631 quidem
572 1558 866 1615 secundum
919 1568 1125 1609 morem
1170 1552 1567 1621 Scripturarum
1622 1545 1895 1600 inveniant

312 1654 398 1710 isi
425 1652 620 1720 aliquid
666 1648 829 1704 etiam
860 1650 1055 1702 αἰώνιον
1082 1644 1309 1707 dictum,
1328 1639 1472 1708 quod
1505 1638 1621 1693 sine
1652 1638 1757 1692 ﬁne
1787 1650 1891 1688 non

309 1745 418 1796 sit:
454 1742 592 1796 sicut
636 1739 774 1793 Deus
804 1736 858 1791 in
889 1734 1039 1789 libris
1086 1731 1292 1787 Veteris
1326 1728 1653 1784 Testamenti
1683 1725 1896 1780 assidue

1982 568 2085 607 non
2119 548 2484 605 videmuszde
2529 544 2725 601 divinis
2769 545 2870 597 hoc
2919 541 3069 596 libris
3113 539 3320 609 legatur
3351 546 3405 590 et
3431 548 3555 588 cre-

1981 652 2159 706 dimus
2185 668 2195 700 :
2227 663 2350 703 nam
2382 644 2744 701 testimonium
2773 657 2839 697 ex
2875 638 3119 709 Apostoli
3153 635 3386 704 Epistula
3416 632 3556 702 quod

1983 743 2050 795 ab
2075 742 2152 795 eis
2184 740 2287 794 dici
2315 739 2494 792 solere
2521 736 2771 805 posuisti,
2805 734 2966 789 etiam
2997 731 3065 785 de
3095 729 3226 784 solis
3257 726 3561 781 hominibus
3636 772 3644 785 ,

1986 834 2206 904 intelligi
2241 842 2416 902 potest
2446 849 2460 898 ;
2494 831 2749 902 quoniam
2783 830 2835 883 in
2868 839 3188 894 unoquoque
3218 821 3437 885 homine
3476 830 3560 874 est

1986 926 2163 981 omnis
2184 935 2447 989 creatura,
2478 938 2584 977 non
2616 920 2992 976 universaliter
3022 916 3159 972 sicut
3181 926 3263 969 cst
3282 913 3477 969 coelum
3503 920 3562 967 et

1990 1030 2153 1085 terra,
2183 1026 2235 1073 et
2265 1016 2444 1071 omnia
2470 1030 2589 1084 quae
2614 1015 2667 1068 in
2696 1012 2774 1067 eis
2792 1021 2939 1076 sunt,
2971 1010 3065 1064 sed
3104 1008 3398 1079 generatim
3429 1018 3561 1074 quo.

1991 1110 2273 1168 dammodo
2293 1108 2443 1178 :quia
2465 1114 2520 1163 et
2542 1104 2820 1161 rationalis
2845 1104 2896 1157 in
2923 1102 3015 1155 illo
3031 1108 3135 1164 est,
3151 1114 3309 1168 quam
3332 1098 3415 1151 vel
3442 1110 3565 1164 pro-

1994 1207 2183 1259 bantur
2209 1200 2406 1255 habere
2447 1198 2621 1268 angeli
2650 1197 2731 1251 vel
2763 1195 3089 1258 creduntur,
3116 1200 3171 1245 et
3200 1199 3260 1244 ut
3288 1191 3360 1242 ita
3388 1188 3566 1241 dicam

1994 1291 2276 1358 sensualis,
2300 1304 2403 1358 qua
2451 1298 2506 1343 et
2551 1288 2737 1341 besti:e
2780 1299 2885 1339 non
2926 1292 3143 1345 carent;
3178 1286 3398 1334 tttuntur
3426 1278 3568 1331 enim

1995 1384 2242 1440 sensibus
2266 1390 2322 1438 et
2360 1378 2693 1435 sensualibus
2724 1377 2956 1431 motibus
2987 1373 3052 1428 ad
3095 1370 3390 1441 appetenda
3423 1370 3570 1425 utilia

1996 1486 2053 1531 et
2080 1473 2292 1529 vitanda
2322 1470 2589 1529 contraria
2616 1486 2629 1522 :
2653 1477 2708 1523 et
2747 1467 2923 1522 vitalis
2954 1464 3156 1535 privata
3189 1476 3369 1525 sensu,
3400 1462 3570 1530 qualis

1997 1567 2201 1623 adverti
2220 1566 2273 1620 in
2292 1564 2572 1620 arboribus
2591 1570 2784 1631 potest.
2810 1560 2941 1614 Nam
2961 1567 3011 1613 et
3032 1556 3083 1611 in
3102 1555 3261 1619 nobis
3278 1553 3392 1608 sine
3409 1566 3572 1607 sensu

2002 1670 2185 1715 nostro
2226 1659 2360 1712 ﬁunt
2385 1653 2623 1725 corporis
2653 1654 3003 1717 incrementa,
3038 1659 3090 1703 et
3120 1645 3293 1715 capilli
3326 1658 3424 1698 nec
3449 1658 3571 1698 cum

2002 1750 2363 1820 praeciduntur
2403 1744 2664 1809 sentiunt,
2695 1752 2750 1797 et
2778 1754 2955 1795 tamen
3000 1744 3271 1794 crescunt.
3303 1734 3420 1791 Jam
3447 1748 3573 1787 vero

311 1834 437 1889 δίάί
466 1848 481 1884 ³
506 1830 615 1885 "0c
643 1827 794 1883 “bis
818 1826 922 1880 em
945 1823 1236 1894 legitimum
1266 1828 1555 1884 διθηδωην
1577 1815 1718 1888 qm)“
1746 1815 1896 1913 εἶπ’
1927 1832 1971 1891 Β
2000 1815 2443 1913 ipsa'eorporalis
2462 1846 2705 1893 creatura
2734 1826 3035 1888 evidentius
3060 1836 3282 1898 apparet
3311 1828 3363 1880 in
3396 1826 3574 1888 nobis,

317 1941 413 1981 cus
461 1923 619 1978 habet
664 1924 885 1985 αἰώνιον,
916 1932 1037 1971 cum
1088 1915 1156 1970 de
1203 1913 1401 1968 talibus
1442 1906 1791 1965 sacramentis
1829 1920 1893 1960 eo

314 2016 480 2073 modo
502 2029 645 2083 saepe
674 2010 987 2083 przeciperet
1015 2022 1133 2077 qua:
1166 2006 1325 2061 ﬁnem
1368 2001 1580 2058 fuerant
1625 2000 1892 2054 habitura.

310 2112 442 2177 Qua:
463 2107 510 2162 si
532 2104 837 2176 diligentius
857 2102 1001 2157 dicta
1024 2099 1412 2169 intelligantur,
1438 2112 1502 2151 ea
1526 2096 1752 2149 fortasse
1776 2108 1897 2163 quae

313 2201 421 2255 illis
434 2197 781 2255 sacramentis
807 2193 1241 2266 signiﬁcabantur
1266 2194 1424 2247 ﬁnem
1449 2204 1552 2244 non
1578 2196 1732 2244 erant
1750 2186 1900 2241 habi-

315 2302 431 2345 tura
457 2306 475 2356 ;
501 2290 574 2344 ita
597 2288 739 2343 enim
759 2330 785 2357 ,ν
801 2302 869 2342 ne
900 2286 1110 2356 longius
1134 2285 1321 2337 abeam
1339 2323 1355 2350 ,
1386 2281 1614 2337 dicimus
1639 2289 1900 2335 aeternum

316 2382 486 2438 Deum
514 2421 527 2438 .
562 2396 670 2435 non
711 2364 892 2448 utique
938 2378 1070 2432 istas
1100 2376 1235 2430 duas
1263 2373 1607 2432 brevissimas
1645 2373 1902 2443 syllabas,

315 2476 413 2531 sed
442 2473 586 2545 quod
612 2474 699 2529 eis
722 2473 1065 2543 signiﬁcatur.
1096 2471 1159 2526 Et
1187 2471 1321 2526 dixit
1346 2468 1633 2540 Apostolus
1664 2478 1904 2537 tempora

316 2577 519 2624 aeterna
545 2607 561 2631 ,
594 2569 770 2637 priora
814 2575 873 2621 et
919 2566 1137 2635 antiqua
1162 2603 1178 2630 ,
1217 2564 1363 2634 quod
1394 2566 1442 2617 in
1475 2563 1668 2619 Graeco
1716 2561 1907 2631 legitur

320 2673 423 2730 pro
452 2660 654 2733 χρόνων
693 2660 922 2712 αἰωνίων.
969 2657 1050 2711 Ad
1100 2657 1282 2711 Titum
1335 2655 1488 2711 enim
1520 2652 1762 2708 scribens
1789 2652 1861 2705 ait
1891 2668 1905 2703 :

320 2754 490 2823 Spem
518 2752 643 2805 vita:
671 2759 888 2805 internae
914 2764 1071 2817 quam
1099 2746 1351 2818 promisit
1374 2761 1481 2801 non
1509 2744 1738 2801 mendax
1768 2742 1906 2799 Deus

322 2853 453 2899 ante
476 2852 715 2911 tempora
744 2850 966 2895 aterna.
985 2839 1117 2895 Cum
1143 2848 1323 2893 autem
1344 2846 1641 2893 retrorsum
1671 2843 1909 2904 tempora

323 2950 353 2987 a
385 2932 770 2988 constitutione
793 2930 978 2986 mundi
1002 2931 1201 2986 habere
1216 2928 1494 2984 videantur
1520 2927 1757 2991 initium,
1779 2940 1911 2996 quo-

325 3025 499 3081 modo
521 3035 644 3080 sunt
673 3031 903 3087 aeterna,
947 3021 1046 3076 nisi
1086 3021 1206 3089 quia
1237 3031 1436 3075 attenta
1464 3019 1621 3083 dixit,
1646 3032 1764 3087 qua:
1790 3024 1914 3071 ante

325 3132 390 3172 se
422 3131 528 3171 non
560 3116 758 3169 habent
789 3113 955 3169 ullum
986 3112 1244 3180 tempus?
1277 3110 1382 3168 Sed
1412 3109 1651 3180 quisquis
1682 3107 1912 3179 pruden-

1995 1949 2113 2004 quae
2128 1932 2253 1989 licet
2270 1940 2486 1987 exterra
2506 1929 2645 1983 facta
2665 1936 2824 1995 atque
2842 1926 3065 1978 formata
3084 1924 3176 1987 sit,
3192 1921 3371 1974 insunt
3395 1930 3575 1973 tamen

1997 2027 2072 2082 illi
2093 2041 2159 2081 ex
2189 2023 2440 2080 omnibus
2471 2020 2631 2091 hujus
2654 2019 2898 2089 corporei
2925 2016 3105 2071 mundi
3129 2014 3414 2071 elementis
3433 2028 3577 2080 qure-

1998 2118 2119 2173 datn
2134 2114 2407 2186 particula:
2417 2112 2483 2168 ad
2500 2110 2815 2181 temperiem
2830 2106 3149 2162 valetudinis
3162 2106 3311 2175 (nam
3324 2113 3377 2158 et
3396 2118 3458 2157 ca
3468 2106 3579 2156 lore

2000 2208 2240 2263 membra
2268 2213 2580 2275 vegetamur
2603 2201 2693 2270 qui
2725 2208 2808 2256 est
2832 2198 2900 2252 ab
2932 2198 3087 2268 igne,
3115 2194 3267 2264 cujus
3297 2196 3457 2250 ctiam
3491 2194 3579 2248 lus

2002 2312 2095 2368 per
2131 2296 2333 2351 oculos
2347 2294 2577 2358 emicat,
2607 2300 2661 2346 et
2688 2305 2813 2345 aere
2858 2302 3114 2344 venarum
3146 2286 3419 2341 discursus
3448 2299 3583 2353 quas

2002 2388 2226 2444 arterias
2267 2397 2460 2442 vocant
2498 2397 2658 2454 atque
2700 2380 3028 2452 spiramenta
3058 2377 3325 2447 pulmonis
3354 2376 3585 2444 implen«

2004 2490 2112 2549 tur,
2137 2489 2193 2535 et
2228 2477 2419 2533 humor
2445 2475 2549 2531 nisi
2590 2481 2754 2539 esset,
2783 2471 2928 2527 nulla
2964 2476 3302 2539 sputatnenta
3349 2465 3587 2522 conﬂue—

2007 2580 2166 2640 rent,
2215 2572 2487 2639 vitamque
2538 2567 2847 2622 absumeret
2895 2563 3146 2627 siccitas,
3194 2576 3317 2615 nam
3368 2568 3423 2615 et
3472 2559 3587 2628 ipse

2008 2663 2228 2733 sanguis
2257 2660 2479 2717 humido
2507 2659 2662 2731 lapsu
2680 2657 2815 2712 alias
2834 2670 2998 2711 venas
3025 2654 3262 2723 replens,
3279 2651 3430 2721 quasi
3461 2650 3591 2705 rivis

2009 2767 2063 2811 et
2091 2753 2419 2817 ﬂuminibus.
2451 2765 2547 2821 per
2575 2758 2768 2807 cuncta
2797 2745 3155 2817 diﬁ‘unditur);
3181 2745 3250 2800 ita
3284 2744 3484 2797 nullum
3507 2750 3593 2795 est

2011 2852 2271 2901 creaturas
2299 2857 2466 2913 genus
2494 2840 2637 2911 quod
2669 2854 2775 2894 non
2810 2840 2863 2893 in
2896 2835 3116 2891 homine
3142 2835 3313 2905 possit
3345 2832 3592 2903 agnosci.

2015 2942 2095 2995 Ac
2123 2939 2203 2994 sic
2231 2937 2406 2992 omnis
2451 2943 2697 2989 creatura
2738 2932 2791 2986 in
2837 2944 2902 2985 eo
2941 2928 3294 3000 congemiscit
3334 2935 3389 2982 et
3429 2925 3595 2989 dolet,

2016 3032 2399 3087 revelationem
2429 3029 2660 3083 ﬁliorum
2706 3026 2801 3080 Dei
2829 3032 3176 3094 exspectans,
3202 3035 3325 3092 qua:
3354 3033 3449 3090 per
3475 3032 3597 3072 cor-

2018 3124 2166 3197 poris
2210 3122 2371 3179 etiam
2407 3118 2897 3184 resurrectionem,
2948 3114 3050 3171 etsi
3094 3128 3200 3168 non
3251 3113 3305 3167 in
3352 3110 3601 3166 omnibus

327 3220 419 3264 ter
441 3207 668 3263 adverti:
689 3205 832 3276 quod
862 3204 1067 3260 dictum
1098 3212 1199 3268 est,
1225 3202 1299 3259 Ite
1342 3203 1395 3257 in
1424 3201 1599 3272 ignem
1629 3210 1911 3268 azternnm,

2023 3216 2329 3274 hominibus
2347 3255 2365 3281 ,
2392 3212 2772 3268 omnistamen
2803 3224 2833 3264 a
2862 3206 3222 3276 corruptionis
3250 3202 3506 3258 servitute
3535 3198 3603 3255 li-

331 3300 468 3357 illud
495 3315 619 3357 esse
646 3300 847 3354 dictum
878 3295 1016 3367 quod
1048 3310 1155 3350 non
1183 3296 1343 3351 habet
1373 3294 1556 3361 them,
1585 3307 1617 3348 a
1646 3294 1917 3349 contrario

332 3392 531 3461 probat
556 3406 623 3447 eo
651 3392 766 3461 ipso
794 3391 911 3444 loco
938 3386 1252 3456 evangelico
1282 3386 1350 3442 de
1378 3387 1485 3441 vita
1515 3392 1735 3452 aeterna,
1759 3399 1917 3455 quam

330 3485 463 3556 justi
492 3484 761 3550 accepturi
789 3489 953 3548 sunt,
978 3496 1085 3534 non
1124 3479 1267 3534 enim
1297 3486 1354 3534 et
1379 3477 1493 3547 ipsa
1538 3477 1699 3533 habet
1733 3477 1917 3533 ﬁnem.

332 3579 418 3633 Ita
449 3577 591 3631 enim
640 3574 1062 3631 conclusit:Sic
1110 3573 1262 3629 ibunt
1306 3572 1384 3628 illi
1426 3572 1481 3627 in
1524 3571 1922 3627 ambustionem

332 3678 617 3733 aeternam,
645 3666 775 3736 justi
802 3675 980 3722 autem
1009 3667 1063 3720 in
1095 3665 1257 3719 vitam
1305 3673 1581 3731 aeternam,
1611 3663 1667 3718 in
1699 3672 1925 3731 utquue

332 3762 562 3818 Cumas
588 3763 783 3816 αἰώνιον
809 3758 993 3814 habet.
1042 3757 1099 3814 Si
1145 3756 1515 3813 misericordia
1548 3770 1647 3812 nos
1677 3764 1930 3826 provocat

334 3849 568 3907 credere
598 3863 703 3907 non
732 3848 964 3902 futurum
992 3846 1277 3916 impiorum
1306 3847 1425 3902 sine
1451 3846 1557 3903 ﬁne
1584 3846 1928 3916 supplicium,

335 3941 468 4012 quid
510 3940 582 3996 de
618 3940 837 4009 prazmio
875 3938 1137 4008 jttstorum
1172 3938 1424 3994 credituri
1454 3952 1672 4003 sumus,
1716 3952 1837 3993 cum
1880 3939 1935 3990 in

336 4044 573 4102 utraque
599 4038 751 4100 parte
772 4071 787 4097 ,
814 4031 1006 4087 eodem
1040 4030 1182 4096 loco,
1209 4031 1399 4086 eadem
1425 4031 1719 4096 sententia,
1744 4029 1936 4085 eodem

337 4124 512 4178 verbo
533 4121 906 4193 pronuntietur
929 4122 1237 4177 aeternitas?
1257 4122 1337 4177 An
1362 4121 1559 4175 iterum
1582 4119 1740 4176 etiam
1763 4118 1938 4189 justas

337 4229 414 4269 ex
460 4211 553 4267 illa
594 4210 1020 4267 sanctiﬁcatione
1050 4219 1105 4268 et
1135 4212 1244 4266 vita
1273 4223 1475 4267 aeterna
1509 4212 1562 4265 ln
1597 4218 1939 4280 peccatorum

344 4303 745 4360 immunditiam
788 4314 949 4374 atque
993 4303 1045 4357 in
1095 4314 1325 4360 mortem
1374 4305 1685 4374 relapsuros
1711 4319 1831 4360 esse
1860 4304 1943 4358 di—

344 4398 575 4453 cemus?
602 4398 757 4452 Absit
785 4397 885 4452 hoc
909 4413 937 4451 a
959 4396 1273 4452 Christiana:
1299 4395 1421 4452 ﬁdei
1448 4398 1695 4451 sanitate.
1719 4395 1937 4451 Utru'm-

344 4504 464 4560 que
512 4490 671 4558 igitur
715 4490 832 4544 sine
882 4488 988 4544 ﬂne
1034 4489 1234 4543 dictum
1281 4497 1364 4543 est
1405 4498 1690 4555 aeternum,
1723 4488 1825 4543 huc
1860 4496 1941 4543 est

347 4584 575 4647 ιίὧνιον,
598 4595 663 4636 ne
687 4594 807 4635 cum
835 4578 1031 4635 diaboli
1057 4593 1239 4647 poenas
1267 4578 1565 4644 doleamus,
1592 4586 1645 4634 et
1674 4578 1740 4634 de
1770 4594 1938 4649 regno

349 4671 561 4725 Christi
591 4670 913 4725 dubitemus.
938 4668 1219 4723 Postremo
1241 4670 1286 4724 si
1308 4681 1566 4725 aeternum
1589 4678 1644 4724 et
1664 4670 1940 4737 aeternale,

352 4760 465 4818 hoc
510 4773 593 4817 est
635 4764 758 4817 αἰών
797 4770 853 4816 et
893 4763 1108 4825 αἰώνιον,
1154 4760 1255 4815 sub
1300 4769 1528 4831 utroque
1568 4759 1841 4815 intellectu
1892 4761 1944 4815 itt

351 4854 655 4922 Scripturis
685 4853 810 4923 poni
841 4852 1004 4920 solet,
1036 4851 1322 4920 aliquando
1348 4852 1465 4907 sine
1495 4852 1623 4919 ﬁne,
1658 4851 1947 4921 aliquando

352 4962 482 5001 cum
514 4946 641 5009 ﬁne,
670 4943 798 5014 quid
851 4942 917 4999 de
966 4942 1074 4997 illis
1118 4942 1395 5014 propheta:
1427 4942 1607 4997 verbis
1638 4940 1947 5010 responsuri

355 5053 569 5103 sumus,
602 5036 688 5092 ubi
719 5036 976 5104 scriptum
1007 5042 1092 5089 est
1116 5050 1130 5090 :
1156 5034 1367 5090 Vermis
1394 5047 1583 5089 eorum
1616 5047 1721 5087 non
1753 5033 1948 5089 morie-

357 5140 488 5190 tur.
520 5135 576 5182 et
603 5127 742 5197 ignis
769 5140 956 5181 eorum
984 5139 1089 5179 non
1118 5124 1525 5193 exstinguetur?
1565 5123 1951 5192 qualiscunque

350 5233 524 5289 pana
551 5216 852 5286 signiﬁcata
878 5216 950 5270 sit
978 5216 1195 5270 nomine
1216 5215 1415 5270 vermis
1437 5222 1597 5283 atque
1622 5213 1778 5283 ignis,
1805 5223 1952 5269 certe

350 5310 407 5363 si
440 5324 551 5363 non
581 5311 841 5364 morietur
871 5321 971 5364 nec
997 5306 1389 5377 exstinguctur,
1414 5306 1533 5361 sine
1562 5306 1665 5361 ﬁne
1696 5306 1950 5374 przedicta

355 5411 471 5457 est.

910 5489 1134 5546 CAPUT
1174 5489 1413 5544 XXXIII.

357 5581 642 5649 Quomodo
669 5581 1023 5646 accipiendum
1045 5582 1140 5634 sit:
1161 5581 1339 5634 Omnis
1352 5588 1585 5632 (reatum
1606 5578 1889 5649 ingemiscit
1912 5587 1961 5630 et

438 5652 661 5722 parturit
705 5668 860 5721 usque
895 5652 1081 5703 adlmc.
1120 5651 1199 5705 Ea:
1226 5652 1402 5705 eodem
1438 5649 1566 5703 libro
1598 5648 1960 5717 Responsiouis

437 5725 517 5776 ad.
537 5722 778 5775 Orosium
810 5723 1176 5790 presbyterum.

445 5816 618 5873 Porro
657 5813 727 5870 de
766 5815 881 5870 sole
920 5822 973 5871 ct
1014 5814 1136 5869 luna
1181 5814 1497 5883 exterisque
1527 5813 1789 5871 sideribus
1821 5811 1961 5883 quod

2020 3312 2316 3377 berabitur,
2341 3308 2464 3379 quia
2489 3315 2544 3362 et
2564 3308 2616 3361 tn
2638 3303 2865 3374 singulis
2882 3301 3057 3356 omnis
3084 3308 3190 3361 est,
3219 3305 3274 3351 et
3293 3297 3336 3350 si
3367 3309 3475 3363 quo
3498 3294 3609 3347 alio

2024 3401 2187 3459 modo
2218 3402 2445 3466 melius,.
2462 3407 2639 3469 potest
2668 3397 2807 3452 idem
2839 3394 2993 3448 locus
3017 3390 3435 3461 apostolicarum
3463 3387 3606 3441 litte-

2026 3511 2206 3554 rarum
2237 3493 2483 3563 intelligi.
2519 3492 2634 3547 Non
2667 3498 2941 3545 tamenex
2972 3484 3162 3540 iisdem
3194 3481 3374 3537 verbis
3413 3491 3605 3533 conse—

2028 3604 2198 3662 quens
2226 3597 2310 3645 est
2338 3586 2597 3642 utsolem-
2618 3589 2674 3638 et
2706 3581 2883 3635 lunam
2914 3576 3173 3632 etsidera
3201 3570 3609 3642 congemisccre

2030 3683 2336 3747 credamus,
2364 3680 2537 3734 donec
2567 3677 2621 3731 in
2649 3672 2830 3729 saeculi
2855 3671 2959 3724 ﬁne
2988 3684 3017 3723 a
3045 3665 3409 3736 corruptionis
3435 3664 3611 3718 servi-

2034 3792 2147 3837 tute
2188 3780 2508 3834 liberentur.
2548 3776 2689 3829 Sane
2711 3769 2966 3839 quoniam
3002 3766 3110 3821 dixi
3143 3767 3210 3820 de
3238 3764 3433 3820 divinis
3462 3762 3614 3817 libris

2035 3872 2241 3939 legatur
2280 3877 2337 3922 et
2373 3864 2640 3921 credimus
2667 3879 2679 3914 :
2706 3876 2774 3916 ne
2822 3871 2874 3913 te
2918 3856 3142 3912 forsitan
3191 3854 3334 3909 fallat
3376 3852 3516 3921 quod
3547 3852 3615 3907 de

2037 3960 2173 4015 libro
2202 3955 2372 4012 sancti
2399 3954 2501 4011 Job
2527 3952 2765 4024 proferre
2804 3947 3060 4015 assolent,
3086 3945 3174 4015 qui
3205 3944 3319 3999 haec
3346 3952 3615 4004 asserunt,

2039 4059 2131 4116 ubi
2160 4059 2414 4126 scriptum
2440 4064 2556 4110 est:
2578 4050 2858 4119 Quomodo
2882 4049 2986 4104 erit
3018 4049 3180 4101 homo
3222 4045 3401 4113 justus
3428 4056 3610 4097 coram

2043 4148 2303 4206 Domino!
2350 4148 2435 4203 vel
2480 4144 2757 4215 quomodo
2792 4155 2852 4197 se
2899 4137 3176 4193 mundabit
3220 4143 3374 4188 natus
3404 4132 3472 4187 de
3500 4146 3618 4185 mu-

2042 4242 2206 4298 liere‘!
2239 4240 2285 4295 si
2317 4239 2458 4294 lunae
2486 4235 2724 4307 praecipit
2755 4244 2809 4289 et
2838 4246 2941 4287 non
2975 4230 3139 4293 lucet,
3170 4240 3271 4282 nec
3299 4225 3468 4280 stellae
3493 4232 3620 4278 sunt

2044 4336 2263 4391 mundae
2298 4341 2421 4387 ante
2466 4344 2611 4393 eum,
2652 4334 2851 4398 quanto
2897 4323 3064 4394 magis
3106 4319 3332 4391 putredo
3376 4320 3539 4373 homo
3569 4327 3622 4371 et

2047 4427 2183 4481 lilius
2215 4422 2444 4479 hominis
2473 4420 2708 4475 vermis!
2742 4418 2877 4473 llinc
2901 4415 3042 4472 enim
3074 4414 3257 4469 volunt
3288 4410 3536 4478 intelligi,
3568 4419 3624 4463 et

2044 4517 2362 4574 rationalem
2411 4512 2656 4582 spiritum
2702 4509 2900 4564 habere
2936 4505 3138 4571 stellas,
3170 4514 3225 4560 et
3255 4502 3482 4558 mandas
3513 4517 3619 4557 non

2049 4621 2172 4663 e<se
2197 4621 2226 4659 a
2256 4612 2500 4675 peccato,
2529 4599 2630 4656 sed.
2674 4599 2797 4655 ideo
2840 4600 2890 4653 in
2937 4596 3088 4653 ctelis
3118 4609 3266 4667 esse,
3293 4595 3410 4664 quia
3459 4595 3628 4664 majo-

2050 4713 2162 4753 rem
2193 4696 2275 4751 vel
2308 4693 2585 4750 meliorem
2630 4690 2805 4746 locum
2846 4689 3020 4743 minor
3063 4686 3217 4756 culpa
3250 4686 3626 4755 prorncruetit.

2050 4789 2166 4844 Non
2214 4802 2309 4859 pro
2359 4783 2673 4840 auctoritate
2701 4781 2877 4837 divina
2921 4780 3078 4835 istam
3124 4778 3445 4833 sententiam
3494 4778 3632 4832 reci-

2054 4881 2300 4951 piendam
2353 4892 2513 4934 esse:
2562 4875 2847 4931 existimo:
2878 4887 2982 4925 non
3028 4871 3169 4925 enim
3211 4885 3331 4924 eam
3379 4870 3492 4939 ipse
3532 4869 3633 4923 ,ιυιι

2057 4972 2377 5038 enuntiavit,
2405 4984 2491 5026 cut
2540 4966 2813 5037 singulare
2842 4962 3238 5034 quodammodo
3268 4959 3632 5016 tcsriznoniutn

2052 5065 2308 5120 divinitus
2352 5062 2663 5132 perhibetur
2691 5055 2832 5127 quod
2864 5071 2969 5110 non
3005 5054 3306 5123 peccaverit
3335 5052 3488 5106 labiis
3518 5051 3632 5103 suis

2053 5166 2176 5212 ante
2203 5155 2506 5218 Dominum,
2535 5150 2629 5207 sed
2658 5163 2796 5205 unus
2817 5161 2882 5204 ex
2908 5145 3025 5215 ejus
3056 5145 3242 5199 amicis
3272 5143 3360 5212 qui
3389 5138 3639 5195 consola-

2056 5259 2201 5309 tores
2226 5248 2489 5303 malorum
2520 5244 2648 5301 dicti
2676 5251 2829 5310 sunt,
2859 5254 3050 5297 omnes
3077 5247 3129 5293 et
3159 5236 3338 5290 divina
3370 5231 3636 5286 sententia

2056 5343 2351 5414 reprobati.
2394 5341 2545 5397 Sicut
2573 5348 2751 5394 autem
2777 5338 2828 5393 in
2860 5333 3148 5404 Evangelio
3175 5329 3419 5401 quamvis
3450 5340 3633 5379 verum

2060 5436 2126 5491 sit
2171 5433 2390 5489 omnino
2418 5431 2558 5502 quod
2601 5432 2745 5486 dicta
2776 5430 2903 5494 sint,
2938 5442 3041 5481 non
3093 5433 3269 5478 tamen
3315 5420 3490 5473 omnia
3521 5434 3641 5487 qua:

2062 5528 2202 5582 diota
2253 5536 2380 5581 sunt
2428 5540 2552 5580 vera
2601 5538 2721 5579 esse
2768 5521 3093 5581 creduntur,
3124 5512 3371 5583 quoniam
3415 5510 3585 5566 multa
3614 5528 3644 5566 a

2066 5625 2267 5681 Judaeis
2323 5625 2451 5679 falsa
2502 5632 2557 5679 et
2606 5622 2773 5690 impia
2818 5620 2955 5673 dicta
3001 5628 3121 5669 esse
3170 5626 3331 5668 verax
3376 5619 3645 5687 Evangehi

2068 5720 2343 5790 Scriptura
2392 5726 2638 5781 testatur,
2668 5717 2747 5768 sic
2776 5714 2828 5765 in
2876 5710 2974 5763 hoc
3019 5709 3162 5763 libro
3191 5711 3277 5765 ubi
3310 5716 3492 5767 multm
3526 5729 3645 5779 pcr-

2070 5829 2217 5872 sona:
2242 5813 2429 5869 locuta:
2454 5823 2571 5865 csse
2599 5818 2906 5879 narrantur,
2937 5825 3041 5865 non
3066 5809 3239 5864 solum
3270 5807 3396 5879 quid
3419 5807 3649 5869 dicatur,
