3956 6180
246 316 353 376 (tif)

1451 305 1880 366 TllESAUR‘US.
1920 305 2072 363 CAP.
2116 303 2332 362 XXXV.

3415 303 3519 356 (ΓΟ

246 434 389 498 eius,
434 432 702 500 quamvis
732 438 848 498 po~t
903 428 1225 496 tetigissima-
1257 435 1499 494 tempora
1521 468 1537 492 ,
1587 431 1848 495 purgatos
1873 426 1914 483 Δ
1949 419 2206 489 lapsibus.
2232 426 2322 474 aut
2343 418 2489 475 certe
2513 420 2578 474 de
2606 419 2844 475 omnium
2875 424 3053 475 rerum
3094 421 3522 488 generibusque

246 536 412 593 atque
445 524 896 592 llbemlos't'egno
927 522 1017 574 ltei
1047 521 1261 590 lucique
1301 519 1546 584 resritui;
1577 528 1632 574 et
1653 532 1856 573 rursus

244 617 711 687 poet-longissima
737 623 1192 684 tempora-omnes
1231 614 1320 682 qui
1353 614 1735 668 liberatisunt'
1770 613 1833 664 ad

243 707 362 762 haee
392 706 1271 770 mala-denuo'relabiret-reverti,
1300 717 1355 760 et
1387 705 1659 760 has-vides
1681 707 1836 757 alter-'-

243 811 443 856 nantes
473 799 867 854 beatitudinum
917 807 968 852 et
999 796 1835 853 miseria‘ru‘rn'mtion'alis-erras

244 902 384 944 tura:
400 899 622 959 semper
647 890 835 951 fuisse,
867 903 1083 955 seraper
1129 887 1279 941 fore?
1324 887 1396 942 De
1424 886 1850 955 qua'vanisslnta'

243 979 532 1048 impietate
580 981 869 1032 adversqu
903 977 1670 1046 philosophos'a'quihustista
1701 978 1838 1031 didi-

242 1071 619 1139 cit-Origenes
651 1071 705 1122 in
734 1069 885 1123 libris
914 1069 982 1122 de
1029 1069 1264 1136 Civile-te
1299 1068 1843 1140 Dei'diligentlssime

244 1159 551 1228 disputavi,
572 1175 634 1214 ac
658 1159 802 1214 idem
833 1159 888 1213 in
916 1159 1274 1215 duodecimo.-

785 1289 1030 1349 CAPUT
1077 1285 1295 1349 XX’X'V‘.

243 1407 443 1465 Contra
493 1423 580 1464 eos
633 1407 717 1477 qui
768 1405 1096 1477 reuelationis
1144 1406 1385 1477 circuitus
1413 1406 1745 1473 induxerunt,
1775 1422 1840 1460 ea:

682 1477 811 1530 libro
846 1492 915 1530 xtl
965 1480 1026 1529 de
1058 1476 1269 1530 Civitnfe
1300 1476 1416 1530 Dei.

310 1593 663 1662 Quapropter
683 1593 824 1659 quod
849 1606 947 1645 nos
978 1591 1136 1644 modo
1161 1591 1446 1660 quaerimus
1471 1598 1590 1658 post
1610 1590 1866 1659 quinque

243 1687 418 1743 millia
439 1726 456 1751 ,
490 1695 546 1741 et
573 1685 712 1756 quod
744 1684 926 1757 [quod
957 1681 1222 1754 amplius]
1254 1684 1514 1748 excurrit,
1546 1697 1837 1748 annorum,

1944 513 2192 566 oriuntur
2217 515 2378 581 atque
2399 511 2672 566 occidunt!
2700 512 2935 568 Fuerunt
2962 509 3106 568 enim
3139 510 3384 567 homines
3402 525 3527 570 ante

1944 609 2066 668 nos‘,
2098 610 2220 654 sunt
2250 609 2304 656 et
2343 602 2646 666 nubiscum,
2695 611 2854 666 erunt
2897 611 2950 657 ct
3002 611 3121 672 post
3175 615 3291 657 nos.
3346 603 3526 674 Itaque

1943 691 2254 755 animantia,
2309 692 2392 746 νει
2441 694 2680 756 arbDS'ta,
2725 689 3204 762 menstra‘qtttique
3255 696 3365 764 ipsa
3407 691 3527 764 qua:

1944 782 2528 849 in‘uslurta’nasduntur,
2543 783 2812 853 'quauivlsi
2834 783 2972 840 irier
2994 800 3052 841 se
3069 775 3446 853 'diversa'siht,
3472 799 3526 841 et

1945 874 2191 941 quadam
2215 875 2768 929 eortt’in'seme‘l'facta
2785 868 3105 943 ‘narreiitur,
3140 867 3314 932 tamen
3337 894 3526 935 secue-

1941 963 2064 1016 dum
2099 963 2150 1017 id
2182 963 2320 1032 quod
2351 965 2674 1032 generaliter
2719 959 2974 1019 miracula
3007 959 3521 1030 e't‘rtlotiStrasiiul',

1944 1056 2127 1125 utique
2155 1065 2210 1110 et
2237 1057 2338 1110 luet
2357 1063 2451 1110 unt
2477 1063 2708 1128 et-cruut
2728 1097 2741 1117 ,
2775 1072 2885 1111 n-ec-
2911 1071 3098 1112 recens
3127 1065 3181 1112 et
3209 1072 3406 1113 novum
3439 1067 3524 1109 est

1946 1157 2002 1199 ut
2032 1158 2331 1225 monstrum
2364 1147 2464 1202 sub
2487 1147 2603 1201 sole
2629 1158 2898 1204 nascatur.
2932 1148 3185 1214 Quamvis
3216 1148 3341 1225 ll:BC_
3365 1149 3524 1202 verba

1941 1219 2288 1304 quidemsic‘
2321 1239 2706 1316 intellexerint,
2759 1229 3010 1308 tanquam
3069 1241 3119 1293 in
3178 1219 3527 1308 prrcdestin'a-

1945 1330 2094 1384 tione
2119 1329 2208 1384 Dei
2231 1329 2342 1399 jaiu
2374 1331 2512 1388 facta
2541 1330 2706 1386 fuisse
2736 1331 2936 1397 omnia,
2970 1334 3184 1401 sapiens
3209 1332 3304 1388 ille
3324 1334 3523 1387 voluis-

1942 1431 2026 1474 set
2051 1420 2278 1492 intelligi
2307 1438 2318 1472 :
2352 1433 2406 1476 et
2433 1422 2552 1474 ideo
2578 1422 2709 1476 nihil
2733 1438 2929 1477 recens
2956 1437 3073 1475 esse
3096 1425 3192 1476 sub
3214 1424 3345 1478 sule.
3372 1424 3527 1478 Absit

1942 1517 2119 1566 autem
2163 1526 2190 1562 a
2240 1521 2382 1566 recta
2427 1511 2528 1566 fide
2580 1522 2636 1566 ut
2685 1513 2768 1566 his
2815 1514 3122 1568 Salomonis
3172 1515 3348 1570 νεὶ-ως
3397 1513 3521 1580 illos

1943 1600 2202 1656 circuitus
2240 1601 2567 1672 significatus
2613 1612 2733 1659 esse
2767 1604 3073 1673 ert-damus,
3104 1606 3293 1674 quibus
3317 1606 3521 1672 iHi'p'u-

1944 1701 2057 1747 tant
2097 1695 2176 1748 sic
2225 1694 2410 1748 eadem
2464 1703 2763 1764 temporum
2809 1696 3295 1766 ’teruporaliumquc
3343 1712 3519 1751 rerum

240 1776 564 1848 nossent'et
602 1776 802 1844 posteri
842 1774 1006 1830 etiam
1054 1783 1176 1844 post
1222 1787 1487 1827 annorum
1538 1771 1839 1827 sexcenties
1876 1785 2214 1847 B'volumina
2257 1786 2448 1853 repeti,
2483 1796 2537 1840 ut
2581 1784 2728 1841 verbi
2763 1787 2952 1857 gratia,
2998 1787 3132 1842 sicut
3179 1789 3278 1844 isto
3324 1781 3523 1844 Satequ

239 1869 456 1924 millies
498 1867 684 1923 eadem
727 1867 1037 1922 curiositate
1090 1865 1388 1935 requirere,
1440 1865 1484 1918 si
1543 1865 1595 1942 in
1639 1873 1840 1917 tantum

241 1961 364 2014 ba-c
423 1957 730 2013 mortalitas
774 1956 1049 2011 hominum
1099 1956 1395 2011 exoriendo
1442 1963 1498 2009 et
1521 1954 1839 2009 obcubando

240 2045 687 2123 [occumbendn],
722 2057 780 2102 et
823 2047 1070 2117 imperita
1122 2054 1492 2115 perseveraret
1535 2044 1836 2099 infirmitas.

241 2141 556 2195 Potuerunt
604 2148 660 2194 et
707 2138 798 2208 qui
852 2129 1208 2193 fueruutante
1245 2153 1342 2192 nos
1373 2138 1503 2203 ipsis
1535 2137 1839 2192 recentibus

240 2233 486 2288 hominis
539 2233 705 2288 creati
758 2231 1090 2300 temporibus
1145 2232 1300 2286 istam
1334 2231 1838 2308 movere'quaistio-

242 2342 367 2378 ueni
379 2364 396 2378 .
419 2325 432 2376 |
442 2325 540 2394 pse
554 2311 780 2392 denique
795 2324 997 2391 primus
1017 2322 1174 2376 homo
1191 2321 1272 2375 vel
1294 2331 1408 2391 post
1430 2320 1598 2390 pridie
1615 2319 1805 2391 [posui
1819 2347 1837 2360 -

242 2415 385 2487 die},
421 2410 726 2469 vel'eodem
772 2413 878 2479 die,
921 2424 1267 2482 posteaquam
1315 2411 1487 2466 factus
1533 2421 1634 2474 eSt,
1670 2408 1842 2479 potuit

239 2509 530 2578 inquirere
577 2524 674 2564 cur
703 2523 809 2564 non
841 2519 966 2562 ante
993 2508 1065 2561 sit
1094 2505 1298 2570 factus,
1336 2514 1387 2560 ct
1416 2507 1842 2584 quandocunque

238 2613 408 2656 antea
427 2596 805 2665 [.ictus'esset,
839 2614 941 2653 non
963 2599 1104 2652 vires
1126 2608 1252 2652 tunc
1272 2597 1423 2661 alias,
1447 2608 1499 2652 et
1522 2597 1652 2652 alias
1674 2613 1836 2662 nunc,

240 2694 325 2747 vel
356 2691 527 2746 etiam
564 2701 768 2759 postea,
813 2691 910 2744 ista
945 2681 1184 2745 definitio
1235 2688 1414 2746 rerum
1463 2691 1837 2759 temporalium

239 2783 634 2838 controversia
666 2782 945 2850 reperiret.
998 2781 1144 2836 llanc
1193 2792 1373 2836 autem
1426 2797 1484 2837 se
1537 2781 1839 2851 philosophi

239 2874 434 2930 mundi
467 2873 625 2942 hujus
655 2889 760 2927 non
793 2874 947 2928 aliter
974 2881 1297 2942 putaverunt
1330 2887 1490 2943 posse
1522 2871 1609 2927 vel
1638 2873 1838 2929 debere

239 2957 551 3023 dissolvere
577 3008 592 3029 ,
637 2965 740 3021 nisi
775 2963 1125 3022 ut'circuitus
1157 2976 1453 3036 temporum
1486 2966 1834 3034 inducerent,

242 3059 448 3129 quibus
475 3057 664 3112 eadem
698 3072 911 3127 semper
966 3057 1129 3113 fuisse
1179 3069 1372 3113 novata
1422 3068 1582 3128 atque
1613 3063 1839 3128 repeti=a

1947 1874 2098 1929 Plato
2125 1875 2474 1946 philosophus
2493 1876 2550 1930 in
2575 1879 2707 1931 urbe
2724 1873 3070 1943 Atheniensi,
3104 1885 3158 1932 et
3181 1879 3231 1933 in
3255 1893 3316 1933 ea
3340 1878 3520 1933 SChllll

1943 1982 2066 2038 qua:
2096 1967 2386 2024 Academia
2420 1969 2562 2024 dicta
2593 1979 2695 2036 est;
2738 1966 3033 2040 discipulos
3066 1972 3250 2026 docuit
3277 2012 3291 2038 ,
3329 1975 3398 2026 ita
3433 1990 3528 2042 per

1945 2057 2362 2117 innumerabilia
2389 2062 2773 2126 retro-sarcula,
2805 2062 3279 2133 multum-quidem.
3305 2065 3528 2132 prolixis

1944 2149 2262 2216 intervallis,
2293 2151 2389 2206 sed
2420 2159 2597 2207 tamen
2628 2153 2792 2209 certis
2813 2195 2828 2219 ,
2863 2165 2916 2210 et
2967 2155 3106 2210 idem
3148 2155 3327 2222 Plato,
3357 2167 3409 2212 et
3438 2174 3530 2211 ea-

1943 2238 2066 2294 dem
2101 2241 2316 2310 civltas,
2344 2252 2396 2297 et
2417 2243 2605 2298 eadem
2639 2238 2846 2310 schola,
2879 2246 3148 2319 iidemque
3171 2249 3412 2319 disCipnli
3444 2266 3529 2304 rc-

1946 2331 2118 2401 petiti,
2148 2341 2203 2388 et
2225 2348 2322 2401 per
2353 2334 2761 2390 innumerabilia
2791 2331 2984 2394 dei‘h‘de
3024 2340 3219 2394 saecula
3238 2342 3525 2410 repetendi

1941 2421 2068 2477 sint.
2103 2422 2277 2488 Absit,
2337 2424 2576 2495 inquam,
2610 2435 2795 2483 utnos
2847 2427 2947 2482 ista
2995 2429 3297 2484 credamus.
3348 2429 3524 2486 Semel

1942 2513 2096 2570 enim-
2118 2515 2367 2571 Christus
2396 2497 2750 2575 mortuus’est
2773 2533 2870 2588 pro
2898 2517 3129 2587 peccatis
3151 2518 3378 2584 nostris;
3409 2534 3528 2573 sur-

1942 2623 2074 2677 gens
2099 2608 2207 2677 jam
2231 2622 2338 2664 mn
2372 2609 2623 2674 moritur,
2666 2623 2814 2664 mors
2841 2608 2892 2664 ei
2925 2608 3062 2663 ultra
3094 2624 3200 2662 non
3222 2607 3526 2663 dominabi-

1946 2706 2048 2763 tur,
2075 2706 2131 2753 et
2151 2713 2248 2754 nos
2280 2709 2400 2764 post
2429 2699 2883 2754 resurrectionem
2916 2713 3130 2768 semper
3155 2712 3275 2752 cum
3301 2698 3527 2752 Doruluo

1945 2791 2182 2856 erimus;
2207 2791 2292 2846 cui
2321 2792 2482 2846 modo
2511 2793 2739 2847 dicimus
2761 2792 2901 2862 quod
2934 2805 3087 2846 sacer
3114 2790 3364 2846 admonet
3388 2790 3529 2860 psal-

1943 2897 2064 2938 mus
2089 2900 2102 2936 :
2132 2883 2234 2950 Tu,
2259 2882 2512 2950 Domine,
2533 2881 2782 2938 servabis
2807 2892 2928 2945 nos;
2979 2891 3036 2936 et
3077 2880 3346 2938 custedies
3372 2895 3468 2936 nos
3497 2895 3528 2934 a

1945 2974 2296 3044 generatione
2315 2976 2424 3028 hac
2443 2973 2496 3028 in
2520 2982 2807 3029 teternum.
2835 2972 2979 3028 Satis
3000 2980 3177 3028 autem
3201 2972 3318 3027 istis
3342 2973 3529 3028 existi-

1948 3077 2037 3117 mo
2065 3063 2356 3119 convenire
2381 3062 2528 3133 quod
2569 3063 2813 3134 sequitur
2842 3078 2858 3118 :
2893 3062 2962 3116 lu
2981 3061 3207 3117 circuitu
3235 3063 3383 3132 impii
3413 3079 3526 3117 am-

242 3153 292 3206 iu
325 3165 518 3206 rerum
549 3161 762 3216 natura,
793 3161 952 3220 atque
981 3151 1051 3203 ita
1082 3137 1335 3218 deinceps
1363 3139 1480 3204 fore
1510 3150 1630 3205 sine
1657 3163 1834 3205 cesSa-
1867 3148 1912 3210 C
1947 3154 2228 3221 bulabunt,
2274 3169 2380 3210 non
2423 3154 2545 3231 quia
2575 3169 2675 3223 per
2705 3154 2939 3209 circulos
2967 3167 3102 3223 quos
3128 3153 3413 3223 opinantur
3436 3169 3533 3208 eo-

245 3244 397 3296 tiune
443 3248 824 3296 asseverarent
853 3241 1124 3296 volumina
1168 3241 1496 3296 venientium
1537 3251 1592 3295 et
1621 3251 1839 3311 prreter-

244 3334 497 3388 euntium
534 3319 853 3386 saeculorum
873 3373 887 3396 ,
918 3331 1032 3387 sive
1060 3331 1110 3385 in
1151 3330 1352 3385 mundo
1384 3338 1730 3399 permanente
1759 3330 1844 3385 isti

245 3423 771 3488 circuitus'lierent,
825 3423 938 3478 sive
985 3422 1149 3478 certis
1209 3421 1506 3477 intervallis
1554 3422 1738 3476 oriens
1791 3429 1846 3475 et

246 3516 515 3570 occidens
556 3514 783 3568 mundus
830 3514 1015 3570 eadem
1063 3529 1297 3580 semper,
1339 3513 1493 3582 quasi
1537 3528 1673 3568 nova
1719 3527 1841 3588 qua:

249 3612 531 3658 transacta
564 3614 618 3658 et
661 3612 885 3659 ventura
934 3613 1058 3659 sunt
1080 3605 1379 3659 exhiberet.
1406 3607 1445 3657 Α
1479 3619 1586 3672 quo
1612 3589 1844 3658 ludibrio

250 3711 484 3768 prorsus
513 3697 869 3758 immortalem
896 3697 1128 3753 animam
1149 3738 1162 3763 ,
1192 3697 1353 3752 etiam
1383 3697 1505 3752 cum
1528 3695 1845 3775 sapientiam

249 3790 594 3860 perceperit,
641 3789 874 3846 liberare
925 3805 1030 3845 non
1071 3799 1318 3860 possunt,
1348 3800 1562 3847 euntem
1596 3791 1712 3847 sine
1737 3805 1848 3846 ces-

248 3881 468 3937 satione
491 3881 559 3936 ad
596 3879 782 3937 falsam
816 3882 1221 3949 beatitudinem,
1265 3890 1320 3936 et
1366 3885 1432 3936 ad
1475 3897 1654 3937 veram
1687 3888 1840 3936 mise-

253 3968 397 4028 riam
423 3972 544 4028 sine
568 3974 868 4028 cessatiOue
893 3973 1228 4029 redeuntem.
1247 3961 1528 4040 Quomodo
1550 3973 1691 4028 enim
1719 3986 1846 4028 vera

250 4065 538 4120 beatitudo
559 4073 662 4129 est,
694 4063 761 4120 de
784 4065 937 4132 cujus
973 4081 1241 4135 nunquam
1294 4066 1597 4121 arternitate
1623 4064 1848 4119 confun-

251 4158 401 4212 ditur
424 4155 921 4231 [confiditur],dum
948 4157 1122 4212 anima
1149 4166 1424 4213 venturam
1445 4157 1740 4222 miseriam,
1758 4164 1850 4210 aut.

250 4250 451 4320 imperi
481 4250 664 4306 issime
705 4250 758 4304 in
790 4251 1017 4305 veritate
1058 4249 1256 4315 nescit,
1287 4258 1376 4303 aut
1403 4246 1764 4303 inlelicissime
1794 4247 1846 4301 in

252 4341 596 4397 beatitudine
628 4342 995 4412 pertimescit?
1019 4337 1122 4396 Aut
1141 4341 1183 4395 si
1213 4340 1279 4394 ad
1313 4339 1554 4392 miserias
1579 4351 1846 4406 nunquam

251 4433 490 4488 ulterius
522 4432 760 4488 reditura
783 4473 798 4499 ,
833 4447 896 4488 ex
929 4433 1010 4486 his
1035 4431 1102 4485 ad
1134 4430 1520 4486 beatitudinem
1564 4429 1757 4500 pergit,
1793 4427 1848 4480 fit

251 4541 395 4594 ergo
424 4525 622 4594 aliquid
654 4525 780 4579 novi
808 4525 859 4579 in
893 4533 1130 4594 tempore
1158 4523 1298 4593 quod
1332 4523 1490 4576 linem
1539 4535 1645 4574 non
1691 4519 1852 4574 habet
1882 4525 2234 4584 Dhuminum
2261 4523 2381 4590 fuit,
2416 4536 2527 4577 non
2581 4520 2825 4576 mutabili
2875 4518 3149 4574 voluntate
3198 4518 3251 4571 in
3298 4525 3536 4585 tempore
3629 4534 3635 4540 ’

257 4617 546 4685 temporis.
571 4617 680 4672 Cur
702 4631 831 4688 ergo
858 4631 963 4670 non
987 4625 1042 4669 et
1071 4617 1318 4680 mundus,
1350 4630 1446 4668 cur
1473 4627 1578 4668 non
1600 4622 1652 4666 ct
1682 4612 1841 4666 homo

251 4707 440 4760 factus
469 4707 518 4760 in
544 4705 775 4772 mundo,
808 4715 862 4760 ut
895 4704 970 4758 illi
1001 4705 1186 4760 nescio
1231 4703 1321 4774 qui
1361 4703 1472 4757 falsi
1501 4701 1774 4765 circuitus,
1813 4716 1842 4753 a

249 4797 422 4854 f..lsis
449 4798 780 4868 sapientibus
813 4798 1195 4865 fallacibusque
1220 4796 1501 4865 comperti,
1524 4796 1574 4848 in
1603 4794 1843 4850 doctrina

249 4899 418 4959 sana,
452 4892 663 4946 tramite
693 4891 821 4946 recti
854 4891 1058 4946 itineris
1089 4890 1352 4946 vitentur?
1380 4879 1510 4944 Nam
1542 4891 1755 4961 quidam
1796 4901 1849 4946 et

252 4981 404 5036 illud
428 4980 568 5049 quod
598 4979 796 5050 legitur
819 4981 870 5035 in
903 4980 1041 5035 libro
1071 4980 1377 5036 Salomonis
1398 4981 1485 5050 qui
1512 4991 1731 5035 vocatur
1751 4981 1847 5036 Ec-

247 5073 574 5129 clesiastes:
607 5093 624 5124 ι
649 5072 786 5139 Quid
804 5084 883 5126 est
909 5072 1050 5141 quod
1075 5071 1204 5126 luit?
1231 5073 1402 5141 ipsum
1429 5073 1566 5140 quod
1587 5073 1716 5139 erit;
1745 5073 1852 5143 30

249 5174 313 5221 et
346 5164 476 5233 quid
505 5174 585 5220 est
619 5165 762 5234 quod
791 5164 988 5218 factum
1015 5165 1136 5219 est?
1159 5165 1332 5233 ipsum
1359 5164 1498 5234 quod
1525 5165 1644 5230 lict;
1667 5176 1720 5220 et
1746 5181 1852 5219 non

247 5266 343 5311 est
362 5269 521 5310 omne
543 5269 735 5310 recens
758 5255 858 5310 sub
880 5255 1022 5310 sole:
1047 5256 1164 5324 quis
1184 5255 1431 5322 loquatur
1448 5264 1499 5308 et
1523 5254 1691 5308 dicat:
1717 5255 1854 5310 Ecce

251 5347 369 5401 hoc
397 5363 588 5401 novum
614 5357 718 5414 est,
748 5347 858 5416 jam
881 5346 981 5407 fuit
1005 5348 1058 5402 in
1098 5349 1312 5402 saeculis
1336 5362 1454 5417 qua:
1485 5346 1698 5401 fuerunt
1727 5359 1851 5402 ante

246 5453 430 5502 1105;:
460 5447 682 5508 propter
707 5438 806 5493 hos
823 5439 1077 5493 circuitus
1103 5441 1154 5493 in
1181 5439 1367 5494 eadem
1394 5438 1679 5494 redeuntes
1707 5448 1759 5494 et
1789 5442 1842 5495 in

250 5532 453 5585 eadem
503 5541 697 5587 cuncta
747 5541 1060 5587 revocantes
1108 5534 1305 5587 dictum
1356 5533 1576 5601 intelligi
1627 5535 1841 5598 volunt,

251 5622 413 5690 quod
445 5623 535 5676 ille
586 5633 678 5677 aut
707 5624 774 5678 de
821 5620 902 5675 his
942 5623 1102 5678 rebus
1133 5624 1267 5677 dixit
1293 5623 1357 5677 de
1382 5623 1571 5692 quibus
1603 5624 1847 5692 superius

253 5712 612 5781 loquebatur.
636 5715 738 5768 hoc
767 5724 848 5768 est
875 5715 943 5770 dc
961 5717 1402 5785 generationibus
1432 5715 1550 5768 alzis
1580 5716 1848 5779 euntihu<,

253 5808 402 5863 aliis
423 5810 777 5875 venientibus,
807 5808 872 5864 de
893 5810 1020 5865 solis
1062 5809 1407 5876 anfractibus,
1436 5807 1499 5863 de
1530 5810 1845 5865 torrentium

1946 3259 2066 3300 rum
2103 3246 2210 3300 vita
2239 3251 2324 3302 est
2345 3259 2654 3310 recursura,
2686 3243 2780 3300 sed
2835 3243 2958 3314 quia
2999 3243 3160 3299 modo
3183 3242 3304 3297 talis
3331 3252 3416 3298 est
3443 3256 3531 3298 er-

1947 3337 2090 3393 roris
2114 3350 2303 3392 eorum
2333 3337 2442 3402 via,
2493 3335 2547 3392 id
2586 3344 2672 3392 est
2710 3334 2839 3390 falsa
2891 3334 3156 3391 doctrina.
3183 3332 3319 3404 Quid
3353 3342 3535 3391 autent

1947 3431 2140 3484 mirum
2163 3428 2313 3500 estsi
2341 3429 2397 3483 in
2422 3428 2506 3484 his
2537 3428 2855 3485 circuitibus
2905 3436 3166 3494 errantes,
3201 3440 3300 3482 nec
3329 3425 3529 3491 aditum

1944 3534 2044 3574 nec
2069 3519 2268 3575 exitum
2315 3519 2626 3585 inveniunt,
2679 3518 2803 3589 quia
2842 3532 3007 3589 genus
3039 3519 3328 3572 humanum
3363 3525 3530 3587 atque

1950 3609 2048 3664 ista
2107 3617 2288 3665 nostra
2337 3609 2679 3675 mortalitas,
2737 3622 2837 3665 nec
2876 3624 2980 3679 quo
3030 3608 3186 3663 initio
3229 3617 3406 3678 empta
3461 3610 3534 3661 sit

1948 3699 2148 3775 sciunt,
2179 3716 2281 3762 nec
2326 3716 2434 3772 quo
2474 3703 2579 3757 fine
2617 3701 2919 3768 claudatur,
2946 3698 3376 3770 quandoquidem
3408 3700 3530 3762 ali

1950 3791 2192 3848 tudinem
2244 3789 2342 3846 Dei
2390 3799 2674 3860 penetrare
2703 3804 2811 3847 non
2845 3799 3089 3859 possunt,
3119 3792 3240 3858 quia
3273 3803 3392 3844 cum
3421 3790 3537 3858 ipse

1947 3885 2017 3942 sit
2057 3893 2292 3940 aeternus
2330 3893 2388 3938 et
2422 3884 2538 3939 sine
2591 3883 2766 3951 initio,
2814 3883 2881 3938 ab
2929 3882 3107 3952 aliquo
3153 3891 3334 3937 tamen
3378 3881 3536 3934 initio

1951 3981 2293 4048 exorsusest.
2343 3982 2610 4043 tempora,
2664 3978 2719 4028 et
2761 3971 3031 4026 hominem
3075 3985 3232 4041 quem
3263 3983 3529 4039 nunquam

1949 4075 2106 4122 antea
2136 4066 2356 4130 fecerat,
2385 4062 2513 4120 fecit
2538 4063 2590 4118 in
2625 4072 2868 4132 tempore
2895 4103 2910 4128 ,
2944 4077 3049 4116 non
3100 4072 3275 4116 tamen
3309 4076 3446 4114 novo
3475 4073 3529 4115 et

1949 4159 2252 4230 repentino,
2285 4157 2377 4212 sed
2407 4155 2721 4211 immutabili
2753 4165 3063 4222 aeternoque
3098 4152 3324 4207 consilio
3349 4152 3372 4206 Υ
3397 4155 3530 4218 Quis

1953 4252 2090 4304 hanc
2125 4249 2300 4303 valeat
2345 4247 2684 4302 altitudinem
2716 4243 3148 4315 investigabilem
3181 4243 3530 4311 investigare,

1952 4349 2006 4394 et
2041 4338 2442 4395 inscrutabilem
2487 4335 2852 4407 persCrutari,
2900 4334 3372 4405 secundum'qnam
3397 4335 3536 4388 Deus

1955 4431 2228 4486 hominem
2281 4428 2629 4500 temporalem
2657 4468 2674 4494 ,
2715 4435 2841 4482 ante
2883 4440 3038 4496 quem
3089 4440 3245 4482 nemo
3295 4441 3528 4494 unquam

1946 4618 2208 4683 condidit,
2242 4624 2298 4672 et
2325 4620 2494 4686 genus
2538 4613 2826 4669 humanum
2869 4626 2934 4667 ex
2978 4626 3083 4665 uno
3131 4610 3529 4678 multiplicavit,

1949 4709 2381 4782 quandoquidem
2409 4707 2644 4780 psalmus
2667 4707 2803 4777 ipse,
2835 4721 2955 4762 cum
2987 4705 3332 4775 praemisisset
3365 4713 3528 4774 atque

1950 4801 2172 4855 dixisset
2194 4815 2209 4856 :
2230 4799 2330 4865 Tu,
2346 4799 2588 4863 Domine,
2605 4795 2843 4853 serrabis
2868 4810 2986 4862 nos,
3010 4803 3064 4850 et
3092 4795 3364 4850 custodies
3386 4810 3486 4850 nos
3505 4811 3535 4848 a

1952 4893 2296 4964 generatione
2344 4892 2443 4948 hac
2483 4892 2537 4947 in
2553 4902 2834 4957 aeternum,
2877 4904 2940 4946 ac
2965 4890 3161 4948 deinde
3187 4893 3539 4958 percussisset

1955 5001 2049 5040 eos
2081 4985 2134 5040 in
2166 4999 2390 5056 quorum
2441 4983 2602 5037 stulta
2642 4983 2910 5052 impieque
2937 4981 3181 5037 doctrina
3209 4981 3352 5036 nulla
3398 4981 3533 5036 libe-

1956 5077 2180 5134 rationis
2233 5085 2285 5132 et
2335 5074 2684 5130 beatitudinis
2739 5075 2934 5129 anima:
2972 5083 3216 5129 servatur
3245 5075 3454 5127 aeternit
3486 5086 3531 5136 s,

1958 5174 2215 5224 continuo
2265 5166 2558 5235 subiiciens
2583 5182 2598 5220 :
2628 5165 2685 5221 ln
2725 5167 2951 5221 circuitu
2984 5166 3131 5235 impii
3165 5163 3532 5223 ambulabunt,

1960 5270 2208 5329 tanquam
2242 5259 2292 5314 ei
2324 5260 2592 5314 diceretur
2618 5276 2631 5312 :
2663 5257 2804 5325 Quid
2832 5274 2962 5327 ergo
2995 5269 3050 5313 tu
3079 5257 3281 5321 credis,
3331 5253 3530 5313 scutis.

1961 5349 2253 5420 intelligis?
2275 5349 2652 5420 Nunquidnam
2681 5348 3092 5404 existimandum
3115 5355 3196 5400 est
3220 5343 3396 5397 subito
3421 5342 3535 5396 Deo

1954 5443 2214 5511 placuisse
2244 5441 2512 5496 hominem
2539 5440 2719 5496 lacere
2743 5453 2899 5509 quem
2933 5448 3200 5505 nunquam
3231 5441 3385 5486 antea
3414 5431 3535 5484 iuti-

1955 5537 2062 5587 nita
2094 5544 2238 5589 retro
2267 5535 2568 5588 aeternitate
2589 5531 2834 5594 fecisset,
2860 5529 2944 5582 cui
2979 5525 3106 5580 nihil
3137 5524 3268 5579 novi"
3289 5523 3535 5579 accidere

1954 5639 2167 5698 potest,
2225 5631 2276 5682 in
2325 5645 2430 5698 quo
2463 5628 2714 5682 mutabile
2765 5621 2963 5689 aliquid
3024 5635 3128 5673 non
3183 5620 3302 5676 est?
3361 5621 3538 5674 couti-

1958 5734 2064 5771 nuo
2091 5717 2390 5784 restiondit,
2423 5716 2486 5768 ad
2520 5716 2690 5783 ipsum
2738 5712 2900 5765 Deum
2937 5709 3157 5777 loquens
3185 5726 3196 5761 :
3232 5709 3536 5766 Seciinrluui

1960 5810 2295 5865 altitudinem
2331 5818 2470 5862 tuam
2514 5803 2875 5874 multiplirasti
2905 5801 3042 5857 ﬁlios
3070 5801 3366 5858 hominum.
3404 5804 3534 5859 Scu-
