3956 6180
364 316 463 373 631

1450 322 1510 375 D.
1546 318 1859 376 EUGYl’PlI
1899 319 2191 376 ABBATIS
2232 319 2555 377 AFRICANI

3526 312 3627 372 632

363 434 520 497 tiant,
541 429 739 501 inquit,
759 431 1012 490 homines
1040 433 1181 504 quod
1207 442 1414 504 putant,
1435 432 1643 503 etquod
1668 431 1745 485 eis
1774 432 1949 500 placet
1979 435 2028 492 Α
2059 434 2138 487 vel
2172 434 2481 500 minuendo,
2514 436 2695 505 utique
2725 435 2921 490 nocuit.
2957 435 3072 490 Non
3116 436 3272 506 igitur
3301 450 3424 491 esse
3461 437 3629 505 potuit

368 523 656 591 opinentur
683 533 739 578 et
765 524 1057 594 disputent,
1113 525 1408 581 Secundum
1437 522 1771 576 altitudinem
1804 534 1948 576 tuam

364 631 527 683 quam
554 618 732 670 nullus
756 617 1034 672 hominum
1060 625 1234 685 potest
1252 632 1406 670 nosse
1427 614 1789 683 multiplieasti
1814 613 1948 668 lilios

366 706 665 760 hominum.
702 707 867 761 Valde
898 707 1093 775 quippe
1116 707 1281 759 alium
1307 716 1390 759 est
1437 714 1490 759 et
1523 716 1737 772 semper
1777 703 1944 756 Deum

364 796 551 859 fuisse,
577 804 633 849 et
655 795 925 851 hominem
957 810 1117 864 quem
1145 810 1417 864 nunquam
1446 794 1643 848 fecerat
1670 809 1735 848 ex
1767 793 1948 862 aliquo

361 894 614 952 tempore
654 886 884 954 primum
912 886 1089 957 facere
1119 888 1381 954 voluisse,
1412 901 1511 943 nec
1538 886 1825 942 consilium
1853 902 1946 939 vc-

365 974 738 1045 luntatemque
775 987 1036 1033 mutasse.

897 1111 1126 1168 CAPUT
1160 1112 1407 1193 .xxxw.

358 1214 556 1295 'Coutro
581 1223 637 1276 id
667 1225 804 1295 quod
826 1224 1035 1278 dicunt:
1068 1224 1215 1279 Unde
1238 1223 1442 1280 diabolo
1468 1225 1685 1295 primum
1712 1225 1948 1278 voluntas

431 1294 591 1359 mala,
618 1310 735 1345 cum
763 1294 919 1347 bonus
943 1312 973 1346 a
1025 1296 1131 1349 Deo
1157 1309 1355 1349 creatus
1385 1294 1530 1350 esset.
1563 1295 1587 1348 Ι
1598 1308 1695 1349 tem
1721 1312 1783 1349 ex
1816 1295 1945 1347 libro

428 1378 505 1415 xu
536 1366 599 1417 de
625 1363 837 1417 Civitate
870 1364 984 1418 Dei.

440 1455 583 1508 Deus
608 1456 697 1523 qui
738 1472 949 1511 summe
985 1466 1101 1521 est,
1135 1467 1293 1527 atque
1330 1457 1400 1512 ob
1431 1457 1533 1513 hoc
1560 1459 1629 1513 ab
1671 1459 1763 1514 lllo
1808 1456 1944 1513 facta

362 1552 449 1598 est
476 1547 653 1600 omnis
685 1548 921 1602 essentia
950 1563 1069 1618 qua:
1108 1563 1215 1603 non
1245 1562 1455 1604 summe
1485 1559 1590 1616 est,
1620 1552 1742 1619 quia
1774 1563 1947 1619 neque

364 1634 439 1689 illi
465 1636 685 1705 aequalis
714 1652 831 1693 esse
862 1637 1105 1707 deberet,
1138 1654 1258 1709 quae
1288 1638 1358 1693 de
1387 1638 1557 1693 nihilo
1603 1639 1740 1693 facta
1779 1646 1943 1700 esset.

364 1738 537 1793 neque
567 1726 676 1779 ullo
708 1726 868 1782 modo
889 1742 1011 1783 esse
1044 1737 1244 1797 posset,
1269 1728 1311 1781 si
1339 1730 1406 1783 ab
1446 1729 1538 1782 illo
1565 1727 1701 1782 facta
1726 1744 1831 1781 non
1860 1743 1945 1782 es-

2048 526 2380 591 sempiterna
2424 527 2672 580 voluntas
2722 527 2857 579 mala
2897 529 2947 581 in
2990 543 3051 580 ea
3094 543 3150 581 re
3195 528 3247 580 in
3291 543 3393 597 qna
3434 526 3627 582 bonum

2049 621 2289 673 naturale
2332 628 2686 688 praecesserat
2721 621 2860 689 quod
2918 622 3056 674 mala
3101 621 3345 673 voluntas
3386 620 3627 675 nocendo

2049 724 2229 783 posset
2266 714 2524 769 adimere.
2557 714 2613 769 Si
2649 730 2776 783 ergo
2808 730 2912 767 non
2941 724 3057 768 erat
3107 715 3468 781 sempiterna.
3509 714 3625 783 quis

2047 819 2164 858 eam
2197 804 2385 859 fecerit
2426 807 2647 874 (μιαιτοῖ
2682 805 2868 860 Restat
2907 814 2964 857 ut
3007 805 3217 858 dicatur
3255 805 3397 873 quod
3443 819 3505 857 ea
3544 818 3627 859 res

2046 891 2239 948 fecerit
2268 894 2459 947 malam
2489 896 2846 956 voluntatem.
2865 895 2916 949 in
2948 911 3048 964 qua
3074 896 3214 948 nulla
3238 896 3487 948 voluntas
3508 894 3624 948 fuit.

2047 986 2174 1041 llzec
2213 995 2389 1042 utrum
2447 989 2696 1056 superior
2739 991 2811 1044 sit
2868 990 3103 1057 requiro.
3151 1005 3219 1042 an
3266 989 3509 1053 inferior,
3560 1004 3627 1042 an

2047 1079 2289 1147 :equalis,
2347 1081 2441 1135 sed
2471 1080 2517 1135 si
2557 1083 2801 1150 superior
2846 1084 3025 1148 utique
3066 1084 3257 1136 me'ior
3305 1101 3317 1134 :
3362 1082 3627 1147 quomodo

2046 1184 2177 1239 ergo
2214 1170 2433 1237 nullius,
2473 1186 2538 1226 ac
2578 1187 2683 1227 non
2726 1172 2905 1241 potius
2949 1173 3105 1226 bona:
3145 1172 3476 1226 voluntatis?
3528 1172 3629 1226 hoc

2050 1268 2192 1324 idem
2251 1269 2492 1339 profecto
2540 1278 2597 1325 et
2645 1271 2907 1340 a'qualis:
2958 1271 3064 1324 duo
3118 1272 3346 1340 quippe,
3397 1272 3629 1340 quandiu

2046 1368 2173 1413 sunt
2224 1362 2423 1428 pariter
2470 1361 2762 1417 voluntatis
2815 1363 3010 1427 bonae,
3069 1379 3172 1415 non
3213 1361 3339 1415 facit
3392 1363 3528 1416 alter
3576 1364 3628 1416 in

2047 1450 2218 1504 altero
2275 1451 2608 1507 voluntatem
2681 1452 2898 1507 malum.
2968 1452 3306 1520 Relinquitur
3369 1463 3428 1507 ut
3496 1453 3632 1506 infe-

2050 1543 2160 1596 rior
2204 1558 2311 1609 res,
2370 1545 2452 1598 cui
2502 1545 2645 1599 nulla
2698 1546 2941 1599 voluntas
2984 1552 3088 1611 est,
3140 1544 3325 1600 fecerit
3377 1545 3634 1615 angi-lica:

2048 1635 2151 1705 31
2186 1645 2389 1689 natura!
2418 1652 2536 1705 quae
2566 1637 2735 1706 prima
2770 1636 3007 1705 peccavit
3039 1636 3369 1690 voluntatem
3404 1637 3628 1689 malam.

2050 1727 2152 1780 Sed
2186 1727 2346 1781 etiam
2374 1743 2459 1783 res
2490 1729 2601 1796 ipsa
2651 1744 2983 1798 quaecunque
3012 1737 3094 1784 est
3124 1728 3345 1783 inferior
3376 1745 3541 1798 usque
3566 1730 3634 1782 ad

362 1824 466 1880 set,
506 1830 606 1871 nec
641 1816 871 1872 ullornm
912 1818 1166 1872 vitiorum
1207 1816 1505 1873 offensione
1534 1817 1944 1885 vituperandus,
1978 1812 2023 1872 Β
2054 1817 2290 1871 inﬁmam
2322 1826 2544 1885 terram,
2566 1821 2816 1888 quoniam
2844 1827 3030 1873 natura
3056 1828 3108 1872 et
3129 1822 3362 1873 essentia
3389 1828 3490 1884 est,
3523 1835 3639 1888 pro-

367 1914 414 1959 et
437 1907 676 1960 omnium
702 1916 1010 1961 naturarum
1035 1906 1473 1961 consideratione
1499 1906 1798 1961 laudandus
1826 1914 1909 1959 est
1931 1922 1945 1971 ;

367 1993 590 2060 proinde
629 2011 790 2050 causa
836 1995 1184 2051 beatitudinis
1230 1996 1542 2066 angelorum
1580 1997 1842 2051 bonorum
1883 2012 1949 2052 ea

369 2087 643 2140 verissima
684 2090 971 2156 reperitur,
1013 2089 1154 2158 quod
1204 2089 1252 2144 ei
1306 2088 1581 2144 adhmrent
1623 2089 1711 2158 qui
1742 2103 1951 2144 summe

368 2191 469 2231 est.
520 2179 653 2234 Cum
686 2196 814 2235 vero
862 2196 1023 2235 causa
1057 2183 1290 2237 miseriae
1336 2183 1593 2236 malorum
1637 2182 1947 2253 angelorum

369 2268 645 2335 quaeritur,
674 2285 735 2324 ea
755 2270 948 2325 merito
968 2271 1217 2335 occurrit,
1247 2271 1389 2340 quod
1414 2272 1481 2325 ab
1506 2271 1596 2325 illo
1616 2272 1705 2342 qui
1737 2285 1949 2325 summe

371 2369 454 2412 νει
480 2359 651 2414 aversi
690 2360 755 2414 ad
787 2362 996 2427 seipsos
1023 2364 1271 2416 conversi
1312 2370 1441 2416 sunt
1477 2362 1570 2432 qui
1605 2377 1710 2417 non
1738 2378 1951 2419 summe

372 2461 517 2513 Sunt,
551 2462 605 2506 et
631 2452 735 2507 hoc
758 2454 940 2507 vitium
972 2455 1097 2524 quid
1124 2454 1267 2509 aliud
1288 2471 1449 2525 quam
1472 2456 1720 2525 superbia
1744 2472 1953 2512 nuncu-

366 2543 561 2603 patur?
591 2543 802 2598 Initium
836 2546 1037 2615 quippe
1074 2546 1248 2600 omnis
1279 2547 1481 2615 peccati
1528 2548 1797 2616 superbia.
1838 2548 1948 2603 No-

366 2630 586 2686 luerunt
614 2649 743 2703 ergo
772 2635 837 2690 ad
871 2637 1016 2691 illum
1046 2638 1320 2694 custodire
1362 2639 1729 2696 fortitudinem
1774 2655 1948 2708 suam,

370 2736 422 2778 et
446 2727 537 2795 qui
564 2728 731 2797 magis
757 2742 959 2798 essent,
986 2731 1030 2785 si
1061 2732 1109 2785 ei
1139 2732 1228 2801 qui
1262 2746 1469 2787 summe
1490 2742 1573 2788 est
1593 2732 1949 2802 adhaererent,

372 2834 427 2871 se
457 2818 529 2871 ilti
563 2819 918 2886 prieferendo,
960 2822 1011 2875 id
1053 2822 1197 2890 quod
1235 2823 1411 2878 minus
1459 2831 1543 2879 est
1584 2824 1949 2893 praetulerunt.

374 2912 466 2965 llic
499 2914 703 2980 primus
726 2913 968 2969 defectus
989 2924 1043 2971 ει
1073 2917 1242 2985 prima
1267 2917 1468 2987 inopia,
1510 2917 1849 2989 primumque
1875 2920 1953 2974 vi-

374 3003 501 3057 tium
533 3004 648 3074 ejus
682 3014 885 3060 natura:
914 3020 1035 3075 qua:
1072 3006 1143 3060 ita
1173 3016 1348 3063 creata
1382 3016 1485 3077 est,
1521 3017 1579 3063 ut
1619 3024 1717 3063 nec
1742 3023 1953 3065 summe

372 3103 534 3159 esset,
578 3104 634 3149 ct
681 3104 856 3151 tamen
894 3097 959 3151 ad
992 3098 1373 3155 beatitudinem
1428 3100 1726 3156 habendam
1768 3117 1833 3157 eo
1859 3103 1949 3171 qui

2051 1910 2306 1965 culdubio
2329 1909 2465 1965 bona
2497 1919 2579 1965 est
2602 1950 2617 1974 ,
2649 1910 2849 1965 habens
2881 1910 3097 1964 modum
3141 1917 3194 1964 et
3224 1911 3456 1979 speciem
3482 1925 3635 1963 suam

2053 2000 2106 2053 in
2138 2012 2336 2065 genere
2362 2008 2523 2068 atque
2549 2000 2740 2054 ordine
2765 2014 2883 2054 suo.
2915 1999 3195 2067 Quomodo
3234 2015 3365 2070 ergo
3385 2015 3472 2055 res
3498 2000 3641 2057 bona

2049 2090 2286 2146 efliclens
2303 2098 2387 2146 est
2407 2091 2697 2146 voluntatis
2716 2092 2892 2146 malae?
2908 2092 3184 2158 Quomodo
3206 2108 3354 2163 ergo,
3382 2093 3633 2162 inquam,

2050 2181 2247 2236 bonum
2271 2190 2354 2237 est
2381 2197 2541 2237 causa
2569 2185 2691 2237 mali
2711 2184 2734 2236 ἲ
2756 2181 2892 2239 Cum
2924 2183 3067 2238 enim
3092 2198 3150 2237 se
3174 2184 3423 2238 voluntas
3451 2184 3646 2238 relicto

2050 2273 2328 2342 superiore
2357 2273 2423 2327 ad
2456 2274 2708 2329 inferiora
2739 2274 3038 2339 convertit,
3072 2275 3304 2329 efficitur
3339 2276 3501 2340 mala,
3534 2292 3643 2331 non

2051 2368 2173 2438 quia
2197 2367 2396 2421 malum
2425 2377 2508 2422 est
2537 2384 2644 2436 quo
2674 2383 2733 2422 se
2761 2368 3026 2423 convertit
3050 2409 3065 2434 ,
3097 2354 3190 2422 sed
3232 2368 3351 2436 quia
3386 2383 3643 2437 perversa

2051 2471 2131 2516 est
2156 2462 2270 2530 ipsa
2300 2462 2586 2515 conversio
2610 2476 2623 2513 :
2660 2460 2862 2515 idcirco
2886 2475 2990 2515 non
3023 2475 3109 2514 res
3137 2458 3358 2513 inferior
3385 2463 3645 2514 volunta-

2054 2562 2161 2607 tem
2190 2552 2380 2606 malam
2413 2552 2561 2617 facit,
2613 2552 2709 2608 sed
2756 2568 2869 2607 rem
2924 2551 3233 2607 inferiorem
3282 2570 3447 2623 prave
3477 2567 3645 2623 atque

2054 2643 2354 2699 inordinate
2368 2643 2507 2714 ipsa,
2521 2643 2645 2713 quia
2663 2643 2824 2715 [τιυιεῖ
2843 2644 2976 2698 facta
2995 2654 3099 2711 est,
3116 2646 3385 2713 appetivit.
3412 2645 3468 2700 Si
3487 2646 3640 2700 enim

2052 2738 2216 2807 aliqui
2235 2737 2361 2802 duo,
2380 2737 2655 2807 aequaliter
2674 2737 2846 2791 affecti
2870 2738 3048 2792 animo
3070 2749 3121 2793 et
3143 2753 3395 2807 corpore,
3423 2738 3645 2793 videant

2055 2829 2216 2885 unius
2246 2829 2486 2899 corporis
2538 2827 3031 2897 pulchritudinem,
3083 2844 3187 2897 qua
3213 2828 3327 2882 visa
3358 2844 3499 2883 unus
3544 2844 3645 2883 eo-

2054 2939 2176 2979 rum
2205 2922 2272 2977 ad
2300 2922 2487 2976 illicite
2507 2919 2786 2974 fruendum
2810 2930 3114 2986 moveatur,
3141 2920 3344 2975 alterin
3366 2922 3646 2975 voluntate

2058 3014 2249 3085 pudica
2281 3012 2488 3067 stabilis
2518 3021 2873 3081 perseveret,
2908 3012 3033 3079 quid
3081 3019 3329 3079 putamus
3358 3026 3480 3065 esse
3510 3026 3646 3065 can-

2058 3122 2133 3161 sa:
2164 3115 2220 3161 ut
2249 3106 2300 3158 in
2334 3104 2424 3157 illo
2450 3102 2564 3167 liat,
2594 3103 2646 3156 in
2689 3102 2783 3156 illo
2813 3116 2916 3155 non
2950 3101 3041 3154 ίὶ.ιι
3066 3101 3305 3153 voluntas
3337 3101 3499 3165 mala,
3524 3116 3649 3170 quae

373 3200 580 3242 summe
618 3196 701 3243 est
752 3190 851 3242 frui
901 3200 1101 3257 posset,
1143 3207 1172 3245 a
1214 3208 1316 3262 quo
1344 3208 1530 3248 aversa
1551 3234 1567 3259 ,
1602 3210 1708 3249 non
1738 3196 1951 3265 quidem
1979 3184 2025 3246 C
2060 3197 2203 3252 illam
2255 3211 2341 3249 res
2373 3193 2531 3265 [rem]
2564 3193 2689 3248 fecit
2720 3194 2773 3247 in
2808 3208 2913 3261 quo
2957 3192 3096 3247 facta
3126 3203 3209 3246 est
3232 3193 3257 3245 ’ἶ
3286 3192 3470 3262 Neque
3496 3195 3648 3248 enim

374 3278 542 3343 nulla,
573 3278 669 3333 sed
701 3288 876 3334 tamen
901 3281 1076 3337 minus
1104 3292 1267 3349 esset,
1297 3293 1459 3354 atque
1497 3286 1569 3340 ob
1608 3286 1709 3341 hoc
1760 3288 1955 3342 misera

375 3376 545 3425 πει-ει.
582 3373 748 3442 llnjus
774 3389 934 3442 porro
962 3376 1116 3433 mala:
1142 3378 1429 3433 voluntatis
1456 3396 1615 3435 causa
1643 3382 1881 3438 efficiens
1911 3384 1957 3439 si

376 3475 664 3532 qna-ratur,
700 3468 829 3521 nihil
860 3469 1149 3523 invenitur.
1197 3472 1333 3537 Quid
1362 3481 1447 3527 est
1484 3475 1624 3528 enim
1657 3476 1796 3544 quod
1828 3476 1958 3531 facit

379 3555 708 3612 voluntatem
738 3558 955 3625 malam,
985 3577 1105 3616 cum
1138 3565 1250 3631 ipsa
1284 3563 1444 3618 faciat
1471 3556 1605 3635 opus
1634 3568 1869 3622 malum?
1896 3584 1959 3623 ae

383 3663 477 3713 per
506 3648 608 3701 hoc
627 3650 764 3704 mala
794 3652 1042 3708 voluntas
1066 3654 1308 3709 efficiens
1330 3664 1415 3710 est
1439 3657 1617 3725 cperis
1638 3658 1784 3713 mali.
1808 3658 1958 3713 Mala:

381 3753 563 3809 auwn
593 3745 883 3800 voluntatis
913 3747 1152 3803 efficiens
1186 3750 1315 3803 nihil
1347 3759 1428 3804 est
1455 3769 1467 3802 :
1505 3753 1754 3820 quoniam
1781 3754 1823 3807 si
1873 3769 1958 3808 res

381 3835 558 3903 aliqua
590 3845 692 3899 est,
716 3846 807 3890 aut
832 3837 991 3892 habet
1020 3848 1114 3893 aut
1136 3854 1240 3894 non
1266 3840 1427 3895 habet
1453 3842 1685 3911 aliquam
1715 3844 1959 3898 volunta-

378 3937 517 3992 tem;
545 3930 588 3980 si
617 3926 803 3994 babet,
834 3939 923 3982 aut
954 3930 1146 3985 bonam
1174 3932 1412 4000 profecto
1438 3933 1595 3989 habet
1621 3944 1712 3989 aut
1734 3937 1957 3990 malam:

378 4020 423 4072 si
457 4018 676 4086 bonam,
702 4020 819 4087 quis
841 4019 912 4075 ita
941 4022 1173 4089 desipiat
1196 4033 1251 4077 ut
1271 4024 1414 4078 dicat
1436 4026 1576 4093 quod
1602 4027 1742 4081 bona
1773 4028 1960 4082 volun-

382 4118 464 4161 tas
496 4108 656 4163 faciat
686 4111 1017 4167 voluntatem
1048 4114 1286 4168 malam?
1318 4115 1435 4169 Erit
1462 4117 1602 4170 enim
1623 4157 1637 4181 ,
1666 4118 1709 4171 si
1744 4119 1812 4172 ita
1846 4128 1958 4186 est,

382 4201 521 4254 bona
559 4202 804 4258 voluntas
853 4218 1014 4260 causa
1058 4208 1281 4274 peccati,
1322 4224 1428 4278 quo
1474 4210 1759 4266 absurdius
1788 4214 1962 4282 putari

381 4292 515 4347 nihil
540 4302 744 4360 potest;
774 4295 819 4349 si
844 4307 1020 4352 autem
1046 4313 1131 4353 res
1159 4298 1261 4353 ista
1288 4315 1406 4369 qure
1430 4310 1643 4369 putatur
1668 4300 1846 4357 facere
1873 4319 1963 4358 vo-

382 4388 644 4443 luntatem
681 4390 896 4454 malam,
931 4390 1043 4460 ipsa
1073 4408 1283 4461 quoque
1307 4394 1464 4448 habet
1495 4395 1822 4450 voluntatem
1852 4411 1962 4449 ma-

382 4476 510 4541 lam,
542 4480 704 4532 etiatn
737 4494 853 4532 eam
883 4496 1000 4549 quae
1031 4480 1217 4536 fecerit
1254 4498 1337 4538 res
1375 4494 1766 4553 consequenter
1798 4485 1963 4540 inter-

2063 3285 2406 3357 pulchritudo
2430 3286 2520 3339 illa
2550 3284 2817 3354 corporis,
2849 3298 2971 3336 nam
3004 3299 3121 3337 eam
3146 3298 3249 3336 non
3277 3282 3403 3337 fecit
3436 3285 3488 3338 in
3523 3300 3647 3339 am-

2061 3382 2233 3436 bobus
2273 3376 2723 3448 (quandoquidem
2747 3376 3024 3430 amborum
3054 3391 3158 3427 non
3190 3375 3526 3444 dispariliter
3554 3392 3649 3429 oc-

2058 3468 2593 3538 eurritaspectibus).
2616 3473 2695 3520 An
2722 3482 2845 3520 caro
2872 3467 3125 3520 intuentis
3138 3481 3294 3519 causa
3307 3478 3385 3520 est
3406 3468 3651 3535 (intuen-

2062 3565 2130 3617 tis
2160 3564 2212 3616 in
2241 3576 2401 3615 causa
2431 3557 2571 3627 est]?
2598 3575 2693 3613 cur
2723 3574 2826 3612 non
2851 3567 2904 3612 et
2927 3558 3106 3611 illius?
3131 3556 3213 3610 An
3240 3572 3367 3611 vero
3396 3558 3655 3611 animus?

2060 3671 2159 3710 cur
2180 3669 2284 3708 non
2316 3650 2633 3720 utriusque?
2656 3650 2845 3705 ambos
2872 3650 3014 3703 enim
3044 3657 3099 3702 ει
3126 3649 3304 3701 animo
3334 3657 3389 3702 et
3418 3664 3657 3717 cerp-»re

2063 3747 2339 3817 :equaliter
2365 3745 2584 3798 allectos
2627 3742 2791 3797 fuisse
2825 3741 3214 3811 przcdixituus?
3246 3743 3325 3794 An
3357 3741 3601 3795 dii'eudu
3626 3760 3654 3793 ιι

2063 3850 2146 3895 εει
2186 3839 2411 3892 alterum
2463 3851 2651 3890 eorum
2689 3836 2895 3890 occulta
2946 3835 3161 3904 maligni
3196 3835 3417 3903 spithus
3458 3851 3659 3906 sugge-

2062 3924 2237 3985 stione
2264 3936 2547 3996 tentatum,
2570 3926 2719 3997 quasi
2750 3943 2855 3981 non
2884 3926 3056 3981 eidem
3088 3926 3410 3995 Sttggcslinni
3443 3936 3500 3981 et
3529 3945 3659 3993 qua-

2068 4024 2319 4093 licunque
2385 4018 2623 4075 suasioni
2683 4019 2892 4087 propria
2949 4018 3221 4072 voluntate
3270 4020 3662 4073 consenserit?

2068 4117 2217 4173 lianc
2249 4118 2407 4186 igitur
2437 4113 2846 4168 consensionem
2876 4152 2891 4176 ,
2924 4112 3059 4164 hanc
3091 4110 3282 4164 malam
3316 4127 3478 4179 quam
3514 4113 3665 4165 male

2068 4209 2312 4265 suadenti
2343 4206 2584 4261 adhibuit
2614 4206 2962 4267 vo'untatem,
2995 4219 3113 4272 qua:
3159 4204 3211 4257 in
3244 4218 3309 4257 eo
3345 4217 3434 4256 res
3467 4202 3665 4258 fecerit

2068 4300 2376 4370 quaerimus.
2412 4296 2542 4351 Nam
2569 4302 2627 4347 ut
2655 4294 2756 4347 hoc
2777 4308 2991 4362 quoque
3020 4293 3456 4361 impedimentum
3490 4294 3662 4357 absit,

2069 4407 2097 4443 a
2130 4390 2426 4458 qumstione
2466 4384 2702 4447 tollatur,
2733 4387 2775 4437 si
2810 4384 2995 4438 eadem
3027 4384 3321 4438 tentatione
3352 4384 3517 4438 ambo
3544 4394 3667 4438 ten-

2074 4496 2274 4549 tentur,
2303 4492 2357 4536 et
2378 4494 2516 4535 unus
2545 4481 2592 4534 ei
2622 4477 2779 4533 cedat
2803 4487 2960 4545 atque
2999 4477 3317 4544 consentiat,
3348 4476 3486 4530 alter
3514 4478 3667 4532 idem

384 4582 537 4636 rogo.
569 4572 742 4637 Atque
771 4578 830 4622 ut
856 4570 925 4623 sit
952 4571 1148 4639 aliquis
1178 4571 1479 4640 inquirendi
1511 4574 1719 4639 modus,
1746 4591 1961 4631 causam
1994 4567 2045 4626 D
2070 4580 2159 4651 qni
2184 4580 2349 4633 fuerat
2379 4582 2705 4645 perseveret,
2745 4570 2870 4640 quid
2900 4570 3039 4623 aliud
3073 4578 3323 4639 apparet,
3357 4568 3459 4622 nisi
3489 4586 3665 4623 unum

392 4660 576 4724 prima:
600 4663 752 4715 malae
782 4662 1073 4717 voluntatis
1102 4664 1331 4732 inquiro.
1360 4666 1473 4719 Non
1506 4678 1588 4723 est
1616 4669 1758 4722 enim
1792 4670 1963 4738 prima

387 4749 637 4803 voluntas
666 4752 826 4818 mala,
868 4770 1027 4822 quam
1080 4754 1207 4809 fecit
1249 4757 1496 4811 voluntas
1545 4759 1705 4823 mala,
1748 4760 1842 4814 sed
1876 4761 1964 4815 illa

390 4840 559 4901 prima
586 4851 668 4894 est
700 4858 858 4911 quam
893 4846 1035 4898 nulla
1067 4845 1211 4900 fecit.
1255 4847 1389 4901 Nam
1424 4849 1467 4901 si
1500 4851 1771 4917 praecessit
1804 4866 1833 4903 a
1865 4868 1965 4919 qua

392 4933 567 4997 tieret,
596 4932 682 4985 illa
712 4934 853 4999 prior
884 4947 962 4988 est
991 4952 1106 5005 qum
1138 4938 1358 4992 alteram
1407 4940 1531 4993 fecit
1558 4959 1568 4992 :
1599 4942 1643 4995 si
1676 4944 1968 5010 responde-

388 5032 479 5075 tur
503 5022 646 5091 quod
678 5038 797 5077 eam
829 5025 970 5078 nulla
1004 5042 1088 5079 res
1121 5031 1328 5095 fecerit,
1352 5041 1405 5084 et
1436 5031 1556 5085 ideo
1608 5046 1823 5102 semper
1851 5033 1968 5087 fue-

389 5117 481 5179 rit,
511 5130 698 5183 qumro
725 5125 903 5168 utruut
930 5118 980 5167 in
1014 5120 1062 5170 al
1089 5135 1188 5187 qua
1226 5131 1412 5176 natura
1443 5125 1641 5177 fuerit?
1678 5126 1720 5178 si
1751 5125 1891 5179 enim
1919 5127 1969 5179 in

390 5210 535 5263 nulla
577 5208 697 5271 fuit,
722 5209 944 5263 omnino
975 5227 1080 5263 non
1123 5213 1251 5276 fuit;
1298 5217 1339 5268 si
1373 5226 1548 5271 autem
1583 5219 1635 5271 in
1668 5219 1864 5289 aliqua,
1896 5223 1969 5274 vi-

390 5307 564 5360 tiabat
594 5323 711 5360 eam
739 5317 788 5360 et
821 5315 1462 5378 corrumpebaneratque
1493 5314 1563 5366 illi
1599 5316 1776 5377 noxia,
1799 5332 1858 5369 ac
1879 5332 1971 5381 per

390 5396 491 5453 hoc
514 5400 655 5451 bono
684 5399 949 5468 privabat,
980 5409 1032 5454 et
1065 5401 1184 5454 ideo
1212 5401 1261 5452 in
1306 5404 1438 5455 mala
1482 5414 1669 5458 natura
1722 5410 1968 5462 voluntas

391 5490 531 5541 mala
561 5504 679 5543 esse
704 5505 809 5542 non
842 5499 1072 5558 poterat,
1103 5493 1197 5544 sed
1222 5493 1272 5545 in
1305 5493 1460 5555 bona,
1495 5496 1731 5549 mutabili
1761 5509 1965 5562 tamen,

390 5578 477 5630 cui
512 5580 697 5633 vitium
730 5580 829 5633 hoc
854 5598 1047 5634 nocere
1079 5592 1292 5649 posset;
1335 5585 1379 5637 si
1421 5585 1562 5636 enim
1613 5603 1714 5640 non
1765 5590 1964 5654 nocuit,

393 5681 498 5719 neu
530 5672 712 5735 utique
737 5672 918 5724 vitium
952 5674 1067 5727 fuit.
1089 5674 1163 5727 Ac
1189 5691 1279 5742 per
1304 5676 1403 5729 hoc
1434 5694 1531 5730 nec
1557 5680 1691 5730 mala
1718 5682 1965 5735 voluntas

391 5753 555 5810 fuisse
586 5759 807 5815 dicenda
832 5772 945 5818 est:
976 5780 1135 5832 porro
1164 5768 1208 5821 si
1241 5769 1425 5823 nocuit
1448 5768 1646 5826 bonum
1675 5768 1965 5828 auleten-Jo

2075 4672 2333 4734 noluisse,
2358 4669 2581 4722 alterum
2604 4662 2839 4718 voluisse
2861 4676 2890 4715 a
2920 4667 3162 4716 castitate
3182 4661 3449 4715 deficere?
3479 4661 3670 4717 Unde?

2076 4766 2176 4818 nisi
2208 4760 2420 4831 propria
2462 4757 2737 4809 voluntate
2757 4794 2770 4815 ,
2809 4753 2897 4807 tibi
2929 4753 3114 4807 eadem
3146 4753 3315 4806 fuerat
3345 4752 3397 4805 in
3427 4763 3669 4820 utroque

2076 4854 2321 4924 Corporis
2368 4861 2421 4906 et
2457 4849 2618 4902 animi
2665 4846 2906 4910 all'ectio,
2938 4847 3215 4901 amborqu
3254 4846 3423 4899 oculis
3455 4848 3674 4915 pariter

2077 4949 2187 5001 visa
2214 4954 2297 4999 est
2340 4943 2526 4995 eadem
2560 4937 2921 5008 pulchritudo,
2953 4937 3210 4991 ambobus
3236 4935 3437 5003 pariter
3467 4936 3675 4992 institit

2078 5038 2285 5092 occulta
2314 5031 2557 5088 tentatio.
2604 5030 2879 5097 Propriam
2929 5029 3087 5097 igitur
3132 5028 3183 5082 in
3213 5043 3317 5081 uno
3345 5042 3539 5082 eorum
3575 5046 3673 5083 vo-

2078 5132 2334 5185 luntatem
2367 5125 2556 5178 malum
2588 5138 2704 5192 qua:
2738 5136 2824 5175 res
2856 5121 3039 5174 fecerit
3069 5121 3205 5174 scire
3244 5121 3581 5187 volentibus,
3626 5124 3671 5175 si

2075 5224 2213 5277 bene
2243 5221 2550 5273 intueantur
2598 5213 2725 5266 nihil
2772 5214 3049 5267 occurrit:
3093 5212 3136 5263 si
3170 5212 3313 5265 enim
3360 5214 3677 5267 dixerimus

2076 5318 2215 5384 quod
2264 5317 2375 5383 ipse
2405 5328 2522 5366 eam
2551 5309 2739 5363 fecerit
2769 5349 2783 5370 .
2814 5308 2938 5377 quid
2975 5317 3089 5361 erat
3120 5307 3232 5373 ipse
3263 5317 3387 5361 ante
3419 5309 3676 5362 voluntzi-

2076 5420 2180 5462 tem
2209 5410 2423 5471 malam,
2452 5406 2550 5458 nisi
2569 5412 2752 5455 natura
2778 5403 2939 5466 bona,
2976 5402 3128 5470 cujus
3158 5413 3344 5455 auctor
3370 5402 3511 5455 Deus
3549 5402 3676 5472 [ho-

2077 5498 2298 5569 nus‘lqni
2323 5507 2403 5551 est
2428 5495 2759 5549 immutabile
2782 5492 3262 5565 [incommutabile]
3288 5491 3526 5546 bonum?
3568 5493 3677 5559 Qui

2074 5609 2200 5659 ergo
2226 5590 2353 5643 d‘cit
2381 5606 2500 5641 eum
2525 5588 2612 5655 qui
2642 5585 2909 5638 consentit
2940 5585 3161 5638 tentanti
3199 5594 3358 5652 atque
3386 5582 3671 5647 suadenti,

2074 5684 2154 5735 cui
2177 5700 2278 5734 non
2298 5682 2559 5734 consentit
2586 5681 2742 5741 alitis,
2759 5680 2821 5732 ad
2844 5680 3025 5732 illicite
3045 5678 3295 5732 utendum
3319 5676 3543 5742 pulchro
3557 5691 3678 5728 cor-

2073 5790 2222 5845 pore,
2249 5772 2389 5844 quod
2424 5772 2643 5828 videndo
2667 5773 2925 5827 ainbobus
2950 5773 3149 5841 pariter
3176 5769 3343 5824 adfuit
3364 5765 3512 5833 (cum
3541 5776 3680 5824 ante
