3956 6180
214 287 330 343 653

1374 283 1781 340 TllES.\UllUS
1842 284 1994 339 CAP.
2040 286 2131 340 XX
2146 289 2275 344 XVI.

3416 295 3519 351 634

215 404 382 460 illam
443 403 705 459 visionem
732 418 794 458 ac
818 404 1192 464 tentationem,
1223 402 1427 456 similes
1457 401 1614 455 autbo
1645 399 1824 453 animo
1851 406 1903 463 Α
1932 413 2218 471 testatem,
2267 408 2348 462 vel
2401 408 2564 475 ipsius
2615 410 2776 463 etiam
2822 411 3133 479 pote~t:ttis,
3189 412 3284 466 scd
3331 414 3522 467 animm

215 504 275 547 et
327 510 573 561 corpore
625 494 845 561 fuerint)
887 493 1062 562 ipsum
1099 492 1201 548 sibi
1257 492 1446 545 fecisse
1498 490 1827 543 voluntatem

216 587 439 640 malam
465 627 480 651 ,
512 586 634 653 quia
673 586 856 654 utique
902 586 1070 639 bonus
1096 591 1224 653 ante
1254 583 1580 636 voluntatem
1634 582 1830 635 malam

217 676 421 743 luerit,
455 687 661 746 qtta‘rat
703 691 802 731 cur
845 692 966 732 eam
997 676 1226 742 iecerit,
1272 685 1450 730 utrum
1493 676 1614 744 quia
1647 683 1832 729 natura

217 777 331 831 est,
361 783 438 819 an
468 767 591 835 quia
620 782 690 822 ex
720 767 887 821 nihilo
914 765 1054 821 facta
1084 776 1167 821 est
1191 806 1207 828 ,
1239 772 1293 820 et
1323 766 1561 820 inveniet
1588 764 1831 818 volunta-

220 867 338 910 tem
375 857 582 911 malam
606 871 713 910 non
735 872 801 911 ex
824 871 891 910 eo
920 870 1041 911 esse
1066 855 1304 925 incipere
1332 854 1475 926 quod
1505 863 1691 908 natura
1731 861 1837 919 est,

222 948 324 1004 sed
354 964 429 1002 ex
453 963 523 1003 eo
552 948 694 1017 qttod
722 947 790 1002 de
813 945 981 1000 nihilo
1011 946 1150 1001 facta
1178 955 1366 1001 natura
1394 955 1500 1002 cst.
1529 946 1660 1000 Nam
1687 946 1730 1001 si
1753 960 1838 998 na-

226 1054 355 1099 tura
405 1057 575 1097 causa
606 1050 689 1097 cst
728 1042 1019 1096 voluntatis
1049 1041 1235 1109 malae,
1268 1040 1397 1109 quid
1424 1041 1568 1094 aliud
1602 1038 1841 1109 cogimur

228 1135 447 1198 dicere,
480 1135 586 1189 nisi
613 1150 643 1187 a
671 1134 813 1188 bono
841 1134 957 1189 ﬁeri
1000 1135 1231 1199 malum,
1262 1145 1315 1189 et
1346 1134 1544 1189 bonum
1573 1148 1692 1187 esse
1717 1147 1843 1187 cau-

228 1240 350 1280 sam
385 1227 521 1281 mali
546 1228 570 1280 ‘l
600 1225 872 1295 Siquidem
896 1242 926 1280 a
950 1234 1137 1280 natura
1165 1227 1305 1281 bona
1333 1226 1391 1280 ﬁt
1413 1226 1659 1280 voluntas
1680 1224 1839 1288 mala,

230 1321 383 1384 quod
418 1319 570 1374 unde
603 1320 719 1375 ﬁeri
748 1328 924 1388 potest
949 1326 1006 1373 ut
1031 1327 1213 1373 natura
1244 1320 1380 1373 bona
1400 1360 1417 1386 ,
1446 1319 1693 1388 quamvis
1719 1332 1839 1370 mu-

232 1411 463 1475 labilis,
494 1421 785 1480 antequam
828 1408 1027 1463 habeat
1066 1409 1396 1464 voluntatem
1437 1407 1656 1468 malam,
1689 1405 1846 1458 faciat

228 1501 447 1571 aliquid
471 1501 624 1566 mali,
654 1502 753 1555 hoc
779 1509 862 1555 est
883 1501 1052 1569 ipsam
1082 1499 1404 1554 voluntatem
1433 1498 1651 1552 malam?
1676 1496 1845 1550 Nemo

230 1594 404 1659 igitur
448 1591 1007 1661 qumratefﬁcientem
1055 1605 1273 1645 causam
1324 1591 1477 1645 male
1518 1587 1850 1645 voluntatis:

231 1700 347 1738 non
381 1683 536 1737 rnitn
582 1693 665 1739 est
695 1682 966 1747 efﬁciens,
1000 1683 1093 1738 sed
1122 1682 1409 1748 deﬁciens,
1454 1683 1580 1752 quia
1631 1696 1730 1737 nec
1757 1680 1846 1735 illa

1934 511 2184 565 perverse
2223 501 2458 554 amantis
2501 512 2821 569 potestatem
2852 519 3002 557 suam
3024 546 3037 565 ,
3067 505 3390 573 potentioris
3410 507 3524 573 jus-

1936 594 2070 646 tiore
2098 591 2346 663 [justitia]
2376 604 2708 662 contempta.
2743 597 2821 651 Ac
2851 612 2946 666 per
2998 598 3099 652 hoc
3129 597 3219 666 qui
3269 611 3527 667 perverse

1934 696 2077 739 amat
2114 686 2404 755 cujuslibet
2449 698 2650 741 natura:
2681 690 2875 743 bonum
2896 729 2911 753 ,
2940 690 3147 745 etiamsi
3175 690 3527 759 adipiscatur,

1937 777 2050 847 lpse
2082 778 2141 830 lit
2170 779 2223 830 in
2253 777 2395 831 bono
2424 779 2595 833 malus
2615 819 2631 844 ,
2675 789 2730 833 et
2779 779 2944 833 miser
2991 780 3215 835 meliore
3262 782 3521 850 privatus.

1937 869 2071 923 Cum
2096 884 2225 937 ergo
2254 871 2409 924 malae
2439 870 2726 924 voluntatis
2749 871 2989 925 efﬁciens
3018 871 3299 933 naturalis,
3332 874 3447 934 vel,
3478 870 3525 922 si

1940 961 2047 1016 dici
2079 970 2276 1030 potest,
2301 963 2603 1016 essentialis
2626 963 2773 1016 nulla
2799 963 2871 1015 sit
2894 977 3076 1027 causa,
3100 967 3167 1017 ab
3192 967 3304 1031 Ipsa
3331 969 3527 1031 quippe

1944 1050 2132 1118 incipit
2178 1051 2462 1119 spirituum
2494 1050 2826 1103 mutabilium
2858 1051 3064 1105 malutn
3088 1090 3103 1115 ,
3135 1066 3241 1118 quo
3270 1049 3526 1103 minuitur

1941 1149 2100 1209 atque
2128 1140 2449 1209 depravatur
2479 1150 2679 1195 natura:
2708 1141 2902 1195 bonum
2922 1180 2939 1205 ,
2964 1155 3062 1195 nec
3091 1142 3249 1195 talem
3277 1141 3526 1195 volunta-

1955 1241 2059 1285 tem
2093 1230 2244 1297 facit,
2270 1232 2371 1285 nisi
2396 1231 2627 1287 defectio
2652 1246 2755 1301 qua
2776 1232 3041 1285 deseritur
3072 1232 3231 1295 Deus,
3254 1230 3407 1299 cujus
3432 1230 3528 1285 de-

1945 1322 2191 1377 fectionis
2230 1324 2393 1376 etiam
2437 1337 2599 1377 causa
2641 1324 2823 1390 utique
2875 1321 3103 1377 deﬁcit:
3144 1323 3189 1375 si
3228 1321 3529 1375 dixerimus

1948 1416 2150 1469 nullam
2182 1430 2301 1469 esse
2326 1414 2653 1469 efﬁcientem
2673 1428 2886 1467 causam
2906 1453 2929 1478 ,
2947 1416 3108 1466 etiam
3135 1413 3421 1467 voluntatis
3443 1412 3530 1465 bo-

1948 1521 2056 1571 me,
2082 1504 2376 1560 cavendum
2404 1513 2488 1558 est
2516 1520 2583 1558 ne
2636 1504 2880 1558 voluntas
2908 1502 3049 1557 bona
3076 1502 3333 1557 bonorum
3364 1515 3528 1569 auge-

1952 1601 2126 1654 Ιοιιιπι
2166 1614 2271 1653 non
2306 1599 2443 1652 facta
2467 1637 2482 1659 ,
2526 1596 2618 1650 scd
2647 1596 2758 1650 Deo
2797 1602 3061 1650 coaeterna
3100 1608 3220 1647 esse
3255 1592 3525 1647 credatur.

1952 1690 2085 1745 Cum
2113 1705 2241 1759 ergo
2270 1686 2459 1761 [enim]
2491 1688 2589 1755 ipsi
2630 1688 2752 1740 iacti
2795 1686 2924 1750 sint,
2972 1685 3242 1755 quomodo
3289 1699 3393 1737 non
3445 1683 3531 1737 illa

229 1774 490 1841 effectio,
527 1774 623 1829 sed
654 1773 889 1829 defectio
921 1791 934 1826 :
967 1773 1203 1829 deﬁcere
1248 1788 1475 1843 namque
1500 1774 1567 1827 ab
1613 1786 1680 1828 eo
1707 1771 1849 1841 quod

1956 1783 2094 1838 laeta
2122 1796 2241 1836 esse
2267 1781 2459 1834 dicitur
2484 1796 2496 1831 :
2531 1792 2691 1847 porro
2716 1779 2837 1847 quia
2876 1778 3011 1832 facta
3041 1784 3157 1843 est,
3204 1786 3379 1829 utrum
3410 1789 3533 1827 cutn

233 1880 461 1920 Summe
508 1873 594 1920 est
635 1864 702 1919 ad
750 1864 802 1919 id
828 1864 968 1932 quod
998 1862 1173 1919 minus
1216 1874 1320 1928 εει.
1357 1867 1458 1919 hoc
1501 1869 1587 1920 881
1612 1862 1849 1932 ἰηοίρετθ
1953 1872 2083 1941 ipsis
2107 1870 2243 1924 facta
2273 1877 2356 1924 est
2391 1884 2460 1923 an
2489 1868 2604 1923 sine
2631 1868 2719 1922 illa
2750 1868 2965 1922 fuerunt
2994 1867 3175 1936 prius?
3202 1867 3307 1922 Sed
3335 1867 3379 1919 si
3411 1881 3533 1919 cum

238 1957 452 2011 habere
479 1956 813 2010 voluntatem
841 1956 1057 2011 malam.
1085 1954 1285 2010 Causas
1310 1970 1471 2024 porro
1493 1954 1850 2012 defectionum
1955 1961 2108 2029 ipsis,
2138 1974 2243 2014 non
2274 1957 2647 2036 dubiumquod
2673 1957 2741 2012 ab
2768 1957 2862 2011 illo
2891 1957 3024 2011 facta
3056 1957 3173 2011 sita
3196 1971 3300 2025 quo
3325 1965 3379 2011 et
3412 1956 3445 2021 it
3463 1956 3533 2021 si,

236 2047 500 2113 ίεκπυωι
532 2062 654 2101 cum
694 2045 986 2101 εῐίὶείεηιεε
1024 2061 1133 2100 non
1163 2045 1297 2107 sint.
1324 2054 1382 2101 ut
1406 2046 1514 2100 disi
1540 2089 1555 2113 ,
1593 2045 1689 2102 sed
1717 2046 1851 2102 deﬁ-
1954 2051 2219 2121 sitnuique
2248 2058 2307 2104 ttt
2338 2050 2461 2105 facti
2490 2056 2636 2112 sunt,
2652 2047 2710 2103 ei
2732 2063 2763 2102 a
2783 2062 2891 2117 quo
2912 2047 3035 2101 lacti
3056 2055 3179 2100 sunt
3205 2060 3386 2099 amore
3414 2059 3535 2099 cum

237 2141 486 2204 cientes,
512 2137 730 2193 vellein
756 2139 962 2205 venire,
991 2137 1096 2193 tale
1125 2148 1208 2194 est
1233 2152 1297 2192 ac
1318 2138 1365 2191 si
1389 2138 1669 2208 quisquam
1691 2136 1855 2191 vellet
1954 2158 2062 2213 quo
2087 2143 2210 2197 tacti
2250 2151 2374 2195 sunt
2412 2139 2540 2211 [quo
2583 2138 2706 2193 iacti
2756 2137 2902 2210 sunt]
2946 2138 3318 2200 adhzcserunt,
3366 2151 3537 2205 eoque

238 2234 435 2288 videre
482 2231 739 2288 tenebras
787 2231 871 2285 vel
922 2229 1107 2285 audire
1153 2229 1448 2295 silentium,
1494 2230 1637 2298 quod
1668 2238 1847 2284 tamen
1954 2243 2080 2290 sunt
2124 2234 2213 2288 isti
2243 2234 2311 2287 ab
2342 2232 2558 2287 illorum
2588 2231 2842 2286 societate
2889 2230 3127 2293 discreti,
3157 2229 3299 2297 quod
3351 2229 3432 2283 illi
3483 2229 3537 2283 is.

239 2331 543 2391 utrutnque
573 2320 727 2376 "ObiS
751 2330 933 2374 ηοιιιω
959 2330 1064 2375 εεῐο
1092 2318 1279 2388 Neque
1320 2318 1449 2373 illud
1475 2319 1579 2373 υἱεῖ
1604 2334 1700 2388 Per
1725 2333 1854 2373 οθιι-
1955 2326 2144 2383 eadem
2172 2324 2310 2379 bona
2340 2322 2611 2377 voluntate
2633 2330 2972 2386 manserunt,
2996 2322 3080 2375 isti
3107 2320 3173 2375 ab
3194 2335 3255 2375 ea
3286 2320 3537 2375 deﬁcien-

242 2414 351 2475 los,
377 2428 562 2481 neque
594 2412 696 2465 hoc
720 2411 820 2464 nisi
850 2424 945 2479 per
963 2424 1141 2476 aures,
1169 2425 1272 2465 non
1301 2424 1435 2465 sane
1457 2409 1509 2463 in
1531 2408 1731 2479 Specie,
1756 2409 1853 2464 sed
1955 2415 2025 2470 do
2058 2414 2243 2469 mutati
2289 2423 2442 2481 sunt,
2477 2412 2612 2466 mala
2663 2411 2868 2467 scilicet
2911 2411 3185 2466 voluntate
3208 2452 3223 2475 ,
3279 2412 3379 2465 huc
3425 2411 3538 2480 ipso

242 2505 299 2559 in
329 2502 542 2572 speciei
575 2501 903 2571 privatione.
926 2501 1093 2556 Nemo
1121 2516 1250 2571 ergo
1272 2516 1334 2555 ex
1361 2516 1447 2557 me
1474 2500 1616 2556 scire
1647 2508 1856 2569 qumrat
1956 2506 2098 2576 quod
2130 2520 2159 2559 a
2207 2504 2344 2559 bona
2374 2504 2719 2567 defecerunt,
2746 2517 2774 2555 a
2804 2517 2906 2572 qua
2934 2516 3038 2555 non
3069 2500 3408 2564 defecissent.
3439 2500 3538 2556 nisi

242 2593 393 2664 (ιιιοά
443 2608 536 2647 ωε
583 2591 795 2646 ηεδεξτθ
839 2592 974 2659 δαίθ’
1025 2590 1127 2645 “Si
1168 2591 1305 2646 ίοΐιθ
1346 2599 1404 2646 ιιι
1434 2591 1646 2646 ηθεοίτθ
1685 2590 1857 2644 discat
1958 2598 2140 2665 utique
2170 2596 2479 2651 voluissent.
2504 2595 2558 2649 Si
2590 2602 2766 2648 autem
2796 2593 2917 2647 boui
2948 2591 3122 2661 angeli
3150 2591 3361 2645 fuerunt
3391 2590 3537 2659 prius

244 2686 394 2756 quod
422 2684 572 2740 scire
604 2700 711 2737 non
740 2698 898 2753 posse
925 2683 1206 2737 sciendum
1254 2692 1355 2738 est.
1390 2683 1464 2736 Ea
1510 2681 1706 2751 quippe
1733 2696 1857 2749 quae
1957 2688 2071 2740 sine
2099 2686 2372 2739 voluntate
2395 2686 2553 2750 bona,
2585 2682 2934 2751 eamdemque
2961 2683 3012 2735 in
3045 2695 3102 2735 se
3129 2680 3258 2750 ipsis
3299 2680 3405 2733 Deo
3433 2695 3537 2733 non

247 2793 360 2831 non
389 2776 447 2830 in
481 2775 691 2843 specie,
723 2773 819 2829 sed
843 2772 897 2828 iu
919 2774 1037 2842 ejus
1059 2773 1359 2843 privatione
1383 2773 1643 2839 sciuntur,
1673 2771 1720 2825 si
1748 2770 1856 2825 dici
1958 2783 2212 2844 operante
2243 2776 2487 2827 l'eccrunt
2512 2812 2526 2837 ,
2557 2787 2684 2840 ergo
2708 2770 2961 2826 meliores
2988 2785 3017 2822 a
3046 2783 3105 2824 se
3135 2768 3263 2839 ipsis
3287 2784 3443 2838 quam
3472 2768 3538 2824 ab

246 2878 344 2922 aut
370 2866 608 2936 intelligi
633 2875 828 2937 potest,
853 2865 1248 2934 quodammodo
1270 2864 1559 2919 nesciendo
1584 2864 1850 2926 sciuntur.
1957 2868 2052 2924 illo
2082 2867 2202 2923 lacti
2231 2866 2395 2922 sunt?
2422 2866 2595 2920 Absit.
2619 2865 2755 2932 Quid
2778 2864 2917 2918 enim
2948 2873 3098 2919 erant
3129 2863 3246 2918 sine
3278 2864 3417 2918 bona
3443 2880 3539 2918 vo-

248 2973 304 3017 ut
332 2960 566 3017 sciendo
593 2960 921 3014 nesciantur.
967 2958 1101 3014 Cum
1140 2959 1284 3014 enim
1328 2959 1472 3013 acies
1511 2958 1671 3013 etiam
1715 2955 1856 3011 oculi
1956 2962 2179 3024 luntate.
2205 2962 2304 3015 nisi
2329 2959 2489 3015 mali?
2517 2959 2622 3014 Aut
2643 2958 2688 3012 si
2711 2968 2991 3027 propterea
3015 2971 3119 3012 non
3144 2958 3267 3011 mali
3297 2958 3417 3027 quia
3436 2974 3537 3013 nec

249 3054 562 3125 corporalis
594 3052 763 3107 currit
790 3066 883 3122 per
912 3053 1117 3120 Species
1140 3050 1469 3121 corporales.
1492 3063 1749 3118 nusquam
1775 3056 1857 3103 ιθ·
1959 3057 2099 3112 mali
2130 3057 2375 3109 voluntas
2421 3053 2500 3108 eis
2545 3053 2719 3107 inerat
2748 3054 2943 3120 (neque
2986 3052 3129 3107 enim
3170 3052 3239 3107 ab
3282 3067 3343 3107 ea
3384 3068 3540 3122 quam

251 3146 456 3200 nebras
498 3144 665 3208 videt,
698 3143 800 3197 nisi
824 3141 913 3197 ubi
944 3142 1163 3210 imperii
1199 3158 1303 3196 non
1324 3142 1509 3196 videre
1540 3158 1553 3193 ε
1584 3141 1657 3193 ita
1687 3138 1848 3195 etiam
1880 3126 1925 3189 Ο
1955 3147 2188 3203 nondum
2221 3154 2495 3214 cameram
2523 3144 2719 3199 habere
2746 3141 3101 3211 defecerant),
3129 3152 3274 3197 certe
3300 3144 3536 3199 nondum

252 3255 359 3293 non
380 3232 456 3293 ad
484 3238 715 3306 aliquem
734 3237 898 3291 alium
921 3250 1161 3299 sensum,
1180 3235 1275 3289 sed
1298 3235 1363 3289 ad
1386 3234 1531 3288 solas
1548 3247 1708 3287 aures
1740 3245 1855 3299 per-

255 3328 394 3385 tinet
420 3345 532 3383 non
555 3328 621 3382 ad
646 3327 845 3383 sentire
858 3326 1150 3392 silentium,
1167 3326 1307 3394 quod
1332 3334 1508 3379 tamen
1529 3322 1677 3376 ttullo
1694 3321 1855 3375 modo

254 3422 356 3477 nisi
394 3437 508 3477 non
540 3418 808 3475 audiendo
836 3419 1063 3473 sentitur
1092 3434 1106 3482 ;
1139 3417 1220 3471 sic
1250 3415 1462 3485 species
1491 3412 1853 3482 intelligibiles

255 3528 419 3568 mens
446 3510 663 3581 quidem
695 3519 873 3564 nostra
904 3507 1254 3578 intelligendo
1281 3507 1578 3575 conspicit,
1623 3504 1719 3559 sed
1762 3503 1855 3558 ubi

256 3602 524 3657 deﬁciunt
548 3600 839 3655 nesciendo
860 3599 1144 3663 condiscit,
1165 3598 1365 3652 Delicta
1389 3597 1532 3651 enim
1557 3596 1677 3665 quis
1700 3594 1857 3649 intel-

257 3697 375 3764 iigit
390 3695 415 3746 τ
441 3694 551 3748 Ιιοιο
573 3693 706 3758 scio,
727 3700 966 3746 naturam
985 3691 1102 3756 Dei,
1119 3706 1411 3759 nunquam,
1439 3702 1721 3756 nusquam,
1738 3686 1857 3741 nul-

258 3787 306 3840 la
338 3804 413 3840 ex
456 3796 607 3855 parte
638 3799 796 3853 posse
826 3784 1079 3852 deﬁcere,
1114 3793 1168 3839 et
1196 3798 1257 3837 ea
1289 3796 1445 3850 posse
1468 3780 1699 3835 deﬁcere
1738 3794 1858 3849 qua:

259 3894 323 3931 ex
358 3876 536 3929 nihilo
570 3874 708 3929 facta
739 3884 883 3940 sunt,
915 3889 1034 3944 qua:
1063 3882 1239 3928 tamen
1274 3871 1490 3941 quando
1520 3870 1687 3939 magis
1708 3876 1854 3936 sunt,

260 3981 313 4023 et
336 3970 483 4023 bona
510 3968 727 4031 faciunt,
760 3974 884 4022 tunc
912 3968 1054 4022 enim
1081 3966 1277 4035 aiiquid
1302 3965 1501 4019 faciunt
1531 3960 1695 4035 [cum]
1728 3975 1856 4015 caus

261 4077 349 4114 sas
404 4060 606 4113 habent
658 4057 978 4121 efﬁcientes,
1025 4056 1077 4110 in
1110 4065 1368 4126 quantum
1397 4065 1575 4109 autem
1607 4052 1862 4107 deﬁciunt

261 4162 314 4208 et
337 4170 412 4208 ex
462 4154 562 4207 hoc
591 4152 726 4205 mala
767 4151 968 4205 faciunt
997 4149 1147 4220 (quid
1188 4148 1331 4204 enim
1361 4156 1486 4202 tunc
1527 4147 1727 4201 faciunt
1756 4145 1857 4199 nisi

262 4244 495 4307 vat-ai),
538 4257 732 4297 causas
768 4241 967 4296 habent
991 4240 1325 4295 deﬁcientes.
1358 4238 1596 4308 Itemque
1639 4238 1774 4301 scio,
1804 4236 1856 4292 in

268 4353 387 4405 quo
420 4336 475 4389 ﬁt
509 4336 642 4389 mala
671 4335 938 4401 voluntas,
974 4334 1024 4388 id
1055 4333 1106 4387 itt
1149 4348 1215 4388 eo
1249 4333 1361 4387 ﬁeri
1399 4331 1562 4401 quod,
1592 4332 1637 4385 si
1668 4330 1857 4399 nollet,

266 4442 383 4480 non
416 4426 593 4489 ﬁeret,
625 4432 681 4478 et
723 4424 842 4479 ideo
891 4438 994 4477 non
1026 4425 1360 4478 necessarios
1389 4423 1483 4478 sed
1528 4422 1860 4476 voluntarios

1958 3241 2115 3307 tales,
2149 3238 2383 3292 nondum
2418 3247 2524 3291 tam
2554 3237 2679 3291 boni
2701 3252 2859 3306 quam
2887 3250 3006 3291 esse
3035 3250 3154 3291 cum
3184 3237 3319 3290 bona
3346 3238 3539 3292 volun-

1958 3341 2068 3386 tate
2093 3341 2393 3399 ctnpt-runt.
2438 3331 2544 3384 Aut
2571 3331 2614 3383 si
2645 3345 2752 3383 non
2783 3338 3070 3397 potuerunt
3115 3330 3322 3398 seipsos
3365 3330 3541 3385 facere

1956 3423 2207 3477 meliores
2230 3437 2390 3490 quam
2436 3435 2530 3475 eus
2584 3420 2671 3474 ille
2722 3419 2923 3474 fecerat
2968 3425 3099 3488 (quo
3144 3434 3305 3474 nemo
3349 3420 3543 3475 melius

1958 3512 2244 3582 quidquam
2278 3510 2445 3579 facit),
2483 3509 2722 3578 profecto
2752 3518 2807 3564 et
2834 3509 3030 3564 bonam
3065 3510 3410 3576 voluntatem,
3441 3526 3543 3580 qua

1960 3605 2209 3660 meliores
2258 3610 2442 3658 essent
2466 3643 2480 3666 ,
2513 3600 2616 3655 nisi
2650 3610 2905 3670 operante
2934 3600 3201 3668 adiutorio
3248 3601 3541 3666 Creatoris,

1960 3696 2158 3749 habere
2189 3710 2295 3748 non
2326 3702 2564 3763 possent.
2595 3692 2809 3747 Et-cum
2856 3693 2905 3746 id
2949 3693 3058 3761 egit
3086 3707 3271 3746 eorum
3300 3692 3545 3747 voluntas

1959 3786 2120 3848 bona,
2150 3796 2205 3839 ut
2232 3802 2337 3839 non
2363 3786 2427 3838 ad
2458 3785 2664 3850 seipsos
2682 3783 2767 3851 qtti
2790 3783 2965 3836 minus
2992 3790 3165 3847 erant,
3190 3782 3282 3836 sed
3304 3781 3370 3837 ad
3393 3782 3543 3837 illum

1959 3879 2046 3948 qtti
2086 3893 2295 3931 suntme
2334 3886 2416 3930 est
2461 3883 2940 3937 converterentur,
2987 3873 3147 3942 eique
3207 3872 3543 3929 adhaerentes

1961 3967 2128 4036 magis
2175 3975 2380 4032 essent,
2425 3964 2644 4033 ejuSque
2675 3963 3080 4032 participatione
3105 3962 3377 4031 sapienter
3409 3962 3541 4017 bea-

1961 4068 2120 4128 teque
2140 4057 2399 4123 Vth‘l‘t'lIl,
2426 4057 2549 4125 quid
2580 4055 2722 4109 aliud
2746 4054 3064 4120 ostenditur,
3093 4056 3199 4125 32
3228 4054 3326 4108 nisi
3354 4054 3544 4109 volun-

1963 4161 2124 4205 tatem
2152 4149 2346 4203 bonam
2374 4188 2391 4213 ,
2421 4146 2721 4216 quamlibet
2750 4145 2941 4199 bonam
2965 4189 2980 4212 ,
3014 4145 3224 4213 inapem
3264 4145 3457 4212 luisse,
3490 4146 3541 4200 in

1961 4242 2076 4294 solo
2098 4238 2366 4293 desiderio
2394 4250 2761 4292 rctnansuram
2784 4274 2799 4300 ,
2831 4234 2931 4288 nisi
2963 4234 3055 4289 ille
3080 4235 3167 4303 qui
3217 4233 3409 4287 bonam
3442 4249 3539 4287 na-

1962 4340 2132 4387 turam
2162 4345 2230 4385 ex
2264 4328 2430 4383 nihilo
2452 4327 2535 4382 sui
2557 4340 2809 4395 capacem
2835 4324 3056 4391 fecerat,
3087 4340 3153 4379 ex
3183 4324 3363 4394 seipso
3394 4308 3539 4379 lace-

1962 4434 2066 4491 ret,
2099 4422 2366 4492 implcndo
2394 4419 2672 4475 meliorem
2696 4417 2845 4486 prius
2874 4416 3073 4471 faciens
3089 4457 3105 4481 ,
3129 4415 3412 4471 excitando
3433 4416 3544 4468 avi-

268 4516 516 4571 del'cctus
540 4515 680 4582 justa
713 4528 871 4583 pinna
893 4513 1257 4583 consequitur.
1290 4513 1547 4568 Deﬁcitur
1570 4513 1712 4566 enim
1755 4528 1860 4566 non
1890 4496 1944 4555 D
1966 4515 2208 4571 diorem?
2238 4528 2357 4568 nam
2383 4523 2436 4567 et
2466 4510 2568 4566 hoc
2597 4508 2988 4565 discutiendum
3010 4519 3112 4575 est,
3144 4510 3187 4563 si
3218 4508 3340 4562 boui
3367 4508 3543 4576 angeli

269 4610 339 4660 ad
374 4606 535 4671 mala,
558 4607 652 4659 εειΙ
682 4606 837 4668 male,
872 4605 922 4658 id
955 4612 1037 4658 cst
1059 4619 1162 4658 non
1188 4604 1252 4658 ad
1284 4605 1452 4658 malas
1479 4612 1694 4658 naturas
1718 4644 1732 4665 ,
1762 4603 1858 4659 sed

269 4699 398 4752 ideo
429 4696 567 4751 male
590 4737 605 4758 ,
637 4696 759 4764 quia
808 4704 996 4748 contra
1041 4695 1285 4748 ordinem
1336 4703 1648 4748 naturarum
1677 4695 1745 4748 ab
1795 4709 1861 4749 eo

269 4788 417 4857 quod
448 4799 659 4842 summe
684 4793 766 4840 est
794 4784 860 4837 ad
902 4784 950 4837 id
980 4785 1120 4853 quod
1168 4785 1344 4839 minus
1374 4792 1475 4839 est.
1505 4782 1688 4853 Neque
1717 4783 1859 4837 enim

273 4880 396 4935 auri
425 4880 611 4933 vitium
642 4886 724 4932 est
770 4878 990 4932 avaritia
1039 4876 1143 4949 [vel
1173 4875 1479 4947 cupiditas],
1503 4875 1597 4933 sed
1627 4875 1861 4931 hominis

276 4985 535 5040 perverse
560 4968 791 5023 amantis
818 4982 1005 5023 aurum
1026 5006 1042 5028 .
1081 4968 1287 5035 justitia
1318 4967 1594 5031 derelicta,
1634 4980 1754 5035 qua:
1776 4966 1860 5019 in-

274 5062 713 5130 comparabiliter
741 5076 871 5115 auro
896 5060 1080 5115 debuit
1107 5062 1379 5129 anteponi.
1422 5060 1531 5115 Nec
1558 5059 1763 5114 luxuria
1786 5060 1864 5112 vi-

276 5157 412 5209 tinm
441 5164 528 5209 est
560 5154 898 5223 pulchrorum
928 5153 1275 5221 suaviumque
1302 5167 1605 5221 corporum,
1631 5152 1724 5207 sed
1752 5153 1866 5206 ani-

277 5263 385 5300 tnae
434 5260 690 5314 perverse
735 5245 962 5297 amantis
1008 5256 1300 5311 corporcas
1330 5243 1653 5310 voluptates,
1696 5241 1867 5306 negle-

278 5350 365 5393 eta
400 5335 783 5404 temperantia,
816 5352 917 5404 qua
951 5334 1108 5389 rebus
1129 5333 1439 5402 spiritaliter
1471 5331 1867 5401 pulcltrioribus

277 5438 337 5484 et
380 5429 855 5498 incorruptibiliter
893 5428 1230 5483 suavioribus
1274 5434 1608 5491 coaptamur.
1642 5426 1749 5480 Nec
1778 5425 1859 5494 ja-

278 5522 480 5575 etantia
508 5523 694 5574 vitium
739 5532 821 5574 est
849 5521 1020 5573 laudis
1050 5520 1293 5573 ltumanic
1317 5558 1331 5580 ,
1366 5518 1458 5572 sed
1508 5518 1699 5571 anima:
1742 5532 1861 5585 pcr-

280 5627 435 5669 verse
465 5617 696 5669 amantis
724 5615 926 5669 laudari
959 5616 1026 5668 ab
1053 5614 1380 5676 hominibus,
1414 5623 1594 5679 spreto
1618 5612 1860 5665 tcstituo-

286 5706 373 5760 nio
399 5706 762 5763 c-unscieutix.
794 5706 900 5763 Nec
929 5705 1179 5776 superbia
1225 5706 1405 5759 vitium
1438 5714 1517 5759 est
1561 5703 1736 5758 dantis
1767 5716 1857 5772 po-

1972 4610 2076 4679 ipsi
2106 4608 2161 4661 in
2192 4621 2249 4661 se
2277 4606 2517 4661 lecerunt
2542 4603 2866 4659 voluntatem
2897 4602 3088 4655 bonam
3117 4641 3131 4665 ,
3162 4609 3338 4655 utrum
3370 4601 3546 4670 aliqua

1968 4715 2120 4766 eam,
2153 4715 2183 4753 a
2226 4698 2371 4753 nulla
2400 4696 2673 4751 voluntate
2725 4694 3010 4749 fecerunt?
3053 4693 3107 4749 Si
3160 4695 3330 4761 ttulla,
3365 4696 3545 4758 utique

1969 4805 2067 4845 nec
2102 4792 2381 4855 lecerunt;
2430 4788 2475 4843 si
2525 4788 2734 4857 aliqua,
2766 4796 2944 4841 utrum
2996 4786 3134 4839 mala
3183 4802 3249 4840 an
3284 4787 3464 4839 bona?
3499 4787 3546 4840 si

1969 4883 2129 4947 mala,
2161 4882 2429 4952 quomodo
2459 4896 2576 4935 esse
2605 4880 2773 4949 potuit
2819 4880 2957 4933 mala
2986 4879 3230 4934 voluntas
3260 4880 3415 4933 bona:
3448 4893 3545 4933 vo-

1968 4973 2187 5027 luntatis
2212 4970 2493 5026 eliectrix?
2540 4969 2585 5025 si
2631 4971 2768 5024 bona
2795 5008 2812 5034 ,
2854 4968 2967 5038 jam
2999 4984 3125 5039 ergo
3175 4970 3464 5035 habebant,
3493 4979 3547 5025 et

1968 5065 2122 5118 istam
2150 5065 2269 5132 quis
2300 5063 2524 5127 fecerat,
2559 5062 2659 5115 nisi
2690 5061 2779 5115 ille
2816 5063 2905 5131 qui
2947 5076 3040 5115 eos
3083 5078 3203 5115 cum
3258 5064 3394 5115 bona
3448 5077 3545 5114 vo-

1969 5158 2205 5223 luntate,
2238 5156 2288 5210 id
2320 5164 2401 5210 cst
2429 5170 2549 5208 cum
2580 5169 2767 5209 amore
2794 5165 2942 5209 casto
2969 5169 3074 5224 quo
3104 5154 3175 5208 illi
3206 5153 3544 5207 adltmrerent

1970 5248 2186 5315 creavit,
2219 5246 2374 5302 simul
2403 5244 2500 5317 [in]
2524 5246 2604 5301 eis
2627 5254 2680 5301 et
2700 5246 2938 5301 condens
2960 5254 3201 5299 naturam
3228 5252 3282 5296 et
3311 5242 3546 5309 largiens

1970 5340 2229 5410 gratiam?
2252 5338 2392 5394 unde
2424 5339 2525 5393 nisi
2554 5336 2711 5410 [sine]
2736 5339 2870 5393 bona
2900 5339 3190 5401 voluntate,
3221 5334 3318 5385 ltoc
3339 5340 3424 5385 est
3452 5330 3546 5388 Dei

1968 5446 2174 5497 amore,
2200 5446 2466 5501 nunquam
2506 5439 2719 5485 sanctos
2750 5429 2968 5499 angelos
3013 5426 3176 5480 fuisse
3217 5422 3543 5477 credendum

1967 5534 2068 5576 est.
2091 5520 2175 5575 lsti
2200 5530 2375 5575 autem
2400 5520 2486 5589 qui
2511 5536 2631 5573 cum
2659 5518 2779 5572 boni
2798 5515 2963 5571 creati
2986 5522 3183 5578 essent,
3211 5526 3386 5566 tamen
3417 5511 3545 5569 mali

1967 5621 2111 5675 sunt,
2138 5611 2277 5665 tnala
2307 5610 2518 5679 pr0pria
2543 5609 2838 5669 voluntate,
2870 5619 3026 5673 quam
3053 5603 3189 5657 bona
3216 5612 3398 5657 natura
3436 5620 3545 5659 non

1967 5700 2110 5769 fecit,
2144 5701 2243 5756 nisi
2274 5717 2392 5756 cum
2424 5714 2453 5753 a
2483 5699 2620 5753 bono
2647 5704 2837 5765 sponte
2867 5692 3083 5763 defetit,
3114 5701 3174 5749 ut
3213 5693 3337 5749 ntali
3373 5708 3543 5751 causa
