3956 6180
226 333 464 388 641)

1421 330 1852 387 TlIESAURUS.
1895 325 2044 383 C.\i’.
2093 329 2203 383 XL.

3389 340 3496 394 (H2

223 461 316 502 sus
354 445 466 509 sit,
519 444 626 513 jam
677 442 777 496 l.oc
827 441 1162 512 signilicandi
1216 443 1384 510 gratia
1435 445 1630 496 factum
1672 457 1816 504 esse,
1850 442 1894 498 Α
1928 439 2122 495 biendo
2155 443 2315 510 igitur
2363 443 2610 506 invidus,
2660 460 2766 499 non
2817 445 3105 500 invidendo
3149 448 3376 517 Quisque
3415 469 3497 506 su-

222 550 384 601 quem
436 551 546 588 non
594 534 883 588 admoneat
929 534 1202 602 Scriptura
1246 545 1406 588 tanta:
1457 537 1812 602 auctoritatis,

221 637 394 680 tanta:
425 624 723 678 divinitatis
745 624 1081 677 documentis
1111 639 1278 692 agens
1326 626 1376 678 in
1424 627 1810 693 prophetando,

217 718 441 785 quantis
472 715 675 769 cli'ectis
698 714 809 782 jam
844 715 1073 767 mundus
1113 714 1368 784 impletus
1420 716 1539 768 est?
1568 716 1682 768 Non
1710 732 1816 783 quo

226 811 472 865 diabolus
496 809 694 879 aliquid
718 808 783 860 ad
809 808 1214 861 instructionem
1247 817 1490 860 nostram
1514 808 1818 876 signiﬁcare

217 903 482 966 voluerit,
518 901 610 955 sed
637 915 757 953 cum
788 899 1069 953 accederet
1097 899 1162 952 ad
1197 900 1527 964 tentandum,
1559 913 1664 952 non
1699 913 1819 967 pos-

222 994 429 1049 setnisi
461 995 776 1062 permissus,
798 1006 920 1044 num
947 1006 1040 1059 per
1055 989 1197 1044 aliud
1223 1001 1399 1059 posset
1422 991 1522 1044 nisi
1547 1005 1640 1059 per
1659 1006 1815 1060 quem

227 1087 649 1158 permittebatur
675 1085 964 1139 accedere?
987 1085 1253 1153 Quidquid
1288 1085 1449 1154 igitur
1487 1100 1711 1155 serpens
1733 1086 1820 1140 ille

225 1179 575 1251 signiﬁcavit,
608 1180 655 1233 ei
683 1178 1028 1248 providentiae
1075 1177 1415 1231 tribuendum
1448 1186 1552 1244 est,
1585 1178 1686 1231 sub
1715 1191 1820 1246 qua

225 1283 280 1326 et
307 1274 422 1341 ipse
453 1270 700 1324 diabolus
731 1283 882 1323 suam
915 1267 1128 1336 quidem
1159 1267 1325 1322 habet
1356 1268 1697 1336 cupiditatem
1728 1282 1824 1320 no-

223 1361 407 1421 cun-Ii,
435 1359 743 1411 facultatem
775 1365 953 1409 autem
987 1371 1090 1408 non
1119 1355 1218 1408 nisi
1248 1372 1364 1424 quae
1401 1356 1558 1410 datur
1599 1355 1664 1408 ad
1696 1357 1821 1408 sub-

226 1452 489 1504 vertenda
532 1465 592 1502 ac
626 1449 892 1518 perdenda
925 1463 1047 1502 vasa
1096 1448 1211 1514 ire,
1235 1451 1299 1501 ad
1329 1447 1660 1502 liumilianda
1709 1447 1824 1502 sive

226 1542 510 1610 probanda
543 1557 666 1594 vasa
713 1539 1119 1594 misericordiie.
1172 1541 1367 1592 batura
1400 1541 1575 1608 itaque
1605 1553 1826 1608 serpen-

227 1645 297 1687 ts
349 1633 501 1687 unde
556 1632 628 1684 sit
656 1633 920 1684 novimus.
970 1630 1229 1684 l’roduxit
1260 1640 1401 1684 terra
1452 1632 1504 1684 in
1537 1631 1700 1685 verba
1734 1629 1826 1683 Dei

231 1726 417 1779 omnia
453 1739 644 1794 pecora
676 1733 727 1775 ct
750 1723 948 1776 bestias
977 1730 1029 1774 et
1078 1733 1376 1789 serpentes,
1404 1737 1521 1790 qua:
1578 1719 1824 1774 universa

1922 535 2116 602 perbus
2139 543 2239 588 est.
2277 535 2464 589 Ilerito
2494 536 2702 590 initium
2744 539 2922 592 omnis
2954 540 3160 608 peccati
3191 542 3502 607 superbiam

1920 623 2194 691 Scriptura
2223 625 2464 678 delinivit
2492 627 2708 681 dicens:
2743 628 2955 683 Initium
2981 631 3155 684 omnis
3186 633 3388 701 peccati
3418 649 3508 689 su-

1919 714 2124 782 perbia.
2167 715 2262 769 Cui
2311 717 2619 771 testimonio
2671 733 2775 772 non
2809 719 3247 776 inconvenieuter
3293 733 3510 792 aptatur

1921 806 2082 858 etiam
2113 806 2238 859 illud
2265 808 2404 873 quod
2430 811 2716 878 Apostolus
2743 813 2844 868 ait:
2874 814 3039 869 Radix
3073 816 3309 870 omnium
3339 818 3510 871 malo-

1921 913 2039 951 rum
2071 909 2154 952 est
2197 901 2445 965 avaritia,
2483 904 2527 955 si
2570 906 2847 958 avaritiam
2879 909 3187 975 generalem
3241 911 3508 978 intelliga-

1924 1005 2063 1056 mus,
2088 1005 2190 1061 qua
2215 991 2440 1062 quisque
2460 996 2662 1062 appetit
2689 995 2886 1064 aliquid
2910 999 3139 1066 amplius
3167 1015 3325 1067 quam
3347 1015 3508 1069 opor-

1926 1090 2002 1138 tet
2031 1093 2250 1152 propter
2273 1086 2648 1140 excellentiam
2681 1103 2856 1152 suam,
2881 1097 2936 1142 et
2956 1091 3242 1156 quemdam
3276 1094 3507 1160 propria:

1923 1175 2002 1228 rei
2034 1189 2296 1230 amorem.
2320 1176 2416 1229 Cui
2441 1177 2712 1245 sapienter
2734 1193 2926 1232 nomen
2953 1179 3136 1234 Latina
3171 1181 3340 1249 lingua
3371 1183 3510 1237 indi—

1925 1263 2035 1329 dit,
2065 1279 2184 1318 cum
2233 1266 2522 1332 appellavit
2565 1268 2854 1335 privatam,
2889 1269 3029 1337 quod
3081 1271 3254 1338 potius
3284 1285 3314 1323 a
3345 1270 3512 1325 detri-

1926 1355 2031 1424 35
2063 1365 2242 1408 mento
2271 1371 2428 1424 quam
2459 1358 2527 1409 ab
2554 1359 2889 1412 incremento
2919 1360 3120 1414 dictum
3149 1363 3346 1415 elucet.
3376 1363 3510 1416 Din--

1927 1449 2013 1500 nis
2043 1446 2186 1500 enim
2219 1447 2449 1515 privatio
2479 1448 2666 1502 minuit
2697 1466 2711 1514 ;
2745 1451 2885 1504 unde
2918 1452 3097 1520 itaque
3127 1455 3240 1506 volt
3270 1456 3510 1510 eminere

1928 1535 2175 1605 superbia
2196 1577 2211 1604 ,
2244 1537 2369 1592 inde
2409 1538 2460 1591 in
2491 1541 2766 1608 angustias
2795 1551 3199 1612 egcstatemque
3229 1546 3510 1600 contrudi-

1931 1638 2039 1697 tur,
2072 1646 2193 1685 cum
2226 1645 2291 1685 ex
2321 1631 2593 1686 communi
2622 1632 2686 1686 ad
2723 1635 2996 1702 proprium
3027 1635 3290 1690 damneso
3329 1654 3513 1693 amore

1930 1720 2207 1789 redigitur.
2232 1720 2491 1789 Specialis
2518 1732 2695 1776 autem
2722 1725 2968 1790 avaritia,
2993 1740 3114 1793 qua:
3144 1727 3392 1780 usitatius
3417 1743 3511 1797 ap-

238 1825 491 1869 ireatnra
520 1815 720 1867 habens
747 1815 796 1866 in
842 1827 899 1866 sc
922 1812 1152 1865 animam
1177 1812 1348 1866 vivam
1375 1851 1391 1879 ,
1441 1812 1828 1876 irrationalem,
1862 1813 1909 1874 B
1938 1813 2162 1882 pellatur
2191 1827 2340 1867 amor
2373 1815 2640 1882 pecunite,
2672 1818 2824 1884 cujus
2853 1819 3068 1873 nomine
3101 1822 3388 1889 Apostolus
3418 1839 3512 1889 per

231 1909 504 1958 universae
539 1905 777 1958 rationali
811 1912 1078 1957 creatura:
1105 1943 1121 1968 ,
1151 1903 1264 1957 sive
1296 1904 1450 1957 bona:
1477 1945 1492 1970 ,
1522 1905 1639 1958 sive
1670 1903 1823 1957 malae

229 1999 557 2062 voluntatis,
587 1996 691 2068 legi
727 1997 895 2050 divini
923 1995 1125 2050 ordinis
1150 1995 1360 2049 subdita
1391 2006 1501 2061 est;
1531 1995 1658 2063 quid
1701 2009 1829 2063 ergo

229 2100 452 2151 mli-um,
489 2090 533 2140 si
566 2104 658 2158 per
685 2097 988 2156 serpentem
1021 2087 1215 2156 aliquid
1247 2103 1404 2156 agere
1429 2088 1722 2154 permissus
1747 2093 1829 2140 est

227 2182 525 2246 diabolus,
560 2195 680 2233 cum
711 2179 971 2233 datmuuia
1006 2177 1056 2231 in
1111 2193 1300 2247 porcos
1332 2178 1534 2231 intrare
1580 2175 1831 2230 Christus

231 2275 350 2341 ipse
383 2271 723 2341 permiserit?
752 2270 912 2339 Magis
935 2269 1001 2322 de
1032 2271 1143 2338 ipsa
1174 2277 1363 2322 natura
1392 2268 1586 2322 diaboli
1609 2282 1831 2334 scrupu-

231 2364 406 2418 lusius
437 2363 608 2432 quaeri
637 2362 792 2425 solet,
825 2375 982 2430 quam
1018 2369 1180 2414 totam
1210 2360 1422 2429 quidem
1452 2359 1716 2422 haeretici,
1751 2356 1832 2409 ol-

230 2455 374 2509 feusi
403 2454 647 2507 molestia
677 2454 826 2507 malit:
859 2453 1146 2505 Voluntatis
1188 2452 1326 2520 ejus,
1351 2452 1590 2505 alienare
1633 2465 1835 2505 cenan-

233 2556 321 2599 tnr
352 2563 382 2597 a
408 2557 654 2599 c:eatura
680 2544 875 2598 summi
908 2552 960 2596 et
992 2543 1103 2597 veri
1136 2543 1252 2608 Dei,
1287 2552 1339 2597 et
1363 2542 1590 2596 alterum
1627 2542 1677 2596 ei
1706 2541 1834 2594 dare

243 2639 600 2708 principium,
629 2637 769 2707 quod
796 2637 868 2690 sit
897 2645 1084 2690 contra
1115 2637 1315 2700 Deum;
1347 2650 1454 2689 non
1477 2636 1621 2689 enim
1653 2633 1838 2686 valent

235 2730 544 2798 inie‘ligere
592 2742 751 2781 omne
781 2727 921 2796 quod
952 2734 1061 2789 est,
1099 2727 1152 2779 in
1194 2734 1448 2795 quantum
1482 2726 1657 2795 aliqua
1707 2730 1834 2784 sub-

236 2830 440 2886 stantia
469 2838 572 2893 est,
605 2839 660 2883 et
687 2828 880 2882 bonum
910 2842 1052 2892 es:e,
1079 2835 1134 2880 et
1165 2826 1262 2880 nisi
1293 2827 1360 2880 ab
1386 2827 1475 2880 illo
1503 2841 1634 2881 vero
1666 2827 1775 2882 Deo
1806 2843 1835 2882 a

239 2939 348 2992 quo
379 2935 541 2976 omne
578 2921 776 2974 bonum
819 2928 903 2974 est
941 2934 1062 2975 esse
1106 2935 1212 2973 non
1246 2933 1444 2987 posse;
1480 2920 1677 2975 malam
1707 2936 1838 2977 vero

240 3017 578 3070 voluntatem
611 3014 910 3068 inordinate
939 3014 1140 3067 moveri
1163 3054 1178 3075 ,
1215 3013 1350 3067 bona
1384 3012 1643 3068 inferiora
1672 3029 1835 3082 supe-

243 3112 479 3166 rioribus
526 3107 909 3178 prmponendo,
954 3119 1114 3177 atque
1147 3108 1214 3160 ita
1248 3107 1445 3160 factum
1495 3122 1616 3162 esse
1643 3115 1701 3162 ut
1745 3121 1834 3160 ra-

1932 1907 2162 1974 speciem
2190 1921 2362 1976 genus
2388 1906 2711 1977 signiﬁcans,
2742 1910 3094 1965 universalem
3116 1914 3390 1966 avaritiam
3423 1931 3514 1966 vo-

1935 1997 2084 2052 lcbat
2114 1997 2336 2067 intelligi
2366 1998 2592 2053 dicendo
2619 2017 2631 2052 :
2668 2001 2837 2055 Radix
2864 2004 3100 2057 omnium
3135 2006 3393 2060 malorum
3425 2019 3508 2060 est

1933 2089 2191 2151 avaritia;
2233 2089 2332 2142 hac
2374 2089 2543 2159 [hinc]
2579 2093 2719 2144 enim
2767 2101 2820 2146 et
2869 2092 3115 2148 diabolus
3147 2095 3342 2150 cecidit
3369 2137 3382 2160 ,
3418 2098 3509 2165 qui

1934 2181 2118 2251 utique
2149 2197 2253 2236 non
2285 2185 2483 2237 amavit
2511 2187 2812 2253 pecuniam,
2842 2187 2934 2242 sed
2978 2190 3246 2258 pr0priam
3291 2203 3517 2260 potesn-

1936 2281 2066 2325 tem.
2101 2271 2332 2326 Proinde
2361 2289 2647 2340 pervcrsus
2679 2277 2762 2330 sui
2810 2293 2963 2331 amor
3003 2280 3174 2347 privat
3213 2292 3394 2336 sancta
3427 2300 3517 2336 so-

1935 2365 2131 2420 cietate
2165 2366 2431 2435 turgidum
2457 2369 2728 2435 spiritum,
2751 2385 2980 2440 eumque
3009 2383 3246 2428 coarctat
3285 2376 3516 2443 miseria,

1931 2454 2044 2524 jam
2070 2470 2164 2524 per
2188 2456 2522 2526 iniquitatem
2551 2460 2733 2512 satiari
2755 2463 3079 2526 cupientem.
3107 2463 3241 2518 lline
3269 2465 3376 2518 alio
3403 2467 3520 2518 loro

1936 2563 2057 2602 cum
2091 2550 2316 2605 dixisset
2340 2567 2354 2604 :
2382 2551 2552 2606 Erunt
2573 2552 2714 2605 enim
2745 2551 2988 2608 homines
3014 2555 3224 2623 scipsos
3249 2567 3516 2622 amantes,

1938 2641 2192 2695 continuo
2218 2642 2445 2710 subjecit
2470 2653 2737 2698 amatores
2769 2647 3028 2712 pecuniae,
3066 2647 3134 2700 ab
3159 2647 3246 2702 illa
3275 2651 3516 2717 generali

1939 2736 2186 2800 avaritia,
2208 2735 2360 2804 cuius
2384 2737 2630 2804 superbia
2661 2747 2816 2804 caput
2838 2746 2939 2803 est,
2970 2739 3036 2793 ad
3068 2739 3204 2795 banc
3231 2742 3518 2809 specialem

1941 2824 2297 2890 descendens,
2323 2841 2440 2894 qua:
2473 2829 2683 2896 pr0pria
2727 2828 2998 2882 hominum
3031 2839 3139 2883 est.
3171 2831 3350 2900 Neque
3375 2833 3520 2887 enim

1941 2925 2126 2969 essent
2154 2916 2314 2970 etiam
2348 2917 2594 2972 homines
2616 2927 2883 2974 amatores
2914 2922 3177 2989 pecunim,
3223 2924 3322 2977 nisi
3369 2940 3433 2978 eo
3464 2941 3522 2980 se

1942 3016 2194 3076 putarent
2239 3009 2667 3076 excellentiores,
2724 3026 2831 3080 quo
2883 3011 3127 3068 ditiores.
3179 3015 3276 3068 Cui
3333 3020 3519 3070 morbo

1943 3099 2212 3153 contraria
2248 3099 2480 3153 cliaritas
2525 3113 2630 3154 non
2661 3102 2854 3169 quzrit
2881 3117 3000 3172 quze
3043 3119 3137 3158 sua
3181 3112 3324 3168 sunt,
3358 3104 3408 3157 id
3441 3115 3523 3159 est

243 3203 465 3258 tionalis
493 3211 756 3257 creaturae
785 3201 1026 3268 spiritus,
1054 3214 1146 3253 sua
1194 3207 1460 3268 potestate
1507 3207 1723 3267 propter
1747 3215 1839 3254 ex-
1869 3172 1916 3236 ο
1948 3206 2052 3245 non
2094 3192 2294 3260 privata
2323 3192 2642 3247 excellentia
2675 3193 2915 3258 laetatur;
2943 3195 3138 3248 merito
3169 3210 3298 3265 ergo
3333 3205 3388 3250 et
3418 3211 3524 3252 non

245 3294 556 3350 eellentiam
599 3293 932 3354 delectatus,
964 3299 1287 3345 tumesceret
1337 3291 1584 3360 superbia
1607 3333 1621 3356 ,
1668 3293 1838 3360 prius-

247 3401 408 3454 quam
437 3384 657 3438 caderet
694 3398 722 3436 a
749 3380 1080 3437 beatitudine
1109 3381 1364 3449 spiritalis
1393 3381 1643 3448 paradisi,
1670 3393 1725 3438 et
1757 3383 1839 3436 iu-

250 3478 482 3532 videntia
515 3475 939 3531 contabesceret.
969 3473 1025 3526 In
1052 3487 1160 3541 quo
1188 3481 1367 3527 tamen
1400 3472 1598 3526 bonum
1629 3483 1710 3528 est
1742 3474 1841 3526 boc

249 3571 426 3637 ip5um
468 3567 613 3636 quod
650 3565 798 3632 vivit,
832 3574 886 3619 et
922 3565 1155 3618 vivilicat
1185 3579 1403 3633 corpus,
1445 3567 1561 3620 sive
1608 3567 1840 3632 aerium,

250 3662 391 3714 sicut
421 3659 590 3728 ipsius
616 3657 812 3710 diaboli
842 3656 924 3710 vel
953 3656 1255 3708 dmmonum
1295 3656 1552 3724 spiritus;
1584 3656 1696 3711 sive
1731 3667 1842 3710 ter-

254 3767 480 3816 renum,
517 3750 654 3802 sicut
683 3747 910 3802 hominis
937 3747 1112 3800 anima
1141 3747 1378 3814 cujusvis
1416 3747 1576 3802 etiam
1625 3748 1840 3815 maligni

253 3856 414 3912 atque
445 3840 703 3911 perversi.
737 3839 809 3894 ita
838 3840 962 3893 dum
995 3840 1182 3892 nolunt
1210 3837 1438 3908 [volunt]
1470 3839 1666 3908 aliquid
1698 3839 1838 3908 quod

259 3940 404 3992 Deus
450 3935 641 3988 fecerit
672 3934 886 4002 propria
935 3932 1210 3985 voluntate
1251 3945 1494 3999 peccare,
1532 3930 1698 3999 ipsius
1752 3931 1842 3985 Dei

256 4025 620 4081 substantiam
643 4023 832 4077 dicunt
856 4023 1027 4090 primo
1051 4022 1373 4075 necessitate
1394 4029 1447 4075 et
1473 4029 1592 4091 post
1616 4022 1846 4090 inexpia-

257 4121 436 4172 bi‘iter
466 4118 744 4172 voluntate
769 4124 1075 4182 corruptam
1104 4120 1264 4182 atque
1293 4127 1636 4180 perversam;
1663 4111 1755 4165 scd
1778 4112 1845 4166 de

257 4214 483 4266 istorum
515 4206 921 4262 dementissima
949 4219 1135 4259 errore
1165 4203 1300 4257 alias
1328 4203 1438 4272 jam
1485 4204 1650 4255 multa
1690 4201 1847 4256 dixi-

259 4320 404 4359 mus.
434 4304 490 4357 ln
524 4305 625 4356 boc
655 4310 830 4354 autem
863 4312 1028 4368 opere
1055 4297 1404 4364 qu;ercndum
1435 4305 1520 4350 est
1550 4295 1845 4349 secundum

259 4407 504 4451 sanctam
519 4395 848 4463 Scripturam
865 4390 992 4459 quid
1008 4389 1073 4442 de
1090 4389 1307 4442 diabolo
1319 4388 1370 4442 di
1385 4433 1392 4439 ..
1409 4388 1609 4442 endum
1626 4387 1714 4442 sit.
1736 4388 1848 4440 l‘ri-

259 4507 351 4545 mo
378 4501 556 4543 utrum
576 4488 645 4540 ab
670 4486 818 4538 initio
843 4483 1009 4552 ipsius
1035 4481 1238 4544 mundi,
1264 4495 1354 4534 sua
1383 4489 1646 4549 potestate
1671 4481 1844 4534 delec-

262 4591 410 4635 tatus
431 4579 696 4634 abstiterit
719 4575 786 4631 ab
806 4576 894 4628 illa
920 4573 1178 4628 societate
1199 4582 1254 4628 et
1275 4573 1559 4637 charitate,
1583 4588 1684 4641 qua
1705 4572 1844 4625 beati

259 4682 392 4728 sunt
420 4671 591 4739 angeli
633 4669 723 4737 qui
755 4669 1002 4721 fruuntur
1031 4665 1140 4718 Deo
1161 4707 1174 4729 ,
1205 4679 1272 4718 an
1305 4663 1483 4732 aliquo
1516 4671 1757 4730 tempore
1795 4663 1846 4715 in

259 4774 449 4819 sancto
475 4772 614 4818 «tetu
647 4760 809 4814 inierit
837 4757 1148 4826 angelorum
1176 4756 1338 4810 etiam
1371 4754 1485 4823 ipse
1514 4751 1792 4822 pariterju
1826 4783 1850 4791 -

261 4867 350 4910 tus
381 4863 434 4909 et
467 4855 663 4923 pariter
695 4851 900 4904 beatus.
937 4847 1188 4902 Nonnulli
1215 4849 1357 4902 enim
1387 4846 1571 4899 dicunt
1601 4844 1772 4911 ipsum
1801 4842 1848 4895 ei

261 4948 432 5002 fuisse
459 4960 640 5000 casum
671 4958 698 4995 a
730 4940 983 5012 supernis
1011 4940 1258 5001 sedibus,
1291 4938 1433 5008 quod
1468 4936 1724 4991 inviderit
1756 4937 1852 4987 bo-

264 5039 398 5090 mini
428 5037 564 5090 laeto
586 5036 649 5089 ad
678 5035 966 5103 imaginem
998 5032 1110 5086 Dei.
1138 5031 1304 5084 Porro
1327 5039 1508 5083 autem
1540 5027 1738 5081 invidia
1767 5042 1853 5080 se-

259 5133 446 5199 quitur
474 5129 804 5196 superbiam,
835 5142 941 5179 non
971 5123 1244 5191 prtecedit.
1271 5121 1384 5175 Non
1413 5122 1554 5175 enim
1579 5135 1736 5173 causa
1763 5134 1850 5170 su-

259 5219 546 5292 perbiendi
569 5227 654 5273 est
676 5218 877 5272 invidia
901 5213 1378 5286 [invidentia],sed
1399 5227 1560 5266 causa
1581 5210 1852 5265 invidendi

259 5311 536 5382 superbia.
572 5311 705 5364 Cum
752 5310 912 5378 igitur
942 5306 1189 5374 superbia
1233 5308 1304 5357 sit
1333 5319 1481 5358 amor
1513 5303 1852 5358 excellentia:

261 5406 522 5476 propriae,
538 5402 736 5457 invidia
756 5415 885 5454 vero
899 5400 966 5453 sit
986 5397 1169 5452 odium
1195 5397 1464 5450 felicitatis
1490 5396 1703 5453 aliena.
1725 5395 1850 5461 quid

261 5502 408 5556 unde
449 5510 703 5552 nascatur
747 5495 878 5549 satis
921 5494 973 5548 in
1008 5504 1252 5561 promptu
1287 5501 1406 5546 est:
1441 5491 1670 5544 amando
1710 5494 1850 5544 enim

260 5597 492 5663 quisque
513 5591 890 5645 excellentiam
913 5601 1088 5649 suam,
1115 5586 1195 5638 vel
1222 5586 1434 5653 paribus
1459 5585 1682 5648 invidet,
1708 5585 1848 5654 quod

258 5687 310 5740 ei
335 5691 719 5752 eomqncutur;
753 5681 835 5734 vel
870 5678 1228 5740 inferioribus,
1261 5693 1326 5730 ne
1357 5677 1453 5729 sibi
1477 5687 1851 5745 eoreqtientur;

261 5777 350 5834 vel
382 5772 783 5842 superioribus,
828 5769 968 5840 quod
1007 5768 1087 5824 eis
1131 5783 1233 5821 non
1276 5776 1607 5837 cathuetur.
1651 5769 1852 5838 Super-

1944 3284 2177 3338 inﬂatur.
2213 3285 2278 3340 Hi
2317 3285 2423 3341 duo
2459 3299 2672 3341 amores
2712 3302 2938 3357 quorum
2983 3287 3118 3342 alter
3154 3300 3373 3343 sanctus
3418 3300 3525 3356 est,

1942 3378 2078 3431 alter
2105 3377 2453 3442 immundus;
2484 3380 2620 3434 alter
2647 3379 2886 3446 socialis,
2924 3379 3060 3435 alter
3085 3381 3354 3450 privatus;
3387 3383 3525 3438 alter

1943 3469 2213 3524 communi
2245 3469 2457 3526 utilitati
2486 3471 2775 3527 consulens
2806 3482 3024 3542 propter
3046 3487 3330 3540 supernam
3358 3475 3528 3532 socie-

1946 3574 2131 3628 tatem,
2169 3564 2306 3618 alter
2341 3565 2503 3619 etiam
2546 3580 2659 3620 rem
2718 3580 3058 3621 communem
3106 3566 3157 3621 in
3209 3577 3528 3637 potestatem

1947 3654 2213 3723 propriam
2256 3653 2502 3722 redigens
2552 3665 2773 3724 pr0pter
2827 3667 3164 3725 arrogantem
3205 3658 3529 3713 dominatio-

1947 3760 2101 3805 nem;
2153 3745 2292 3798 alter
2318 3745 2594 3810 subditus;
2625 3746 2761 3800 alter
2787 3747 3015 3801 aemulus
3057 3747 3169 3801 Deo
3196 3765 3210 3813 ;
3243 3749 3380 3802 alter
3411 3761 3548 3804 tran-

1946 3837 2163 3905 quillus,
2190 3837 2326 3890 alter
2353 3835 2721 3899 turbulentus;
2750 3836 2888 3890 alter
2915 3839 3191 3905 paciﬁcus,
3221 3840 3358 3893 alter
3379 3841 3527 3894 sedi-

1949 3931 2149 3994 tiosus;
2173 3929 2307 3983 alter
2329 3929 2609 3983 veritatem
2636 3928 2884 3982 laudibus
2901 3930 3190 3983 errantium
3217 3932 3524 3999 prwlerens,

1948 4022 2084 4075 alter
2109 4021 2489 4090 quoquomodo
2513 4020 2684 4075 laudis
2706 4021 2928 4088 avidus;
2954 4023 3089 4076 alter
3111 4023 3370 4089 amicalis,
3394 4026 3530 4079 alter

1951 4113 2196 4177 invidus;
2229 4111 2364 4166 alter
2396 4114 2498 4166 boe
2529 4113 2713 4166 volens
2748 4114 2992 4181 proximo
3023 4113 3163 4178 quod
3212 4114 3342 4178 sibi,
3396 4116 3531 4168 alter

1951 4205 2216 4272 subjicere
2247 4206 2548 4274 proximum
2573 4207 2706 4271 sibi;
2736 4206 2870 4260 alter
2895 4217 3110 4274 propter
3135 4207 3364 4276 proximi
3393 4208 3533 4262 utili-

1954 4306 2114 4351 tatem
2146 4313 2336 4368 regens
2382 4297 2708 4366 proximum,
2749 4297 2884 4351 alter
2923 4306 3138 4366 propter
3168 4313 3350 4362 suam,
3384 4310 3435 4353 et
3477 4300 3530 4352 lii

1954 4391 2061 4445 duo
2084 4393 2302 4446 ordines
2324 4401 2712 4460 praeceSs‘erunt
2744 4391 2793 4444 in
2820 4391 3060 4460 angelis;
3094 4391 3230 4444 alter
3263 4391 3313 4444 in
3350 4392 3525 4455 bonis,

1957 4488 2091 4540 alter
2123 4487 2175 4540 in
2209 4487 2394 4550 malis,
2437 4494 2491 4540 et
2535 4486 2902 4539 distinxerunt
2939 4485 3182 4538 conditas
3232 4485 3284 4538 in
3331 4500 3533 4552 genere

1959 4583 2192 4633 humano
2236 4579 2480 4634 civitates
2515 4577 2667 4644 duas,
2709 4579 2810 4632 Sub
2847 4577 3147 4632 admirabili
3179 4586 3233 4632 et
3270 4577 3534 4631 ineffabili

1960 4671 2295 4740 providentia
2326 4670 2416 4724 Dei
2444 4680 2635 4724 cuncta
2660 4685 2778 4737 quae
2797 4679 2942 4723 creat
2971 4669 3172 4739 [creata
3195 4668 3341 4738 sunt]
3367 4669 3536 4721 ailuii-

1960 4764 2262 4829 nistrantis,
2326 4765 2550 4817 alteram
2594 4762 2878 4830 justorum,
2926 4760 3150 4813 alteram
3197 4759 3537 4827 iniquoium:

1959 4872 2180 4926 q.:arum
2210 4858 2368 4909 etiam
2401 4853 2629 4923 quadam
2664 4851 2940 4920 temporali
2971 4849 3356 4904 commixtione
3385 4864 3539 4916 pera-

1962 4952 2101 5020 gitur
2130 4949 2408 5013 sazculuin,
2440 4948 2611 5000 donec
2649 4945 2833 4999 ultimo
2861 4943 3062 5011 judicio
3096 4949 3448 5010 separentur:
3483 4947 3540 4993 et

1961 5041 2128 5095 altera
2159 5040 2441 5109 conjuncta
2474 5037 2680 5106 angelis
2711 5035 2897 5099 bonis,
2932 5033 2985 5087 iu
3018 5047 3183 5100 regno
3215 5031 3356 5103 [eum
3389 5026 3538 5097 rege]

1957 5149 2056 5190 suo
2103 5135 2265 5186 vitam
2315 5138 2675 5199 consequatur
2718 5139 2996 5192 aeternam,
3042 5126 3209 5178 altera
3254 5121 3537 5190 conjuncta

1959 5226 2164 5296 angelis
2194 5224 2364 5288 malis,
2402 5224 2453 5277 in
2479 5224 2657 5291 ignem
2686 5235 2808 5275 cum
2842 5234 2966 5289 rege
2993 5232 3090 5272 suo
3113 5217 3356 5270 mittatur
3384 5220 3540 5264 teter-

1961 5335 2109 5375 num.

2552 5406 2776 5462 CAPUT
2817 5404 2928 5459 XL.

1963 5502 2036 5555 De
2063 5502 2202 5572 ligno
2229 5499 2453 5552 scientia
2481 5495 2838 5619 boniztlnmli,
2867 5511 2928 5546 ea:
2969 5491 3095 5545 libro
3140 5503 3227 5540 vui
3260 5486 3324 5538 de
3353 5482 3538 5537 Genesi

2579 5585 2607 5618 (ι
2697 5577 2918 5617 ituram.

2579 5577 2645 5618 ad
2676 5577 2918 5618 (inerant.

2036 5675 2286 5743 Sequitur
2302 5681 2359 5725 ut
2388 5671 2667 5723 videamus
2680 5667 2745 5720 de
2761 5667 2900 5732 ligno
2927 5659 3164 5714 scientia:
3185 5657 3540 5727 dignoscendi

1966 5768 2162 5821 bonum
2191 5774 2242 5820 et
2271 5763 2495 5818 malum:
2526 5773 2742 5830 prorsus
2759 5764 2810 5810 ct
2843 5755 2942 5808 hoc
2965 5753 3162 5822 lignum
3187 5759 3303 5807 erat
3333 5748 3542 5805 visibilc
