3974 6184
464 314 561 369 647

1491 307 1552 361 D.
1591 304 1907 362 EUGYPPII
1946 305 2236 361 ABBA’HS
2269 306 2587 361 AFRECANI

3616 308 3732 365 N8

457 427 690 483 sentiat:
734 422 1031 480 voluntarie
1078 437 1204 477 vero
1253 428 1310 474 ut
1355 419 1542 483 discat,
1601 428 1661 472 ut
1714 417 2032 473 consentiat.
2068 424 2111 477 Α
2144 428 2355 485 tempus
2377 422 2435 473 et‘
2454 420 2627 473 locum
2655 426 2829 473 movet
2853 433 3071 486 corpus,
3102 420 3213 488 ipsc
3245 427 3449 473 tantum
3477 436 3571 488 per
3595 430 3741 475 tem-

461 525 609 579 Sicut
634 530 809 575 autem
833 523 885 572 in
911 520 1101 571 arbore
1129 516 1179 569 id
1204 516 1316 583 agit
1338 511 1659 581 agricultura
1715 508 2036 573 forinsecus,

465 625 526 669 ut
549 614 678 669 illud
712 612 951 681 proﬁciat
978 608 1118 678 quod
1148 607 1347 677 geritur
1378 604 1722 669 intrinsecus,
1746 602 1824 656 sic
1862 600 1914 655 in
1946 601 2035 655 hn-

465 705 608 757 niine
629 701 920 756 secundum
953 711 1144 766 corpus
1176 696 1223 750 ei
1254 693 1396 764 quod
1437 693 1758 747 intrinsecus
1785 691 1897 761 agit
1949 706 2043 744 na-

465 803 584 846 tura
629 789 814 852 servit,
871 788 1207 841 extrinsecus
1256 782 1546 837 medicina.
1581 780 1820 849 ltemque
1848 794 2045 834 secun-

465 884 590 936 dum
622 881 854 933 animam
885 888 939 930 ut
968 888 1155 930 natura
1190 873 1520 931 beatil‘tcetur
1547 872 1889 935 intrinsecus,
1921 871 2049 926 doc—

468 973 607 1025 trina
641 969 973 1023 ministratur
1002 968 1358 1021 extrinsecus.
1389 964 1537 1033 Quod
1560 973 1736 1018 autem
1776 962 1842 1015 ad
1888 961 2049 1015 arbo-

466 1080 578 1117 rem
611 1062 823 1117 colendi
852 1058 1195 1131 negligentia,
1232 1059 1330 1112 boc
1363 1057 1431 1110 ad
1460 1069 1655 1126 conpus
1684 1054 1930 1109 medendi
1971 1053 2052 1106 in-

467 1158 637 1221 curia,
673 1156 773 1209 hoc
798 1154 865 1208 ad
888 1154 1118 1207 animam
1167 1151 1407 1207 discendi
1439 1150 1664 1220 segnitia
1692 1165 1705 1202 :
1734 1158 1789 1203 et
1821 1149 1961 1218 quod
1985 1147 2052 1202 ad

473 1248 720 1300 arbori-tn
753 1246 946 1299 humor
968 1244 1325 1309 inutilisghoc
1353 1243 1418 1297 ad
1446 1257 1639 1310 corpus
1670 1241 1840 1295 victus
1860 1240 2052 1311 exitia-

475 1340 620 1406 bilis,
654 1340 755 1392 hoc
779 1338 843 1391 ad
882 1338 1114 1392 animam
1143 1336 1420 1404 persuasio
1456 1332 1772 1403 iniquitatis.
1799 1332 2056 1387 Deusita-

479 1446 584 1499 que
610 1445 769 1498 super
796 1430 970 1484 omnia
993 1427 1082 1496 qui
1108 1426 1349 1481 condidit
1376 1424 1575 1484 omnia.
1608 1434 1664 1478 et
1693 1425 1827 1492 regit
1853 1426 2054 1489 omnia,

476 1538 663 1576 omnes
686 1530 902 1574 naturas
927 1521 1096 1573 bonus
1119 1515 1333 1590 [bonas]
1357 1524 1524 1578 creat,
1550 1530 1738 1569 omnes
1760 1513 2058 1570 voluntates

475 1618 646 1687 justus
676 1615 906 1669 ordinat.
957 1612 1095 1679 Quid
1120 1626 1247 1680 ergo
1278 1610 1533 1665 abhorret
1558 1624 1587 1662 a
1622 1622 1771 1672 vero.
1804 1608 1847 1662 si
1869 1607 2058 1662 creda-

478 1726 597 1767 mus
618 1710 887 1766 hominem
921 1708 992 1762 ita
1022 1708 1074 1762 in
1105 1706 1352 1777 paradiso
1380 1705 1753 1766 constitutum,
1786 1711 1842 1757 ut
1870 1716 2060 1769 opera-

2148 526 2247 579 pus
2281 524 2461 565 monts
2488 512 2737 566 conditus
2783 511 3025 579 spiritus,
3059 512 3128 565 ita
3175 527 3270 579 per
3298 523 3510 579 tempus
3556 526 3747 569 movet

2144 599 2418 654 conditum
2458 600 2701 667 spiritum
2752 599 2868 667 ipse
2916 614 3013 653 nec
3047 615 3137 666 per
3167 608 3377 666 tempus
3405 616 3505 656 nec
3536 619 3632 669 per
3659 604 3746 657 ιο.

2150 706 2271 744 cum
2302 700 2479 744 motus
2523 690 2704 744 condit
2726 706 2768 743 ιι·
2821 690 3038 757 Spitiltts
3071 707 3084 743 :
3133 690 3227 745 sed
3258 690 3479 760 spiritus
3519 703 3747 749 creatus

2150 789 2331 835 movet
2375 782 2615 849 seipsum
2650 796 2742 848 per
2782 788 3017 848 tempus,
3063 790 3114 834 et
3165 796 3260 849 per
3306 791 3517 850 tempus
3559 783 3627 836 ad
3674 783 3734 837 lo

2153 888 2277 928 cum
2304 888 2501 941 corpus
2526 890 2539 925 :
2569 873 2791 941 spiritus
2814 883 2992 927 autem
3025 885 3237 927 creator
3266 883 3446 928 movet
3476 875 3750 943 seipsurn,

2161 961 2278 1016 sine
2303 971 2544 1030 tempore
2578 978 2641 1017 ac
2683 965 2822 1029 loco,
2851 973 3029 1018 movet
3056 964 3329 1018 conditum
3371 964 3616 1034 spiritum
3651 979 3753 1033 rer

2165 1064 2375 1121 tempus
2404 1055 2523 1109 sine
2578 1056 2717 1120 loco,
2750 1065 2926 1111 movet
2974 1071 3168 1124 corpus
3218 1073 3311 1124 per
3341 1068 3550 1125 tempus
3576 1069 3631 1113 et
3668 1060 3751 1111 Io-

2159 1161 2307 1203 cum.
2355 1145 2614 1213 Quocirca
2661 1146 2902 1215 quisquis
2945 1147 3249 1216 intelligere
3288 1156 3508 1203 conatur
3556 1165 3757 1219 quem-

2156 1237 2444 1291 admodum
2499 1246 2731 1292 :cternus
2778 1252 2902 1292 vere
2947 1247 3003 1291 et
3040 1254 3166 1293 vere
3219 1240 3536 1295 immortalis
3579 1251 3756 1308 atque

2161 1327 2615 1383 incommutabilis
2647 1328 2784 1382 Deus
2813 1329 2926 1397 ipse
2955 1368 2971 1394 ,
3003 1343 3104 1384 nec
3149 1344 3246 1399 per
3288 1330 3465 1384 locum
3498 1345 3598 1385 nec
3656 1346 3759 1399 per

2169 1429 2381 1489 tempus
2434 1430 2655 1486 motus,
2708 1429 2919 1474 moveat
2969 1421 3338 1491 temporaliter
3385 1432 3442 1476 et
3502 1421 3761 1476 localiter

2161 1520 2465 1567 creaturam
2493 1527 2672 1577 suam,
2716 1527 2820 1566 non
2870 1527 2994 1567 eum
3025 1521 3152 1580 puto
3179 1527 3338 1580 posse
3373 1517 3609 1581 assequi,
3645 1513 3760 1567 nisi

2165 1605 2315 1673 prius
2342 1604 2669 1658 intellexerit
2694 1602 3143 1673 quemadmodum
3168 1604 3368 1668 anima,
3396 1602 3496 1659 hoc
3522 1612 3609 1658 est
3639 1606 3763 1665 sui.

2172 1696 2310 1750 ritus
2333 1704 2567 1758 creatus,
2595 1709 2700 1749 non
2731 1710 2824 1763 per
2847 1695 3044 1760 locum,
3068 1695 3161 1749 sed
3183 1703 3388 1749 tantum
3419 1711 3512 1763 per
3539 1706 3764 1764 tempus

464 1811 627 1855 retur
670 1800 1047 1868 agriculturam
1072 1837 1091 1862 ,
1122 1810 1226 1850 non
1274 1794 1454 1848 labore
1479 1792 1687 1856 servili,
1711 1792 1803 1845 sed
1832 1792 2055 1846 honesta
2092 1787 2137 1845 Β
2166 1796 2343 1840 motus
2368 1825 2384 1851 ,
2406 1794 2621 1841 moveat
2646 1800 2843 1855 corpus
2870 1801 2965 1855 per
2989 1795 3196 1855 tempus
3216 1794 3271 1841 et
3298 1787 3494 1841 locum.
3517 1786 3574 1842 Si
3602 1803 3635 1841 e
3666 1788 3759 1841 .im

479 1892 641 1946 animi
696 1890 1000 1959 voluptate?
1055 1888 1194 1956 Quid
1219 1886 1367 1941 enim
1397 1886 1499 1941 hoc
1531 1900 1693 1954 opere
1718 1884 2058 1939 innocentius

482 1981 829 2035 vacantibus?
882 1988 941 2034 et
985 1978 1113 2049 quid
1170 1976 1380 2046 plenius
1408 1989 1595 2044 magna
1626 1972 2061 2029 consideratione

487 2072 869 2144 prudentibus?

1066 2202 1290 2260 CAPUT
1332 2198 1518 2260 XLlll.

484 2302 635 2367 Quod
665 2310 854 2355 wterna
875 2297 1146 2364 Dirinitns,
1167 2311 1257 2349 nec
1286 2309 1378 2362 pro
1400 2290 1827 2367 temporibnsneg
1842 2305 1933 2355 pro
1956 2289 2066 2367 loco

554 2382 713 2434 mota,
746 2379 941 2424 moveat
982 2358 1296 2430 creaturam,
1321 2380 1385 2419 ea:
1424 2358 1557 2417 libro
1598 2378 1666 2416 vn
1696 2362 1758 2414 de
1787 2358 1968 2413 Genesi
1996 2360 2066 2412 ad

554 2444 804 2497 litteram.

555 2558 791 2613 Dicimus
822 2544 1001 2624 itaque
1030 2566 1300 2608 summum
1330 2552 1530 2621 ipsum,
1562 2563 1771 2612 verum,
1813 2563 1978 2602 unum
2005 2561 2068 2603 ac

488 2649 659 2703 solum
690 2647 857 2700 Deum
889 2645 1099 2699 Patrem
1131 2653 1184 2697 et
1216 2642 1408 2697 Filium
1438 2650 1493 2695 et
1518 2640 1773 2710 Spiritum
1798 2648 2067 2703 sanctum,

490 2740 540 2795 nl
570 2748 654 2794 est
676 2740 842 2792 Deum
873 2737 1212 2802 Verbumque
1236 2734 1374 2805 ejus,
1400 2744 1454 2789 et
1485 2731 1762 2800 utriusque
1782 2731 2070 2800 Spiritum,

491 2829 807 2885 Trinitatem
838 2828 1029 2897 ipsam,
1077 2841 1251 2896 neque
1292 2823 1597 2887 confusam,
1628 2837 1803 2893 neque
1849 2835 2072 2892 separa-

492 2934 598 2977 tam
620 2964 635 2986 ,
667 2922 833 2976 Deum
859 2920 948 2991 qui
979 2920 1128 2974 solus
1156 2918 1319 2973 habet
1344 2917 1794 2973 immortalitatem
1825 2927 1878 2969 et
1901 2917 2073 2969 lucem

493 3018 700 3071 habitat
741 3013 1187 3079 inacccssibilem,
1217 3026 1375 3082 quem
1408 3025 1567 3065 nemo
1605 3008 1877 3063 hominum
1920 3007 2071 3074 vidit,

496 3122 593 3162 nec
623 3107 805 3161 videre
835 3113 1029 3173 potest,
1054 3118 1155 3158 nec
1184 3103 1420 3156 locorum
1446 3100 1527 3155 vel
1553 3100 1724 3165 linito,
1750 3099 1833 3152 vel
1864 3097 2073 3152 inlinito

496 3201 668 3269 spatio
694 3194 981 3259 contineri,
1006 3208 1105 3249 nec
1138 3202 1439 3262 temporum
1471 3191 1552 3245 vel
1581 3192 1729 3243 linito
1752 3189 1833 3243 vel
1865 3188 2074 3242 infinito

499 3289 768 3344 volumine
798 3286 990 3340 variari
1015 3302 1030 3351 ;
1056 3298 1231 3351 neque
1261 3283 1405 3337 enim
1436 3290 1519 3336 est
1548 3282 1599 3335 in
1628 3281 1747 3347 ejus
1779 3279 2078 3334 substantia

499 3396 602 3450 qua
630 3379 770 3432 Deus
790 3385 893 3441 est,
924 3373 1066 3443 quod
1095 3372 1309 3429 brevius
1331 3372 1401 3426 sit
1430 3371 1481 3425 in
1512 3382 1661 3440 parte
1684 3383 1840 3437 quam
1866 3370 1917 3421 in
1943 3379 2077 3436 toto,

500 3474 638 3527 sicut
664 3482 883 3524 necesse
909 3475 995 3522 est
1018 3481 1140 3521 esse
1170 3464 1259 3536 [de
1290 3462 1397 3535 his]
1428 3479 1548 3534 qua:
1578 3464 1629 3517 in
1662 3464 1791 3517 locis
1817 3473 1960 3528 sunt,
1991 3472 2081 3518 aut

502 3565 603 3617 fuit
624 3563 677 3616 in
710 3561 827 3630 ejus
843 3559 1135 3613 substantia
1160 3556 1298 3626 quod
1319 3556 1427 3625 jam
1454 3571 1556 3610 non
1579 3563 1682 3622 est,
1707 3556 1790 3609 vel
1817 3556 1919 3611 erit
1940 3555 2083 3625 quod

500 3654 735 3709 nondum
780 3660 882 3713 est,
911 3651 1044 3705 sicut
1077 3648 1129 3702 in
1159 3647 1360 3702 naturis
1399 3661 1519 3713 quae
1559 3654 1784 3716 possunt
1823 3647 2078 3713 temporis

504 3740 908 3800 mutabilitatem
938 3739 1065 3809 pali.
1101 3738 1198 3793 llic
1223 3753 1352 3807 ergo
1396 3737 1816 3791 incommutabili
1869 3738 2085 3792 :cterni-

506 3844 612 3890 tate
643 3834 850 3896 vivens,
896 3829 1098 3885 creavit
1126 3828 1304 3884 omnia
1337 3826 1515 3883 simul.
1553 3827 1629 3881 Ex
1669 3828 1863 3895 quibus
1902 3844 2087 3883 curre—

506 3935 624 3981 rent
655 3933 918 3990 tempora,
948 3930 1004 3974 et
1040 3918 1391 3987 implerentur
1417 3919 1553 3981 loca,
1600 3917 2088 3986 temporalibusque

507 4030 564 4074 ct
604 4018 863 4071 localibus
907 4027 1085 4068 rerum
1132 4010 1366 4065 motibus
1412 4010 1604 4064 saecula
1636 4009 1997 4062 vnlverentur.
2033 4010 2086 4063 ln

508 4113 703 4181 quibus
733 4109 890 4162 rebus
918 4103 1160 4173 quaedam
1191 4100 1475 4169 spiritalia,
1508 4099 1754 4167 quaedam
1790 4098 2088 4168 corpora‘ia

508 4202 769 4264 condidit,
818 4198 1055 4252 formans
1099 4191 1403 4256 materiam,
1449 4206 1606 4260 quam
1639 4205 1739 4246 nec
1782 4191 1939 4251 alius,
1992 4204 2091 4244 nec

511 4296 671 4356 ullus,
709 4292 801 4346 sed
832 4289 1050 4343 omnino
1083 4286 1197 4355 ipse
1229 4283 1509 4337 informem
1541 4296 1603 4336 ac
1645 4282 1975 4336 formabilem
2008 4281 2091 4335 in-

513 4387 706 4449 stituit,
734 4392 791 4436 ut
817 4378 1189 4435 formationem
1211 4389 1357 4428 suam
1384 4388 1489 4427 non
1511 4383 1750 4440 tempore
1772 4372 1862 4425 sed
1886 4374 2092 4441 orig‘ne

513 4477 855 4551 pra-veniret.
885 4467 1195 4538 Spiritalem
1254 4475 1432 4518 autem
1474 4474 1772 4516 creaturam
1822 4463 2088 4528 corporali

516 4565 827 4640 pta-posuit,
865 4558 1004 4630 quod
1037 4553 1290 4626 spiritalis
1320 4551 1688 4606 tantummodo
1730 4566 1825 4617 per
1852 4561 2089 4618 tempora

516 4659 709 4716 mutari
740 4662 938 4725 posset,
967 4647 1261 4717 corporalis
1283 4653 1460 4698 autem
1487 4659 1581 4712 per
1608 4655 1844 4709 tempora
1871 4652 1924 4695 et
1953 4644 2087 4696 loca.

520 4748 761 4818 Exempli
790 4743 930 4798 enim
973 4739 1157 4810 gratia,
1194 4753 1289 4807 per
1330 4746 1540 4804 tempus
1585 4746 1828 4788 movetur
1855 4733 2089 4797 animus,

522 4850 604 4903 vel
648 4839 1042 4901 reminiscendo
1090 4833 1231 4905 quod
1281 4831 1481 4886 oblitus
1527 4841 1660 4891 erat,
1712 4830 1793 4881 vel
1840 4829 2095 4880 discendo

520 4942 661 5013 quod
694 4936 987 4996 nesciebat,
1014 4930 1100 4984 vel
1146 4925 1378 4981 volendo
1404 4923 1544 4993 quod
1577 4922 1788 4977 nolebat
1815 4938 1828 4974 :
1859 4935 1952 4989 per
1980 4921 2096 4974 loca

521 5012 698 5091 autem
741 5040 955 5094 corpus.
988 5024 1067 5075 vel
1099 5035 1127 5073 a
1158 5029 1298 5075 terra
1330 5019 1381 5071 in
1430 5016 1647 5077 caelum,
1693 5012 1777 5068 vel
1816 5029 1843 5064 ιι
1873 5012 2013 5066 ctelo
2044 5013 2095 5065 in

524 5138 743 5186 terram,
776 5119 857 5172 vel
883 5117 948 5169 ab
970 5115 1174 5167 oriente
1196 5110 1264 5165 ad
1288 5105 1390 5180 [in]
1417 5106 1774 5169 occidentem,
1808 5103 1887 5156 vel
1917 5103 1960 5156 si
1992 5117 2098 5171 quo

522 5220 625 5271 alio
655 5210 814 5268 simili
838 5207 1017 5261 modo.
1047 5204 1219 5258 Omne
1249 5209 1427 5253 autem
1456 5196 1595 5267 quod
1625 5205 1869 5248 movetur
1898 5208 1993 5261 per
2020 5193 2098 5245 lo-

523 5324 668 5371 cum,
698 5319 801 5357 non
828 5305 1005 5369 potest
1030 5294 1129 5349 nisi
1156 5301 1213 5347 et
1240 5307 1333 5360 per
1356 5299 1565 5357 tempus
1593 5286 1749 5340 simul
1780 5284 2003 5339 moveri.
2032 5285 2098 5337 At

524 5415 631 5453 non
672 5406 833 5447 omne
861 5386 1002 5458 quod
1051 5393 1295 5438 movetur
1350 5396 1443 5448 per
1490 5392 1719 5446 tempus,
1753 5390 1973 5429 necesse
2017 5382 2100 5427 est

526 5488 686 5543 etiam
714 5497 807 5552 per
834 5483 1009 5535 locum
1030 5474 1248 5529 moveri.
1278 5472 1429 5526 Sicut
1450 5484 1576 5539 ergo
1603 5468 1952 5523 substantiam
1982 5480 2098 5534 quas

529 5586 776 5633 movetur
808 5590 901 5643 per
955 5581 1165 5636 tempus
1193 5576 1246 5619 et
1279 5564 1451 5617 locutu
1502 5559 1758 5629 praecedit
1806 5557 2099 5611 substantia

530 5682 648 5734 tunc
674 5675 878 5719 tantum
908 5677 1002 5729 per
1025 5670 1255 5727 tempus,
1286 5656 1354 5708 ita
1388 5654 1556 5722 ipsam
1588 5649 1842 5720 prmcest
1867 5648 1950 5701 illa
1981 5663 2101 5717 qua:

533 5770 632 5810 nec
663 5770 754 5822 per
782 5754 954 5807 locum
987 5766 1084 5807 nec
1114 5764 1208 5820 per
1233 5756 1462 5818 tempus,
1498 5759 1560 5799 ac
1588 5757 1682 5814 per
1709 5740 1806 5797 hoc
1844 5739 1980 5793 sicut
2012 5752 2103 5807 per

2169 1881 2312 1950 quod
2339 1883 2390 1935 in
2415 1897 2474 1936 se
2498 1882 2613 1950 ipso
2641 1882 2814 1949 agitur
2838 1895 3034 1949 capere
3051 1880 3288 1935 nondum
3322 1892 3516 1947 potest,
3547 1891 3761 1950 quanto

2182 1979 2361 2035 minus
2408 1978 2536 2033 illud
2584 1979 2723 2048 quod
2752 1992 2909 2048 supra
2939 1978 3059 2032 est?
3089 1976 3291 2031 All‘ecta
3332 1977 3526 2045 quippe
3572 1977 3761 2030 anima

2179 2070 2469 2125 carnalium
2488 2086 2738 2124 sensuum
2769 2069 3177 2135 consuetudine,
3194 2070 3354 2124 etiam
3377 2069 3607 2137 seipsam
3628 2084 3759 2122 cum

2170 2176 2406 2233 corpore
2452 2176 2547 2230 per
2577 2159 2750 2215 locum
2799 2158 2998 2214 moveri
3028 2157 3210 2227 putat,
3235 2158 3360 2212 dum
3385 2158 3437 2212 id
3455 2173 3550 2227 per
3577 2159 3761 2212 locum

2181 2264 2382 2309 movet.
2411 2254 2540 2321 Quae
2570 2254 2616 2307 si
2664 2251 2828 2321 possit
2872 2251 3154 2320 diligenter
3198 2250 3464 2320 inspicere
3502 2258 3762 2317 tanquam

2178 2344 2424 2400 cardines
2464 2342 2824 2396 membrorum
2865 2340 3107 2409 carperis
3157 2340 3270 2404 sui,
3302 2339 3760 2408 quemadmodum

2173 2434 2499 2490 articulatim
2529 2432 2774 2501 dispmiti
2810 2432 2939 2497 sint,
2977 2445 3006 2483 a
3035 2429 3226 2499 quibus
3256 2429 3406 2483 initia
3453 2429 3761 2481 motionum

2171 2531 2431 2592 nitantur,
2455 2527 2693 2581 inveniet
2719 2538 2780 2579 ea
2812 2539 2931 2594 qua:
2959 2537 3052 2592 per
3075 2522 3245 2591 spatia
3265 2521 3503 2575 locorum
3533 2534 3764 2574 moven-

2174 2630 2260 2677 tur
2288 2621 2388 2675 nisi
2427 2620 2495 2674 ab
2522 2621 2601 2673 eis
2640 2632 2760 2687 quae
2790 2618 2909 2671 loco
2945 2615 3047 2669 lixa
3078 2625 3201 2670 sunt
3235 2630 3339 2668 non
3382 2615 3610 2667 moveri.
3641 2613 3763 2667 Non

2172 2716 2316 2770 enim
2349 2721 2596 2768 movetur
2638 2709 2787 2765 solus
2825 2708 3042 2777 digitus,
3082 2707 3183 2761 nisi
3237 2720 3428 2762 manus
3480 2704 3581 2759 lixa
3628 2707 3705 2760 sit
3736 2720 3765 2757 a

2173 2807 2327 2875 cujus
2354 2804 2582 2859 articulo
2614 2802 2761 2857 velut
2811 2801 3037 2853 immoto
3063 2798 3284 2854 cardine
3326 2806 3603 2852 moveatur
3634 2813 3648 2848 :
3681 2796 3768 2849 sic

2176 2907 2290 2952 tota
2322 2898 2499 2967 palma
2530 2896 2597 2950 ab
2623 2894 2850 2949 articulo
2877 2891 3065 2958 cubiti,
3095 2892 3173 2946 sic
3200 2891 3409 2946 cubitus
3438 2891 3505 2943 ab
3531 2890 3769 2945 articulo

2179 2991 2424 3058 humeri,
2457 2991 2710 3044 humerus
2738 3002 2767 3040 a
2798 2985 3017 3054 scapula
3045 2990 3419 3039 commovetur
3444 2998 3459 3037 :
3490 2980 3768 3034 stantibus

2179 3084 2370 3151 utique
2397 3080 2707 3135 cardinibus
2751 3077 2946 3146 quibus
2993 3073 3162 3130 motio
3207 3073 3431 3137 nitatur,
3464 3073 3503 3124 it
3530 3085 3627 3139 per
3657 3070 3771 3126 loci

2102 3154 2148 3217 C
2179 3174 2409 3242 spatium
2441 3170 2583 3239 quod
2621 3177 2896 3224 movetur:
2921 3166 2999 3221 sic
3028 3166 3219 3233 plantae
3249 3165 3302 3219 in
3327 3163 3432 3217 talo
3454 3170 3538 3217 est
3558 3164 3769 3215 articu-

2180 3264 2285 3330 lus,
2310 3277 2417 3332 quo
2438 3270 2619 3316 s'ante
2647 3270 2929 3323 movetur;
2963 3256 3045 3310 sic
3064 3255 3236 3309 cruris
3266 3254 3316 3308 in
3348 3268 3486 3324 genu
3512 3261 3567 3306 et
3596 3250 3771 3307 totius

2182 3354 2336 3425 pedis
2364 3354 2416 3407 in
2441 3365 2576 3407 coxa
2600 3368 2611 3403 :
2643 3359 2699 3405 et
2728 3347 2928 3402 nullius
2952 3345 3180 3400 membri
3212 3356 3388 3399 motus
3413 3343 3638 3398 omnino
3660 3350 3769 3404 est,

2181 3462 2341 3516 quem
2366 3447 2620 3499 voluntas
2642 3451 2841 3507 movet,
2865 3439 2970 3493 nisi
2996 3438 3063 3493 ab
3088 3436 3268 3506 aliquo
3297 3435 3507 3491 articuli
3536 3432 3771 3507 [articu-

2194 3536 2318 3607 lari]
2340 3536 2557 3590 cardine
2577 3549 2735 3603 quem
2761 3539 2924 3585 nutus
2944 3528 3186 3599 ejusdem
3213 3526 3498 3582 voluntatis
3522 3525 3772 3591 primitus

2186 3628 2317 3697 ligit,
2340 3638 2396 3680 ut
2421 3627 2486 3680 ab
2508 3640 2575 3679 eo
2594 3624 2735 3693 quod
2754 3621 2857 3676 loci
2885 3619 3061 3688 spatio
3087 3632 3191 3672 non
3218 3626 3466 3672 movetur
3485 3613 3570 3683 agi
3595 3614 3773 3666 valeat

2184 3719 2324 3788 quod
2357 3726 2624 3769 movetur.
2661 3713 2896 3781 Denique
2938 3724 3037 3765 nec
3066 3709 3176 3778 jam
3218 3707 3271 3762 in
3319 3703 3646 3759 ambulando
3674 3717 3771 3773 pes

2194 3811 2420 3875 levatur,
2455 3808 2556 3861 nisi
2586 3805 2723 3859 alius
2765 3805 2903 3858 fisus
2943 3812 3109 3858 totum
3154 3812 3351 3868 corpus
3396 3797 3553 3865 ferat,
3596 3796 3773 3850 donrc

2188 3900 2276 3954 ille
2306 3897 2395 3968 qui
2425 3906 2601 3951 motus
2632 3905 2715 3951 est
2742 3909 2771 3947 a
2804 3894 2922 3949 loco
2954 3892 3095 3946 unde
3124 3890 3311 3957 fertur,
3345 3888 3410 3942 ad
3456 3888 3631 3942 locum
3663 3900 3774 3955 quo

2190 3989 2359 4044 fertur
2390 3987 2496 4042 imo
2525 3981 2791 4058 [immoto]
2821 3983 3046 4038 articulo
3085 3982 3167 4035 sui
3207 3979 3440 4035 cardinis
3485 3977 3770 4031 innitatur.

2191 4077 2359 4131 l’orro
2387 4079 2429 4131 si
2458 4079 2509 4128 in
2540 4088 2768 4143 corpore
2794 4073 3001 4128 nullum
3023 4070 3320 4124 membrum
3347 4082 3442 4138 per
3467 4069 3644 4121 locum
3672 4080 3774 4121 vo—

2192 4170 2369 4223 luntas
2398 4175 2600 4229 movet,
2632 4164 2734 4219 nisi
2767 4164 2834 4218 ab
2863 4177 2929 4217 eo
2958 4160 3182 4216 membri
3215 4158 3442 4214 articulo
3468 4172 3630 4227 quem
3662 4172 3773 4211 non

2192 4268 2390 4323 movet,
2414 4274 2537 4313 cum
2562 4266 2614 4312 et
2635 4256 2723 4310 illa
2754 4269 2879 4323 pars
2904 4253 3145 4321 corporis
3168 4265 3287 4321 qua:
3310 4260 3575 4314 movetur,
3602 4260 3658 4304 et
3681 4249 3773 4302 illa

2195 4368 2296 4422 qua
2329 4354 2436 4404 lixa
2468 4352 2537 4402 sit
2555 4387 2571 4413 ,
2598 4357 2655 4401 ut
2684 4353 2999 4400 moveantur
3028 4356 3316 4410 corporeas
3344 4340 3577 4393 habeant
3603 4354 3777 4408 quan-

2198 4446 2289 4497 tita
2300 4453 2379 4497 tes
2401 4453 2546 4504 suas,
2573 4439 2763 4507 quibus
2788 4445 3053 4504 occupent
3075 4434 3245 4503 Spatia
3267 4434 3501 4486 locorum
3525 4444 3776 4495 suorum,

2123 4513 2171 4572 θ
2200 4545 2397 4604 quanto
2425 4534 2594 4602 magis
2624 4532 2751 4600 ipsa:
2780 4530 2970 4583 anima:
3002 4537 3161 4581 nutus
3199 4526 3280 4581 cui
3315 4525 3552 4578 membra
3588 4523 3778 4577 deser-

2200 4629 2374 4693 viunt,
2410 4636 2465 4680 ut
2494 4624 2634 4694 quod
2682 4620 2936 4691 placuerit
2985 4621 3198 4689 ligatur,
3232 4618 3373 4671 unde
3402 4614 3453 4669 id
3480 4615 3623 4683 quod
3657 4627 3779 4668 mo-

2203 4728 2433 4781 vendum
2461 4732 2545 4778 est
2574 4722 2854 4781 innitatur,
2876 4732 2998 4771 cum
3024 4716 3201 4769 anima
3230 4729 3332 4767 oon
3356 4712 3424 4766 sit
3447 4720 3632 4763 natura
3657 4724 3780 4764 cor-

2204 4832 2388 4887 ptit‘Ctt,
2420 4828 2518 4868 nec
2565 4811 2716 4865 locali
2749 4807 2920 4876 Spatio
2962 4820 3159 4873 corpus
3188 4804 3428 4870 impleat,
3459 4801 3599 4855 sicut
3639 4813 3780 4867 aqua

2204 4920 2379 4964 utrem
2423 4909 2537 4961 sive
2577 4900 2876 4972 spongiam,
2906 4897 2999 4952 sed
3032 4896 3183 4950 miris
3227 4893 3396 4947 modis
3440 4893 3555 4960 ipso
3594 4889 3780 4945 incor-

2206 5017 2367 5070 poreo
2408 5008 2538 5053 nutu
2581 4995 2877 5051 commixta
2905 4992 2975 5046 sit
3002 4988 3323 5043 vivilicando
3349 4986 3560 5053 corpori
3586 5026 3604 5049 ,
3633 4985 3780 5054 quod

2145 5131 2165 5155 ,
2205 5090 2355 5163 [quo]
2405 5100 2459 5142 et
2498 5089 2724 5155 imperat
2762 5082 2975 5152 corpori
3020 5078 3249 5149 quadam
3294 5077 3622 5143 intentione,
3672 5090 3778 5130 non

2207 5183 2348 5236 mole
2375 5198 2387 5244 ;
2420 5190 2623 5248 quanto
2652 5174 2840 5243 magis,
2872 5173 3110 5241 inquam,
3144 5180 3305 5223 nutus
3347 5168 3464 5235 ipse
3491 5168 3781 5222 voluntatis

2202 5275 2340 5344 ejus,
2375 5287 2479 5325 non
2511 5285 2602 5338 per
2632 5268 2807 5320 locum
2856 5272 3100 5318 movetur
3138 5270 3196 5316 ut
3240 5274 3434 5328 corpus
3478 5274 3570 5326 per
3602 5259 3777 5311 locum

2208 5375 2439 5430 moveat,
2457 5362 2669 5432 quando
2692 5367 2860 5411 totum
2891 5371 2984 5425 per
3013 5362 3192 5424 partes
3220 5365 3417 5416 movet,
3445 5366 3545 5405 nec
3573 5352 3781 5421 aliquas

2207 5459 2325 5512 loco
2344 5465 2539 5517 movet,
2567 5452 2669 5505 nisi
2701 5466 2795 5519 per
2821 5450 2939 5503 illas
2966 5464 3098 5518 quas
3121 5448 3239 5501 loco
3262 5462 3365 5499 non
3392 5445 3607 5499 movet?
3628 5442 3782 5509 Quod

2210 5552 2251 5603 si
2279 5548 2573 5616 intelligere
2599 5543 2816 5597 difficile
2837 5551 2940 5606 est,
2966 5550 3249 5608 utrumque
3270 5540 3538 5601 credatur,
3561 5547 3617 5590 et
3639 5534 3783 5604 quod

2206 5654 2451 5696 creatura
2482 5637 2759 5708 Spiritalis,
2790 5650 2891 5691 non
2917 5650 3008 5702 per
3038 5634 3211 5688 locum
3242 5642 3405 5690 mota.
3432 5638 3644 5684 moveat
3664 5644 3785 5683 cor-

2212 5751 2312 5806 pus
2338 5750 2429 5805 per
2455 5734 2653 5799 locum,
2676 5741 2724 5785 et
2752 5728 2893 5800 quod
2921 5728 3079 5795 Deus,
3101 5743 3205 5785 nou
3228 5742 3323 5797 per
3348 5734 3554 5795 tempus
3578 5732 3781 5792 motus,
