3990 6180
325 221 439 278 649

1460 206 1895 267 TllESAURUS.
1936 202 2084 259 CAP.
2134 202 2313 256 XLIV.

3503 166 3605 220 δ”]

323 344 543 389 moveat
572 342 871 387 creaturam
896 330 1188 398 spiritalem
1222 342 1314 397 per
1338 336 1566 394 tempus.
1587 322 1737 389 Quod
1763 321 1805 373 si
1837 318 1904 373 de
1936 322 1983 379 Α
2012 324 2118 380 tur,
2139 324 2193 369 et
2219 316 2336 384 ejus
2359 314 2410 367 in
2438 309 2944 379 inferioribusjussa
2971 309 3272 378 perficiunt,
3312 309 3591 355 moventes

322 428 507 482 anima
539 427 763 493 quisque
791 440 895 477 non
945 423 1056 474 vult
1088 422 1188 473 hoc
1232 419 1475 484 credere,
1515 415 1657 485 quod
1686 412 1901 482 quidem

323 522 448 572 sine
476 517 637 569 dubio
670 532 775 568 non
804 514 977 566 solum
1018 510 1282 574 crederet,
1325 507 1674 563 verumetiam
1709 503 1906 558 intelli-

326 623 502 683 geret.
532 610 576 664 si
607 592 725 662 eam
757 614 938 675 posset
958 604 1113 658 sicuti
1137 611 1220 656 est
1251 602 1617 668 iucorpoream
1641 596 1902 665 cogitare;

326 705 415 757 cui
463 704 606 757 enim
639 715 743 753 non
776 699 931 752 facile
962 704 1229 758 occurrat,
1262 692 1402 761 quod
1446 706 1538 760 per
1581 690 1752 743 locum
1801 700 1907 740 non

329 804 768 860 mov.-atur,qu:e
798 805 891 858 per
916 789 1013 841 loci
1038 787 1206 855 spatia
1230 799 1336 839 neu
1362 779 1718 837 distenditur?
1734 777 1909 847 (quid-

329 885 458 953 quid
483 894 660 936 autem
691 898 783 949 per
804 879 904 934 loci
934 878 1102 947 spatia
1130 874 1475 941 distenditur,
1499 886 1698 941 corpus
1719 877 1823 935 est,
1848 883 1911 923 ac

330 992 429 1046 per
459 976 560 1028 huc
590 986 927 1041 consequens
957 978 1037 1023 est
1064 979 1119 1022 ut
1150 967 1323 1021 anima
1358 981 1450 1035 per
1488 964 1664 1018 locum
1707 959 1911 1015 moveri

332 1084 439 1121 non
468 1083 534 1134 ιειι
561 1075 699 1127 etur,
724 1064 766 1117 si
793 1074 985 1130 corpus
1005 1075 1126 1115 es~e
1152 1074 1256 1112 non
1286 1056 1589 1125 credatur;)
1618 1054 1732 1117 sed,
1763 1062 1818 1106 ut
1840 1052 1913 1105 di-

332 1174 458 1212 cere
508 1171 801 1224 cmperam.
829 1154 874 1207 si
916 1152 984 1206 de
1015 1152 1191 1204 anima
1237 1150 1459 1217 quisque
1506 1146 1609 1200 hoc
1648 1159 1752 1197 non
1804 1143 1915 1196 vult

333 1249 573 1309 credere,
600 1262 706 1300 non
732 1246 1005 1314 urgendus
1032 1250 1144 1306 est;
1170 1239 1515 1294 substantiam
1541 1250 1667 1290 vero
1696 1236 1785 1288 Dei
1811 1233 1913 1287 nisi

334 1341 519 1393 credat
547 1352 643 1391 nec
676 1352 769 1403 per
805 1344 1033 1401 tempus,
1059 1345 1157 1385 nec
1196 1344 1291 1398 per
1316 1330 1492 1383 locum
1523 1325 1746 1389 moveri,
1777 1338 1914 1377 non-

335 1433 463 1486 dum
517 1429 751 1499 perfecte
780 1422 1268 1480 incommutabilem
1314 1419 1505 1473 credit.
1554 1418 1748 1471 Verum
1793 1414 1913 1485 quia

334 1524 559 1577 omnino
578 1516 1027 1573 incommutabilis
1049 1523 1131 1569 est
1155 1513 1240 1567 illa
1261 1521 1445 1565 natura
1465 1508 1761 1572 Trinitatis,
1777 1514 1831 1561 et.
1846 1506 1915 1561 ob

336 1616 441 1669 huc
466 1616 537 1666 ita
559 1622 756 1666 (eterna
780 1618 838 1663 ut
862 1611 909 1664 ei
941 1607 1140 1676 aliquid
1168 1616 1494 1661 cowteruum
1518 1617 1638 1656 esse
1664 1616 1769 1654 non
1794 1613 1915 1668 pos-

2009 421 2068 460 se
2109 421 2204 476 per
2236 415 2463 472 tempus,
2499 417 2694 470 corpus
2723 412 2900 455 autem
2937 415 3029 470 per
3062 410 3270 469 tempus
3300 408 3351 454 et
3386 398 3579 458 locum,

2010 507 2266 568 quantum
2299 511 2481 551 eorum
2506 495 2749 563 congruit
2777 494 2995 549 actioni.

2568 625 2797 682 CAPUT
2836 624 3018 680 XLIV.

2014 723 2164 786 Quod
2191 738 2290 774 non
2314 738 2401 787 per
2422 722 2586 787 ipsum
2619 719 2710 772 Dei
2740 719 3097 779 substantiam,
3113 719 3203 770 sed
3222 733 3310 786 per
3333 715 3588 768 subditam

2083 804 2391 852 creaturam,
2420 801 2466 845 et
2488 791 2675 843 locutio
2694 790 2869 843 divina
2891 789 2957 841 ad
2976 789 3162 850 Adam,
3186 798 3228 839 et
3251 788 3590 838 deambulatio

2082 864 2136 915 in
2184 862 2425 928 para-fisa
2478 862 2653 913 debeat
2697 862 3047 912 incunctanter
3094 857 3331 926 intelligi.
3365 856 3493 909 Item
3530 872 3590 908 ta:

2086 933 2214 986 libro
2248 947 2334 985 \‘lll
2366 930 2548 985 Cenes.
2579 932 2645 983 ad
2675 931 2913 985 litteram.

2084 1044 2235 1109 Quod
2279 1054 2456 1097 autem
2507 1045 2697 1096 attinet
2745 1042 2810 1095 ad
2851 1051 3110 1096 creatura:
3141 1040 3393 1109 angelica:
3423 1041 3590 1093 actio-

2015 1152 2162 1201 nem,
2188 1150 2283 1204 per
2313 1151 2471 1204 quam
2498 1135 2867 1189 universarum
2897 1149 3073 1188 rerum
3103 1134 3392 1199 acrioribus
3423 1135 3593 1185 maxi-

2016 1242 2211 1297 meque
2241 1229 2475 1281 ltumano
2499 1225 2832 1296 providentia
2866 1226 2957 1280 Dei
2988 1225 3327 1293 prospicitur,
3361 1224 3470 1291 ipsa
3505 1240 3595 1277 ex-

2018 1317 2279 1371 trinsecus
2300 1316 2539 1384 adjuvat,
2562 1325 2615 1372 et
2636 1330 2731 1386 per
2754 1315 2841 1369 illa
2861 1316 2970 1369 visa
2991 1331 3105 1384 qua:
3125 1316 3314 1369 similia
3338 1324 3462 1369 sunt
3479 1329 3597 1368 cor-

2018 1407 2311 1474 poralibus,
2332 1416 2384 1461 et
2400 1422 2497 1475 per
2524 1409 2638 1475 ipsa
2653 1421 2879 1475 corpora
2899 1424 3015 1475 quae
3037 1408 3295 1473 angelicm
3320 1407 3597 1473 subjaceut

2018 1498 2293 1565 potestati.
2319 1497 2451 1563 Quae
2475 1512 2595 1551 cum
2625 1496 2695 1549 ita
2722 1496 2849 1560 sint,
2873 1511 2993 1549 cum
3022 1496 3161 1549 Deus
3178 1496 3517 1563 omnipotens
3544 1506 3597 1549 et

2019 1588 2389 1654 omuitenens,
2418 1588 2842 1642 incommutabili
2873 1587 3191 1647 teteruitatc,
3224 1586 3468 1651 veritate,
3500 1601 3597 1638 vo-

336 1707 443 1769 sit,
469 1709 580 1772 ipsa
606 1702 742 1770 apud
774 1700 1005 1769 seipsam
1029 1708 1082 1753 et
1103 1699 1154 1752 in
1176 1699 1350 1764 seipsa
1368 1736 1383 1761 ,
1406 1694 1523 1749 sine
1550 1692 1657 1746 ullo
1683 1699 1923 1758 tempore
1952 1686 2000 1746 Β
2027 1680 2251 1745 “male.
2275 1694 2487 1751 semper
2516 1680 2679 1745 idem,
2707 1695 2811 1733 non
2840 1695 2933 1747 per
2961 1688 3168 1748 tempus
3182 1693 3281 1733 nec
3306 1694 3400 1748 per
3422 1680 3596 1733 locum

338 1812 401 1852 ae
427 1800 563 1859 loco,
585 1804 762 1849 movet
787 1802 962 1847 tamen
990 1808 1082 1862 per
1104 1801 1311 1859 tempus
1337 1796 1391 1842 et
1421 1788 1593 1841 locum
1618 1784 1717 1838 sibi
1741 1781 1924 1837 subdi-

339 1899 447 1945 tam
478 1895 773 1942 creaturam
802 1927 817 1951 ,
850 1895 1066 1938 naturas
1095 1895 1284 1937 creans
1315 1878 1550 1934 bonitate
1572 1918 1586 1940 ,
1620 1874 1923 1929 voluntates

340 1984 594 2036 crdinans
621 1986 903 2049 potestate,
934 1988 988 2030 ut
1016 1976 1068 2030 iu
1102 1974 1302 2029 naturis
1325 1972 1463 2026 nulla
1487 1972 1557 2024 εἰ
1585 1984 1703 2039 qua:
1728 1981 1831 2021 non
1856 1965 1925 2019 ab

340 2075 434 2127 illo
454 2074 563 2142 38
580 2072 668 2136 sit,
702 2071 752 2123 iu
786 2068 1144 2123 voluntatibus
1173 2075 1374 2129 autem,
1408 2062 1548 2116 nulla
1577 2062 1710 2114 bona
1738 2059 1822 2113 cui
1854 2060 1927 2111 sit

342 2184 447 2220 non
480 2167 648 2235 prosit
678 2162 773 2235 1F.
800 2165 837 2217 ι.
867 2158 1093 2230 prarsit],
1121 2158 1259 2214 nulla
1291 2157 1427 2211 mala
1458 2154 1529 2209 sit
1555 2167 1655 2223 qua
1690 2152 1823 2205 bene
1852 2149 1927 2203 uti

343 2275 448 2313 non
475 2259 659 2326 possit.
686 2255 788 2309 Sed
810 2255 930 2323 quia
955 2267 1057 2306 non
1080 2249 1325 2305 omnibus
1350 2246 1552 2301 naturis
1572 2243 1717 2299 dedit
1741 2241 1928 2297 volun-

346 2352 474 2403 tatis
494 2347 792 2409 atbitriuut,
808 2346 913 2398 illm
939 2352 1113 2396 autem
1137 2340 1327 2411 quibus
1351 2338 1496 2392 dedit
1519 2334 1844 2405 potentiores
1867 2344 1928 2386 ac

346 2442 657 2509 superiores
677 2448 821 2499 sunt,
849 2435 951 2489 illa:
976 2443 1177 2488 natura:
1199 2446 1319 2501 qua:
1344 2444 1449 2484 non
1468 2428 1660 2483 habent
1682 2426 1925 2480 volunta-

352 2544 460 2585 tem
493 2530 720 2583 subditae
749 2527 856 2580 sint
887 2539 1108 2580 necesse
1133 2533 1217 2578 est
1248 2522 1324 2577 illi
1355 2537 1473 2592 qua:
1505 2520 1666 2574 habet
1692 2536 1703 2570 :
1738 2526 1795 2572 et
1827 2518 1929 2571 hoc

348 2622 688 2675 ordinatione
709 2619 1004 2683 Creatoris,
1034 2616 1122 2685 qui
1152 2628 1420 2683 nunquam
1455 2613 1527 2666 ita
1559 2609 1714 2679 punit
1742 2608 1932 2663 volun-

349 2725 514 2767 tatem
546 2713 735 2766 tualam
756 2751 770 2775 ,
802 2719 862 2763 ut
889 2720 1092 2762 natura:
1138 2707 1369 2776 perimat
1414 2703 1748 2772 dignitatem.
1797 2700 1930 2754 Cum

351 2806 515 2873 igitur
543 2816 703 2856 omne
731 2813 924 2867 corpus
953 2808 1007 2852 et
1044 2797 1219 2851 omnis
1248 2795 1425 2849 anima
1466 2790 1793 2845 irrationalis
1825 2803 1930 2842 non

355 2898 551 2951 habeat
580 2894 867 2948 voluntatis
896 2893 1194 2954 arbitrium,
1221 2886 1431 2942 subdita
1463 2886 1559 2938 ista
1585 2891 1709 2937 sunt
1733 2882 1810 2935 eis
1839 2894 1934 2933 na-

354 2991 490 3043 turis
518 3002 638 3058 qua:
670 2985 905 3054 prurditm
938 2993 1062 3038 sunt
1091 2982 1313 3036 arbitrio
1342 2977 1653 3040 voluntatis,
1686 2987 1786 3028 nec
1816 2986 1932 3027 om-

2027 1782 2224 1834 motus,
2255 1783 2430 1826 movet
2456 1787 2550 1842 per
2576 1781 2787 1841 tempus
2812 1782 3110 1825 creaturam
3136 1771 3428 1839 spiritalem
3446 1811 3463 1836 ,
3487 1786 3597 1825 mo~

2024 1874 2115 1919 vet
2129 1866 2287 1918 etiam
2310 1878 2402 1930 per
2425 1872 2634 1932 tempus
2656 1872 2711 1916 et
2730 1864 2901 1917 locum
2916 1871 3211 1916 creaturam
3236 1861 3597 1929 corporalem,

2027 1967 2086 2010 ut
2118 1970 2182 2009 eo
2208 1965 2359 2007 motu
2391 1964 2608 2007 naturas
2630 1968 2762 2021 quas
2791 1952 3114 2006 intrinsecus
3144 1950 3417 2004 substituit
3440 1952 3598 2001 etiam

2027 2045 2358 2100 extrinsecus
2400 2043 2761 2109 administret,
2792 2050 2845 2097 et
2888 2057 2983 2110 per
3011 2041 3312 2093 voluntates
3340 2039 3438 2094 sibi
3469 2040 3596 2091 sub-

2028 2137 2188 2199 ditas,
2213 2151 2347 2204 quas
2373 2149 2465 2205 per
2490 2144 2719 2204 tempus,
2745 2144 2797 2188 et
2827 2149 2921 2202 per
2941 2147 3165 2201 corpora
3186 2131 3285 2185 sibi
3313 2138 3471 2201 atque
3495 2130 3599 2183 illis

2031 2226 2394 2283 voluntatibus
2418 2226 2655 2292 subdita,
2684 2240 2802 2294 qua:
2834 2238 2927 2291 per
2956 2235 3161 2292 tempus
3192 2233 3243 2276 et
3271 2222 3444 2275 locum
3490 2234 3603 2273 mo-

2032 2326 2140 2383 vet,
2168 2332 2232 2372 eo
2261 2326 2503 2385 tempore
2525 2330 2587 2370 ac
2615 2316 2750 2381 loco,
2778 2315 2932 2384 cujus
2964 2315 3096 2367 ratio
3130 2316 3180 2367 in
3212 2313 3328 2381 ipso
3358 2312 3469 2367 Deo
3497 2312 3602 2363 vita

2033 2418 2116 2464 cst
2144 2410 2260 2463 sine
2285 2418 2527 2477 tempore
2549 2422 2610 2461 ac
2644 2407 2781 2461 loco.
2807 2405 2939 2459 Cum
2964 2419 3091 2473 ergo
3122 2404 3225 2456 tale
3246 2401 3444 2470 aliquid
3468 2400 3607 2454 Deus

2030 2501 2162 2570 agit,
2187 2515 2293 2553 nou
2314 2499 2571 2554 debemus
2595 2497 2801 2568 opinari
2820 2497 2937 2566 ejus
2951 2493 3325 2555 substantiam,
3344 2506 3445 2561 qua
3468 2490 3607 2544 Deus

2031 2603 2136 2658 est,
2162 2593 2493 2662 temporibus
2516 2591 2753 2660 locisque
2774 2587 3225 2649 commutabilem,
3249 2592 3338 2638 aut
3367 2597 3459 2652 per
3484 2591 3608 2635 tem-

2035 2701 2164 2755 pma
2190 2694 2244 2739 et
2271 2685 2385 2739 loca
2412 2684 2660 2738 mobilem
2683 2700 2695 2735 :
2723 2682 2816 2736 sed
2846 2682 2899 2734 in
2925 2695 3085 2749 opere
3106 2678 3299 2731 divina:
3323 2676 3610 2745 providen-

2037 2778 2120 2829 tize
2141 2776 2238 2829 ista
2256 2788 2604 2846 cognoscere,
2619 2789 2723 2826 non
2745 2774 2794 2825 iu
2813 2772 2904 2825 illo
2917 2784 3078 2838 opere
3090 2782 3196 2837 quo
3210 2776 3426 2820 naturas
3440 2774 3611 2830 creat,

2039 2867 2133 2921 sed
2159 2867 2212 2919 in
2241 2866 2331 2919 illo
2362 2879 2466 2933 quo
2498 2864 2822 2917 intrinsecus
2850 2871 3058 2913 creatas
3085 2859 3248 2912 etiam
3278 2856 3615 2911 extrinsecus

2039 2959 2406 3012 administrat:
2427 2972 2546 3010 cum
2562 2956 2631 3008 sit
2652 2955 2768 3024 ipse
2791 2953 2936 3007 nullo
2958 2952 3195 3007 lororum
3216 2950 3299 3003 vel
3315 2945 3614 3010 intervallo,

356 3082 512 3136 uibus
526 3040 754 3143 jumnia,
779 3076 871 3131 sed
923 3078 1062 3130 sicut
1099 3071 1371 3127 distribuit
1396 3067 1598 3138 justitia
1641 3063 1933 3121 Creatoris.
1964 3047 2011 3109 C
2043 3049 2126 3104 vel
2154 3050 2352 3119 spatio,
2386 3044 2809 3101 incommutabili
2839 3042 3230 3111 excellentique
3279 3040 3536 3109 potentia,
3564 3046 3620 3090 et

361 3177 506 3247 Ergo
530 3176 623 3229 Dei
648 3170 1007 3242 providentia,
1036 3182 1227 3238 regens
1248 3176 1407 3234 atque
1424 3162 1801 3217 administrans
1824 3157 1940 3212 uni-

360 3284 568 3326 versam
596 3274 921 3325 creaturam,
941 3272 994 3317 et
1019 3271 1257 3323 naturas,
1288 3267 1343 3313 et
1364 3256 1691 3316 voluntates,
1717 3261 1942 3305 naturas

363 3374 415 3415 ut
447 3362 573 3421 sint,
606 3358 907 3412 voluntates
936 3363 1114 3406 aulum
1154 3359 1211 3403 ut
1242 3362 1342 3402 nec
1394 3345 1724 3400 infructuose
1763 3342 1941 3405 bonte,

364 3469 460 3509 nec
491 3451 751 3520 impunite
779 3447 929 3501 mala:
960 3446 1088 3511 sint,
1121 3440 1300 3496 subdit
1326 3438 1571 3508 primitus
1600 3432 1780 3488 omnia
1818 3431 1940 3496 sibi,

366 3544 559 3599 deinde
590 3550 888 3594 creaturam
929 3533 1260 3603 corporalem
1298 3538 1557 3585 creatura:
1589 3523 1835 3593 Spiritali,
1870 3522 1944 3575 ir-

367 3633 683 3691 rationalem
718 3627 965 3684 rationali
992 3666 1005 3687 ,
1040 3630 1351 3679 terrestrem
1381 3618 1588 3674 cteleSti
1616 3659 1630 3683 ,
1663 3615 1947 3669 femineam

368 3726 700 3789 masculinw,
721 3727 897 3776 minus
924 3718 1185 3773 valentem
1210 3710 1514 3776 valentiori,
1540 3707 1947 3777 indigentiorem

370 3818 677 3892 copiosiuri.
702 3818 756 3871 ln
784 3810 1147 3867 voluntatibus
1175 3815 1355 3861 autem
1379 3803 1547 3857 bonas
1575 3799 1699 3863 sibi,
1723 3805 1952 3852 caeteras

370 3889 496 3969 vero
524 3913 656 3981 ipsis
687 3903 1040 3962 servientibus
1068 3899 1197 3965 sibi,
1224 3905 1283 3952 ut
1315 3896 1417 3950 hoe
1447 3893 1680 3962 patiatur
1707 3889 1952 3942 voluntas

372 4007 509 4060 mala
538 3999 683 4071 quod
714 4014 778 4053 ex
804 3997 956 4066 jussu
1002 3991 1095 4046 Dei
1137 3988 1324 4044 fecerit
1365 3986 1539 4039 bona:
1569 3981 1683 4036 sive
1727 3992 1823 4047 per
1868 3990 1955 4030 se-

374 4097 575 4166 ipsam,
610 4090 722 4144 sive
755 4101 849 4157 per
888 4083 1078 4140 malam
1110 4082 1163 4135 iu
1202 4078 1363 4133 rebus
1407 4075 1665 4129 duntaxat
1707 4083 1826 4138 qua:
1855 4080 1955 4121 na-

376 4156 623 4242 turaliter
674 4189 800 4234 sunt
832 4179 992 4232 edam
1042 4173 1196 4228 malis
1226 4166 1593 4225 voluntatibus
1622 4160 1868 4223 subditae,
1901 4156 1955 4211 id

378 4279 539 4336 estin
570 4272 908 4343 corporibus.
934 4268 1066 4323 Nam
1115 4268 1165 4319 in
1215 4261 1408 4331 seipsis
1455 4259 1757 4313 voluntates
1803 4253 1960 4307 mala:

379 4372 579 4426 habent
606 4342 914 4421 interiorem
948 4373 1157 4430 pamam
1189 4370 1362 4419 suam,
1396 4350 1638 4407 eamdem
1670 4348 1837 4416 ipsam
1859 4342 1961 4398 iui-

382 4464 637 4534 quitatem
685 4471 856 4518 suam.
897 4468 959 4507 ac
987 4467 1081 4520 per
1109 4450 1211 4503 hoc
1239 4443 1554 4501 sublimibus
1601 4438 1807 4508 angelis
1850 4434 1959 4488 Deo

384 4528 610 4611 subdita:
635 4549 954 4612 frueutibus,
978 4554 1032 4600 et
1057 4547 1163 4597 Deo
1186 4542 1339 4595 beate
1355 4533 1729 4595 servientibus,
1746 4528 1960 4585 subdita

384 4658 463 4703 est
490 4645 669 4701 omnis
714 4648 899 4695 natura
929 4647 1209 4703 corporea,
1256 4630 1432 4684 omnis
1462 4621 1790 4681 irrationalis
1828 4618 1959 4679 vita,

386 4738 560 4794 omnis
614 4734 886 4793 voluntas,
917 4729 1001 4781 vel
1034 4725 1267 4787 infirma,
1300 4720 1382 4775 vel
1435 4730 1597 4787 prava
1628 4730 1643 4769 :
1672 4720 1730 4765 ut
1767 4709 1869 4763 ltoc
1894 4706 1963 4761 de

387 4828 616 4888 subditis
664 4825 746 4879 vel
779 4838 899 4879 cum
945 4819 1171 4875 subditis
1214 4821 1372 4885 agant
1398 4809 1540 4881 quod
1589 4815 1795 4862 natura:
1832 4799 1966 4855 ordo

391 4922 585 4994 poscit,
612 4920 662 4973 in
688 4916 935 4971 omnibus
957 4912 1178 4981 jubente
1200 4908 1292 4961 illo
1322 4903 1409 4959 cui
1437 4900 1676 4970 subjecta
1703 4903 1824 4951 sunt
1854 4906 1971 4946 om-

390 4982 497 5068 nia.
548 4982 781 5065 Droiude
826 5005 901 5059 illi
932 5004 986 5058 in
1032 5000 1126 5056 illo
1158 4998 1432 5053 veritatem
1478 4982 1970 5046 incommutabilem

393 5106 595 5167 vident,
628 5109 683 5155 et
709 5095 1004 5153 secundum
1046 5105 1163 5146 eam
1195 5101 1319 5143 suas
1369 5084 1605 5152 dirigunt
1638 5079 1963 5132 voluntates.

396 5197 554 5250 Fiunt
581 5166 709 5259 ergo
726 5189 801 5243 illi
820 5184 1107 5256 participes
1133 5176 1470 5239 internitatis,
1498 5169 1758 5233 veritatis,
1782 5166 1971 5219 volun-

395 5286 519 5340 tatis
543 5253 671 5349 ejus
688 5253 1263 5348 semper[voluntatem
1286 5266 1401 5336 ejus
1431 5276 1646 5331 semper
1668 5253 1970 5326 facientes],

397 5381 512 5433 sine
538 5348 779 5442 tempore
811 5376 865 5423 et
910 5367 1049 5429 loco,
1080 5368 1359 5418 moventur
1389 5365 1564 5409 autem
1597 5351 1713 5421 ejus
1745 5348 1972 5416 imperio

398 5468 561 5524 etiam
594 5453 982 5531 temporaliter,
1016 5455 1105 5509 illo
1137 5467 1240 5507 non
1274 5443 1641 5513 temporaliter
1670 5446 1843 5495 moto:
1876 5449 1975 5490 nec

400 5561 472 5616 ita
520 5568 577 5611 ut
605 5556 674 5610 ab
700 5553 818 5625 ejus
847 5546 1301 5617 contemplatione
1333 5540 1570 5598 resiliant
1597 5543 1686 5590 aut
1714 5531 1972 5592 defluant,

406 5653 497 5707 sed
522 5649 683 5708 simul
714 5623 766 5701 et
796 5644 944 5698 illum
965 5642 1081 5696 sine
1104 5641 1221 5693 loco
1251 5651 1312 5691 ac
1344 5644 1585 5703 tempore
1611 5623 1979 5693 contemplan-

685 5781 962 5842 Ριτιιοι.
994 5770 1187 5833 LXII.

2042 3143 2263 3197 interior
2282 3142 2424 3195 omni
2451 3155 2530 3204 re,
2553 3138 2677 3208 quia
2710 3139 2761 3191 in
2788 3137 2904 3205 ipso
2925 3142 3052 3189 sunt
3078 3133 3280 3196 omnia,
3305 3140 3358 3185 et
3386 3130 3620 3183 exterior

2041 3235 2188 3290 omni
2215 3248 2295 3297 re,
2328 3232 2449 3302 quia
2475 3233 2590 3300 ipse
2616 3237 2698 3283 est
2724 3243 2885 3295 super
2914 3224 3114 3280 omnia.
3151 3223 3282 3276 Item
3308 3221 3454 3275 nullo
3488 3228 3622 3273 tem-

2043 3343 2194 3399 pore,
2219 3323 2500 3381 intervallo
2520 3324 2600 3375 vel
2629 3321 2824 3390 spatio,
2850 3314 3269 3372 incommutabili
3297 3311 3617 3372 mternitale,

2045 3428 2099 3473 et
2128 3415 2395 3484 antiquior
2422 3424 2504 3467 est
2533 3412 2807 3473 omnibus,
2850 3407 2973 3478 quia
3004 3407 3118 3475 ipse
3146 3412 3231 3460 est
3257 3412 3380 3457 ante
3421 3401 3622 3465 omnia,

2047 3520 2101 3566 et
2128 3508 2316 3563 norior
2363 3507 2636 3569 omnibus,
2668 3502 2785 3572 quia
2820 3501 2960 3555 idem
2988 3499 3102 3568 ipse
3146 3505 3228 3551 est
3266 3504 3385 3564 post
3423 3494 3623 3548 omnia.

2048 3603 2387 3670 QuaprOpter
2429 3612 2551 3651 cum
2579 3594 2823 3648 audimus
2850 3591 3117 3645 dicentem
3150 3586 3481 3654 Scripturam
3519 3602 3530 3638 :
3564 3584 3627 3637 Et

2049 3692 2309 3762 praecepit
2339 3690 2595 3742 Dominus
2628 3686 2766 3739 Deus
2787 3681 2918 3737 Atla:
2944 3680 3129 3734 dicens
3155 3696 3168 3730 :
3205 3676 3285 3731 Ab
3313 3677 3457 3730 omni
3484 3674 3627 3744 ligno

2051 3785 2191 3856 quod
2223 3793 2306 3838 est
2337 3783 2387 3836 in
2420 3778 2665 3849 paradiso
2695 3789 2817 3830 esca
2848 3772 2997 3835 edes,
3029 3770 3101 3824 de
3143 3768 3285 3837 ligno
3330 3775 3508 3820 autem
3539 3779 3630 3817 eo-

2052 3874 2343 3948 gnosceudi
2384 3874 2580 3927 bonum
2621 3880 2675 3923 et
2722 3866 2959 3929 malum,
2992 3877 3097 3916 non
3143 3856 3532 3915 manducabitis
3564 3856 3630 3907 de

2056 3945 2147 4023 illo
2177 3988 2191 4022 :
2221 3982 2323 4035 qua
2379 3964 2468 4018 die
2497 3968 2673 4016 autem
2719 3956 2939 4013 ederitis
2979 3956 3045 4007 ab
3089 3967 3177 4018 eo,
3227 3957 3401 4004 morte
3431 3945 3629 3999 morie-

2058 4059 2208 4114 mini.
2236 4058 2293 4113 Si
2325 4054 2543 4109 modum
2574 4049 2866 4120 quaerimus
2895 4043 3163 4114 quomodo
3192 4041 3295 4095 ista
3327 4040 3535 4093 locutus
3563 4037 3634 4089 sit

2059 4151 2224 4215 Deus,
2256 4147 2451 4201 modus
2494 4142 2711 4212 quidem
2740 4140 2855 4208 ipse
2881 4151 2909 4189 a
2948 4135 3102 4189 nobis
3150 4129 3363 4201 prOprie
3388 4136 3634 4194 compre-

2062 4238 2221 4293 hendi
2245 4251 2350 4291 non
2382 4242 2576 4303 potest.
2606 4229 2919 4285 Certissime
2949 4235 3125 4279 tamen
3153 4231 3337 4277 tenere
3374 4219 3634 4273 debemus

2063 4333 2254 4395 Deum,
2275 4338 2367 4384 aut
2398 4341 2493 4397 per
2522 4340 2672 4381 suam
2701 4318 3053 4378 substantiam
3080 4317 3245 4386 loqui,
3277 4323 3365 4369 aut
3412 4327 3508 4382 per
3537 4309 3637 4365 sibi

1987 4402 2038 4462 D
2065 4421 2332 4478 subditam
2364 4424 2683 4479 creaturam,
2717 4411 2811 4467 sed
2848 4425 2943 4481 per
2969 4407 3321 4463 substantiam
3352 4416 3503 4456 suam
3532 4416 3639 4453 non

2067 4516 2235 4584 loqui,
2262 4511 2364 4567 nisi
2390 4510 2456 4564 ad
2486 4505 2744 4564 creandas
2771 4516 2960 4559 omnes
2987 4507 3202 4553 naturas
3226 4512 3240 4561 ;
3273 4494 3340 4548 ad
3372 4491 3640 4561 Spiritales

2070 4582 2200 4663 vero
2242 4615 2401 4673 atque
2430 4596 2816 4654 intellectuales
2859 4609 2962 4647 non
3006 4590 3180 4644 solum
3222 4584 3503 4646 creandas,
3548 4582 3642 4637 sed

2070 4701 2230 4757 etiam
2278 4689 2681 4753 illuminandas,
2708 4700 2828 4740 cum
2870 4685 2977 4751 jam
3012 4686 3234 4750 possunt
3276 4689 3470 4743 capere
3498 4673 3647 4727 locu-

2072 4794 2272 4847 tionem
2302 4788 2438 4856 ejus,
2464 4780 2636 4849 qualis
2662 4786 2745 4833 est
2766 4776 2817 4829 iu
2844 4773 3019 4828 Verbo
3046 4770 3163 4839 ejus
3191 4766 3333 4836 quod
3360 4765 3409 4818 in
3442 4763 3644 4833 princi-

2073 4884 2162 4953 pio
2190 4888 2306 4935 erat
2332 4852 2474 4945 apud
2498 4872 2686 4934 Deum,
2716 4876 2769 4921 et
2797 4865 2938 4918 Deus
2965 4870 3081 4916 erat
3106 4857 3360 4922 Verbum,
3382 4869 3478 4924 per
3507 4852 3649 4922 quod

2072 4950 2209 5027 iacta
2249 4976 2375 5024 sunt
2398 4962 2598 5019 omnia.
2643 4958 2753 5011 lllis
2803 4964 2982 5007 autem
3029 4950 3117 5020 qui
3150 4962 3267 5003 eam
3312 4957 3505 5013 capere
3542 4956 3650 4994 non

2075 5068 2299 5133 possunt
2336 5071 2456 5112 cum
2499 5048 2732 5120 loquitur
2764 5031 2926 5109 Deus,
2951 5056 3057 5097 non
3091 5039 3194 5094 nisi
3228 5052 3321 5107 per
3349 5041 3645 5089 creaturam

2077 5122 2333 5223 loquitur,
2359 5155 2449 5201 aut
2471 5138 2842 5198 tantummodo
2862 5134 3177 5205 spiritalem,
3209 5131 3321 5183 sive
3352 5128 3402 5179 iu
3425 5122 3650 5183 somnis,

2080 5248 2199 5303 sive
2216 5246 2267 5297 in
2291 5240 2511 5302 exstasi,
2526 5236 2578 5289 in
2602 5231 2952 5288 similitudine
2971 5240 3148 5283 rerum
3168 5216 3547 5285 corporalium,
3565 5220 3653 5264 aut

2075 5339 2236 5393 etiam
2264 5348 2357 5403 per
2376 5332 2606 5397 seipsam
2631 5324 2724 5399 [ιθ.
2752 5324 2788 5376 ι.
2818 5337 2911 5391 per
2939 5314 3130 5389 ipsam]
3150 5307 3505 5378 corporalem,
3527 5303 3653 5357 dum

2078 5430 2322 5486 sensibus
2337 5424 2600 5490 corporis,
2617 5398 2703 5474 vel
2727 5418 2900 5482 aliqua
2923 5410 3129 5480 species
3142 5410 3386 5474 apparet,
3402 5398 3484 5453 vel
3509 5398 3655 5451 inso-

2080 5530 2208 5579 nant
2225 5533 2399 5574 voces.
2419 5487 2473 5572 Si
2494 5527 2621 5582 ergo
2636 5511 2801 5565 Adam
2826 5505 2943 5559 talis
2965 5509 3084 5556 erat
3105 5509 3161 5552 ut
3180 5502 3359 5566 posset
3380 5505 3571 5561 capere
3586 5487 3658 5543 il-

2082 5616 2185 5670 lant
2202 5609 2521 5667 locutionem
2548 5602 2663 5668 Dei,
2678 5612 2834 5669 quam
2852 5591 3119 5649 mentibus
3132 5584 3385 5656 angelicis
3397 5597 3491 5653 per
3507 5591 3659 5637 suam

3182 5721 3256 5783 21
