3990 6180
427 220 431 225 ’
455 220 554 278 651

1490 216 1551 269 D.
1597 212 1918 270 EUGYPPH
1960 211 2250 267 ABBATIS
2300 211 2622 268 AFRICANI

3605 216 3696 270 ϐῖῖ

453 335 656 406 praebet
685 330 1034 387 substantiam
1055 369 1068 394 ,
1105 344 1209 383 non
1239 326 1585 381 dubitandum
1620 336 1700 381 est
1737 327 1876 395 quod
1916 325 2033 392 ejus
2063 327 2108 383 A
2140 325 2295 379 nibus
2310 327 2452 380 nasci
2469 325 3080 396 potuerint,quiaetpost
3096 326 3351 384 diluvium
3365 328 3696 399 quidamtatcs

452 437 685 483 mentem
719 442 813 495 per
839 433 1048 493 tempus
1074 424 1299 476 moverit
1324 420 1460 474 miro
1487 430 1542 474 et
1568 418 1824 472 ineffabili
1850 418 2028 481 modo,

454 535 560 574 non
593 517 886 584 motusipse
908 531 1002 583 per
1020 524 1253 580 tempus,
1295 514 1451 580 eique
1491 511 1670 580 utique
1696 515 1796 564 hoc
1817 510 2034 563 salubre

454 609 610 682 [utile
630 623 692 662 ac
717 603 955 676 salubre]
985 616 1307 673 przeceptum
1338 604 1579 657 veritatis
1605 603 1961 672 impresserit,
1979 611 2034 656 et

452 719 573 773 quae
589 700 966 772 transgressori
985 713 1142 769 poena
1157 698 1468 761 deberetur,
1485 712 1546 752 ea
1567 697 1679 765 ipsa
1696 695 2035 750 ineffabiliter

451 793 680 847 veritate
727 789 1124 853 monstraverit,
1168 789 1306 842 sicur
1335 787 1624 841 audiuntur
1665 787 1750 840 vel
1791 785 2037 839 videntur

453 884 632 936 omnia
663 881 801 935 bona
834 890 1101 948 prazcepta
1133 881 1185 933 in
1215 879 1330 948 ipsa
1362 876 1790 933 incommutabili
1823 877 2038 944 sapien-

453 975 546 1037 tia,
594 987 712 1041 quze
740 972 794 1026 in
845 971 1053 1026 animas
1084 980 1296 1024 sanctas
1344 984 1404 1023 se
1445 967 1698 1022 transfert
1743 981 1814 1020 ex
1860 967 2039 1036 aliquo

453 1072 716 1130 tempore,
748 1075 868 1114 cum
898 1059 1063 1126 ipsius
1093 1060 1270 1113 nullus
1301 1059 1370 1112 sit
1401 1053 1577 1112 motus
1606 1057 1658 1111 in
1683 1065 1945 1124 tempore.
1979 1057 2035 1111 Si

453 1163 630 1207 autem
656 1152 720 1205 ad
743 1167 863 1206 eum
891 1150 1106 1205 modum
1132 1149 1301 1204 Adam
1321 1149 1499 1218 justus
1521 1159 1637 1206 erat
1654 1191 1666 1213 ,
1687 1159 1745 1205 ut
1771 1151 1818 1205 ei
1847 1149 1914 1204 ad
1939 1149 2040 1204 hoc

455 1262 590 1315 Opus
617 1254 761 1300 esset
791 1245 1014 1298 alterius
1056 1253 1322 1297 creaturae
1351 1243 1637 1298 sanctioris
1668 1252 1722 1297 et
1749 1243 2041 1312 sapientio-

454 1336 532 1392 ris
551 1335 862 1402 auctoritas,
896 1347 990 1402 per
1011 1347 1168 1401 quam
1196 1341 1552 1400 cognosceret
1578 1331 1672 1386 Dei
1705 1333 2038 1388 voluntatem

453 1435 614 1496 atque
638 1425 958 1492 jussionem,
1000 1422 1139 1479 sicut
1177 1421 1333 1477 nobis
1377 1421 1680 1491 prophetae,
1722 1421 1864 1476 sicut
1906 1422 2042 1491 ipsis

455 1517 651 1588 angeli,
674 1529 770 1569 cur
799 1514 1130 1584 ambigamus
1156 1527 1250 1583 per
1272 1513 1505 1581 aliquam
1535 1512 1803 1583 ejusmodi
1827 1522 2043 1569 creatu-

455 1624 569 1664 ram
598 1609 644 1660 ci
670 1621 788 1661 esse
817 1606 1051 1659 locutum
1077 1605 1264 1670 Deum,
1297 1603 1491 1659 talibus
1517 1617 1708 1658 vocum
1734 1603 1904 1673 signis
1922 1619 2040 1674 qua:

2141 419 2304 474 fuisse
2323 421 2683 488 reperiuntur,
2704 429 2756 473 ct
2773 421 3013 488 quaedam
3032 435 3256 487 corpora
3282 420 3550 475 hominum
3576 421 3621 475 iu
3637 421 3698 475 ir.-

2139 511 2454 565 credibilem
2477 510 2695 565 modum
2711 510 2943 579 ingentia
2971 510 3165 566 nostris
3180 525 3388 581 quoque
3403 511 3698 580 temporibus

2139 602 2483 666 exstiterunt,
2516 618 2620 654 non
2649 601 2822 655 solum
2847 601 3110 667 virorum,
3130 603 3475 657 verumetiam
3507 605 3701 655 fontina-

2140 708 2281 747 rum.
2311 692 2460 748 Unde
2485 693 2795 748 credibilius
2822 703 2904 748 est
2933 694 3174 750 homines
3199 693 3396 764 justos,
3431 695 3700 764 appellatos

2149 788 2230 841 vel
2261 787 2482 855 angelos
2505 787 2587 840 vel
2617 787 2755 840 filios
2787 786 2906 854 Dei,
2939 787 3368 856 concupiscentia
3402 788 3569 856 lapsos
3595 804 3702 856 pec-

2139 891 2292 933 casse
2325 892 2447 932 cum
2480 877 2724 938 feminis,
2757 892 2917 946 quam
2949 878 3166 947 angelos
3213 893 3427 932 carnem
3475 893 3571 932 non
3618 880 3699 932 Ita-

2139 969 2326 1024 bentes
2355 985 2525 1039 usque
2547 970 2611 1024 ad
2637 970 2768 1024 illud
2799 980 3074 1039 peceatum
3111 971 3438 1027 descendere
3469 975 3698 1040 potuisse.

2140 1062 2394 1129 Quamvis
2422 1061 2490 1115 de
2520 1061 2837 1130 quibusdam
2869 1061 3204 1117 daemonibus
3233 1061 3324 1130 qui
3364 1061 3468 1115 sint
3497 1061 3700 1130 improbi

2144 1154 2462 1209 mulieribus
2484 1168 2512 1206 a
2537 1155 2722 1207 multis
2746 1163 2852 1207 tam
2875 1153 3042 1208 multa
3063 1153 3330 1216 dicantur,
3355 1162 3412 1205 ut
3437 1168 3534 1207 non
3565 1152 3702 1206 facile

2142 1247 2211 1300 sit
2239 1245 2408 1301 dehac
2440 1259 2499 1300 re
2527 1243 2830 1300 definienda
2862 1248 3127 1300 sententia
3152 1242 3237 1317 [ι.
3268 1243 3489 1300 delinire
3511 1254 3707 1300 scntcn-

2145 1336 2318 1408 tiam].

2696 1427 2925 1484 CAPUT
2963 1425 3178 1483 XLVII.

2145 1519 2224 1574 De
2251 1535 2372 1573 arca
2398 1519 2449 1573 Ν
2456 1536 2513 1574 oe
2536 1535 2554 1574 :
2581 1528 2751 1572 utrum
2779 1518 3028 1570 animalia
3054 1517 3229 1570 omnia
3259 1531 3371 1569 cum
3405 1515 3524 1568 escis
3552 1531 3704 1568 eorum

2217 1595 2353 1660 ferre
2375 1590 2615 1661 potuerit,
2639 1591 2702 1644 de
2724 1588 2900 1642 eodem
2925 1587 3280 1655 Quaestionum
3305 1587 3355 1640 in
3378 1585 3552 1640 Genesi
3573 1585 3703 1638 libro.

456 1701 752 1769 intelligere
785 1697 1008 1768 posset?
1042 1696 1174 1751 lllud
1200 1696 1344 1751 enim
1376 1697 1518 1766 quod
1566 1705 1752 1765 postea
1781 1695 2040 1765 scriptum
2071 1694 2118 1752 Β
2218 1703 2294 1759 De
2323 1717 2446 1757 arca
2491 1701 2605 1757 Noe
2647 1700 2812 1771 quaeri
2845 1699 2985 1753 solet
3025 1705 3204 1753 utrum
3252 1704 3396 1752 tanta
3442 1696 3704 1765 capacitatc

463 1803 568 1858 est,
601 1807 722 1846 cum
754 1798 1085 1859 peccassent,
1117 1802 1210 1843 eos
1237 1787 1451 1844 audisse
1479 1802 1669 1843 vocem
1702 1788 1912 1842 Domini
1946 1787 2038 1842 Dei

456 1886 815 1941 ambulantem
847 1881 940 1955 [F.
967 1880 1309 1951 ambulantis]
1341 1881 1394 1934 in
1437 1880 1684 1950 paradiso
1708 1921 1724 1948 ,
1770 1881 1894 1951 quia
1931 1895 2036 1934 non

459 1991 557 2045 per
580 1975 751 2043 ipsam
780 1971 871 2024 Dei
895 1970 1276 2034 substantiam,
1297 1968 1394 2024 sed
1413 1983 1508 2038 per
1529 1969 1798 2024 subditam
1819 1971 1866 2024 ei
1891 1984 2040 2024 crea-

458 2077 630 2118 turam
666 2064 860 2116 factum
891 2071 1004 2126 est,
1038 2061 1188 2116 nullo
1215 2059 1375 2114 modo
1397 2059 1607 2114 dubitat
1638 2061 1729 2130 qui
1760 2061 1918 2114 tidem
1948 2075 2038 2115 ca-

460 2155 708 2208 tholicam
730 2151 891 2220 sapit.
911 2151 989 2206 Ab
1007 2151 1106 2205 hoc
1125 2150 1266 2207 enim
1288 2159 1345 2203 et
1367 2149 1638 2217 aliquanto
1666 2150 1822 2204 latius
1849 2150 1913 2204 de
1939 2151 2040 2204 hac

459 2241 811 2300 rc‘disserere
838 2243 1001 2307 volui,
1027 2243 1148 2312 quia
1175 2241 1418 2296 nonnulli
1443 2241 1682 2296 haeretici
1711 2242 2040 2312 putantsub-

460 2338 709 2390 stantiam
743 2335 860 2390 Filii
891 2335 1008 2402 Dei,
1036 2333 1182 2389 nullo
1203 2343 1481 2404 assumpto
1505 2349 1751 2404 corpore,
1778 2350 1872 2403 per
1900 2335 2040 2404 seip-

461 2443 574 2483 sam
597 2443 716 2483 esse
737 2427 1024 2494 visibilem,
1045 2435 1098 2481 et
1125 2426 1244 2482 ideo
1273 2436 1557 2496 antequam
1587 2442 1651 2480 ex
1684 2426 1894 2496 virgine
1918 2440 2040 2481 cor-

465 2533 562 2588 pus
587 2519 874 2588 acciperet,
899 2518 1071 2588 ipsum
1107 2518 1278 2571 visum
1309 2531 1432 2572 esse
1455 2517 1694 2586 patribus
1716 2517 2038 2586 opinantur,

466 2619 717 2681 tanquam
747 2610 814 2665 de
845 2611 960 2665 solo
984 2611 1093 2666 Deo
1123 2610 1280 2666 Patre
1310 2610 1513 2666 dictum
1545 2611 1648 2678 sit,
1682 2612 1851 2678 Quem
1885 2626 2045 2668 nemo

465 2701 740 2757 hominum
771 2703 932 2770 vidit,
962 2717 1060 2758 nec
1088 2703 1270 2758 videre
1304 2711 1512 2773 potest,
1545 2704 1668 2774 quia
1699 2702 1864 2759 Filius
1899 2704 2046 2760 visus

466 2793 536 2847 sit
582 2805 707 2849 ante
748 2804 1023 2865 acceptam
1067 2794 1209 2850 servi
1247 2795 1508 2862 formam,
1540 2795 1698 2850 etiam
1733 2810 1829 2865 per
1875 2796 2045 2866 ipsam

466 2885 818 2941 substantiam
844 2901 1029 2953 suam;
1060 2901 1181 2956 qua:
1209 2887 1459 2958 impietas
1491 2887 1676 2957 procul
1706 2901 1737 2940 a
1767 2887 2045 2944 catholicis

468 2980 736 3034 mentibus
765 2977 1072 3048 repellenda
1101 2990 1204 3034 est.

992 3093 1100 3162 39
1137 3091 1362 3148 CAPUT
1401 3094 1562 3151 va.

469 3182 550 3238 De
578 3183 852 3253 quaestione
876 3201 1136 3308 annorun‘ti
1153 3185 1569 3309 ﬂammatae,“
1587 3186 1678 3242 lib.
1706 3187 2052 3254 Quccstionnm

1140 3270 1166 3309 e
1259 3272 1416 3309 enest.

1140 3270 1166 3309 8
1211 3270 1416 3310 ueneat.

545 3347 725 3414 Qttzeri
757 3347 895 3402 solet
941 3348 1212 3417 quomodo
1255 3349 1606 3405 Mathusalem
1638 3351 1928 3406 secundum
1959 3367 2054 3406 an-

396 3493 398 3498 _
467 3452 666 3492 norum
689 3438 1142 3507 computationem
1160 3440 1344 3495 vivere
1375 3449 1495 3507 post
1515 3442 1770 3496 diluvium
1798 3444 2052 3512 potuerit,

475 3520 594 3585 cum
625 3544 812 3583 omnes
843 3537 1035 3597 praeter
1061 3546 1154 3585 eos
1181 3532 1267 3601 qui
1294 3531 1344 3584 in
1370 3546 1545 3584 arcam
1572 3533 1794 3602 ingressi
1818 3545 1941 3588 sunt
1966 3551 2055 3604 pe-

475 3620 632 3674 riisse
664 3619 950 3674 dicantur?
972 3619 1078 3675 Sed
1098 3622 1233 3675 hanc
1260 3621 1612 3690 quaestionem
1648 3622 1875 3691 pluriutn
1904 3625 2054 3678 codi-

477 3727 599 3764 cum
642 3710 969 3767 mcudositas
999 3712 1224 3780 peperit.
1277 3712 1391 3767 Non
1419 3713 1590 3766 solum
1623 3715 1821 3782 quippe
1851 3716 1902 3769 in
1954 3716 2058 3771 ile-

474 3801 634 3857 brzeis
663 3802 820 3857 aliter
864 3803 1154 3869 invenitur,
1211 3805 1562 3858 verumctiam
1614 3806 1663 3858 in
1711 3805 2057 3876 Septuaginta

475 3895 919 3964 interpretatione
941 3896 1310 3961 Mathusalem,
1336 3899 1386 3952 in
1411 3897 1687 3953 codicibus
1720 3899 2060 3966 paucioribus

476 3990 570 4045 sed
594 3991 994 4056 vcracioribus,
1027 4005 1121 4044 sex
1149 4004 1319 4045 annos
1344 3999 1469 4047 ante
1499 3990 1753 4047 diluvium
1792 3994 2062 4062 reperitur

477 4085 646 4142 fuisse
675 4084 977 4140 defunctus.

1040 4220 1267 4279 CAPUT
1310 4221 1490 4276 XLVI.

481 4316 556 4370 De
579 4333 637 4370 eo
664 4317 800 4381 quod
829 4315 1074 4383 scriptum
1104 4323 1197 4375 est,
1228 4312 1436 4382 angelos
1462 4310 1562 4383 Dei
1591 4326 1706 4383 cum
1734 4309 1936 4383 ﬁliabus
1965 4309 2062 4383 Ito-

549 4389 742 4508 ?‘u'mun
774 4381 1120 4449 concubuisse,
1160 4401 1222 4438 ea:
1244 4381 1422 4437 eodem
1451 4381 1576 4435 libro
1612 4381 1964 4445 Qua'stiunum
2000 4382 2063 4433 de

567 4473 754 4508 senest.

567 4473 754 4510 senest.

553 4548 681 4599 ltcm
707 4547 956 4616 quarritur
977 4543 1425 4614 quemadmodum
1453 4544 1721 4611 potuerint
1740 4543 1911 4612 angeli
1939 4558 2060 4598 cum

481 4637 973 4690 ﬁliabushominttm
998 4636 1373 4695 concumbere,
1391 4635 1532 4688 unde
1548 4635 1786 4703 gigantes
1803 4634 1911 4688 nati
1938 4649 2060 4688 esse

481 4727 867 4793 perhibentur,
902 4729 1144 4794 quamvis
1195 4722 1437 4778 nonnulli
1468 4734 1519 4777 et
1572 4722 1744 4776 Latini
1785 4731 1840 4778 et
1887 4722 2059 4777 (ἶναξοί

479 4815 716 4879 Codices,
755 4831 858 4869 non
891 4816 1110 4884 angelos
1155 4815 1406 4878 habeant,
1450 4813 1543 4867 sed
1582 4813 1721 4867 ﬁlios
1763 4813 1892 4870 Dei.
1927 4826 2062 4880 quos

481 4897 814 4977 quitlam,'ad
839 4906 1148 4960 solvendam
1179 4907 1333 4960 iatam
1365 4907 1736 4976 quaestionem,
1761 4905 1935 4975 justos
1965 4905 2061 4958 ho-

480 5001 653 5054 mines
683 4996 848 5052 fuisse
879 4994 1243 5060 crediderunt,
1274 4996 1363 5065 qui
1397 5003 1684 5064 potuerunt
1712 4996 1873 5049 etiam
1905 5009 2064 5064 auge-

481 5093 658 5147 lorum
703 5092 919 5144 nomine
963 5088 1278 5155 nuncupari.
1322 5087 1454 5143 Nam
1490 5088 1558 5142 de
1591 5087 1808 5142 homine
1861 5087 2064 5141 Joanne

481 5186 738 5250 scriptum
765 5191 847 5235 est
875 5198 888 5234 :
915 5178 1056 5233 Ecce
1073 5181 1228 5231 mitto
1249 5179 1494 5248 angelum
1519 5195 1696 5234 meum
1721 5189 1845 5233 ante
1874 5177 2061 5232 fat-ium

484 5285 648 5341 tuam,
665 5273 754 5345 qui
774 5270 1095 5343 prmparabit
1114 5274 1250 5323 viam
1271 5279 1435 5324 tuam.
1453 5270 1560 5326 Sed
1589 5273 1688 5325 hoc
1710 5281 1906 5335 movet,
1928 5285 2063 5338 quo-

484 5367 748 5422 modoch
774 5382 839 5418 ex
859 5363 1131 5418 hominum
1149 5360 1432 5416 concubitu
1453 5361 1561 5414 nati
1585 5361 1687 5414 sint
1702 5362 1962 5430 gigantes,
1981 5361 2061 5414 vel

485 5459 698 5514 feminis
731 5456 942 5512 misceri
969 5455 1257 5525 potuerint,
1287 5455 1332 5509 si
1361 5468 1469 5508 non
1503 5452 1746 5508 homines
1771 5454 1864 5507 sed
1888 5453 2060 5521 auge'i

487 5550 723 5604 fuerunt.
755 5549 858 5605 Sed
883 5549 950 5604 de
979 5547 1301 5619 gigantibus,
1336 5547 1386 5602 id
1418 5555 1501 5602 est
1531 5545 1750 5600 nimium
1773 5546 2063 5616 grandibus

490 5650 647 5710 atque
666 5641 908 5708 fortibus,
926 5651 1050 5711 puto
1073 5656 1176 5696 non
1191 5653 1308 5700 esse
1331 5639 1631 5696 mirandum
1657 5639 1792 5709 quod
1819 5655 1881 5694 cx
1906 5639 2069 5694 homi-

2143 1801 2339 1864 quauta
2382 1791 2705 1847 describitur
2743 1789 2993 1844 animalia
3037 1788 3219 1842 omnia
3258 1801 3377 1857 quae
3406 1787 3457 1840 in
3487 1802 3596 1842 eam
3636 1787 3705 1839 itt-

2140 1900 2327 1956 gressa
2353 1885 2608 1939 dicuntur
2630 1889 2686 1938 et
2713 1895 2869 1937 escas
2896 1895 3081 1934 eorum
3107 1880 3251 1934 ferre
3274 1877 3520 1948 potuerit.
3556 1876 3704 1942 Quam

2149 1977 2508 2048 qumstionem
2530 1975 2713 2029 cubito
2743 1973 3072 2044 geometrico
3094 1971 3258 2026 solvit
3284 1970 3553 2040 Origenes,
3580 1983 3705 2022 asse-

2141 2081 2266 2124 rens
2321 2080 2426 2121 non
2490 2065 2690 2120 frustra
2739 2063 3070 2133 SCIipturam
3121 2062 3324 2116 dixisse
3367 2060 3504 2130 quod
3550 2059 3702 2115 Moses

2151 2158 2294 2212 omni
2323 2157 2583 2226 sapientia
2610 2154 2983 2226 Egyptiorum
3012 2154 3171 2208 fuerit
3196 2153 3464 2216 eruditus,
3487 2151 3566 2220 qui
3589 2165 3703 2217 geo-

2154 2251 2431 2305 metricam
2475 2249 2799 2303 dilexerunt.
2831 2247 3088 2302 Cubitum
3128 2255 3312 2299 autem
3355 2244 3700 2313 geometricum

2144 2345 2276 2401 dicit
2303 2351 2509 2398 tantum
2554 2342 2755 2410 valere,
2798 2351 3052 2412 quantum
3084 2349 3269 2394 nostra
3299 2337 3471 2393 cubita
3501 2351 3584 2390 scx
3623 2347 3700 2386 va-

2148 2437 2284 2492 lent.
2317 2434 2374 2490 Si
2399 2448 2529 2506 ergo
2560 2443 2666 2488 tam
2711 2447 2901 2503 magna
2932 2431 3106 2487 cubita
3159 2429 3544 2500 intelligebaut,
3576 2426 3701 2482 nulla

2150 2528 2377 2599 quaestio
2409 2537 2495 2584 est
2533 2537 2696 2583 tanta:
2723 2527 3034 2598 capacitatis
3061 2542 3248 2584 arcam
3279 2507 3522 2582 fuisse'ut
3550 2530 3703 2594 posset

2151 2619 2242 2676 illa
2271 2617 2448 2676 omnia
2481 2619 2779 2675 continere.

2683 2755 2912 2813 CAPUT
2952 2755 3194 2812 XLVIII.

2154 2853 2306 2922 Quod
2337 2851 2638 2922 recogitatio
2665 2850 2762 2904 Dci
2798 2849 3168 2922 mutandarum
3195 2862 3364 2900 rerum
3394 2845 3457 2899 sit
3493 2844 3702 2922 inuitata:

2225 2925 2340 2978 bilis
2366 2913 2522 2990 ratio,
2550 2931 2598 2975 et
2622 2924 2682 2975 de
2709 2936 2946 2975 mensura
2963 2933 3098 2972 aret:
3123 2919 3181 2970 in
3204 2934 3304 2986 qua
3325 2926 3519 2990 propter
3539 2913 3704 2990 Christi

2228 3010 2414 3062 corpus
2437 2981 2765 3064 probabiliter
2792 2992 2997 3044 metitur
3025 2981 3335 3053 humanum,
3354 2981 3552 3041 exilibro
3574 2998 3630 3037 xv
3652 2981 3705 3034 ds

2076 3065 2122 3128 C
2227 3063 2444 3120 Civitate’
2467 3063 2582 3118 Dei.

2230 3178 2299 3234 Et
2324 3177 2636 3248 recogitavit
2659 3175 2862 3231 etdixit
2878 3175 3038 3229 Deus:
3060 3173 3279 3229 Deleam
3300 3171 3554 3226 hominem
3571 3181 3703 3237 quem

2159 3270 2260 3326 feci
2288 3284 2317 3322 a
2349 3269 2482 3324 faeie
2530 3277 2711 3334 terrre,
2741 3267 2809 3322 ab
2839 3265 3057 3320 homine
3098 3280 3272 3336 usque
3299 3263 3362 3318 ad
3409 3276 3579 3332 pecus,
3613 3267 3704 3312 eta

2159 3359 2472 3429 repentibus
2500 3372 2669 3428 usque
2697 3357 2764 3412 ad
2809 3356 3046 3411 volatilia
3077 3356 3228 3420 eteli,
3262 3353 3380 3423 quia
3427 3353 3581 3406 iratus
3606 3360 3703 3400 sum

2160 3451 2411 3520 quoniam
2445 3448 2546 3503 feci
2574 3463 2690 3503 eos.
2717 3446 2795 3502 lra
2818 3446 2912 3502 Dei
2937 3461 3042 3501 non
3075 3446 3409 3516 perturbatio
3438 3439 3584 3496 animi
3610 3439 3706 3506 ejus

2162 3548 2261 3605 est,
2295 3537 2388 3594 sed
2411 3536 2670 3606 judicium
2694 3551 2803 3606 quo
2831 3536 3096 3605 irrogatur
3125 3549 3285 3603 poena
3317 3541 3544 3604 peccato.
3575 3526 3707 3596 Cogi-

2161 3629 2293 3682 tatio
2316 3643 2442 3683 vero
2473 3626 2584 3695 ejus
2616 3627 2980 3697 irrecogitatio
3008 3624 3082 3696 [et
3111 3619 3444 3695 recogitatio]
3467 3616 3706 3675 mutanda-

2163 3737 2281 3774 rum
2300 3735 2480 3775 rerum
2502 3727 2586 3773 est
2601 3718 2950 3774 immutabilis
2969 3718 3126 3772 ratio.
3145 3717 3330 3787 Neque
3345 3716 3480 3770 enim
3497 3711 3620 3767 sicut
3634 3708 3706 3761 ho-

2164 3815 2385 3880 minem,
2404 3813 2480 3868 ita
2493 3812 2660 3867 Deum
2675 3811 2991 3882 cujusquam
3009 3810 3130 3865 facti
3145 3811 3229 3866 sui
3248 3809 3480 3880 pteuitet,
3495 3805 3708 3874 cujusest

2165 3906 2234 3961 de
2259 3904 2511 3960 omnibus
2537 3903 2757 3960 omnino
2803 3903 2964 3957 rebus
2995 3910 3102 3955 tam
3133 3903 3239 3956 lixa
3270 3896 3543 3962 sententia,
3573 3906 3706 3964 quant

2164 4006 2312 4052 certa
2331 3995 2690 4066 prtescientia.
2718 3992 2826 4049 Sed
2856 3993 2903 4048 si
2926 4008 3033 4047 non
3059 3999 3241 4047 utatur
3255 3991 3516 4060 Scriptura
3545 3985 3708 4040 talibus

2168 4087 2373 4153 verbis,
2390 4100 2496 4142 non
2515 4100 2575 4140 se
2596 4081 2990 4154 quodammodo
3006 4081 3322 4135 familiarius
3344 4079 3565 4134 insinuat
3583 4069 3708 4144 [insi-

2168 4178 2375 4250 nuabit]
2399 4180 2542 4234 omni
2563 4178 2747 4246 generi
2772 4177 3046 4230 hominum
3065 4173 3259 4242 quibus
3275 4172 3385 4227 vult
3400 4184 3511 4225 esse
3525 4161 3708 4220 consul-

2170 4281 2304 4336 tum,
2322 4279 2380 4324 ut
2402 4277 2684 4339 prtetereat
2711 4265 2837 4341 [Εά.
2861 4264 3017 4332 Rem,
3044 4275 3101 4319 ut
3123 4274 3179 4320 et
3212 4257 3519 4334 perterreat]
3545 4267 3708 4322 super-

2169 4363 2396 4429 bientes,
2428 4372 2481 4417 et
2497 4362 2689 4416 excitet
2711 4359 3065 4430 negligentes,
3081 4367 3136 4412 et
3152 4367 3400 4412 exerceat
3421 4356 3708 4420 qtuerente=.

2091 4439 2142 4497 D
2166 4466 2219 4509 et
2240 4455 2345 4508 alat
2369 4453 2751 4522 intelligentes,
2772 4451 2913 4521 quod
2933 4465 3038 4503 non
3061 4448 3283 4513 faceret,
3308 4448 3351 4500 si
3375 4460 3474 4499 non
3503 4457 3558 4494 se
3586 4438 3709 4506 prius

2168 4544 2472 4609 inclinaret,
2501 4554 2554 4598 et
2576 4541 2975 4612 quodammodo
2998 4540 3353 4594 descenderet
3387 4535 3450 4590 ad
3479 4534 3707 4600 jacentes.

2166 4635 2314 4702 Quod
2335 4645 2509 4688 autem
2527 4634 2688 4686 etiam
2712 4634 2983 4687 interitum
2999 4631 3239 4686 omnium
3255 4627 3552 4682 animalium
3568 4632 3708 4673 terre-

2167 4744 2358 4783 norum
2376 4726 2778 4794 volatiliumque
2800 4725 3103 4788 denuntiat,
3120 4718 3524 4791 magnitudinem
3545 4714 3708 4764 futurae

2167 4818 2331 4872 cladis
2360 4817 2582 4881 edatur,
2620 4831 2725 4869 non
2770 4813 3133 4868 animantibus
3173 4809 3392 4866 rationis
3435 4799 3710 4872 expertibus

2170 4918 2423 4978 tauquam
2467 4919 2522 4963 et
2552 4907 2666 4974 ipsa
2716 4906 3057 4977 peccaverint
3083 4905 3314 4959 minatur
3355 4900 3579 4954 exitium.
3608 4889 3707 4944 Jam

2170 5017 2300 5055 vero
2325 5000 2466 5070 qttod
2490 5000 2600 5054 Noe
2623 4999 2821 5054 homini
2846 4997 3016 5068 justo,
3042 5007 3096 5052 et
3115 4997 3251 5050 sicut
3270 4993 3337 5048 de
3360 4991 3445 5045 illo
3466 4985 3707 5051 Scriptura

2173 5094 2404 5149 veridica
2438 5094 2692 5164 loquitur,
2736 5094 2787 5146 in
2817 5106 2911 5146 sua
2955 5091 3298 5160 generatione
3337 5081 3584 5152 perfecto,
3615 5085 3704 5164 non

2173 5185 2356 5253 utique
2381 5160 2523 5240 sicut
2545 5160 2854 5253 perficiendi
2881 5189 3004 5235 sunt
3025 5181 3168 5234 cives
3194 5175 3424 5232 civitatis
3448 5168 3535 5224 Dei
3563 5167 3607 5220 in
3631 5160 3704 5214 illa

2176 5276 2577 5332 immortalitate
2607 5291 2710 5345 qua
2734 5275 3090 5345 atquabuntur
3115 5271 3317 5341 angelis
3341 5265 3453 5330 Dei,
3477 5260 3563 5317 sed
3589 5255 3704 5310 sicut

2171 5383 2290 5422 esse
2323 5367 2491 5436 potuit
2521 5363 2787 5438 [possunt]
2818 5367 2870 5420 in
2917 5367 3014 5419 hac
3053 5359 3472 5434 peregrinatione
3502 5347 3704 5421 perfecto

2173 5455 2463 5530 [perfecti],
2489 5459 2558 5511 im
2569 5470 2712 5525 perat
2732 5457 2870 5512 Deus
2884 5468 2938 5510 ut
2957 5471 3133 5510 arcam
3159 5453 3333 5514 faciat,
3350 5449 3399 5502 in
3417 5457 3509 5516 qua
3536 5439 3702 5512 [Supp-

2174 5545 2317 5617 cum]
2343 5549 2472 5612 suis,
2504 5549 2553 5602 id
2578 5558 2658 5601 est
2685 5563 2873 5613 tutore,
2905 5556 2958 5602 et
2986 5545 3138 5612 ﬁliis,
3171 5552 3226 5599 et
3254 5537 3493 5598 nuribus,
3522 5537 3572 5584 et
3601 5535 3702 5626 etim

2173 5640 2487 5695 animalibus
2507 5653 2624 5709 quac
2645 5639 2707 5692 ad
2728 5639 2876 5693 illum
2895 5653 2957 5693 ex
2978 5637 3066 5692 Dei
3092 5640 3360 5706 praecepto
3379 5629 3427 5684 in
3449 5632 3611 5681 arcam
3633 5628 3702 5669 tn-
