3974 6184
293 327 396 381 653

288 534 555 602 ﬁguraest
570 528 972 599 peregrinantis
988 526 1040 579 in
1056 526 1160 578 hoc
1173 522 1370 577 smculo
1383 518 1619 574 civitatis
1633 516 1745 583 Dei,
1761 517 1864 570 hoc

283 634 367 679 est
390 623 797 689 Ecclesiaequte
821 619 880 672 lit
897 620 1039 673 salva
1057 632 1154 686 per
1170 616 1377 686 lignum
1406 614 1458 665 in
1480 626 1590 680 quo
1609 609 1866 680 pependit

284 716 558 771 mediator
575 715 670 769 Dei
690 724 745 768 et
762 713 1065 773 hominum,
1085 710 1249 762 homo
1267 706 1427 761 Jesus
1440 704 1711 758 Christus.
1728 702 1864 755 Nam

281 820 336 863 ει
355 823 630 862 mensurae
646 807 776 876 ipsa:
795 803 1173 873 longitudinis,
1192 808 1248 853 et
1263 798 1594 859 altitudinis,
1610 794 1865 863 ejuslati-

284 898 494 953 tudinis
510 899 560 952 ei
580 897 724 968 [F.et
741 895 953 950 latitud.
975 892 1114 963 ejus]
1134 892 1442 962 signiﬁcant
1458 902 1657 956 corpus
1674 887 1867 940 huma-

281 1007 438 1054 num,
460 993 517 1044 in
539 990 700 1054 cujus
717 990 949 1043 veritate
997 986 1063 1040 ad
1084 985 1339 1039 homines
1360 981 1755 1052 pramuntiatus
1781 990 1864 1033 est

277 1080 546 1123 venturus
569 1077 625 1123 et
651 1069 821 1123 venit.
854 1069 1082 1123 Humani
1111 1071 1308 1138 quippe
1332 1070 1575 1137 corporis
1608 1070 1883 1139 longitudo

279 1173 303 1209 tt
330 1160 532 1212 vivrtice
556 1174 726 1228 usque
749 1159 814 1213 ad
844 1160 1061 1230 vestigia
1090 1160 1273 1213 sexies
1301 1170 1509 1214 tantum
1535 1160 1696 1213 habet
1722 1176 1880 1230 quam

284 1251 531 1315 latitudo,
568 1267 687 1320 quae
718 1263 800 1305 est
829 1253 894 1305 ab
926 1268 1032 1305 uno
1067 1252 1233 1307 latere
1263 1252 1329 1305 ad
1364 1251 1595 1306 alterum
1631 1254 1799 1317 latus,
1831 1261 1886 1305 et

286 1344 467 1394 decies
496 1351 704 1394 tantum
733 1341 937 1412 [quam]
963 1342 1207 1407 altitudo,
1237 1343 1390 1409 cujus
1417 1342 1715 1396 altitudinis
1737 1358 1887 1395 men-

286 1447 408 1483 sura
431 1443 515 1485 est
538 1432 591 1485 in
618 1432 811 1499 latere,
837 1449 865 1486 a
890 1435 1056 1488 dorso
1079 1433 1145 1487 ad
1169 1443 1434 1488 ventrem.
1459 1433 1619 1487 Velut
1640 1433 1685 1487 si
1702 1436 1886 1502 jacen-

290 1533 398 1578 tem
436 1525 711 1579 hominem
745 1527 986 1581 metiaris
1014 1525 1268 1596 supinum
1298 1540 1393 1581 seu
1425 1540 1678 1595 pronum,
1708 1528 1885 1580 sexies

288 1621 493 1670 tantum
526 1618 717 1687 longus
747 1627 829 1671 est
853 1659 869 1683 ,
900 1633 930 1671 a
960 1618 1133 1685 capite
1162 1615 1375 1689 [usque]
1401 1617 1467 1671 ad
1501 1617 1697 1687 pedes,
1728 1633 1887 1687 quam

290 1708 429 1760 latus
455 1724 482 1761 a
506 1709 696 1763 dextra
728 1709 781 1762 in
804 1709 1106 1769 sinistram,
1136 1709 1219 1763 vel
1246 1723 1277 1762 a
1300 1710 1516 1763 sinistra
1542 1710 1594 1763 in
1617 1709 1888 1775 dextram,

288 1807 342 1852 et
362 1797 546 1852 decies
574 1814 732 1867 quam
761 1798 899 1853 altus
925 1814 953 1852 a
980 1808 1143 1853 terra.
1172 1799 1326 1855 Unde
1350 1798 1485 1854 facta
1512 1809 1597 1855 est
1621 1815 1745 1879 arca
1776 1811 1887 1856 tre-
1919 1796 1966 1857 Β

290 1902 573 1944 centorum
603 1891 655 1944 in
687 1890 1023 1961 longitudine
1052 1892 1384 1959 cubitorum,
1409 1900 1465 1947 et
1494 1894 1878 1961 quinquaginta

290 1984 342 2038 in
369 1982 672 2045 latitudine,
696 1994 749 2037 et
774 1986 989 2052 triginta
1021 1985 1072 2037 in
1103 1984 1410 2050 altitudine,
1434 1995 1488 2039 et
1512 1984 1653 2054 quod
1683 1985 1879 2039 ostium

291 2077 344 2129 in
372 2077 543 2129 latere
566 2077 790 2145 accepit,
814 2076 1054 2145 profecto
1074 2076 1203 2131 illud
1225 2088 1307 2133 est
1326 2077 1537 2142 vulnus,
1561 2076 1776 2146 quando
1808 2079 1887 2131 la-

293 2178 377 2221 tus
398 2167 659 2220 Crucilixi
688 2168 869 2221 lancea
895 2169 1217 2236 perforatum
1242 2177 1344 2224 est.
1371 2168 1481 2223 Hae
1509 2169 1705 2238 quippe
1733 2168 1800 2222 ad
1826 2168 1889 2222 il-

291 2260 400 2314 lum
426 2260 706 2316 venientes
727 2261 1117 2331 ingrediuntur,
1140 2263 1263 2331 quia
1289 2262 1412 2317 inde
1428 2273 1761 2318 sacramenta
1787 2277 1890 2316 ma-

296 2362 500 2405 narunt
522 2353 714 2421 quibus
739 2352 1019 2408 credentes
1050 2354 1349 2409 initiantur.
1377 2355 1443 2408 Et
1470 2356 1610 2423 quod
1638 2355 1703 2409 de
1735 2352 1891 2423 lignis

294 2446 575 2513 quadratis
597 2444 709 2499 ﬁeri
729 2445 1216 2517 jubetur,undique
1237 2448 1481 2503 stabilem
1498 2449 1657 2502 vitam
1681 2457 1892 2503 sancto-

296 2552 416 2590 rum
449 2536 748 2605 signiﬁcat;
780 2552 1096 2606 quacunque
1124 2537 1267 2592 enim
1296 2538 1545 2605 verteris,
1574 2538 1888 2609 quadratum

294 2627 482 2691 stabit,
510 2637 563 2680 et
585 2637 781 2682 extera
803 2644 958 2697 qure,
985 2645 1106 2683 cum
1140 2631 1191 2684 in
1223 2629 1464 2700 ejusdem
1494 2647 1631 2687 arcae
1662 2642 1897 2687 constru-

295 2718 481 2772 ctione
511 2717 782 2785 dicuntur,
816 2721 1301 2776 ecclesiasticarum
1332 2723 1483 2792 signa
1529 2734 1652 2778 sunt
1686 2738 1889 2778 rerum.

296 2812 401 2865 Sel
431 2826 496 2864 ea
520 2826 663 2865 nunc
682 2813 926 2882 persequi
951 2814 1163 2883 longum
1196 2823 1301 2881 est,
1327 2814 1503 2870 ethoc
1524 2814 1637 2885 jam
1663 2815 1892 2871 fecimus

299 2906 351 2955 in
386 2918 556 2972 opere
580 2904 723 2971 quod
746 2904 1002 2960 adversus
1030 2905 1277 2959 Faustum
1303 2905 1650 2960 Manieltarum
1677 2906 1894 2975 scripsi-

298 3012 440 3065 mus,
473 3009 753 3068 negantem
784 2998 834 3051 in
869 2998 1217 3053 Hebraeorum
1247 2997 1399 3053 libris
1424 2998 1624 3067 aliquid
1650 2999 1717 3053 de
1742 2999 1897 3052 Chri-

299 3102 381 3147 sto
429 3106 552 3147 esse
593 3096 991 3163 prophetatum.
1020 3091 1091 3145 Et
1127 3091 1244 3146 fieri
1283 3091 1497 3160 quidem
1532 3099 1705 3159 potest
1750 3099 1808 3144 ut
1835 3098 1891 3144 et

302 3184 464 3237 nobis
487 3159 770 3252 quispiam,
794 3191 849 3237 et
870 3183 1007 3238 alius
1024 3184 1133 3237 alio
1154 3159 1389 3251 exponat
1415 3182 1528 3235 huic
1546 3183 1740 3251 aptius,
1766 3181 1894 3235 dum
1923 3159 1973 3225 ε

303 3284 487 3329 tamen
514 3290 575 3329 ea
603 3291 721 3343 quae
751 3276 1003 3329 dicuntur
1029 3274 1094 3328 ad
1128 3273 1265 3327 hanc
1286 3275 1353 3328 de
1383 3289 1483 3342 qua
1512 3274 1779 3342 loquimur
1802 3272 1895 3327 Dei

301 3370 603 3436 civitatem,
637 3369 688 3422 in
719 3369 822 3423 hoc
846 3371 1047 3423 saeculo
1077 3369 1310 3437 maligno
1335 3377 1583 3435 tanquam
1614 3368 1666 3421 in
1700 3367 1899 3421 diluvio

302 3460 758 3529 peregrinantem,
774 3461 951 3514 omnia
972 3458 1295 3524 referantur,
1316 3460 1359 3514 si
1379 3459 1447 3514 ab
1465 3460 1580 3529 ejus
1594 3458 1899 3532 [sensujqui

302 3550 403 3603 ista
434 3549 779 3618 conscripsit,
810 3567 917 3606 non
941 3552 1052 3605 vult
1077 3552 1233 3621 longe
1255 3552 1508 3607 aberrare
1527 3554 1615 3621 qui
1643 3552 1896 3621 exponit:

303 3641 534 3708 exempli
559 3642 752 3709 gratia,
767 3642 913 3695 velut
928 3640 972 3695 si
991 3643 1253 3711 quiSpiam
1269 3643 1407 3712 quod
1433 3643 1519 3696 hic
1535 3643 1793 3711 scriptum
1818 3655 1902 3698 est

312 3751 329 3782 ι
346 3729 531 3802 [arcae]
559 3731 807 3785 inferiora
832 3732 1153 3788 bicamerata
1168 3742 1221 3788 et
1238 3734 1570 3787 tricamerata
1589 3733 1753 3787 facies
1780 3748 1899 3787 eam

305 3822 413 3895 [ea]
437 3842 482 3885 ι,
511 3837 617 3876 non
641 3822 779 3891 quod
793 3838 895 3893 ego
918 3823 968 3876 in
994 3823 1087 3877 illo
1101 3839 1262 3890 opere
1282 3824 1392 3877 dixi
1412 3824 1491 3877 vel
1517 3823 1750 3876 intellexi
1770 3822 1897 3894 [Em

304 3913 458 3977 Ben.,
477 3914 607 3967 velit
629 3911 895 3983 intelligi],
912 3914 1034 3981 quia
1055 3928 1119 3967 ex
1142 3913 1388 3967 omnibus
1410 3911 1660 3982 gentibus
1677 3927 1902 3979 congre-

304 4016 461 4074 gatur
490 4004 752 4070 Ecclesia,
782 4004 1165 4059 bicameratam
1187 4004 1407 4066 dictam,
1441 4014 1653 4072 prepter
1680 4002 1784 4055 duo
1812 4018 1903 4069 ge-

307 4112 433 4151 nera
457 4097 759 4161 hominum,
778 4097 1240 4151 circumcisionem
1260 4095 1467 4150 scdicct
1484 4106 1537 4148 et
1556 4093 1896 4162 praeputium,

307 4190 449 4256 quod
481 4188 773 4255 Apostolus
805 4188 910 4243 alio
942 4189 1103 4242 modo
1132 4188 1296 4251 dicit,
1324 4187 1539 4242 Judseos
1563 4199 1618 4241 et
1658 4186 1898 4251 Graecos,

308 4284 713 4335 tricameratam
747 4296 896 4345 vero,
930 4296 997 4335 eo
1032 4280 1173 4351 quod
1202 4296 1389 4334 omnes
1419 4291 1604 4351 gentes
1635 4282 1702 4332 de
1733 4280 1902 4332 tribus

310 4372 434 4426 (iliis
466 4372 578 4426 Noe
612 4382 732 4439 post
754 4373 1011 4425 diluvium
1041 4384 1302 4441 reparata:
1333 4383 1456 4427 sunt
1482 4388 1496 4437 ;
1530 4371 1623 4426 sed
1652 4370 1791 4424 aliud
1822 4370 1903 4422 di-

309 4475 395 4518 cat
416 4465 619 4535 aliquid
650 4465 789 4534 quod
819 4464 922 4518 [ide
952 4465 1004 4537 [ει
1033 4463 1177 4535 lidei]
1206 4464 1384 4533 regula
1415 4479 1519 4518 non
1550 4463 1618 4517 sit
1643 4463 1898 4517 alienum.

323 4517 326 4518 7
658 4517 774 4534 τίν
866 4517 1346 4537 κυν
1463 4517 1470 4518 7

311 4555 445 4609 Nam
466 4558 719 4624 quoniam
748 4571 853 4609 non
874 4556 1015 4609 solas
1038 4556 1090 4609 in
1114 4556 1453 4609 inferioribus
1471 4553 1773 4608 mansiones
1794 4552 1903 4622 [3,0
1933 4527 1981 4585 D
2013 4517 2062 4584 pi

312 4646 512 4700 habere
535 4661 713 4700 aream
742 4649 929 4713 voluit,
952 4648 1301 4702 verunietiatn
1327 4650 1378 4701 in
1404 4647 1773 4717 superioribus
1803 4662 1817 4700 :
1847 4656 1903 4700 et

312 4738 429 4793 lucc
451 4738 585 4792 dixit
609 4739 960 4805 bicamerata,
986 4750 1042 4795 et
1068 4742 1118 4793 in
1145 4740 1515 4809 superioribus
1536 4740 1897 4808 superiorum,

310 4841 367 4885 et
422 4834 537 4885 haec
579 4831 871 4900 appellavit
921 4831 1283 4895 tricamerata,
1332 4841 1390 4884 ut
1435 4831 1503 4884 ab
1532 4830 1642 4884 imo
1685 4844 1896 4884 sursum

309 4940 502 4980 versus
559 4928 715 4980 tertia
783 4935 1131 4996 consurgeret
1189 4926 1484 4992 habitatio,
1543 4936 1764 4996 possunt
1815 4925 1901 4980 hic

311 5018 549 5086 intelligi
600 5029 653 5071 et
706 5018 803 5071 tria
859 5018 948 5071 illa
1005 5033 1124 5087 qua:
1180 5019 1524 5073 commendat
1570 5017 1900 5087 Apostolus,

312 5107 481 5169 ﬁdes,
532 5121 694 5176 Spes,
743 5106 1002 5162 cbaritas.
1048 5108 1277 5161 Possunt
1307 5110 1467 5161 etiam
1502 5108 1667 5161 multo
1709 5122 1905 5162 conve-

310 5202 551 5252 nientius
619 5207 728 5253 tres
780 5199 887 5253 illae
940 5201 1213 5253 ubertates
1262 5199 1614 5268 evangelica},
1670 5201 1903 5263 tricena,

310 5306 604 5359 sexagena,
629 5300 875 5355 centena,
902 5301 961 5343 ut
986 5292 1037 5343 in
1062 5290 1250 5343 inlimo
1273 5289 1472 5342 habitet
1501 5288 1751 5356 pudicitia
1774 5305 1903 5343 con-

304 5384 403 5451 jug
422 5384 525 5445 ilis,
552 5398 709 5450 supra
742 5381 991 5449 vidualis,
1018 5390 1177 5450 atque
1210 5382 1309 5435 hac
1336 5383 1584 5449 superior
1608 5380 1903 5448 virginalis,

309 5487 365 5528 et
386 5476 430 5527 si
461 5473 594 5543 quid
622 5474 813 5527 melius
854 5474 1151 5528 secundum
1185 5472 1343 5528 ﬁdem
1371 5472 1601 5528 civitatis
1630 5473 1790 5538 hujus
1821 5474 1904 5526 in-

312 5565 481 5631 telligi
524 5574 576 5616 et
613 5564 717 5617 dici
762 5575 958 5634 potest.
1006 5566 1117 5620 lloc
1144 5567 1304 5619 etiam
1334 5566 1403 5618 de
1431 5566 1643 5619 caateris
1674 5580 1791 5631 qua:
1823 5564 1909 5618 hic

310 5656 627 5720 exponenda
656 5666 779 5710 sunt
809 5657 1063 5725 dixerim,
1088 5657 1210 5726 quia
1236 5654 1337 5709 etsi
1368 5671 1471 5709 non
1503 5669 1608 5708 uno
1635 5653 1909 5707 disserun-

314 5760 401 5804 tur
425 5749 609 5813 modo,
633 5750 697 5802 ad
722 5766 881 5805 unam
908 5758 1082 5806 tamen
1106 5749 1387 5806 catholica:
1418 5748 1538 5805 tidei
1564 5749 1907 5804 concordiam

304 5838 614 5915 revocanda
644 5850 793 5895 sunt.

1626 324 1650 367 Δ
1666 310 2049 367 ΙΙΕδΑῌὶυδ.
2093 313 2242 368 CAP.
2284 314 2341 367 L.

288 457 470 513 gressa
490 446 642 502 sunt,
661 438 992 492 liberaretur
1008 432 1201 488 diluvii
1217 429 1486 487 vastitate.
1505 425 1864 496 proculdubio
1899 432 1947 487 Α

3454 315 3560 370 6ὅῶ

2537 429 2761 484 CAPUT
2813 428 2997 484 XLIX.

1983 571 2212 635 Qualiter
2242 568 2626 639 intelligendum
2656 569 2749 620 sit:
2781 567 2910 620 Ecce
2950 567 3109 620 Adam
3138 570 3302 639 [actus
3345 577 3418 621 est
3449 578 3562 622 tau-

2049 657 2202 707 quam
2234 657 2363 693 unus
2393 636 2455 693 ea:
2484 640 2649 703 nobis,
2682 655 2744 693 ex
2778 640 2908 692 libro
2942 655 2991 691 at
3022 645 3086 691 de
3120 636 3305 693 Genesi
3335 641 3402 691 ad
3433 641 3564 692 litte-

2051 728 2110 763 ra
2116 728 2164 764 ηι
2172 748 2187 763 .

2055 824 2122 879 Et
2148 827 2283 880 dixit
2316 828 2452 883 Dens
2474 844 2486 878 :
2509 827 2643 882 Ecce
2666 828 2833 882 Adam
2857 828 3025 882 lactus
3050 836 3133 882 est
3156 837 3400 898 tanquam
3430 845 3566 883 unus

1982 936 2049 975 ex
2080 921 2234 973 nobis
2267 921 2317 973 in
2343 920 2717 990 cognoscendo
2747 919 2942 972 bonum
2969 930 3024 973 ct
3045 922 3265 974 malum.
3299 921 3562 987 Quoniam

1985 1011 2109 1074 hoc,
2136 1027 2229 1078 per
2253 1012 2530 1080 quodlibet
2554 1020 2608 1065 et
2634 1012 3030 1081 quomodolibet
3059 1012 3258 1067 dictum
3287 1015 3355 1068 sit
3375 1055 3389 1075 ,
3424 1012 3566 1065 Deus

1988 1114 2163 1158 tamen
2195 1103 2362 1167 dixit,
2396 1119 2503 1157 non
2530 1104 2686 1157 aliter
2734 1104 3133 1172 intelligendum
3163 1118 3275 1172 est,
3309 1106 3447 1174 quod
3482 1108 3569 1161 .ait

1992 1212 2156 1250 «unus
2169 1211 2237 1250 ex
2260 1196 2470 1261 nobis,»
2490 1198 2590 1249 nisi
2612 1196 3153 1264 propterTrinitatem
3182 1213 3436 1252 numerus
3454 1200 3569 1265 p'u-

1986 1287 2113 1339 ralis
2153 1286 2468 1355 accipiatur,
2500 1287 2640 1339 sicut
2662 1287 2862 1340 dictum
2904 1297 3013 1340 erat
3040 1304 3053 1338 :
3090 1286 3368 1340 Faciamus
3396 1288 3570 1340 homi-

1988 1394 2133 1446 nem,
2159 1379 2296 1433 sicut
2324 1378 2483 1433 etiam
2513 1378 2771 1431 Dominus
2792 1378 2859 1432 de
2888 1392 2947 1431 se
2969 1388 3023 1430 et
3055 1378 3212 1431 Patre
3237 1394 3248 1426 :
3287 1376 3572 1432 Veniemus

1990 1470 2056 1525 ad
2102 1485 2222 1525 eum
2254 1480 2308 1524 et
2348 1470 2677 1524 mansionem
2721 1469 2861 1539 apud
2902 1484 3023 1523 eum
3076 1469 3353 1524 faciemus.
3387 1469 3571 1537 Repli-

1989 1570 2168 1617 catum
2198 1571 2281 1616 est
2306 1562 2466 1630 igitur
2494 1562 2546 1615 in
2580 1570 2738 1629 caput
2764 1560 2979 1631 superbi
3007 1575 3114 1630 quo
3145 1562 3290 1615 exitu
3321 1563 3572 1630 concupi-

1991 1653 2127 1708 verit
2156 1653 2298 1722 quod
2340 1666 2370 1706 a
2416 1664 2666 1720 serpente
2714 1660 3022 1721 suggestum
3071 1660 3195 1706 est:
3232 1651 3394 1706 Eritis
3439 1652 3574 1705 sicut

1991 1743 2088 1799 dii.
2122 1744 2282 1809 Ecce,
2315 1744 2506 1812 inquit,
2536 1743 2708 1798 Adam
2741 1742 2913 1797 factus
2939 1753 3019 1797 est
3051 1751 3301 1812 tanquam
3343 1759 3480 1797 unus
3508 1757 3573 1797 ex

1991 1834 2170 1891 nobis.
2192 1835 2368 1891 Verba
2388 1834 2534 1890 enim
2558 1834 2655 1889 Dei
2685 1845 2808 1888 sunt
2831 1848 2935 1886 non
2959 1843 3064 1887 tam
3091 1834 3213 1887 huic
3244 1833 3573 1895 insultantis,

1987 1943 2149 1999 quam
2178 1936 2405 1982 cteteros
2436 1912 2504 1981 ne
2532 1926 2605 1981 ita
2641 1925 2955 1994 superbiant
2983 1924 3327 1992 deterrentis,
3361 1936 3575 1992 propter

1988 2037 2127 2093 quos
2173 2024 2271 2078 ista
2304 2022 2612 2091 conscripta
2659 2030 2782 2076 sunt
2810 2038 2821 2073 :
2854 2019 3049 2074 Factus
3094 2030 3197 2084 est,
3230 2022 3418 2089 inquit,
3456 2029 3575 2073 tan-

1990 2132 2152 2187 quam
2180 2131 2316 2171 unus
2359 2131 2427 2171 ex
2456 2115 2629 2173 nobis.
2664 2118 2717 2168 in
2754 2113 3129 2183 cognoscendo
3160 2114 3353 2167 bonum
3383 2121 3437 2167 et
3466 2127 3577 2166 ma~

1991 2211 2122 2265 lum.
2156 2209 2294 2278 Quid
2320 2210 2460 2265 aliud
2482 2207 2887 2278 intelligendum
2910 2207 3009 2262 nisi
3040 2208 3341 2273 exemplum
3372 2207 3579 2261 timoris

1994 2303 2287 2359 incutiendi
2311 2318 2432 2358 esse
2457 2304 2815 2372 prepositum,
2841 2300 2980 2367 quod
3010 2315 3115 2353 non
3140 2299 3311 2354 solum
3339 2315 3443 2352 non
3467 2300 3580 2353 lue-

1992 2394 2067 2448 rit
2094 2392 2267 2447 lactus
2293 2391 2467 2461 qualis
2498 2389 2611 2445 fieri
2641 2390 2806 2445 valuit
2834 2389 2927 2461 [F.
2951 2386 3164 2460 voluit],
3192 2390 3285 2444 sed
3318 2405 3414 2443 nec
3447 2390 3579 2443 illud

1995 2486 2137 2556 quod
2163 2485 2334 2541 laetus
2358 2484 2528 2540 fuerat
2549 2481 2924 2537 conservavit?
2946 2481 3011 2535 Et
3033 2494 3195 2547 nunc,
3223 2481 3394 2549 inquit
3413 2480 3575 2544 Deus,

1998 2592 2067 2634 ne
2096 2575 2390 2646 aliquando
2411 2575 2667 2631 extendat
2694 2588 2930 2639 manum,
2958 2580 3015 2628 et
3036 2579 3216 2627 sumat
3241 2570 3309 2624 de
3338 2571 3479 2639 ligno
3504 2586 3579 2621 νεα

1998 2678 2090 2735 tre,
2108 2677 2163 2723 et
2186 2668 2401 2733 edat,et
2425 2668 2569 2721 vivat
2596 2666 2649 2720 in
2677 2674 2963 2731 aeternum,
2991 2673 3046 2717 et
3066 2660 3268 2717 dimisit
3298 2660 3444 2714 illum
3477 2662 3580 2714 Do-

1998 2761 2176 2816 minus
2204 2760 2345 2814 Deus
2372 2759 2441 2814 de
2464 2757 2714 2829 paradiso
2741 2755 3027 2825 voluptatis
3049 2754 3262 2823 operari
3288 2762 3483 2807 terram
3513 2768 3579 2808 ex

1999 2864 2105 2919 qua
2123 2859 2369 2919 sumptus
2390 2857 2492 2905 est.
2514 2846 2801 2916 Superiora
2824 2845 2983 2901 verba
2996 2844 3095 2899 Dei
3118 2852 3260 2908 sunt,
3280 2842 3380 2896 hoc
3402 2855 3581 2896 autem

2000 2943 2203 2999 factum
2244 2950 2463 3010 propter
2502 2940 2615 3009 ipsa
2656 2940 2819 2994 verba
2865 2948 3106 2992 secutum
3150 2943 3252 2992 est.
3305 2937 3583 2991 Alienatus

2001 3034 2144 3091 enim
2172 3050 2203 3089 a
2233 3033 2365 3101 vita,
2398 3047 2503 3088 non
2533 3032 2705 3085 solum
2736 3044 2896 3098 quam
2930 3028 3103 3083 fuerat
3128 3068 3144 3094 ,
3178 3029 3221 3081 si
3254 3039 3583 3097 prmeeptum

2002 3137 2287 3194 servasset,
2322 3142 2443 3182 cum
2474 3125 2683 3196 angelis
2712 3131 3050 3190 accepturus,
3081 3123 3175 3177 sed
3205 3122 3272 3176 ab
3303 3123 3387 3176 illa
3420 3124 3583 3177 etiam

2004 3235 2165 3290 quam
2195 3218 2425 3273 ducebat
2458 3219 2508 3271 in
2561 3216 2830 3285 paradiso,
2878 3212 3023 3269 felici
3063 3214 3290 3281 quodam
3344 3217 3590 3282 corporis

2005 3320 2171 3377 statu,
2201 3309 2439 3377 separari
2468 3310 2652 3376 utique
2682 3305 2868 3360 debuit
2901 3320 2931 3358 a
2962 3304 3106 3373 ligno
3135 3305 3280 3366 vitae,
3312 3304 3424 3358 sive
3446 3311 3585 3370 quod

2006 3420 2070 3459 ex
2106 3384 2224 3473 ipso
2252 3403 2328 3457 illi
2356 3401 2672 3457 subsisteret
2712 3399 2844 3453 felix
2869 3398 2956 3451 ille
2985 3397 3098 3465 ipse
3123 3404 3294 3449 status
3322 3396 3585 3462 corporis,

2004 3512 2068 3550 ex
2084 3510 2144 3550 re
2163 3493 2363 3549 visibili
2386 3492 2585 3565 virtute
2612 3489 2888 3553 invisibili,
2908 3489 3022 3542 sive
3045 3487 3187 3556 quod
3213 3487 3263 3540 in
3288 3502 3379 3541 ros
3397 3486 3481 3559 [L.
3499 3488 3587 3558 eo]

2005 3596 2150 3645 esset
2171 3595 2567 3641 sacramentum
2595 3581 2806 3635 visibile
2823 3579 3107 3634 invisibilis
3129 3579 3429 3649 sapientizc.
3446 3580 3589 3633 Alie-

2006 3681 2213 3734 nandus
2244 3678 2368 3732 inde
2398 3676 2581 3745 utique
2621 3673 2823 3736 fuerat,
2865 3671 2947 3725 vel
2988 3669 3099 3738 jam
3147 3670 3471 3734 moriturus,
3503 3671 3589 3723 vel

2004 3777 2162 3829 etiam
2196 3780 2449 3839 tanquam
2477 3763 2993 3829 exeommunicatus,
3028 3762 3166 3813 sicut
3192 3763 3353 3813 etiam
3397 3762 3447 3813 in
3489 3761 3590 3813 huc

2007 3866 2276 3937 paradiso,
2294 3864 2346 3917 id
2368 3874 2454 3917 est
2476 3858 2931 3927 Ecelesia,solent
2958 3872 2987 3909 a
3021 3856 3377 3910 sacramentis
3405 3854 3590 3908 altaris

2006 3958 2302 4013 visibilibus
2330 3956 2573 4009 homines
2594 3949 2879 4020 disciplina
2904 3947 3269 4004 ecclesiastica
3300 3946 3588 4001 removeri.

2009 4056 2073 4109 Et
2095 4051 2253 4121 ejecit
2284 4050 2476 4113 Adam,
2506 4058 2559 4101 et
2589 4043 2872 4099 collocavit
2910 4057 3031 4096 cum
3070 4048 3254 4095 contra
3284 4038 3590 4107 paradisum

2005 4144 2293 4215 voluptatis
2322 4162 2333 4195 :
2360 4151 2412 4197 et
2442 4142 2542 4194 hoc
2570 4135 2906 4208 significandi
2937 4134 3107 4203 gratia
3133 4132 3329 4187 factum
3361 4140 3463 4195 est,
3496 4132 3593 4184 sed

2008 4247 2184 4291 tamen
2203 4236 2393 4288 factum
2410 4238 2661 4285 utcontra
2677 4226 3011 4296 paradisum,
3026 4238 3132 4294 quo
3145 4223 3297 4277 beata
3310 4221 3417 4275 vita
3430 4219 3592 4275 etiam

2005 4321 2749 4399 spiritalitersignilicabatur,
2767 4317 3030 4372 habitaret
3050 4324 3318 4384 peccator,
3341 4312 3523 4379 utique
3540 4312 3593 4364 in

2008 4420 2254 4480 miseria;
2298 4427 2349 4470 et
2383 4412 2652 4469 ordinavit
2694 4409 2955 4464 cherubin
2985 4417 3040 4461 et
3074 4407 3378 4461 ﬂammeam
3412 4404 3594 4456 rhom-

2067 4528 2220 4568 izeam
2254 4523 2376 4579 qua:
2406 4506 2634 4561 vertitur
2666 4500 2937 4557 custodire
2968 4501 3106 4553 viam
3141 4498 3264 4567 ligni
3307 4496 3448 4549 vitaz.
3484 4494 3597 4549 lloc

2006 4624 2099 4677 per
2125 4605 2375 4660 cmlestes
2399 4599 2581 4667 utique
2611 4603 2904 4665 p0teStates
2926 4595 3089 4646 etiam
3114 4590 3166 4643 in
3193 4588 3440 4658 paradiso
3469 4586 3595 4641 visi-

2005 4701 2097 4756 bili
2118 4700 2316 4752 factum
2341 4706 2462 4749 esse
2485 4688 2812 4745 credendum
2837 4696 2939 4751 est,
2970 4694 3031 4737 ut
3053 4696 3147 4753 per
3170 4681 3472 4751 angelicum
3498 4680 3596 4733 mi«

2003 4794 2279 4849 nisterium
2294 4794 2439 4843 esset
2456 4784 2563 4837 illic
2577 4783 2728 4852 ignea
2748 4779 2992 4849 quaedam
3007 4774 3274 4841 cuswdia,
3297 4789 3400 4827 non
3418 4783 3597 4827 tamen

2012 4886 2207 4941 frustra
2233 4879 2430 4934 factum
2457 4872 2722 4937 esse,nisi
2754 4870 2876 4940 quia
2910 4868 3175 4937 signiﬁcat
3203 4866 3401 4935 aliquid
3434 4865 3597 4919 etiam

2013 4978 2081 5032 de
2100 4970 2327 5044 spiritali
2360 4967 2633 5039 paradiso,
2664 4978 2771 5018 non
2803 4972 2889 5017 est
2918 4960 3101 5028 utique
3132 4958 3502 5014 dubitandum.

2631 5097 2858 5157 CAPUT
2898 5097 2962 5152 L.

2009 5224 2281 5297 Quomodo
2322 5222 2485 5297 Adain
2516 5234 2618 5270 non
2661 5217 2725 5270 sit
2754 5213 3027 5297 seductus,
3045 5219 3099 5297 ut
3292 5198 3596 5297 apostolis:

2216 5270 2227 5276 '
2252 5296 2385 5347 idem
2407 5270 2572 5343 "dicat
2620 5304 2734 5341 eum
2784 5270 3263 5353 pi'tetxaricatat'cin,
3311 5270 3373 5327 ea;
3421 5270 3596 5321 eodem

2085 5372 2213 5423 libro
2242 5383 2314 5419 xt.

2088 5462 2219 5518 lllud
2267 5458 2433 5527 magis
2480 5462 2679 5517 movet,
2712 5452 2755 5505 si
2784 5450 2891 5518 jam
2941 5440 3196 5512 spiritalis
3225 5434 3593 5527 erat‘Adam,

2016 5555 2261 5625 quatttvis
2292 5525 2502 5612 mente,
2533 5562 2637 5599 non
2665 5552 2914 5608 corpore,
2945 5528 3217 5602 quomodo
3247 5525 3471 5579 credere
3502 5540 3596 5593 po-
3672 5568 3673 5571 η

2019 5620 2180 5704 tuerit
2211 5644 2351 5716 quod
2397 5657 2491 5710 per
2534 5643 2837 5705 serpentem
2873 5630 3077 5681 dictum
3120 5631 3239 5687 est,
3273 5620 3392 5674 idco
3436 5620 3600 5716 Deum

2022 5710 2357 5809 prohibuisse
2387 5747 2452 5785 ne
2500 5730 2672 5783 fructu
2710 5722 2839 5789 ligni
2885 5717 3031 5772 illius
3071 5722 3442 5775 vescerentur,
3476 5710 3603 5780 quia

2020 5834 2225 5888 sciebat
2252 5826 2423 5889 eos.si
2452 5814 2946 5887 fecissent,luturos
2972 5825 3093 5867 esse
3125 5820 3182 5866 ut
3211 5809 3362 5875 deos,
3380 5812 3602 5879 propter
