3990 6180
384 307 486 366 655

383 516 581 574 bonum
612 532 874 578 creatura:
904 538 1017 579 sua:
1043 524 1267 580 Creator
1312 527 1587 582 inviderit.
1626 529 1736 584 lloc
1767 531 1960 586 mirum

381 612 426 664 si
456 612 619 669 homo
645 616 873 682 spiritali
920 629 1101 674 mente
1143 620 1399 687 prmditus
1421 621 1643 677 credere
1674 624 1957 691 potuisset,

382 715 450 755 an
480 703 601 772 quia
632 705 731 760 hoc
757 707 976 764 credere
1025 710 1140 778 ipse
1171 726 1276 765 non
1300 721 1502 780 posset,
1527 723 1806 783 propterea
1837 730 1957 769 mu-

380 792 483 847 lier
509 794 691 849 addita
720 804 821 863 est,
852 812 973 867 quae
1000 801 1148 868 parvi
1179 801 1485 858 intellectus
1513 814 1678 870 esset,
1706 813 1762 860 et
1786 804 1962 860 adhuc

380 881 608 938 fortasse
655 887 948 942 secundum
997 903 1216 945 sensum
1268 894 1475 960 carnis,
1525 910 1631 949 non
1666 896 1960 951 secundum

379 973 626 1041 spiritum
670 979 868 1033 mentis
904 980 1144 1049 viveret,
1174 993 1229 1040 et
1259 984 1360 1040 hoc
1389 994 1474 1041 est
1503 987 1645 1055 quod
1675 988 1963 1055 Apostolus

378 1065 427 1118 ei
462 1082 566 1121 non
602 1069 785 1125 tribuit
812 1070 1098 1142 imaginem
1130 1075 1263 1131 Dei?
1283 1077 1374 1132 Sic
1399 1078 1545 1132 enim
1575 1080 1650 1132 ait
1681 1097 1695 1134 :
1727 1079 1821 1134 Vir
1846 1082 1964 1150 qni-

380 1154 500 1208 dem
530 1171 637 1212 non
669 1157 831 1213 debet
857 1160 1038 1217 velare
1064 1171 1227 1232 caput
1252 1178 1433 1230 suum,
1461 1180 1583 1220 cum
1615 1167 1688 1223 sit
1708 1169 1882 1238 imago
1909 1177 1962 1223 et

378 1244 546 1312 gloria
581 1244 714 1315 Dei,
748 1251 939 1305 mulier
969 1261 1147 1307 autem
1178 1253 1348 1323 gloria
1379 1254 1480 1310 viri
1526 1265 1609 1311 est
1641 1274 1654 1309 :
1687 1272 1792 1312 non
1822 1258 1963 1327 quod

380 1350 533 1391 mens
561 1336 773 1395 feminae
818 1342 1061 1398 eamdem
1091 1344 1376 1415 imaginem
1406 1360 1602 1416 capere
1632 1364 1741 1403 non
1770 1350 1962 1418 possit,

377 1440 501 1480 cum
535 1428 587 1482 in
616 1430 703 1484 illa
734 1433 901 1501 gratia
934 1448 1032 1489 nos
1060 1434 1205 1491 dicat
1248 1452 1351 1493 nec
1380 1441 1672 1495 masculum
1712 1456 1835 1499 esse
1864 1458 1965 1501 nec

382 1516 658 1584 feminam,
685 1522 778 1577 sed
812 1524 951 1592 quod
985 1524 1232 1583 fortassis
1272 1528 1361 1584 illa
1389 1530 1491 1586 hoc
1520 1532 1755 1587 nondum
1781 1549 1966 1604 perce-

381 1618 536 1677 perat
561 1612 703 1679 quod
736 1612 795 1668 fit
837 1614 891 1672 in
920 1616 1193 1686 agnitione
1234 1618 1367 1687 Dei,
1411 1630 1468 1677 et
1506 1623 1626 1679 viro
1654 1634 1876 1694 regente
1902 1639 1966 1682 ac

379 1701 728 1772 dispensante
760 1708 1009 1776 paulatim
1044 1710 1216 1767 fuerat
1242 1724 1576 1783 perceptura.
1610 1716 1792 1788 Neque
1820 1717 1964 1771 enim

383 1792 576 1849 frustra
617 1805 674 1851 et
717 1797 845 1853 illud
896 1799 1189 1870 Apostolus
1213 1806 1287 1859 ait
1318 1823 1329 1858 :
1360 1806 1533 1861 Adam
1583 1808 1728 1864 enim
1760 1808 1965 1877 primus
1993 1814 2040 1877 Β

382 1882 641 1942 formatus
664 1897 771 1955 est,
804 1889 997 1946 deinde
1017 1890 1123 1947 Eva
1148 1912 1161 1947 ε
1186 1902 1242 1949 et
1261 1894 1432 1950 Adam
1454 1912 1560 1952 non
1584 1906 1669 1953 est
1688 1899 1963 1969 seductus,

382 1978 573 2032 mulier
600 1988 781 2035 autem
807 1982 1024 2037 seducta
1055 1983 1108 2038 in
1138 1987 1582 2054 praevaricatione
1613 1989 1753 2045 facta
1784 1999 1887 2056 est,
1910 1992 1965 2046 id

381 2076 466 2121 est
509 2080 564 2123 ut
612 2084 708 2138 per
753 2070 896 2126 illam
943 2074 1104 2128 etiam
1136 2075 1216 2129 vir
1259 2080 1719 2145 prmvaricarctur.
1748 2079 1879 2135 Nam
1910 2090 1966 2137 et

380 2157 554 2226 ipsum
577 2159 707 2215 dicit
736 2163 1201 2231 praevaricatorem
1226 2166 1314 2221 ubi
1336 2168 1439 2222 ait:
1475 2168 1529 2224 In
1557 2170 1962 2228 similitudinem

384 2251 839 2315 prtevaricationis
870 2254 998 2310 Adae
1027 2257 1116 2326 qui
1145 2266 1228 2311 est
1254 2255 1423 2313 forma
1452 2260 1613 2316 futuri
1639 2279 1654 2329 ;
1684 2263 1961 2319 seductum

380 2351 561 2398 tamen
607 2354 786 2416 negat.
818 2345 949 2401 Nam
981 2358 1035 2403 et
1074 2349 1439 2422 interrogatus
1481 2368 1589 2409 non
1628 2355 1731 2409 ait:
1776 2355 1963 2413 Mulier

375 2449 539 2503 quam
561 2436 754 2493 dedisti
783 2453 991 2495 mecum
1019 2440 1236 2497 seduxit
1254 2458 1361 2510 me,
1386 2453 1440 2499 et
1462 2446 1809 2513 manducavi;
1830 2447 1958 2503 sed:

381 2526 499 2595 Ipsa
529 2528 683 2596 mihi,
733 2528 926 2599 inquit,
957 2530 1106 2587 dedit
1142 2547 1171 2586 a
1206 2534 1350 2604 ligno
1379 2546 1434 2591 et
1480 2536 1818 2591 manducavi.
1869 2536 1959 2592 illa

379 2634 555 2676 vero:
608 2624 873 2692 Serpens,
926 2623 1119 2696 inquit,
1159 2627 1372 2682 seduxit
1427 2643 1533 2684 tne.
1582 2627 1657 2683 lta
1707 2629 1961 2686 Salomon

379 2712 463 2767 vir
508 2721 670 2768 tantae
719 2716 1030 2786 sapientia},
1085 2719 1451 2789 nunquidnam
1502 2721 1828 2777 credendum
1880 2730 1963 2778 est

376 2807 520 2875 quod
549 2809 598 2861 in
621 2808 1040 2865 simulacrorum
1070 2814 1212 2868 cultu
1235 2815 1463 2871 credidit
1483 2831 1602 2872 esse
1631 2817 1831 2887 aliquid
1859 2818 1965 2874 uti-

379 2896 586 2953 litatis?
622 2900 718 2955 sed
750 2902 1031 2958 mulierum
1058 2905 1227 2961 amori
1259 2906 1325 2961 ad
1373 2907 1473 2963 hoc
1499 2910 1695 2965 malum
1727 2909 1963 2967 trahenti

378 2988 632 3045 resistere
677 3006 781 3047 non
819 2993 1004 3060 valuit,
1039 2995 1239 3052 faciens
1265 2998 1408 3067 quod
1455 2999 1657 3055 sciebat
1706 3016 1812 3056 non
1842 3014 1962 3057 esse

379 3078 702 3150 faciendum,
738 3098 806 3139 ne
831 3097 954 3139 suas
981 3086 1170 3154 quibus
1192 3087 1499 3157 deperiebat
1528 3089 1850 3162 [deperibat]
1877 3100 1961 3148 at-

380 3184 485 3239 que
506 3172 777 3229 defluebat
821 3175 1124 3233 mortiferas
1151 3178 1367 3235 delicias
1405 3182 1764 3240 contristaret.
1795 3184 1871 3238 lta
1909 3182 2033 3243 etC

379 3260 573 3322 Adam.
596 3274 943 3335 posteaquam
970 3267 1036 3322 de
1060 3269 1199 3339 ligno
1229 3270 1496 3340 prohibito
1523 3274 1740 3331 seducta
1773 3276 1965 3331 mulier

381 3349 738 3418 manducavit,
763 3353 919 3423 eique
938 3356 1086 3410 dedit
1112 3367 1169 3411 ut
1196 3359 1354 3414 simul
1379 3361 1619 3430 ederent,
1649 3365 1820 3421 noluit
1845 3381 1963 3421 eam

381 3442 719 3511 contristare,
771 3459 930 3513 quam
980 3448 1234 3503 credebat
1265 3466 1423 3518 posse
1471 3453 1588 3509 sine
1627 3470 1726 3511 suo
1772 3456 1964 3513 solatio

380 3532 761 3590 contabescere
788 3535 831 3589 si
856 3537 923 3591 ah
947 3539 1063 3608 ejus
1085 3540 1412 3596 alienaretur
1436 3544 1638 3612 animo,
1665 3557 1721 3601 et
1745 3550 1965 3603 omnino

380 3623 472 3679 illa
496 3624 715 3679 interire
742 3626 1029 3684 discordia.
1055 3629 1171 3685 Non
1200 3631 1414 3701 quidem
1445 3637 1624 3691 carnis
1646 3637 1815 3692 victus
1836 3653 1965 3693 con-

383 3717 749 3786 cupiscentia,
796 3734 954 3789 quam
1008 3721 1242 3778 nondum
1295 3734 1540 3781 senserat
1587 3727 1639 3781 in
1682 3729 1965 3785 resistente

382 3806 500 3877 lege
531 3809 891 3865 membrorum
935 3812 1036 3882 legi
1080 3814 1273 3869 mentis
1298 3830 1428 3883 sum,
1461 3818 1554 3873 sed
1578 3820 1788 3875 amicali
1828 3836 1964 3890 qua-

382 3898 505 3953 dam
537 3899 930 3970 benevolentia,
962 3920 1068 3974 qua
1101 3907 1412 3978 plerumque
1464 3910 1521 3965 fit
1562 3921 1620 3967 ut
1666 3910 1966 3968 offendatur

383 3989 546 4056 Deus,
575 4006 642 4046 ne
671 3991 831 4047 homo
852 4007 916 4049 ex
940 3995 1114 4050 amico
1136 3997 1229 4051 fiat
1254 3997 1525 4066 inimicus,
1545 4001 1685 4070 quod
1713 4016 1833 4056 eum
1860 4019 1963 4057 non

383 4082 558 4138 facere
590 4082 754 4155 [quod
784 4100 905 4139 eum
958 4085 1133 4141 facere
1175 4102 1280 4143 non
1311 4088 1587 4164 debuisse]
1620 4090 1815 4146 divinas
1845 4108 1968 4148 sen-

385 4174 563 4229 tentia:
588 4175 761 4243 justus
805 4174 981 4231 exitus
1023 4177 1294 4233 indicavit.
1333 4179 1473 4249 Ergo
1514 4182 1619 4236 alio
1648 4183 1811 4238 modo
1835 4200 1967 4253 quo-

383 4265 509 4321 dam
537 4266 698 4321 etiam
723 4267 837 4336 ipse
858 4267 1115 4338 deceptus
1137 4277 1242 4336 est,
1265 4271 1358 4325 sed
1388 4271 1513 4327 dolo
1534 4274 1626 4328 illo
1657 4280 1966 4345 serpentino

384 4372 489 4423 qno
529 4356 721 4413 mulier
746 4357 967 4412 seducta
1008 4368 1109 4426 est,
1154 4361 1303 4416 nullo
1351 4363 1510 4417 modo
1548 4364 1694 4419 illum
1737 4367 1967 4423 arbitror

386 4450 625 4518 potuisse
662 4450 867 4505 seduci.
917 4450 1066 4506 Hanc
1113 4463 1289 4508 autem
1340 4456 1553 4525 proprie
1599 4458 1964 4515 seductioncm

385 4545 669 4611 appellavit
700 4546 1011 4614 Apostolus,
1043 4546 1165 4616 quia
1199 4547 1346 4621 [qua]
1381 4551 1429 4604 id
1453 4551 1593 4621 quod
1618 4553 1961 4621 suadebatur,
1997 4541 2046 4602 Ῑ)

387 4650 509 4688 cum
539 4637 725 4691 falsum
753 4648 920 4703 esset,
952 4653 1135 4692 verum
1183 4648 1424 4707 putatum
1473 4652 1578 4707 εει,
1606 4643 1656 4697 id
1701 4654 1784 4701 est
1820 4647 1961 4716 quod

391 4722 527 4777 Deus
570 4723 691 4777 ideo
731 4725 930 4793 lignum
984 4725 1111 4781 illud
1162 4737 1379 4798 tangere
1428 4730 1792 4802 prohibuerit,
1822 4737 1962 4807 quod

388 4811 589 4868 sciebat
608 4829 721 4881 eos,
736 4816 780 4870 si
805 4820 1123 4887 tetigissent,
1143 4820 1287 4874 velut
1310 4819 1440 4877 deos
1464 4823 1691 4892 futuros,
1716 4834 1962 4896 tanquam

388 4906 467 4960 eis
495 4905 824 4961 divinitatem
877 4909 1154 4979 invideret,
1202 4913 1292 4982 qui
1323 4928 1416 4969 eos
1462 4914 1709 4973 homines
1745 4919 1962 4975 fecerat.

387 4999 491 5055 Sed
523 5002 681 5054 etiam
728 5000 770 5053 si
802 5002 972 5056 virum
1018 5013 1235 5074 propter
1262 5007 1495 5078 aliquam
1544 5011 1738 5066 mentis
1776 5013 1963 5069 elatio-

389 5109 531 5161 nem,
565 5108 683 5163 quae
714 5094 880 5147 Deum
910 5094 1244 5152 interuorum
1274 5111 1626 5159 scrutatorent
1657 5106 1825 5162 latere
1855 5123 1959 5163 non

388 5191 618 5253 poterat,
648 5183 953 5238 sollicitavit
983 5184 1160 5254 aliqua
1189 5191 1499 5257 experiendi
1527 5194 1812 5263 cupiditas,
1840 5211 1961 5251 cum

389 5276 666 5332 mulierem
689 5277 894 5332 videret
914 5286 1131 5347 accepta
1153 5279 1244 5333 illa
1261 5295 1380 5336 esca
1407 5298 1513 5339 non
1537 5272 1961 5356 esse’mortuam,

387 5369 680 5424 secundum
712 5386 772 5426 ea
803 5386 924 5441 qua:
965 5372 1209 5442 superius
1238 5377 1602 5444 tractavimus,
1645 5395 1749 5435 non
1788 5391 1962 5438 tamen

388 5472 510 5511 eum
541 5460 791 5527 arbitror,
823 5463 866 5518 si
907 5463 1016 5533 jam
1047 5463 1275 5535 spiritali
1322 5476 1499 5524 mente
1534 5470 1788 5538 praeditus
1826 5483 1964 5537 erat,

390 5549 500 5605 ullo
529 5554 689 5608 modo
714 5555 937 5612 credere
983 5558 1222 5627 potuisse
1253 5561 1397 5630 quod
1442 5576 1535 5618 eos
1568 5562 1705 5623 Deus
1737 5565 1804 5620 ab
1844 5581 1965 5621 esea

393 5636 530 5692 illius
558 5641 684 5712 ligni
716 5646 997 5705 invidendo
1032 5651 1305 5710 vetuisset.

1479 324 1543 379 D.
1587 322 1903 379 EUGYPPII
1946 322 2236 382 ABBATIS
2275 324 2597 381 AFRICANI

383 424 803 495 dlgnoscentiam
858 430 983 486 boni
1016 439 1066 487 et
1098 433 1251 500 mali,
1298 441 1550 504 tanquam
1601 437 1702 491 hoc
1756 447 1959 493 tantum
1989 446 2041 505 Α

3562 335 3679 386 656

2607 443 2713 514 [ιι
2752 442 2980 500 οΑιιυτ
3020 443 3104 499 Ll.

2066 534 2143 587 De
2176 536 2433 589 creatione
2464 538 2619 602 primi
2660 538 2901 603 hominis,
2930 547 2977 592 et
3004 540 3066 592 de
3105 536 3395 590 causalifms
3436 538 3678 591 rationi-

2138 604 2247 678 ιω,
2273 608 2349 678 vel
2371 610 2628 678 quomodo
2643 610 2809 661 additi
2833 611 2937 662 sint
2957 610 3080 662 anni
3100 608 3389 678 quindecim
3418 608 3675 661 Esca/tit:

2134 677 2244 747 regi
2271 677 2340 727 ad
2386 677 2561 747 vitam,
2593 695 2738 747 quem
2770 680 3080 746 praedixerat
3115 677 3228 733 non
3268 681 3549 743 victurum,
3604 694 3675 732 ex

2134 746 2265 797 libro
2296 761 2347 798 γι
2373 746 2435 800 de
2465 746 2645 801 Genesi
2676 750 2744 800 ad
2768 750 3011 802 litteram.

2137 835 2192 889 ln
2224 835 2309 889 iila
2341 837 2508 905 prima
2536 837 2843 892 conditione
2873 837 3081 905 mundi,
3114 854 3237 893 cum
3279 837 3418 893 Deus
3447 836 3674 892 creavit

2063 925 2264 991 omnia,
2290 925 2449 980 simul
2473 927 2632 981 homo
2660 927 2828 982 factus
2851 936 2934 983 est
2955 926 3097 999 [cum
3125 928 3265 983 Deus
3286 928 3467 982 omnia
3493 926 3672 981 simul

2064 1017 2288 1083 creavit,
2323 1018 2482 1072 homo
2529 1019 2700 1073 factus
2731 1017 2854 1088 est],
2886 1022 2975 1090 qui
3022 1029 3165 1075 esset
3212 1020 3443 1076 futurus.
3498 1020 3673 1074 [latio

2062 1106 2278 1161 creandi
2309 1107 2562 1173 hominis,
2596 1124 2699 1163 non
2723 1111 2863 1165 actio
2895 1112 3084 1178 creati,
3118 1111 3215 1166 sed
3254 1111 3367 1166 haec
3410 1111 3583 1165 aliter
3615 1111 3673 1165 in

2064 1199 2228 1253 verbo
2257 1198 2376 1266 Dei,
2403 1200 2489 1254 ubi
2518 1201 2618 1254 ista
2646 1216 2751 1256 non
2780 1203 2912 1257 facta
2955 1204 3050 1258 sed
3081 1211 3281 1258 acterna
3309 1213 3464 1268 sunt;
3498 1203 3677 1257 aliter

2066 1291 2120 1344 in
2169 1291 2451 1347 elementis
2498 1293 2703 1358 mundi,
2734 1295 2825 1349 ubi
2850 1296 3029 1350 omnia
3077 1295 3236 1350 simul
3266 1296 3445 1350 omnia
3492 1296 3674 1358 facta,

2065 1381 2241 1437 futura
2274 1392 2429 1447 sunt;
2462 1385 2615 1439 aliter
2660 1387 2712 1439 in
2747 1386 2909 1441 rebus
2955 1402 3075 1457 quae
3123 1388 3418 1442 secundum
3468 1402 3679 1443 causas

2064 1472 2226 1527 simul
2270 1483 2480 1527 creatas
2508 1488 2612 1528 non
2641 1474 2752 1545 jam
2779 1475 2963 1538 simul,
2991 1476 3085 1530 sed
3116 1491 3213 1530 suo
3239 1492 3468 1547 quaeque
3501 1478 3678 1549 [quo-

2072 1561 2201 1635 que]
2226 1573 2467 1634 tempore
2486 1575 2757 1630 creantur,
2781 1566 2831 1619 in
2854 1567 3045 1635 quibus
3071 1566 3237 1621 Adam
3262 1567 3369 1637 jam
3396 1568 3679 1623 formatus

2066 1670 2133 1709 ex
2166 1656 2293 1711 limo
2321 1667 2375 1712 et
2406 1657 2499 1711 Dei
2530 1657 2652 1711 ﬂatu
2681 1659 2968 1727 animatus,
3000 1659 3136 1714 sicut
3164 1659 3341 1715 fenum
3368 1670 3673 1726 exortum;

2066 1746 2224 1803 aliter
2253 1749 2306 1803 in
2337 1750 2655 1818 seminibus,
2699 1750 2753 1806 in
2784 1752 2978 1821 quibus
3011 1766 3197 1807 rursus
3236 1753 3385 1821 quasi
3419 1754 3677 1823 primor-

2069 1837 2237 1893 diales
2288 1853 2464 1894 causa:
2494 1850 2829 1909 repetuntur,
2861 1841 2933 1897 de
2982 1842 3141 1897 rebus
3189 1843 3360 1898 ducta:
3403 1859 3537 1912 quas
3582 1860 3675 1899 se-

2067 1929 2301 1984 cundum
2343 1932 2531 1987 catisas
2572 1947 2703 2002 quas
2745 1933 2974 2002 primum
3024 1935 3263 1991 condidit
3293 1938 3678 2003 exstiterunt,

2070 2020 2220 2075 velut
2239 2020 2407 2076 herba
2428 2037 2492 2077 ex
2517 2033 2677 2089 terra,
2712 2039 2895 2079 semen
2920 2041 2986 2081 ex
3015 2025 3197 2093 herba,
3234 2027 3287 2081 in
3315 2029 3515 2097 quibus
3550 2045 3679 2083 om-

2068 2109 2226 2165 nibus
2262 2126 2323 2165 ea
2361 2111 2473 2181 jam
2506 2112 2640 2167 facta
2672 2114 2860 2171 modos
2898 2124 2955 2171 et
2981 2126 3131 2172 actus
3160 2119 3241 2172 sui
3275 2120 3545 2185 temporis
3580 2135 3678 2175 ac-

2065 2212 2345 2272 ceperunt,
2367 2219 2485 2273 qua:
2506 2220 2571 2259 ex
2593 2208 2815 2261 occultis
2836 2216 2994 2278 atque
3007 2208 3303 2264 visibilibns
3324 2211 3676 2279 rationibus,

2064 2309 2183 2364 qua:
2201 2295 2251 2349 in
2270 2307 2513 2352 creatura
2532 2299 3017 2367 causaliterlatent,
3037 2302 3090 2356 in
3116 2304 3424 2361 manifestas
3450 2305 3677 2362 formas

2066 2394 2390 2457 naturasque
2419 2389 2760 2459 prodierunt,
2794 2392 2935 2448 sicut
2963 2393 3122 2449 herba
3154 2404 3337 2449 exorta
3369 2405 3456 2450 est
3486 2413 3677 2466 super

2065 2489 2287 2545 terram,
2317 2490 2372 2536 et
2412 2481 2573 2537 homo
2605 2481 2775 2538 factus
2804 2484 2857 2539 in
2885 2485 3115 2539 animam
3145 2488 3340 2551 vivam,
3370 2496 3425 2541 et
3452 2502 3676 2543 caetera

2064 2572 2392 2641 hujusmodi,
2445 2573 2558 2629 sive
2604 2573 2819 2642 frttteta,
2869 2576 2982 2632 sive
3034 2578 3343 2645 animantia,
3376 2578 3446 2633 ad
3502 2580 3673 2636 illam

2063 2664 2430 2731 operationem
2462 2663 2555 2719 Dei
2582 2663 2926 2732 pertinentia,
2954 2681 3058 2736 qua
3086 2681 3254 2735 usque
3280 2682 3418 2721 nunc
3447 2682 3673 2737 opera-

2065 2761 2170 2806 tur.
2202 2750 2308 2808 Sed
2351 2752 2513 2807 etiam
2557 2753 2657 2807 ista
2682 2766 2863 2808 secum
2912 2764 3122 2823 gerunt,
3172 2764 3418 2823 tanquam
3453 2756 3672 2812 iterum

2063 2842 2243 2911 seipsa
2281 2841 2627 2897 invisibiliter
2652 2842 2704 2897 in
2731 2844 2935 2898 occulta
2978 2845 3205 2915 quadam
3238 2846 3288 2901 vi
3331 2852 3672 2917 generandi,

2064 2947 2225 3003 quam
2252 2941 2539 2988 traxerunt
2558 2932 2627 2988 de
2643 2933 2748 2989 illis
2767 2933 3075 3003 primordiis
3102 2950 3381 2991 causarum
3404 2954 3667 3003 suarum,

2064 3022 2117 3079 in
2147 3024 2363 3094 quibus,
2394 3031 2577 3079 creato
2609 3024 2831 3093 mundo,
2859 3040 2980 3079 cum
3010 3026 3177 3080 factus
3210 3034 3293 3080 est
3320 3026 3458 3093 dies,
3493 3042 3673 3085 ante-

2063 3128 2224 3183 quam
2250 3114 2303 3169 in
2335 3114 2671 3169 manifestam
2695 3116 2928 3184 speciem
2957 3115 3039 3170 sui
3068 3116 3280 3186 generis
3309 3120 3673 3177 exorirentur

2066 3204 2267 3259 inserta
2294 3212 2435 3259 sunt.
2469 3205 2525 3261 Si
2563 3205 2705 3259 enim
2738 3204 2902 3273 prima
2936 3204 3023 3259 illa
3055 3219 3217 3274 opera
3263 3207 3378 3273 Dei,
3423 3224 3557 3263 cum
3594 3213 3673 3267 si-

2066 3296 2177 3350 mul
2199 3296 2377 3351 omnia
2403 3294 2631 3365 creavit,
2662 3295 2716 3351 in
2746 3309 2842 3349 suo
2870 3295 3028 3348 modo
3052 3296 3285 3365 perfecta
3314 3314 3419 3352 non
3444 3314 3671 3369 essent,

2066 3401 2124 3441 ea
2158 3386 2509 3456 proculdubio
2541 3394 2661 3454 post
2691 3385 3038 3450 adderentur,
3076 3403 3192 3455 qua:
3221 3388 3331 3443 illis
3365 3391 3673 3459 perficien-

2064 3475 2150 3530 dis
2176 3474 2494 3540 defuissenl,
2518 3483 2575 3529 ut
2595 3475 2835 3545 quaadam
2868 3475 3229 3533 universitatis
3251 3479 3511 3548 perfectio
3547 3482 3671 3554 [ex]

2067 3567 2303 3637 utrisque
2328 3574 2599 3622 constaret
2623 3566 2846 3637 singulis
2870 3567 3021 3639 quasi
3044 3568 3230 3634 semis,
3255 3570 3404 3624 velut
3425 3574 3674 3644 alicujus

2068 3658 2232 3713 totius
2285 3666 2469 3727 partes
2517 3665 2739 3727 essent,
2774 3674 2997 3727 quarum
3050 3660 3425 3730 conjunctione
3477 3665 3673 3729 ipsum

2080 3760 2269 3817 totum,
2321 3750 2473 3820 cujus
2513 3760 2693 3819 partes
2741 3751 2989 3822 fuerant,
3026 3753 3402 3822 compleretur.
3448 3756 3675 3815 Rursus

2072 3841 2117 3894 si
2148 3841 2216 3894 ita
2246 3848 2428 3895 essent
2455 3840 2542 3894 illa
2571 3842 2820 3909 perfecta,
2847 3843 2984 3897 sicut
3019 3842 3365 3912 perficiuntur
3384 3859 3507 3899 cum
3546 3854 3674 3905 suis

2071 3947 2301 4002 quaeque
2351 3933 2679 4001 temporibus
2724 3934 2777 3989 in
2824 3933 3140 3991 manifestas
3170 3936 3369 3991 formas
3394 3946 3676 4011 actusque

2068 4034 2435 4092 procreantur.
2480 4025 2720 4095 profecto
2766 4036 2858 4080 aut
2908 4014 3040 4082 nihil
3089 4044 3153 4082 ex
3198 4030 3278 4084 eis
3322 4042 3509 4099 postea
3571 4051 3675 4103 per

2072 4125 2305 4184 tempora
2336 4115 2509 4181 fieret,
2550 4125 2644 4170 aut
2672 4114 2776 4172 hoc
2799 4117 2948 4173 fieret
2991 4119 3130 4187 quod
3163 4135 3227 4173 ex
3258 4120 3375 4175 istis
3404 4138 3527 4191 qua:
3564 4142 3676 4181 suo

2077 4220 2302 4274 quaeque
2324 4204 2434 4274 jam
2470 4215 2709 4275 tempore
2738 4208 2984 4262 oriuntur
3012 4209 3153 4264 Deus
3183 4225 3287 4264 non
3315 4222 3491 4266 cessat
3522 4230 3675 4284 0pc-

2072 4297 2203 4351 rari.
2233 4297 2387 4350 Nunc
2428 4306 2605 4350 autem
2636 4299 2760 4367 quia
2781 4309 2836 4352 et
2866 4297 3018 4370 [jam]
3048 4312 3413 4356 consummata
3441 4314 3496 4357 et
3517 4322 3676 4374 quo-

2068 4386 2356 4441 dammodo
2395 4386 2643 4441 inchoata
2672 4396 2796 4442 sunt
2822 4403 2887 4443 ea
2912 4390 3022 4458 ipsa
3054 4405 3174 4459 qua:
3201 4399 3675 4462 consequentibus

2068 4477 2360 4531 evolvenda
2412 4478 2762 4547 temporibus,
2813 4480 3056 4546 primitus
3086 4481 3226 4537 Dens
3267 4483 3441 4537 omnia
3493 4486 3675 4544 simul

2070 4568 2293 4632 creavit,
2318 4583 2439 4622 cum
2469 4568 2674 4623 faceret
2698 4570 2952 4624 mundum
2979 4588 2993 4624 :
3025 4583 3389 4628 consummata
3412 4578 3670 4644 quidem,

2070 4657 2194 4728 quia
2222 4658 2352 4712 nihil
2379 4658 2577 4713 habent
2601 4660 2691 4713 illa
2723 4660 2773 4714 in
2799 4662 3000 4715 naturis
3022 4664 3272 4732 propriis,
3307 4666 3500 4735 quibus
3531 4682 3673 4724 suo-

2069 4763 2187 4803 rum
2220 4758 2522 4818 temporum
2548 4764 2741 4805 cursus
2770 4760 2953 4819 agunt,
2998 4753 3139 4822 quod
3164 4770 3269 4809 non
3300 4755 3354 4809 in
3384 4758 3501 4812 istis
3524 4775 3672 4815 cau-

2070 4840 2257 4895 saliter
2287 4840 2485 4894 factum
2516 4842 2626 4906 sit;
2661 4841 2908 4896 inchoata
2953 4858 3082 4899 vero
3109 4848 3361 4916 quoniam
3406 4853 3670 4919 quaedam

2072 4939 2223 4986 crant
2251 4932 2401 5001 quasi
2432 4933 2635 4987 semina
2669 4932 2967 4988 futurorum
3020 4950 3116 5004 per
3165 4938 3344 4992 saeculi
3398 4948 3665 5011 tracmm,

2072 5039 2138 5078 ex
2165 5024 2373 5078 occulto
2401 5024 2453 5077 in
2486 5022 2827 5078 manifestum
2861 5026 3149 5095 Scripturtc
3190 5027 3461 5099 [quoniam
3509 5048 3672 5102 quae-

2071 5118 2193 5172 dam
2216 5126 2368 5171 erant
2388 5118 2536 5187 quasi
2559 5115 3082 5174 semina‘futurorum
3107 5135 3201 5188 per
3222 5123 3403 5177 szeculi
3425 5133 3668 5183 tractum

2071 5223 2137 5262 ex
2182 5206 2390 5261 occulto
2431 5207 2484 5261 in
2516 5206 2855 5263 manifestum
2890 5209 3021 5265 locis
3050 5212 3299 5280 congruis
3344 5217 3663 5272 exerenda:

2072 5298 2237 5366 ipsius
2265 5297 2422 5351 ctiam
2453 5298 2767 5369 Scriptum]
2794 5300 2954 5355 verba
2975 5302 3108 5355 satis
3137 5302 3205 5356 ad
3229 5302 3332 5358 hoc
3359 5304 3666 5359 admonen-

2072 5389 2197 5442 dum
2249 5388 2524 5457 insigniter
2554 5391 2763 5460 vigent,
2797 5391 2843 5446 si
2873 5393 2994 5461 quis
3044 5394 3095 5447 in
3127 5396 3206 5449 eis
3249 5398 3486 5466 evigilet.
3520 5398 3659 5454 Nam

2071 5476 2177 5550 [ea]
2206 5487 2261 5532 et
2291 5489 2651 5534 consummata
2678 5483 2808 5537 dicit
2837 5492 2891 5537 et
2914 5484 3184 5540 inchoata.
3208 5487 3318 5542 Nisi
3351 5491 3494 5545 enim
3525 5506 3663 5546 con-

2071 5579 2333 5624 summata
2360 5581 2558 5641 essent,
2582 5588 2687 5627 non
2711 5576 2965 5643 scriptum
2989 5588 3162 5634 esset:
3193 5580 3261 5635 Et
3283 5596 3659 5641 consummata

2074 5672 2195 5717 sunt
2223 5664 2415 5717 coelum
2443 5675 2495 5720 et
2522 5675 2681 5732 terra,
2714 5676 2768 5721 et
2789 5670 2963 5725 omnis
2994 5678 3388 5750 consummatio
3416 5676 3661 5749 [compo-

2076 5749 2220 5822 sitio]
2252 5768 2458 5821 eorum,
2507 5765 2558 5811 et
2587 5772 2600 5808 :
2631 5757 3032 5815 Consummavit
3057 5749 3205 5818 Deus
3237 5762 3334 5835 [in]
3380 5766 3467 5822 die
3496 5778 3657 5825 sexto
