3974 6184
377 330 482 387 650

1473 335 1534 387 D.
1569 326 1884 387 EUGYPPII
1925 325 2214 383 ABBATIS
2255 325 2575 385 AFRICANI

3542 326 3645 380 6ῦο

378 446 665 517 scat,quod
688 445 863 501 adhuc
886 444 1150 503 fervescat
1172 463 1512 519 expressum,
1538 458 1590 503 et
1612 447 1839 517 quadam
1864 461 1950 500 ve-
1982 449 2033 504 Α
2061 442 2416 516 stitutionem]
2437 443 2733 500 contexuit.
2770 442 3105 501 Manifestum
3131 453 3216 501 est
3242 446 3414 508 enim,
3436 445 3515 500 sic
3546 461 3649 500 non

379 549 572 594 tustate
591 540 877 604 ﬁrmatum,
894 540 957 591 ad
979 554 1127 593 usum
1146 540 1360 594 bibendi
1378 540 1552 594 utilius
1566 539 1961 609 jiicundiusquc

377 630 691 696 perveniat?
721 628 852 682 Num
886 628 1006 681 ideo
1037 629 1291 683 Dominus
1324 629 1520 699 lignum
1552 631 1825 700 quaesivit,
1860 641 1953 685 aut

377 728 576 773 terram
597 758 612 783 ,
643 728 735 772 aut
763 718 858 771 has
883 730 1180 787 temporum
1223 734 1422 785 moras,
1454 735 1573 774 cum
1606 735 1797 788 a.;uam
1822 722 1959 776 miro

378 811 695 878 compendio
723 811 993 865 convertit
1023 812 1073 863 in
1106 814 1316 875 vinum,
1350 822 1405 865 et
1435 814 1540 869 tale
1589 814 1768 868 vinum
1815 815 1958 884 quod

376 899 558 955 ebrius
594 901 756 953 etiam
804 901 1028 955 conviva
1090 902 1368 957 laudaret?
1400 903 1642 973 Nunquid
1688 904 1959 973 adjutorio

375 990 632 1058 temporis
658 998 806 1060 eguit
832 992 1081 1047 conditor
1111 996 1445 1064 temporum?
1467 1011 1644 1051 nonne
1668 994 1827 1050 certis
1846 996 1960 1051 die-

375 1095 493 1133 rum
525 1081 764 1136 numeris
793 1096 891 1136 suo
918 1082 1111 1153 cuique
1138 1085 1321 1153 generi
1369 1086 1787 1141 accommodatis
1835 1102 1957 1140 om-

373 1174 458 1226 nis
484 1182 670 1226 natura
716 1174 1045 1241 serpentium
1078 1176 1351 1243 coalescit,
1385 1175 1666 1244 formatur,
1698 1180 1954 1245 nascitur,

374 1264 695 1319 roboratur?
720 1266 854 1320 Num
883 1268 1175 1335 exspectati
1205 1278 1328 1323 sunt
1358 1269 1409 1324 hi
1436 1271 1583 1333 dies,
1612 1282 1667 1326 ut
1691 1273 1741 1325 in
1770 1271 1959 1327 draco-

375 1372 498 1411 nem
542 1359 689 1427 virga
729 1370 1132 1415 converteretur
1168 1361 1236 1416 de
1277 1378 1433 1415 manu
1469 1362 1598 1417 Mosi
1638 1372 1693 1417 et
1735 1364 1957 1417 Aaron?

374 1463 475 1501 nec
506 1452 600 1503 ista
647 1464 766 1504 cum
800 1450 933 1504 ﬁunt
980 1461 1163 1505 contra
1197 1463 1443 1507 naturam
1477 1454 1609 1508 ﬁunt
1650 1455 1747 1508 nisi
1781 1456 1955 1522 nobis,

372 1539 565 1607 quibus
596 1541 734 1594 alter
758 1553 963 1595 natura:
994 1556 1183 1596 cursus
1206 1544 1458 1611 innotuit,
1496 1559 1598 1598 non
1623 1554 1797 1599 autem
1824 1546 1953 1611 Deo,

375 1631 461 1685 cui
494 1632 593 1686 hoc
615 1642 698 1687 est
727 1643 912 1687 natura
942 1632 1082 1703 quod
1115 1634 1321 1690 fecerit.
1360 1637 1533 1703 Qumri
1561 1647 1734 1692 autem
1768 1639 1957 1692 merito

373 1733 567 1795 potest,
614 1724 857 1779 causales
901 1725 1005 1780 illm
1052 1726 1285 1781 rationes
1328 1741 1457 1796 quas
1492 1728 1690 1781 mundo
1741 1729 1954 1792 indidit,

2066 534 2265 591 factum
2316 550 2436 592 esse
2467 536 2738 591 hominem
2761 576 2775 599 ,
2805 544 2992 590 contra
3031 551 3191 606 quam
3220 545 3337 591 erat
3366 536 3455 591 illa
3484 536 3649 605 prima

2065 630 2272 703 [contra
2300 632 2440 701 quod
2490 639 2608 685 erat
2650 630 2703 686 in
2752 630 2837 685 illa
2882 629 3077 703 prima]
3110 632 3416 687 conditione
3459 646 3650 687 causa-

2067 738 2222 788 rum,
2254 723 2379 791 quia
2421 722 2491 776 ibi
2515 731 2632 777 erat
2677 722 2839 778 etiam
2886 724 2965 778 sic
2993 723 3110 778 ﬁeri
3166 740 3356 791 posse,
3407 724 3651 794 quamvis

2066 829 2173 868 non
2204 814 2272 868 ibi
2304 822 2421 868 erat
2451 815 2517 868 ita
2554 816 2668 869 ﬁeri
2699 830 2919 871 necesse
2938 832 3081 871 esse.
3110 817 3220 871 Hoc
3246 817 3388 871 enim
3407 832 3515 871 non
3537 826 3649 871 erat

2066 904 2119 957 in
2159 904 2475 960 conditione
2516 915 2777 960 creatura:
2801 948 2816 973 ,
2868 907 2963 961 sed
3012 906 3065 960 in
3119 907 3317 974 placito
3357 906 3648 969 Creatoris,

2066 996 2217 1065 Cujus
2245 996 2493 1050 voluntas
2516 1011 2696 1052 rerum
2719 1008 2803 1052 est
2847 999 3159 1053 necessitas.
3190 998 3321 1052 Nam
3350 1008 3407 1054 et
3427 1013 3527 1053 nos
3554 1006 3649 1067 pro

2064 1096 2222 1154 captu
2249 1088 2577 1143 infirmitatis
2604 1089 2881 1157 humanm,
2914 1090 3024 1158 jam
3072 1091 3123 1144 in
3165 1091 3296 1159 ipsis
3324 1091 3487 1145 rebus
3515 1100 3648 1144 tem-

2065 1192 2198 1245 pore
2226 1178 2428 1233 exortis
2450 1220 2465 1244 ,
2497 1194 2783 1246 possumus
2832 1195 2993 1234 nosse
3035 1180 3158 1250 quid
3186 1180 3239 1235 in
3264 1179 3526 1250 cujusque
3556 1195 3642 1232 na-

2066 1278 2181 1328 tura
2210 1268 2320 1333 sit,
2368 1270 2511 1339 quod
2562 1270 2767 1343 [quam]
2798 1273 3166 1342 experimento
3211 1270 3611 1342 perceperimus

2063 1360 2158 1413 sed
2191 1368 2365 1414 utrum
2397 1361 2561 1416 etiam
2595 1361 2831 1416 futurum
2866 1363 2935 1418 sit
2967 1364 3296 1433 ignoramus.
3325 1362 3420 1416 Est
3445 1362 3648 1431 quippe

2063 1447 2117 1503 in
2143 1458 2328 1504 natura
2360 1452 2519 1519 hujus
2545 1496 2559 1521 ,
2608 1453 2757 1508 verbi
2799 1453 2991 1522 gratia,
3020 1452 3235 1522 juvenis
3268 1462 3323 1506 ut
3355 1460 3606 1507 senescat
3632 1468 3645 1503 :

2064 1541 2158 1594 sed
2188 1549 2365 1595 utrum
2398 1543 2500 1598 hoc
2526 1543 2596 1599 sit
2623 1544 2782 1598 etiam
2819 1544 2873 1597 in
2907 1543 3001 1597 Dei
3034 1544 3306 1598 voluntate
3336 1543 3648 1607 nescimus;

2064 1633 2158 1687 sed
2191 1649 2290 1689 nec
2319 1634 2372 1689 in
2402 1644 2589 1689 natura
2620 1645 2793 1700 esset,
2830 1635 2934 1689 nisi
2973 1634 3027 1688 in
3071 1634 3165 1689 Dei
3197 1634 3468 1688 voluntate
3495 1633 3649 1703 prius

2067 1726 2275 1794 fuisset,
2298 1726 2387 1796 qui
2414 1726 2651 1781 condidit
2672 1726 2871 1781 omnia.
2894 1724 2959 1779 Et
2982 1725 3163 1795 utique
3182 1725 3535 1780 occoltaratio
3560 1732 3646 1777 cst

371 1830 492 1867 eum
532 1802 759 1882 primum
804 1816 960 1870 simul
1004 1818 1182 1872 omnia
1234 1820 1469 1882 ereavit,
1524 1819 1793 1887 quomodo
1841 1822 1950 1874 sint
1984 1826 2024 1882 Β
2052 1820 2346 1872 senectutis
2376 1817 2429 1872 in
2461 1832 2686 1886 corpore
2708 1816 2934 1887 juvenili
2958 1858 2973 1883 ,
3007 1818 3089 1872 vel
3114 1816 3410 1885 juventutis
3439 1816 3491 1869 in
3522 1830 3645 1869 cor-

372 1905 667 1959 institutm?
698 1918 872 1959 utruin
907 1918 961 1961 ut
992 1907 1441 1978 quemadmodum
1471 1910 1716 1965 videmus
1765 1921 1955 1965 cuncta

373 1996 670 2057 nascentia,
695 1995 777 2050 vel
807 1995 1081 2064 fruticum,
1098 2000 1180 2053 vel
1204 1999 1552 2052 animantium
1576 1999 1952 2071 [animalium],

373 2088 425 2139 in
458 2088 567 2141 suis
597 2086 1110 2145 conformationibus
1136 2101 1295 2161 atque
1318 2093 1664 2147 incrementis
1694 2136 1707 2157 ,
1740 2109 1835 2148 sua
1859 2110 1955 2164 pro

374 2177 688 2233 diversitate
716 2193 969 2247 generum
995 2181 1199 2235 diversa
1223 2183 1391 2251 Spatia
1415 2194 1730 2253 peragerent
1749 2194 1954 2252 tempo-

382 2283 499 2321 rum
520 2269 640 2323 ?An
662 2277 717 2323 ut
733 2271 1179 2338 quemadmodum
1205 2272 1439 2328 creditur
1458 2274 1630 2329 factus
1650 2276 1815 2330 Adam
1840 2277 1957 2333 sine

376 2360 485 2414 ullo
511 2376 801 2433 progressu
843 2364 1293 2420 incrementorum
1335 2367 1471 2421 virili
1500 2377 1657 2424 mtate
1686 2371 1945 2425 continuo

373 2454 878 2510 conformarentur?
905 2456 1010 2512 Sed
1042 2473 1137 2512 cur
1167 2474 1272 2513 non
1306 2470 1591 2529 utrumque
1624 2463 1744 2517 illas
1767 2463 1951 2517 credi-

380 2559 501 2596 mus
529 2544 798 2612 habuisse,
821 2557 875 2599 ut
902 2547 1003 2603 hoc
1033 2564 1100 2603 ex
1127 2550 1203 2604 eis
1234 2550 1468 2605 fututum
1498 2564 1641 2607 esset
1670 2554 1812 2623 quod
1842 2558 1953 2609 lac-

372 2636 478 2690 tori
511 2636 845 2703 placuisset?
873 2638 929 2693 Si
957 2641 1097 2694 enim
1132 2642 1222 2695 illo
1252 2643 1412 2697 modo
1453 2644 1778 2710 dixerimus,
1821 2647 1954 2700 inci-

372 2728 450 2793 pit
473 2736 661 2782 contra
684 2731 825 2799 ipsas
857 2730 1053 2786 factum
1084 2732 1274 2798 videri,
1306 2750 1411 2789 non
1441 2736 1613 2789 solum
1644 2737 1954 2793 etiamillud

372 2820 439 2874 de
464 2836 599 2890 aqua
633 2824 811 2877 vinum
832 2867 846 2892 ,
876 2829 969 2879 sed
1000 2835 1055 2881 et
1099 2828 1276 2881 omnia
1322 2830 1574 2884 miracula
1623 2846 1742 2900 quae
1766 2841 1952 2887 contra

373 2923 574 2967 natura:
605 2915 859 2970 usitatum
892 2933 1108 2973 cursum
1142 2919 1275 2974 ﬁunt
1302 2937 1316 2985 ;
1351 2921 1398 2976 si
1428 2933 1605 2977 autem
1640 2925 1741 2979 isto
1768 2928 1950 2995 modo,

376 3006 545 3060 multo
572 3008 675 3062 erit
710 3009 996 3066 absurdius
1026 3011 1159 3066 istas
1199 3012 1340 3083 ipsas
1371 3015 1707 3083 quotidianas
1752 3027 1953 3075 natura:

372 3094 572 3152 formas
602 3111 650 3153 et
675 3101 886 3168 species
906 3112 1094 3156 contra
1123 3102 1246 3158 illas
1283 3105 1563 3174 primarias
1592 3106 1828 3162 omnium
1859 3124 1954 3163 na-

2063 1925 2191 1978 pore
2224 1910 2411 1978 puerili
2444 1928 2455 1962 :
2499 1926 2674 1980 neque
2704 1911 2845 1964 cnim
2872 1911 3042 1964 oculis
3069 1910 3324 1975 cernitur,
3353 1912 3487 1963 sicut
3528 1908 3645 1975 ipsa

2066 2002 2118 2054 in
2153 2016 2319 2071 puero
2349 2002 2604 2071 pueritia,
2638 2001 2777 2056 sicut
2801 2001 3055 2070 juventus
3088 2002 3137 2055 in
3160 2002 3387 2069 juvene,
3416 2000 3507 2054 scd
3540 2000 3645 2054 alia

2058 2093 2286 2159 quadam
2332 2093 2518 2149 notitia
2556 2092 2825 2163 colligitur
2866 2094 3041 2148 inesse
3085 2094 3138 2147 in
3190 2104 3378 2147 natura
3424 2093 3644 2160 quidam

2058 2183 2367 2257 [quoddam]
2398 2185 2589 2252 latens,
2618 2200 2723 2255 quo
2750 2188 3043 2242 educantur
3073 2188 3126 2241 in
3153 2195 3400 2257 promptu
3432 2186 3644 2239 numeri

2056 2276 2271 2340 occulti,
2296 2278 2378 2329 vel
2403 2276 2701 2345 juventutis
2728 2291 2757 2329 a
2790 2277 3040 2346 pueritia,
3068 2277 3155 2331 vel
3182 2276 3472 2332 senectutis
3502 2289 3530 2329 a
3554 2275 3645 2344 ju-

2058 2374 2299 2420 ventule.
2346 2367 2563 2420 Occulta
2592 2376 2675 2421 est
2704 2382 2833 2436 ergo
2864 2368 2963 2420 ista
2990 2366 3157 2434 ratio,
3204 2381 3309 2436 qua
3356 2369 3415 2420 lit
3446 2375 3505 2420 ut
3544 2366 3647 2421 hoc

2057 2470 2177 2510 esse
2205 2457 2393 2523 possit,
2421 2457 2515 2511 sed
2540 2457 2731 2523 oculis,
2764 2458 2928 2511 menti
2958 2466 3133 2511 autem
3164 2472 3269 2511 non
3297 2466 3380 2512 est
3410 2459 3647 2511 occulta.

2060 2547 2247 2602 Utrum
2289 2557 2471 2602 autem
2503 2548 2605 2603 hoc
2639 2550 2799 2604 etiam
2833 2564 3051 2605 necesse
3076 2550 3172 2617 sit,
3212 2552 3521 2606 omnimodo
3550 2568 3648 2606 nc-

2055 2640 2280 2697 scimus.
2311 2642 2377 2696 Et
2402 2643 2543 2697 illam
2569 2643 2781 2713 quidem
2808 2659 2911 2714 gna
2941 2646 2997 2698 ﬁt
3024 2653 3081 2699 ut
3100 2659 3221 2700 es-e
3250 2646 3417 2714 possit
3443 2661 3562 2700 esse
3592 2646 3648 2699 in

2054 2742 2241 2787 natura
2269 2733 2439 2801 ipsius
2464 2735 2706 2803 corporis
2731 2736 3001 2789 novimus.
3028 2736 3174 2789 lllain
3206 2751 3335 2791 vero
3364 2751 3466 2805 qua
3500 2736 3554 2788 tit
3585 2745 3649 2791 ut

2054 2839 2276 2880 necesse
2302 2826 2371 2879 sit
2392 2825 2729 2881 manifestum
2756 2835 2838 2880 est
2865 2826 2975 2880 illic
3005 2842 3111 2880 non
3140 2841 3280 2881 esse.
3311 2827 3418 2880 Sed
3448 2825 3647 2879 fortas-

2054 2919 2127 2973 sis
2152 2920 2204 2974 in
2227 2919 2426 2974 mundo
2452 2928 2563 2986 est,
2597 2928 2654 2973 ut
2693 2933 2917 2974 necesse
2961 2920 3032 2974 sit
3060 2920 3217 2973 istum
3247 2919 3518 2972 hominem
3550 2933 3645 2971 se-

2058 3026 2318 3067 nescere:
2352 3012 2396 3066 si
2417 3022 2592 3066 autem
2621 3026 2721 3066 nec
2751 3012 2799 3064 in
2824 3012 3024 3065 mundo
3052 3021 3153 3076 est,
3180 3010 3229 3063 in
3262 3010 3371 3065 Deo
3399 3022 3500 3064 εει.
3531 3008 3648 3065 lloc

2066 3102 2209 3157 enim
2241 3105 2543 3157 necessario
2566 3102 2799 3156 futurum
2818 3110 2900 3157 est
2920 3103 3060 3171 quod
3084 3102 3172 3155 ille
3196 3101 3325 3166 vult,
3348 3113 3398 3155 et
3429 3116 3492 3155 ea
3517 3115 3648 3155 vere

370 3201 617 3243 scentum
649 3190 889 3246 causales
931 3193 1169 3247 rationes
1198 3208 1415 3249 suorum
1467 3203 1765 3266 temporum
1801 3214 1956 3268 pera—
1981 3191 2027 3253 C
2065 3190 2241 3249 futura
2264 3204 2388 3249 sunt
2413 3208 2532 3264 qua
2558 3193 2648 3249 ille
2674 3194 2957 3264 praiscivit.
2984 3192 3114 3246 Nam
3153 3194 3317 3247 multa
3348 3193 3649 3247 secundum

371 3296 500 3348 gere
531 3284 721 3348 Spatia.
758 3284 938 3337 llestat
961 3299 1091 3354 ergo
1122 3296 1176 3339 ut
1208 3286 1272 3340 ad
1303 3296 1587 3356 utrumque
1617 3291 1831 3345 modum
1860 3291 1955 3346 ha-

373 3371 506 3426 t-ilcs
556 3382 751 3427 creatze
794 3373 940 3439 sint,
975 3376 1087 3430 sive
1132 3376 1197 3430 ad
1242 3378 1403 3432 istum
1446 3394 1552 3447 quo
1608 3382 1955 3438 usitatissimc

373 3463 683 3531 temperatio
730 3473 1145 3531 transcurrunt,
1178 3468 1290 3521 sive
1335 3468 1402 3523 ad
1434 3469 1585 3523 illum
1614 3487 1724 3541 quo
1752 3488 1873 3528 rara
1900 3483 1956 3529 et

372 3552 631 3606 mirabilia
665 3554 825 3620 ﬁunt,
856 3556 994 3610 sicut
1025 3556 1136 3611 Deo
1162 3558 1623 3633 facereplacuerit
1651 3565 1793 3633 quod
1817 3574 1954 3621 tem-

373 3644 489 3710 pori
536 3654 812 3714 congruat.
857 3644 1235 3703 Verumtamen
1286 3632 1366 3705 sic
1415 3652 1586 3706 factus
1624 3632 1708 3709 est
1756 3655 1952 3723 homo,

371 3734 819 3801 quemadmodum
849 3737 956 3791 illae
988 3740 1171 3807 primae
1208 3754 1383 3795 causa:
1412 3742 1681 3799 habebant
1719 3756 1774 3800 ut
1804 3746 1955 3802 fleret

372 3828 578 3896 primus
622 3830 803 3895 homo,
837 3845 995 3899 quem
1028 3846 1132 3885 non
1174 3846 1241 3887 ex
1288 3836 1596 3903 parentibus
1636 3841 1781 3893 nasci
1807 3879 1822 3902 ,
1867 3842 1956 3896 cui

364 3918 503 3975 nulli
535 3932 920 3990 prmcesserant
945 3962 961 3986 ,
988 3923 1082 3978 sed
1126 3923 1193 3979 de
1221 3924 1350 3979 limo
1378 3925 1595 3982 formari
1633 3930 1950 3998 oportebat,

370 4012 664 4066 secundum
690 4014 961 4068 causalem
995 4016 1254 4070 rationem
1286 4017 1336 4069 in
1363 4033 1463 4085 qua
1511 4020 1757 4087 primitus
1786 4021 1954 4078 factus

370 4113 505 4159 erat.
533 4103 665 4158 Nam
690 4105 737 4159 si
766 4106 923 4160 aliter
953 4106 1123 4161 factus
1151 4118 1234 4162 cst
1254 4153 1267 4175 ,
1300 4125 1405 4163 non
1432 4124 1555 4165 eum
1588 4110 1732 4166 Deus
1759 4114 1810 4167 in
1837 4114 1955 4167 illo-

368 4211 487 4252 rum
515 4210 609 4252 sex
633 4197 841 4253 dierum
870 4198 1121 4266 eperibus
1149 4200 1387 4266 fecerat,
1419 4201 1470 4254 in
1499 4204 1693 4271 quibus
1721 4218 1842 4258 cum
1874 4204 1955 4259 di-

369 4291 512 4345 citur
542 4291 737 4357 factus,
771 4293 938 4361 ipsam
971 4308 1187 4349 causam
1219 4298 1402 4365 utique
1438 4295 1637 4350 fecerat
1665 4296 1827 4363 Deus,
1853 4312 1953 4368 qua

370 4390 485 4437 erat
516 4397 615 4438 suo
646 4392 887 4454 tempore
916 4384 1077 4442 homo
1107 4386 1345 4449 futurus,
1379 4394 1435 4441 et
1462 4389 1758 4443 secundum
1789 4404 1950 4459 quam

379 4471 558 4545 lquod]
601 4475 773 4529 fuerat
801 4475 985 4530 abillo
1012 4475 1285 4531 faciendus
1313 4477 1406 4546 qui
1432 4478 1589 4533 simul
1622 4490 1676 4533 et
1707 4494 1951 4533 consum-

2063 3285 2345 3341 inferiores
2385 3300 2577 3341 causas
2627 3284 2802 3339 futura
2847 3292 2990 3348 sunt,
3021 3283 3116 3338 sed
3143 3285 3187 3337 si
3218 3284 3291 3337 ita
3336 3292 3464 3337 sunt
3491 3293 3544 3337 et
3590 3282 3649 3338 in

2060 3378 2394 3446 prtescientia
2417 3378 2541 3443 Dei,
2570 3392 2699 3433 vere
2724 3377 2901 3431 futura
2928 3386 3071 3431 sunt.
3100 3377 3158 3432 Si
3184 3388 3361 3430 autem
3391 3377 3460 3431 ibi
3488 3375 3650 3430 aliter

2057 3482 2217 3539 sunt,
2248 3474 2320 3527 ita
2354 3471 2530 3539 potius
2558 3472 2732 3525 futura
2759 3478 2888 3525 sunt
2924 3468 3061 3525 sicut
3103 3469 3173 3525 ibi
3218 3478 3374 3531 sunt;
3424 3468 3512 3523 ubi
3554 3470 3650 3537 qui

2058 3564 2274 3634 praescii
2302 3562 2406 3617 falli
2431 3577 2535 3617 non
2565 3570 2763 3630 potest.
2796 3560 2926 3614 Nam
2968 3560 3140 3615 futura
3171 3560 3367 3614 dicitur
3392 3570 3651 3614 senectus

2057 3658 2110 3711 in
2138 3656 2367 3726 juvene,
2397 3654 2491 3709 sed
2523 3664 2699 3708 tamen
2733 3653 2909 3706 futura
2942 3667 3047 3705 non
3090 3661 3205 3717 est,
3235 3652 3282 3706 si
3321 3661 3447 3705 ante
3473 3652 3649 3705 mori-

2058 3755 2208 3799 turus
2238 3756 2339 3800 est.
2377 3744 2488 3798 lloc
2517 3753 2701 3799 autem
2741 3743 2813 3797 ita
2856 3742 2957 3797 erit
3000 3742 3137 3796 sicut
3180 3755 3240 3796 se
3290 3741 3484 3795 habent
3528 3742 3650 3795 alia:

2055 3852 2253 3907 causae,
2287 3838 2401 3892 sive
2451 3834 2546 3908 [in]
2575 3835 2773 3890 mundo
2818 3844 3103 3898 contextae,
3136 3835 3249 3887 sive
3279 3834 3329 3885 in
3364 3832 3455 3885 Dei
3505 3847 3650 3900 pra:-

2056 3928 2285 3983 scientia
2316 3934 2624 3981 reservata.
2660 3924 2795 3979 Nam
2838 3922 3129 3978 secundum
3159 3922 3412 3991 quasdam
3442 3920 3650 3975 futuro-

2059 4036 2175 4075 rum
2206 4034 2397 4074 causas
2428 4062 2442 4088 ,
2468 4018 2762 4072 moriturus
2788 4025 2907 4071 erat
2927 4015 3033 4086 43
3067 4014 3337 4079 Ezechias,
3377 4015 3462 4068 cui
3507 4013 3649 4069 Deus

2058 4110 2262 4165 addidit
2290 4109 2599 4180 quindecim
2623 4122 2795 4161 annos
2820 4108 2885 4162 ad
2916 4109 3077 4161 vitam
3104 4124 3119 4162 :
3152 4109 3200 4161 id
3234 4108 3413 4175 utique
3438 4106 3647 4165 faciens

2055 4200 2201 4271 quod
2232 4210 2359 4259 ante
2388 4197 2827 4254 constitutionem
2875 4196 3059 4251 mundi
3102 4211 3163 4252 se
3209 4196 3475 4251 facturum
3524 4211 3650 4252 esse

2056 4291 2402 4361 praesciebat,
2433 4300 2488 4345 et
2515 4290 2566 4342 in
2609 4303 2703 4343 sua
2732 4289 3003 4343 voluntate
3034 4289 3301 4343 servabat.
3351 4287 3467 4343 Non
3516 4304 3652 4358 ergo

2056 4382 2109 4439 id
2134 4382 2360 4436 faciebat
2389 4380 2532 4446 quod
2579 4381 2810 4435 futurum
2842 4395 2948 4435 non
2980 4390 3115 4444 erat,
3160 4379 3261 4435 hoc
3286 4379 3427 4433 enim
3478 4381 3652 4448 magis

2057 4480 2174 4527 erat
2200 4472 2431 4525 futurum
2472 4470 2612 4540 quod
2638 4485 2698 4526 se
2723 4470 2982 4525 facturum
3007 4485 3129 4525 esse
3157 4470 3501 4539 praesciebat.
3536 4470 3653 4526 Nec

369 4577 607 4621 maverat
635 4564 913 4632 inchoata;
964 4575 1183 4636 propter
1228 4566 1606 4637 perfectionem
1649 4570 1942 4625 causalium
1974 4554 2027 4613 D
2052 4570 2237 4617 tamen
2266 4560 2338 4615 illi
2369 4561 2494 4615 anni
2533 4560 2701 4615 additi
2749 4568 2893 4615 recte
2927 4559 3257 4623 dicerentur,
3303 4558 3407 4613 nisi
3444 4558 3651 4629 aliquid

368 4659 655 4722 rationum,
684 4668 739 4713 et
764 4658 1114 4714 inchoaverat
1142 4662 1565 4715 consummanda
1617 4671 1836 4731 propter
1860 4679 1949 4716 or-

367 4751 550 4806 dinem
580 4761 900 4819 temporum.
933 4752 989 4806 Si
1033 4767 1161 4821 ergo
1192 4754 1243 4807 in
1272 4754 1376 4808 illis
1409 4755 1594 4822 primis
1617 4769 1794 4808 rerum
1821 4770 1948 4809 cau-

368 4844 483 4908 sis,
533 4857 667 4911 quas
707 4843 905 4896 mundo
955 4844 1199 4911 primitus
1248 4845 1474 4899 Creator
1516 4846 1783 4908 inseruit.
1840 4862 1947 4900 non

368 4941 573 4987 tantum
616 4934 792 5001 posuit
817 4933 958 5002 quod
996 4935 1065 4989 de
1101 4935 1229 4989 limo
1259 4936 1582 4991 formaturus
1612 4944 1728 4989 erat
1773 4935 1951 4990 homi-

367 5042 489 5081 nem
514 5065 531 5090 ,
561 5026 655 5081 sed
685 5026 847 5081 etiam
877 5027 1326 5095 quemadmodum
1360 5027 1685 5082 formaturus
1708 5068 1724 5093 ,
1762 5035 1949 5082 utrum

366 5122 506 5176 sicut
533 5119 585 5174 in
616 5119 800 5174 matris
828 5129 981 5173 utero
1001 5159 1016 5184 ,
1046 5134 1114 5173 an
1148 5119 1200 5173 in
1233 5119 1400 5174 forma
1438 5119 1657 5189 juvenili
1678 5161 1693 5184 ,
1740 5119 1955 5187 procul-

368 5212 534 5267 dubio
562 5212 639 5266 sic
667 5210 794 5266 fecit
821 5219 877 5265 ut
911 5209 1024 5266 illic
1056 5209 1389 5278 przeﬁxerat,
1421 5224 1592 5278 neque
1629 5208 1773 5263 enim
1817 5222 1951 5262 con-

368 5313 447 5358 tra
477 5302 877 5371 dispositionem
908 5316 1058 5357 suam
1110 5301 1325 5357 faceret.
1377 5300 1434 5353 Si
1464 5310 1644 5353 autem
1678 5300 1785 5353 vim
1831 5308 1950 5353 tan-

369 5406 481 5450 tum
515 5396 584 5451 ibi
615 5398 792 5465 posuit
835 5395 1234 5465 possibilitatis,
1268 5401 1326 5445 ut
1354 5392 1514 5445 homo
1547 5390 1699 5445 i‘ierct
1736 5405 1950 5460 quoquo

370 5487 530 5541 modo
558 5487 726 5553 ﬁeret,
760 5495 888 5541 utet
916 5490 994 5542 sic
1022 5494 1076 5541 et
1104 5485 1183 5540 sic
1211 5493 1392 5551 posset
1416 5522 1431 5547 ,
1462 5482 1512 5535 id
1543 5494 1623 5536 est
1654 5491 1713 5534 ut
1740 5481 1791 5534 id
1815 5496 1948 5549 quo-

371 5593 475 5645 que
502 5578 570 5632 ibi
600 5588 774 5645 esset,
808 5579 929 5649 quia
958 5588 1013 5633 et
1041 5578 1119 5632 sic
1148 5584 1203 5632 et
1227 5576 1304 5630 sic
1334 5583 1541 5643 posset,
1575 5588 1734 5627 unum
1767 5584 1944 5626 autem

372 5668 543 5734 ipsum
574 5671 786 5723 modum
835 5685 940 5738 quo
980 5678 1096 5723 erat
1126 5668 1361 5723 facturus
1386 5707 1401 5734 ,
1451 5667 1501 5718 in
1536 5680 1626 5717 sua
1677 5664 1949 5719 voluntate

367 5758 623 5822 servavit,
656 5774 758 5816 non
791 5760 971 5817 mundi
1013 5757 1376 5817 constitutioni
1410 5757 1550 5815 rcum
1592 5756 1773 5813 mundi
1822 5770 1951 5812 con-

2056 4652 2345 4707 adderetur
2369 4652 2509 4721 quod
2538 4665 2597 4707 se
2622 4650 2777 4706 aliter
2798 4651 2851 4704 in
2876 4649 2995 4704 aliis
3023 4650 3201 4704 causis
3233 4649 3487 4704 habuerat
3515 4665 3529 4701 :
3562 4665 3654 4705 se-

2057 4745 2288 4799 cundum
2334 4746 2541 4813 aliquas
2583 4743 2743 4811 igitur
2788 4755 2977 4797 causas
3016 4740 3316 4805 inferiores,
3345 4740 3454 4810 jam
3481 4740 3651 4796 vitam

2059 4837 2294 4900 ﬁnierat,
2324 4835 2619 4890 secundum
2651 4834 2769 4889 illas
2793 4845 2969 4887 autem
2992 4849 3111 4902 qua:
3139 4842 3262 4887 sunt
3291 4833 3342 4886 in
3370 4832 3652 4887 voluntate

2059 4938 2108 4981 ct
2161 4926 2496 4991 praescientia
2529 4924 2622 4979 Dei
2655 4966 2670 4990 ,
2699 4924 2789 4993 qui
2820 4939 2887 4977 ex
2924 4923 3225 4977 mternitate
3271 4932 3493 4976 noverat
3520 4922 3649 4987 quia

2061 5017 2155 5071 illo
2188 5028 2427 5085 tempore
2447 5014 2683 5068 facturus
2711 5021 2857 5076 erat.
2886 5022 2941 5068 et
2971 5013 3072 5067 hoc
3086 5027 3213 5092 vere
3239 5011 3475 5066 futurum
3504 5023 3646 5067 erat.

2057 5110 2207 5164 Tunc
2227 5116 2345 5162 erat
2373 5107 2623 5161 ﬁnituros
2652 5105 2838 5171 vitam,
2874 5105 3087 5173 quando
3106 5104 3275 5158 ﬁnivit
3298 5105 3486 5171 vitam,
3514 5105 3645 5172 quid

2057 5202 2157 5256 etsi
2186 5198 2330 5273 {quia
2358 5208 2412 5253 et
2431 5196 2531 5269 sic]
2560 5198 2734 5252 oranti
2756 5210 3071 5251 concessum
3095 5205 3211 5263 est,
3238 5199 3399 5251 etiam
3422 5197 3502 5250 sic
3521 5212 3648 5250 eum

2057 5301 2360 5354 oraturum,
2396 5298 2454 5343 ut
2475 5289 2565 5343 tali
2592 5289 2816 5343 orationi
2843 5287 3065 5342 concedi
3091 5294 3387 5354 oporteret,
3423 5287 3512 5341 ille
3542 5289 3649 5341 uti-

2057 5394 2161 5449 que
2184 5378 2522 5449 przesciebat,
2550 5378 2704 5447 cujus
2752 5376 3079 5442 praescientia
3112 5376 3222 5431 falli
3256 5391 3363 5431 non
3394 5386 3599 5446 poterat
3628 5418 3645 5441 ,

2053 5481 2110 5527 et
2154 5471 2276 5525 ideo
2319 5469 2461 5538 quod
2508 5468 2823 5538 prmsciebat
2865 5467 3172 5523 necessario
3223 5467 3459 5523 futurum
3503 5476 3644 5521 erat.

2054 5564 2389 5631 Quapropter
2416 5561 2462 5616 si
2490 5561 2729 5615 omnium
2763 5560 3067 5615 futurorum
3088 5574 3265 5616 causa:
3293 5559 3497 5615 mundo
3520 5568 3646 5614 sunt

2054 5656 2247 5723 insitae,
2276 5669 2395 5709 cum
2426 5654 2516 5709 ille
2546 5651 2716 5707 factus
2743 5661 2827 5707 est
2872 5652 2988 5707 dies
3027 5653 3242 5722 quando
3269 5652 3409 5709 Deus
3437 5651 3641 5706 creavit

2054 5748 2228 5804 omnia
2267 5744 2454 5811 simul,
2496 5760 2601 5800 non
2653 5744 2807 5799 aliter
2859 5742 3030 5801 Adam
3076 5744 3247 5804 factus
3287 5754 3369 5799 est
3417 5758 3537 5799 cum
3568 5742 3642 5798 da
