  <div class='ocr_page' id='page_1' title='image "/cluster/home/n/w/nwhite01/storage/ocr_20150623/62/hvd.32044054758693/336.png"; bbox 0 0 3990 6180; ppageno 0'>
   <div class='ocr_carea' id='block_1_1' title="bbox 324 379 2366 439">
    <p class='ocr_par' dir='ltr' id='par_1_1' title="bbox 324 379 2366 439">
     <span class='ocr_line' id='line_1_1' title="bbox 324 379 2366 439; baseline 0.001 -4"><span class='ocrx_word' id='word_1_1' title='bbox 324 379 419 435; x_wconf 65' lang='grc'><strong>961</strong></span> <span class='ocrx_word' id='word_1_2' title='bbox 1579 379 2005 439; x_wconf 77' lang='lat' dir='ltr'><strong>TIIESAURUS.</strong></span> <span class='ocrx_word' id='word_1_3' title='bbox 2039 382 2191 439; x_wconf 76' lang='lat' dir='ltr'><strong>CAP.</strong></span> <span class='ocrx_word' id='word_1_4' title='bbox 2233 383 2366 439; x_wconf 85' lang='lat' dir='ltr'><strong>LIV.</strong></span> 
     </span>
    </p>
   </div>
   <div class='ocr_carea' id='block_1_2' title="bbox 3468 380 3573 435">
    <p class='ocr_par' dir='ltr' id='par_1_2' title="bbox 3468 380 3573 435">
     <span class='ocr_line' id='line_1_2' title="bbox 3468 380 3573 435; baseline 0.067 -6"><span class='ocrx_word' id='word_1_5' title='bbox 3468 380 3573 435; x_wconf 65' lang='grc' dir='ltr'><strong>σεϐί</strong></span> 
     </span>
    </p>
   </div>
   <div class='ocr_carea' id='block_1_3' title="bbox 320 486 3570 572">
    <p class='ocr_par' dir='ltr' id='par_1_3' title="bbox 320 486 3570 572">
     <span class='ocr_line' id='line_1_3' title="bbox 320 486 3570 572; baseline 0.002 -31"><span class='ocrx_word' id='word_1_6' title='bbox 320 486 447 541; x_wconf 83' lang='grc' dir='ltr'><strong>Ιίηιο</strong></span> <span class='ocrx_word' id='word_1_7' title='bbox 470 494 628 542; x_wconf 80' lang='lat' dir='ltr'><strong>terrae</strong></span> <span class='ocrx_word' id='word_1_8' title='bbox 653 489 908 544; x_wconf 80' lang='lat' dir='ltr'><strong>formatus</strong></span> <span class='ocrx_word' id='word_1_9' title='bbox 932 497 1032 556; x_wconf 89' lang='lat' dir='ltr'><strong>est,</strong></span> <span class='ocrx_word' id='word_1_10' title='bbox 1056 488 1189 543; x_wconf 80' lang='lat' dir='ltr'><strong>sicut</strong></span> <span class='ocrx_word' id='word_1_11' title='bbox 1214 497 1294 544; x_wconf 89' lang='lat' dir='ltr'><strong>est</strong></span> <span class='ocrx_word' id='word_1_12' title='bbox 1317 489 1628 545; x_wconf 79' lang='lat' dir='ltr'><strong>credibilius</strong></span> <span class='ocrx_word' id='word_1_13' title='bbox 1647 492 1754 561; x_wconf 87' lang='lat' dir='ltr'><strong>jam</strong></span> <span class='ocrx_word' id='word_1_14' title='bbox 1780 508 1891 560; x_wconf 90' lang='lat' dir='ltr'><strong>per-</strong></span> <span class='ocrx_word' id='word_1_15' title='bbox 1921 495 1968 553; x_wconf 87' lang='lat' dir='ltr'><strong>A</strong></span> <span class='ocrx_word' id='word_1_16' title='bbox 1996 494 2188 548; x_wconf 71' lang='lat' dir='ltr'><strong>coelum</strong></span> <span class='ocrx_word' id='word_1_17' title='bbox 2217 496 2417 551; x_wconf 89' lang='lat' dir='ltr'><strong>creavit</strong></span> <span class='ocrx_word' id='word_1_18' title='bbox 2437 537 2452 555; x_wconf 89' lang='lat'><strong>.</strong></span> <span class='ocrx_word' id='word_1_19' title='bbox 2484 511 2542 551; x_wconf 81' lang='lat' dir='ltr'><strong>ea</strong></span> <span class='ocrx_word' id='word_1_20' title='bbox 2570 504 2829 566; x_wconf 86' lang='lat' dir='ltr'><strong>potestate</strong></span> <span class='ocrx_word' id='word_1_21' title='bbox 2862 495 3105 564; x_wconf 87' lang='lat' dir='ltr'><strong>deposuit</strong></span> <span class='ocrx_word' id='word_1_22' title='bbox 3138 504 3191 572; x_wconf 80' lang='lat' dir='ltr'><strong>et</strong></span> <span class='ocrx_word' id='word_1_23' title='bbox 3220 494 3441 564; x_wconf 90' lang='lat' dir='ltr'><strong>recepit,</strong></span> <span class='ocrx_word' id='word_1_24' title='bbox 3466 511 3570 563; x_wconf 78' lang='lat' dir='ltr'><strong>qua</strong></span> 
     </span>
    </p>
   </div>
   <div class='ocr_carea' id='block_1_4' title="bbox 320 577 1897 649">
    <p class='ocr_par' dir='ltr' id='par_1_4' title="bbox 320 577 1897 649">
     <span class='ocr_line' id='line_1_4' title="bbox 320 577 1897 649; baseline 0.005 -18"><span class='ocrx_word' id='word_1_25' title='bbox 320 577 473 632; x_wconf 64' lang='lat' dir='ltr'><strong>recte</strong></span> <span class='ocrx_word' id='word_1_26' title='bbox 497 578 768 634; x_wconf 78' lang='lat' dir='ltr'><strong>virilitatis</strong></span> <span class='ocrx_word' id='word_1_27' title='bbox 787 622 800 646; x_wconf 94' lang='lat'><strong>,</strong></span> <span class='ocrx_word' id='word_1_28' title='bbox 834 595 990 649; x_wconf 87' lang='lat' dir='ltr'><strong>quam</strong></span> <span class='ocrx_word' id='word_1_29' title='bbox 1018 589 1130 635; x_wconf 89' lang='lat' dir='ltr'><strong>erat</strong></span> <span class='ocrx_word' id='word_1_30' title='bbox 1159 580 1210 634; x_wconf 92' lang='lat' dir='ltr'><strong>in</strong></span> <span class='ocrx_word' id='word_1_31' title='bbox 1252 580 1355 635; x_wconf 90' lang='lat' dir='ltr'><strong>illis</strong></span> <span class='ocrx_word' id='word_1_32' title='bbox 1381 582 1559 636; x_wconf 80' lang='lat' dir='ltr'><strong>causis</strong></span> <span class='ocrx_word' id='word_1_33' title='bbox 1580 622 1595 646; x_wconf 90' lang='lat'><strong>,</strong></span> <span class='ocrx_word' id='word_1_34' title='bbox 1625 582 1717 635; x_wconf 92' lang='lat' dir='ltr'><strong>ubi</strong></span> <span class='ocrx_word' id='word_1_35' title='bbox 1754 583 1897 639; x_wconf 84' lang='lat' dir='ltr'><strong>Deus</strong></span> 
     </span>
    </p>
   </div>
   <div class='ocr_carea' id='block_1_5' title="bbox 321 672 1897 741">
    <p class='ocr_par' dir='ltr' id='par_1_5' title="bbox 321 672 1897 741">
     <span class='ocr_line' id='line_1_5' title="bbox 321 672 1897 741; baseline 0.004 -17"><span class='ocrx_word' id='word_1_36' title='bbox 321 672 596 727; x_wconf 83' lang='lat' dir='ltr'><strong>hominem</strong></span> <span class='ocrx_word' id='word_1_37' title='bbox 616 673 669 727; x_wconf 91' lang='lat' dir='ltr'><strong>in</strong></span> <span class='ocrx_word' id='word_1_38' title='bbox 699 689 792 728; x_wconf 79' lang='lat' dir='ltr'><strong>sex</strong></span> <span class='ocrx_word' id='word_1_39' title='bbox 819 673 1022 727; x_wconf 89' lang='lat' dir='ltr'><strong>dierum</strong></span> <span class='ocrx_word' id='word_1_40' title='bbox 1047 672 1292 741; x_wconf 83' lang='lat' dir='ltr'><strong>Operibus</strong></span> <span class='ocrx_word' id='word_1_41' title='bbox 1322 673 1467 728; x_wconf 82' lang='lat' dir='ltr'><strong>fecit.</strong></span> <span class='ocrx_word' id='word_1_42' title='bbox 1500 674 1575 727; x_wconf 86' lang='lat' dir='ltr'><strong>lbi</strong></span> <span class='ocrx_word' id='word_1_43' title='bbox 1610 675 1750 728; x_wconf 89' lang='lat' dir='ltr'><strong>enim</strong></span> <span class='ocrx_word' id='word_1_44' title='bbox 1783 684 1897 730; x_wconf 90' lang='lat' dir='ltr'><strong>erat</strong></span> 
     </span>
    </p>
   </div>
   <div class='ocr_carea' id='block_1_6' title="bbox 317 762 1897 828">
    <p class='ocr_par' dir='ltr' id='par_1_6' title="bbox 317 762 1897 828">
     <span class='ocr_line' id='line_1_6' title="bbox 317 762 1897 828; baseline 0.003 -13"><span class='ocrx_word' id='word_1_45' title='bbox 317 777 424 815; x_wconf 88' lang='lat' dir='ltr'><strong>non</strong></span> <span class='ocrx_word' id='word_1_46' title='bbox 448 762 621 817; x_wconf 88' lang='lat' dir='ltr'><strong>solum</strong></span> <span class='ocrx_word' id='word_1_47' title='bbox 651 773 709 817; x_wconf 92' lang='lat' dir='ltr'><strong>ut</strong></span> <span class='ocrx_word' id='word_1_48' title='bbox 740 764 807 818; x_wconf 89' lang='lat' dir='ltr'><strong>ita</strong></span> <span class='ocrx_word' id='word_1_49' title='bbox 836 764 951 818; x_wconf 85' lang='lat' dir='ltr'><strong>ﬁeri</strong></span> <span class='ocrx_word' id='word_1_50' title='bbox 977 775 1174 828; x_wconf 86' lang='lat' dir='ltr'><strong>posset,</strong></span> <span class='ocrx_word' id='word_1_51' title='bbox 1198 779 1379 818; x_wconf 91' lang='lat' dir='ltr'><strong>verum</strong></span> <span class='ocrx_word' id='word_1_52' title='bbox 1403 765 1562 819; x_wconf 88' lang='lat' dir='ltr'><strong>etiam</strong></span> <span class='ocrx_word' id='word_1_53' title='bbox 1592 776 1646 819; x_wconf 91' lang='grc' dir='ltr'><strong>ιιι</strong></span> <span class='ocrx_word' id='word_1_54' title='bbox 1676 766 1750 819; x_wconf 89' lang='lat' dir='ltr'><strong>ita</strong></span> <span class='ocrx_word' id='word_1_55' title='bbox 1776 780 1897 820; x_wconf 89' lang='lat' dir='ltr'><strong>eum</strong></span> 
     </span>
    </p>
   </div>
   <div class='ocr_carea' id='block_1_7' title="bbox 321 853 1895 921">
    <p class='ocr_par' dir='ltr' id='par_1_7' title="bbox 321 853 1895 921">
     <span class='ocr_line' id='line_1_7' title="bbox 321 853 1895 921; baseline 0.003 -16"><span class='ocrx_word' id='word_1_56' title='bbox 321 853 439 907; x_wconf 83' lang='lat' dir='ltr'><strong>ﬁeri</strong></span> <span class='ocrx_word' id='word_1_57' title='bbox 465 869 692 910; x_wconf 90' lang='lat' dir='ltr'><strong>necesse</strong></span> <span class='ocrx_word' id='word_1_58' title='bbox 722 863 864 909; x_wconf 83' lang='lat' dir='ltr'><strong>esset</strong></span> <span class='ocrx_word' id='word_1_59' title='bbox 891 872 904 921; x_wconf 92' lang='lat'>;</span> <span class='ocrx_word' id='word_1_60' title='bbox 938 863 1043 908; x_wconf 88' lang='lat' dir='ltr'><strong>tam</strong></span> <span class='ocrx_word' id='word_1_61' title='bbox 1072 856 1214 910; x_wconf 85' lang='lat' dir='ltr'><strong>enim</strong></span> <span class='ocrx_word' id='word_1_62' title='bbox 1244 870 1348 910; x_wconf 93' lang='lat' dir='ltr'><strong>non</strong></span> <span class='ocrx_word' id='word_1_63' title='bbox 1380 855 1505 909; x_wconf 78' lang='lat' dir='ltr'><strong>facit</strong></span> <span class='ocrx_word' id='word_1_64' title='bbox 1538 855 1676 910; x_wconf 84' lang='lat' dir='ltr'><strong>Dens</strong></span> <span class='ocrx_word' id='word_1_65' title='bbox 1705 866 1895 911; x_wconf 88' lang='lat' dir='ltr'><strong>contra</strong></span> 
     </span>
    </p>
   </div>
   <div class='ocr_carea' id='block_1_8' title="bbox 317 945 1899 1017">
    <p class='ocr_par' dir='ltr' id='par_1_8' title="bbox 317 945 1899 1017">
     <span class='ocr_line' id='line_1_8' title="bbox 317 945 1899 1017; baseline 0.005 -22"><span class='ocrx_word' id='word_1_66' title='bbox 317 956 537 998; x_wconf 82' lang='lat' dir='ltr'><strong>causam</strong></span> <span class='ocrx_word' id='word_1_67' title='bbox 579 959 738 1015; x_wconf 90' lang='lat' dir='ltr'><strong>quam</strong></span> <span class='ocrx_word' id='word_1_68' title='bbox 766 945 883 999; x_wconf 89' lang='lat' dir='ltr'><strong>sine</strong></span> <span class='ocrx_word' id='word_1_69' title='bbox 922 945 1087 1000; x_wconf 90' lang='lat' dir='ltr'><strong>dubio</strong></span> <span class='ocrx_word' id='word_1_70' title='bbox 1143 946 1330 1001; x_wconf 85' lang='lat' dir='ltr'><strong>volens</strong></span> <span class='ocrx_word' id='word_1_71' title='bbox 1376 946 1691 1015; x_wconf 81' lang='lat' dir='ltr'><strong>praestituit,</strong></span> <span class='ocrx_word' id='word_1_72' title='bbox 1739 946 1899 1017; x_wconf 72' lang='lat' dir='ltr'><strong>qnam</strong></span> 
     </span>
    </p>
   </div>
   <div class='ocr_carea' id='block_1_9' title="bbox 318 1034 1896 1092">
    <p class='ocr_par' dir='ltr' id='par_1_9' title="bbox 318 1034 1896 1092">
     <span class='ocr_line' id='line_1_9' title="bbox 318 1034 1896 1092; baseline 0.004 -7"><span class='ocrx_word' id='word_1_73' title='bbox 318 1044 509 1087; x_wconf 89' lang='lat' dir='ltr'><strong>contra</strong></span> <span class='ocrx_word' id='word_1_74' title='bbox 541 1034 865 1089; x_wconf 77' lang='lat' dir='ltr'><strong>voluntatem</strong></span> <span class='ocrx_word' id='word_1_75' title='bbox 890 1049 1037 1088; x_wconf 90' lang='lat' dir='ltr'><strong>suam</strong></span> <span class='ocrx_word' id='word_1_76' title='bbox 1066 1050 1172 1089; x_wconf 91' lang='lat' dir='ltr'><strong>non</strong></span> <span class='ocrx_word' id='word_1_77' title='bbox 1202 1034 1343 1091; x_wconf 80' lang='lat' dir='ltr'><strong>facit.</strong></span> <span class='ocrx_word' id='word_1_78' title='bbox 1374 1035 1432 1091; x_wconf 89' lang='lat' dir='ltr'><strong>Si</strong></span> <span class='ocrx_word' id='word_1_79' title='bbox 1455 1045 1630 1090; x_wconf 85' lang='lat' dir='ltr'><strong>autem</strong></span> <span class='ocrx_word' id='word_1_80' title='bbox 1655 1051 1762 1091; x_wconf 92' lang='lat' dir='ltr'><strong>non</strong></span> <span class='ocrx_word' id='word_1_81' title='bbox 1788 1052 1896 1092; x_wconf 84' lang='lat' dir='ltr'><strong>om-</strong></span> 
     </span>
    </p>
   </div>
   <div class='ocr_carea' id='block_1_10' title="bbox 316 1125 1895 1196">
    <p class='ocr_par' dir='ltr' id='par_1_10' title="bbox 316 1125 1895 1196">
     <span class='ocr_line' id='line_1_10' title="bbox 316 1125 1895 1196; baseline 0.004 -19"><span class='ocrx_word' id='word_1_82' title='bbox 316 1138 415 1178; x_wconf 88' lang='lat' dir='ltr'><strong>nes</strong></span> <span class='ocrx_word' id='word_1_83' title='bbox 445 1139 638 1180; x_wconf 89' lang='lat' dir='ltr'><strong>causas</strong></span> <span class='ocrx_word' id='word_1_84' title='bbox 666 1126 719 1179; x_wconf 91' lang='lat' dir='ltr'><strong>in</strong></span> <span class='ocrx_word' id='word_1_85' title='bbox 748 1135 991 1180; x_wconf 80' lang='lat' dir='ltr'><strong>creatura</strong></span> <span class='ocrx_word' id='word_1_86' title='bbox 1013 1125 1259 1194; x_wconf 87' lang='lat' dir='ltr'><strong>primitus</strong></span> <span class='ocrx_word' id='word_1_87' title='bbox 1280 1127 1493 1181; x_wconf 89' lang='lat' dir='ltr'><strong>condita</strong></span> <span class='ocrx_word' id='word_1_88' title='bbox 1523 1128 1772 1196; x_wconf 75' lang='lat' dir='ltr'><strong>prmﬁxit,</strong></span> <span class='ocrx_word' id='word_1_89' title='bbox 1797 1128 1895 1183; x_wconf 84' lang='lat' dir='ltr'><strong>sed</strong></span> 
     </span>
    </p>
   </div>
   <div class='ocr_carea' id='block_1_11' title="bbox 315 1217 1893 1289">
    <p class='ocr_par' dir='ltr' id='par_1_11' title="bbox 315 1217 1893 1289">
     <span class='ocr_line' id='line_1_11' title="bbox 315 1217 1893 1289; baseline 0.003 -20"><span class='ocrx_word' id='word_1_90' title='bbox 315 1217 529 1285; x_wconf 87' lang='lat' dir='ltr'><strong>aliquas</strong></span> <span class='ocrx_word' id='word_1_91' title='bbox 561 1218 615 1271; x_wconf 93' lang='lat' dir='ltr'><strong>in</strong></span> <span class='ocrx_word' id='word_1_92' title='bbox 648 1232 741 1271; x_wconf 92' lang='lat' dir='ltr'><strong>sua</strong></span> <span class='ocrx_word' id='word_1_93' title='bbox 774 1218 1046 1272; x_wconf 78' lang='lat' dir='ltr'><strong>voluntate</strong></span> <span class='ocrx_word' id='word_1_94' title='bbox 1076 1218 1328 1283; x_wconf 86' lang='lat' dir='ltr'><strong>servavit,</strong></span> <span class='ocrx_word' id='word_1_95' title='bbox 1354 1234 1457 1272; x_wconf 92' lang='lat' dir='ltr'><strong>non</strong></span> <span class='ocrx_word' id='word_1_96' title='bbox 1489 1230 1616 1274; x_wconf 90' lang='lat' dir='ltr'><strong>sunt</strong></span> <span class='ocrx_word' id='word_1_97' title='bbox 1640 1220 1742 1274; x_wconf 90' lang='lat' dir='ltr'><strong>illae</strong></span> <span class='ocrx_word' id='word_1_98' title='bbox 1774 1221 1893 1289; x_wconf 92' lang='lat' dir='ltr'><strong>qui-</strong></span> 
     </span>
    </p>
   </div>
   <div class='ocr_carea' id='block_1_12' title="bbox 315 1304 1893 1378">
    <p class='ocr_par' dir='ltr' id='par_1_12' title="bbox 315 1304 1893 1378">
     <span class='ocr_line' id='line_1_12' title="bbox 315 1304 1893 1378; baseline 0.004 -20"><span class='ocrx_word' id='word_1_99' title='bbox 315 1304 441 1358; x_wconf 86' lang='lat' dir='ltr'><strong>dem</strong></span> <span class='ocrx_word' id='word_1_100' title='bbox 472 1321 626 1374; x_wconf 88' lang='lat' dir='ltr'><strong>quas,</strong></span> <span class='ocrx_word' id='word_1_101' title='bbox 654 1306 708 1359; x_wconf 91' lang='lat' dir='ltr'><strong>in</strong></span> <span class='ocrx_word' id='word_1_102' title='bbox 733 1321 829 1359; x_wconf 89' lang='lat' dir='ltr'><strong>sua</strong></span> <span class='ocrx_word' id='word_1_103' title='bbox 854 1306 1123 1360; x_wconf 76' lang='lat' dir='ltr'><strong>voluntate</strong></span> <span class='ocrx_word' id='word_1_104' title='bbox 1147 1308 1398 1373; x_wconf 85' lang='lat' dir='ltr'><strong>servavit,</strong></span> <span class='ocrx_word' id='word_1_105' title='bbox 1417 1324 1484 1363; x_wconf 78' lang='lat' dir='ltr'><strong>ex</strong></span> <span class='ocrx_word' id='word_1_106' title='bbox 1506 1308 1728 1363; x_wconf 88' lang='lat' dir='ltr'><strong>istarum</strong></span> <span class='ocrx_word' id='word_1_107' title='bbox 1758 1325 1893 1378; x_wconf 87' lang='lat' dir='ltr'><strong>quas</strong></span> 
     </span>
    </p>
   </div>
   <div class='ocr_carea' id='block_1_13' title="bbox 313 1396 1896 1468">
    <p class='ocr_par' dir='ltr' id='par_1_13' title="bbox 313 1396 1896 1468">
     <span class='ocr_line' id='line_1_13' title="bbox 313 1396 1896 1468; baseline 0.003 -19"><span class='ocrx_word' id='word_1_108' title='bbox 313 1396 523 1449; x_wconf 83' lang='lat' dir='ltr'><strong>creavit</strong></span> <span class='ocrx_word' id='word_1_109' title='bbox 566 1396 883 1451; x_wconf 79' lang='lat' dir='ltr'><strong>necessitate</strong></span> <span class='ocrx_word' id='word_1_110' title='bbox 923 1396 1255 1465; x_wconf 85' lang='lat' dir='ltr'><strong>pendentes,</strong></span> <span class='ocrx_word' id='word_1_111' title='bbox 1301 1414 1405 1452; x_wconf 91' lang='lat' dir='ltr'><strong>non</strong></span> <span class='ocrx_word' id='word_1_112' title='bbox 1452 1408 1630 1453; x_wconf 90' lang='lat' dir='ltr'><strong>tamen</strong></span> <span class='ocrx_word' id='word_1_113' title='bbox 1676 1408 1896 1468; x_wconf 89' lang='lat' dir='ltr'><strong>possunt</strong></span> 
     </span>
    </p>
   </div>
   <div class='ocr_carea' id='block_1_14' title="bbox 314 1488 1893 1558">
    <p class='ocr_par' dir='ltr' id='par_1_14' title="bbox 314 1488 1893 1558">
     <span class='ocr_line' id='line_1_14' title="bbox 314 1488 1893 1558; baseline 0.003 -17"><span class='ocrx_word' id='word_1_114' title='bbox 314 1502 440 1541; x_wconf 91' lang='lat' dir='ltr'><strong>esse</strong></span> <span class='ocrx_word' id='word_1_115' title='bbox 492 1489 779 1543; x_wconf 65' lang='lat' dir='ltr'><strong>contrariae</strong></span> <span class='ocrx_word' id='word_1_116' title='bbox 824 1503 955 1558; x_wconf 90' lang='lat' dir='ltr'><strong>quas</strong></span> <span class='ocrx_word' id='word_1_117' title='bbox 1003 1488 1056 1542; x_wconf 91' lang='lat' dir='ltr'><strong>in</strong></span> <span class='ocrx_word' id='word_1_118' title='bbox 1097 1503 1191 1543; x_wconf 88' lang='lat' dir='ltr'><strong>sua</strong></span> <span class='ocrx_word' id='word_1_119' title='bbox 1220 1490 1490 1545; x_wconf 79' lang='lat' dir='ltr'><strong>voluntate</strong></span> <span class='ocrx_word' id='word_1_120' title='bbox 1518 1493 1750 1545; x_wconf 85' lang='lat' dir='ltr'><strong>servavit</strong></span> <span class='ocrx_word' id='word_1_121' title='bbox 1788 1491 1893 1545; x_wconf 88' lang='lat' dir='ltr'><strong>illis</strong></span> 
     </span>
    </p>
   </div>
   <div class='ocr_carea' id='block_1_15' title="bbox 311 1576 1889 1648">
    <p class='ocr_par' dir='ltr' id='par_1_15' title="bbox 311 1576 1889 1648">
     <span class='ocr_line' id='line_1_15' title="bbox 311 1576 1889 1648; baseline 0.004 -19"><span class='ocrx_word' id='word_1_122' title='bbox 311 1589 454 1644; x_wconf 89' lang='lat' dir='ltr'><strong>quas</strong></span> <span class='ocrx_word' id='word_1_123' title='bbox 480 1590 577 1629; x_wconf 85' lang='lat' dir='ltr'><strong>sua</strong></span> <span class='ocrx_word' id='word_1_124' title='bbox 606 1576 879 1631; x_wconf 85' lang='lat' dir='ltr'><strong>voluntate</strong></span> <span class='ocrx_word' id='word_1_125' title='bbox 909 1578 1199 1642; x_wconf 87' lang='lat' dir='ltr'><strong>constituit,</strong></span> <span class='ocrx_word' id='word_1_126' title='bbox 1229 1580 1349 1648; x_wconf 89' lang='lat' dir='ltr'><strong>quia</strong></span> <span class='ocrx_word' id='word_1_127' title='bbox 1383 1580 1473 1634; x_wconf 90' lang='lat' dir='ltr'><strong>Dei</strong></span> <span class='ocrx_word' id='word_1_128' title='bbox 1505 1581 1751 1635; x_wconf 86' lang='lat' dir='ltr'><strong>voluntas</strong></span> <span class='ocrx_word' id='word_1_129' title='bbox 1784 1596 1889 1636; x_wconf 91' lang='lat' dir='ltr'><strong>non</strong></span> 
     </span>
    </p>
   </div>
   <div class='ocr_carea' id='block_1_16' title="bbox 309 1666 1892 1739">
    <p class='ocr_par' dir='ltr' id='par_1_16' title="bbox 309 1666 1892 1739">
     <span class='ocr_line' id='line_1_16' title="bbox 309 1666 1892 1739; baseline 0.004 -21"><span class='ocrx_word' id='word_1_130' title='bbox 309 1674 497 1734; x_wconf 84' lang='lat' dir='ltr'><strong>potest</strong></span> <span class='ocrx_word' id='word_1_131' title='bbox 524 1666 624 1739; x_wconf 83' lang='lat' dir='ltr'><strong>sibi</strong></span> <span class='ocrx_word' id='word_1_132' title='bbox 654 1681 774 1722; x_wconf 89' lang='lat' dir='ltr'><strong>esse</strong></span> <span class='ocrx_word' id='word_1_133' title='bbox 802 1668 1085 1721; x_wconf 87' lang='lat' dir='ltr'><strong>contraria.</strong></span> <span class='ocrx_word' id='word_1_134' title='bbox 1114 1666 1249 1723; x_wconf 88' lang='lat' dir='ltr'><strong>Istas</strong></span> <span class='ocrx_word' id='word_1_135' title='bbox 1277 1682 1404 1739; x_wconf 85' lang='lat' dir='ltr'><strong>ergo</strong></span> <span class='ocrx_word' id='word_1_136' title='bbox 1429 1670 1506 1724; x_wconf 91' lang='lat' dir='ltr'><strong>sic</strong></span> <span class='ocrx_word' id='word_1_137' title='bbox 1532 1670 1801 1737; x_wconf 89' lang='lat' dir='ltr'><strong>condidit,</strong></span> <span class='ocrx_word' id='word_1_138' title='bbox 1830 1679 1892 1725; x_wconf 91' lang='lat' dir='ltr'><strong>ut</strong></span> 
     </span>
    </p>
   </div>
   <div class='ocr_carea' id='block_1_17' title="bbox 309 1759 1889 1833">
    <p class='ocr_par' dir='ltr' id='par_1_17' title="bbox 309 1759 1889 1833">
     <span class='ocr_line' id='line_1_17' title="bbox 309 1759 1889 1833; baseline 0.004 -20"><span class='ocrx_word' id='word_1_139' title='bbox 309 1773 375 1813; x_wconf 71' lang='lat' dir='ltr'><strong>ex</strong></span> <span class='ocrx_word' id='word_1_140' title='bbox 415 1759 525 1813; x_wconf 90' lang='lat' dir='ltr'><strong>illis</strong></span> <span class='ocrx_word' id='word_1_141' title='bbox 555 1773 676 1815; x_wconf 83' lang='lat' dir='ltr'><strong>esse</strong></span> <span class='ocrx_word' id='word_1_142' title='bbox 708 1761 840 1815; x_wconf 91' lang='lat' dir='ltr'><strong>illud</strong></span> <span class='ocrx_word' id='word_1_143' title='bbox 867 1761 1016 1830; x_wconf 88' lang='lat' dir='ltr'><strong>cujus</strong></span> <span class='ocrx_word' id='word_1_144' title='bbox 1045 1775 1221 1817; x_wconf 73' lang='lat' dir='ltr'><strong>causa:</strong></span> <span class='ocrx_word' id='word_1_145' title='bbox 1250 1771 1393 1828; x_wconf 90' lang='lat' dir='ltr'><strong>sunt,</strong></span> <span class='ocrx_word' id='word_1_146' title='bbox 1422 1763 1629 1833; x_wconf 88' lang='lat' dir='ltr'><strong>possit,</strong></span> <span class='ocrx_word' id='word_1_147' title='bbox 1659 1765 1752 1820; x_wconf 90' lang='lat' dir='ltr'><strong>sed</strong></span> <span class='ocrx_word' id='word_1_148' title='bbox 1782 1781 1889 1820; x_wconf 91' lang='lat' dir='ltr'><strong>non</strong></span> 
     </span>
    </p>
   </div>
   <div class='ocr_carea' id='block_1_18' title="bbox 2001 585 2785 656">
    <p class='ocr_par' dir='ltr' id='par_1_18' title="bbox 2001 585 2785 656">
     <span class='ocr_line' id='line_1_18' title="bbox 2001 585 2785 656; baseline 0.004 -19"><span class='ocrx_word' id='word_1_149' title='bbox 2001 586 2159 638; x_wconf 91' lang='lat' dir='ltr'><strong>etiam</strong></span> <span class='ocrx_word' id='word_1_150' title='bbox 2192 585 2458 642; x_wconf 87' lang='lat' dir='ltr'><strong>sideribus</strong></span> <span class='ocrx_word' id='word_1_151' title='bbox 2487 588 2785 656; x_wconf 84' lang='lat' dir='ltr'><strong>imperavit.</strong></span> 
     </span>
    </p>
   </div>
   <div class='ocr_carea' id='block_1_19' title="bbox 2585 720 2980 778">
    <p class='ocr_par' dir='ltr' id='par_1_19' title="bbox 2585 720 2980 778">
     <span class='ocr_line' id='line_1_19' title="bbox 2585 720 2980 778; baseline 0.003 -3"><span class='ocrx_word' id='word_1_152' title='bbox 2585 720 2809 778; x_wconf 78' lang='lat' dir='ltr'><strong>CAPUT</strong></span> <span class='ocrx_word' id='word_1_153' title='bbox 2848 720 2980 777; x_wconf 89' lang='lat' dir='ltr'>LIII.</span> 
     </span>
    </p>
   </div>
   <div class='ocr_carea' id='block_1_20' title="bbox 2001 830 3571 903">
    <p class='ocr_par' dir='ltr' id='par_1_20' title="bbox 2001 830 3571 903">
     <span class='ocr_line' id='line_1_20' title="bbox 2001 830 3571 903; baseline -0.003 -18"><span class='ocrx_word' id='word_1_154' title='bbox 2001 831 2077 885; x_wconf 83' lang='lat' dir='ltr'><strong>De</strong></span> <span class='ocrx_word' id='word_1_155' title='bbox 2125 834 2391 902; x_wconf 65' lang='lat' dir='ltr'><strong>praceptis</strong></span> <span class='ocrx_word' id='word_1_156' title='bbox 2421 834 2627 903; x_wconf 77' lang='lat' dir='ltr'><strong>agendre</strong></span> <span class='ocrx_word' id='word_1_157' title='bbox 2657 836 2773 887; x_wconf 74' lang='lat' dir='ltr'><strong>vita:</strong></span> <span class='ocrx_word' id='word_1_158' title='bbox 2814 845 2862 887; x_wconf 87' lang='lat' dir='ltr'><strong>et</strong></span> <span class='ocrx_word' id='word_1_159' title='bbox 2914 834 3180 901; x_wconf 74' lang='lat' dir='ltr'><strong>prwrcptis</strong></span> <span class='ocrx_word' id='word_1_160' title='bbox 3217 830 3571 903; x_wconf 64' lang='lat' dir='ltr'><strong>signiﬁcanda</strong></span> 
     </span>
    </p>
   </div>
   <div class='ocr_carea' id='block_1_21' title="bbox 2306 904 3271 966">
    <p class='ocr_par' dir='ltr' id='par_1_21' title="bbox 2306 904 3271 966">
     <span class='ocr_line' id='line_1_21' title="bbox 2306 904 3271 966; baseline 0.002 -11"><span class='ocrx_word' id='word_1_161' title='bbox 2306 904 2442 966; x_wconf 72' lang='lat' dir='ltr'><strong>vitm,</strong></span> <span class='ocrx_word' id='word_1_162' title='bbox 2473 920 2537 957; x_wconf 74' lang='lat' dir='ltr'><strong>ex</strong></span> <span class='ocrx_word' id='word_1_163' title='bbox 2556 904 2687 957; x_wconf 79' lang='lat' dir='ltr'><strong>libro</strong></span> <span class='ocrx_word' id='word_1_164' title='bbox 2718 920 2768 957; x_wconf 83' lang='lat' dir='ltr'><strong>v1</strong></span> <span class='ocrx_word' id='word_1_165' title='bbox 2795 914 2973 958; x_wconf 83' lang='lat' dir='ltr'><strong>contra</strong></span> <span class='ocrx_word' id='word_1_166' title='bbox 3004 904 3271 957; x_wconf 76' lang='lat' dir='ltr'><strong>Faustum.</strong></span> 
     </span>
    </p>
   </div>
   <div class='ocr_carea' id='block_1_22' title="bbox 2070 1002 3569 1072">
    <p class='ocr_par' dir='ltr' id='par_1_22' title="bbox 2070 1002 3569 1072">
     <span class='ocr_line' id='line_1_22' title="bbox 2070 1002 3569 1072; baseline -0.002 -16"><span class='ocrx_word' id='word_1_167' title='bbox 2070 1002 2527 1070; x_wconf 78' lang='lat' dir='ltr'><strong>Quemadmodum</strong></span> <span class='ocrx_word' id='word_1_168' title='bbox 2558 1014 2608 1059; x_wconf 89' lang='lat' dir='ltr'><strong>et</strong></span> <span class='ocrx_word' id='word_1_169' title='bbox 2643 1022 2805 1072; x_wconf 89' lang='lat' dir='ltr'><strong>quare</strong></span> <span class='ocrx_word' id='word_1_170' title='bbox 2843 1007 3131 1072; x_wconf 84' lang='lat' dir='ltr'><strong>accipiatur</strong></span> <span class='ocrx_word' id='word_1_171' title='bbox 3169 1004 3569 1057; x_wconf 80' lang='lat' dir='ltr'><strong>Testamentum</strong></span> 
     </span>
    </p>
   </div>
   <div class='ocr_carea' id='block_1_23' title="bbox 2004 1093 3570 1164">
    <p class='ocr_par' dir='ltr' id='par_1_23' title="bbox 2004 1093 3570 1164">
     <span class='ocr_line' id='line_1_23' title="bbox 2004 1093 3570 1164; baseline -0.001 -17"><span class='ocrx_word' id='word_1_172' title='bbox 2004 1094 2165 1149; x_wconf 87' lang='lat' dir='ltr'><strong>Vetus</strong></span> <span class='ocrx_word' id='word_1_173' title='bbox 2192 1096 2259 1149; x_wconf 88' lang='lat' dir='ltr'><strong>ab</strong></span> <span class='ocrx_word' id='word_1_174' title='bbox 2289 1096 2587 1151; x_wconf 74' lang='lat' dir='ltr'><strong>hmredibus</strong></span> <span class='ocrx_word' id='word_1_175' title='bbox 2614 1098 2937 1151; x_wconf 81' lang='lat' dir='ltr'><strong>Testatnenti</strong></span> <span class='ocrx_word' id='word_1_176' title='bbox 2964 1097 3094 1150; x_wconf 85' lang='lat' dir='ltr'><strong>Novi</strong></span> <span class='ocrx_word' id='word_1_177' title='bbox 3116 1096 3223 1164; x_wconf 87' lang='lat' dir='ltr'><strong>jam</strong></span> <span class='ocrx_word' id='word_1_178' title='bbox 3254 1110 3411 1163; x_wconf 86' lang='lat' dir='ltr'><strong>supra</strong></span> <span class='ocrx_word' id='word_1_179' title='bbox 3434 1093 3570 1147; x_wconf 84' lang='lat' dir='ltr'><strong>dixi-</strong></span> 
     </span>
    </p>
   </div>
   <div class='ocr_carea' id='block_1_24' title="bbox 2002 1182 3637 1263">
    <p class='ocr_par' dir='ltr' id='par_1_24' title="bbox 2002 1182 3637 1263">
     <span class='ocr_line' id='line_1_24' title="bbox 2002 1182 3637 1263; baseline -0.002 -25"><span class='ocrx_word' id='word_1_180' title='bbox 2002 1200 2119 1239; x_wconf 92' lang='lat' dir='ltr'><strong>mus</strong></span> <span class='ocrx_word' id='word_1_181' title='bbox 2147 1202 2160 1237; x_wconf 87' lang='lat'><strong>:</strong></span> <span class='ocrx_word' id='word_1_182' title='bbox 2190 1186 2283 1240; x_wconf 90' lang='lat' dir='ltr'><strong>sed</strong></span> <span class='ocrx_word' id='word_1_183' title='bbox 2306 1189 2426 1255; x_wconf 87' lang='lat' dir='ltr'><strong>quia</strong></span> <span class='ocrx_word' id='word_1_184' title='bbox 2454 1188 2612 1256; x_wconf 90' lang='lat' dir='ltr'><strong>paulo</strong></span> <span class='ocrx_word' id='word_1_185' title='bbox 2642 1196 2766 1242; x_wconf 89' lang='lat' dir='ltr'><strong>ante</strong></span> <span class='ocrx_word' id='word_1_186' title='bbox 2811 1188 2878 1241; x_wconf 88' lang='lat' dir='ltr'><strong>de</strong></span> <span class='ocrx_word' id='word_1_187' title='bbox 2906 1185 3183 1255; x_wconf 68' lang='lat' dir='ltr'><strong>promissis</strong></span> <span class='ocrx_word' id='word_1_188' title='bbox 3205 1184 3319 1251; x_wconf 88' lang='lat' dir='ltr'><strong>ejus</strong></span> <span class='ocrx_word' id='word_1_189' title='bbox 3343 1182 3570 1263; x_wconf 68' lang='lat' dir='ltr'><strong>Faustus</strong></span> <span class='ocrx_word' id='word_1_190' title='bbox 3630 1254 3637 1262; x_wconf 23' lang='grc' dir='ltr'><strong>ν</strong></span> 
     </span>
    </p>
   </div>
   <div class='ocr_carea' id='block_1_25' title="bbox 1997 1274 3571 1346">
    <p class='ocr_par' dir='ltr' id='par_1_25' title="bbox 1997 1274 3571 1346">
     <span class='ocr_line' id='line_1_25' title="bbox 1997 1274 3571 1346; baseline -0.002 -18"><span class='ocrx_word' id='word_1_191' title='bbox 1997 1278 2126 1343; x_wconf 79' lang='lat' dir='ltr'><strong>egit,</strong></span> <span class='ocrx_word' id='word_1_192' title='bbox 2162 1293 2300 1333; x_wconf 88' lang='lat' dir='ltr'><strong>nunc</strong></span> <span class='ocrx_word' id='word_1_193' title='bbox 2320 1290 2497 1332; x_wconf 92' lang='lat' dir='ltr'><strong>autem</strong></span> <span class='ocrx_word' id='word_1_194' title='bbox 2529 1278 2596 1333; x_wconf 91' lang='lat' dir='ltr'><strong>de</strong></span> <span class='ocrx_word' id='word_1_195' title='bbox 2628 1278 2909 1346; x_wconf 75' lang='lat' dir='ltr'><strong>przreeptis</strong></span> <span class='ocrx_word' id='word_1_196' title='bbox 2945 1290 3103 1345; x_wconf 81' lang='lat' dir='ltr'><strong>agere</strong></span> <span class='ocrx_word' id='word_1_197' title='bbox 3143 1274 3329 1337; x_wconf 85' lang='lat' dir='ltr'><strong>voluit,</strong></span> <span class='ocrx_word' id='word_1_198' title='bbox 3352 1287 3571 1340; x_wconf 82' lang='lat' dir='ltr'><strong>respon-</strong></span> 
     </span>
    </p>
   </div>
   <div class='ocr_carea' id='block_1_26' title="bbox 1996 1364 3569 1435">
    <p class='ocr_par' dir='ltr' id='par_1_26' title="bbox 1996 1364 3569 1435">
     <span class='ocr_line' id='line_1_26' title="bbox 1996 1364 3569 1435; baseline -0.003 -16"><span class='ocrx_word' id='word_1_199' title='bbox 1996 1364 2099 1420; x_wconf 87' lang='lat' dir='ltr'><strong>deo</strong></span> <span class='ocrx_word' id='word_1_200' title='bbox 2128 1366 2256 1419; x_wconf 81' lang='lat' dir='ltr'><strong>istos</strong></span> <span class='ocrx_word' id='word_1_201' title='bbox 2282 1369 2501 1421; x_wconf 90' lang='lat' dir='ltr'><strong>omnino</strong></span> <span class='ocrx_word' id='word_1_202' title='bbox 2530 1368 2738 1421; x_wconf 88' lang='lat' dir='ltr'><strong>nescire</strong></span> <span class='ocrx_word' id='word_1_203' title='bbox 2764 1366 2891 1435; x_wconf 92' lang='lat' dir='ltr'><strong>quid</strong></span> <span class='ocrx_word' id='word_1_204' title='bbox 2916 1365 3123 1420; x_wconf 86' lang='lat' dir='ltr'><strong>intersit</strong></span> <span class='ocrx_word' id='word_1_205' title='bbox 3152 1364 3287 1417; x_wconf 87' lang='lat' dir='ltr'><strong>inter</strong></span> <span class='ocrx_word' id='word_1_206' title='bbox 3309 1368 3569 1431; x_wconf 72' lang='lat' dir='ltr'><strong>prtecepta</strong></span> 
     </span>
    </p>
   </div>
   <div class='ocr_carea' id='block_1_27' title="bbox 1997 1452 3568 1527">
    <p class='ocr_par' dir='ltr' id='par_1_27' title="bbox 1997 1452 3568 1527">
     <span class='ocr_line' id='line_1_27' title="bbox 1997 1452 3568 1527; baseline -0.004 -16"><span class='ocrx_word' id='word_1_207' title='bbox 1997 1458 2119 1511; x_wconf 65' lang='lat' dir='ltr'><strong>vitae</strong></span> <span class='ocrx_word' id='word_1_208' title='bbox 2160 1458 2380 1527; x_wconf 63' lang='lat' dir='ltr'><strong>agendae</strong></span> <span class='ocrx_word' id='word_1_209' title='bbox 2410 1468 2465 1512; x_wconf 91' lang='lat' dir='ltr'><strong>et</strong></span> <span class='ocrx_word' id='word_1_210' title='bbox 2504 1468 2766 1527; x_wconf 86' lang='lat' dir='ltr'><strong>praecepta</strong></span> <span class='ocrx_word' id='word_1_211' title='bbox 2796 1459 2916 1511; x_wconf 69' lang='lat' dir='ltr'><strong>vita:</strong></span> <span class='ocrx_word' id='word_1_212' title='bbox 2954 1454 3336 1523; x_wconf 58' lang='lat' dir='ltr'><strong>signiﬁcanda.</strong></span> <span class='ocrx_word' id='word_1_213' title='bbox 3378 1452 3568 1506; x_wconf 81' lang='lat' dir='ltr'><strong>Exem-</strong></span> 
     </span>
    </p>
   </div>
   <div class='ocr_carea' id='block_1_28' title="bbox 1998 1543 3567 1620">
    <p class='ocr_par' dir='ltr' id='par_1_28' title="bbox 1998 1543 3567 1620">
     <span class='ocr_line' id='line_1_28' title="bbox 1998 1543 3567 1620; baseline -0.005 -16"><span class='ocrx_word' id='word_1_214' title='bbox 1998 1550 2070 1619; x_wconf 89' lang='lat' dir='ltr'><strong>pli</strong></span> <span class='ocrx_word' id='word_1_215' title='bbox 2101 1551 2269 1620; x_wconf 85' lang='lat' dir='ltr'><strong>gratia</strong></span> <span class='ocrx_word' id='word_1_216' title='bbox 2289 1592 2302 1613; x_wconf 92' lang='lat'><strong>,</strong></span> <span class='ocrx_word' id='word_1_217' title='bbox 2334 1550 2447 1606; x_wconf 80' lang='lat' dir='ltr'><strong>Non</strong></span> <span class='ocrx_word' id='word_1_218' title='bbox 2474 1551 2848 1620; x_wconf 86' lang='lat' dir='ltr'><strong>concupisces,</strong></span> <span class='ocrx_word' id='word_1_219' title='bbox 2882 1557 3200 1618; x_wconf 63' lang='lat' dir='ltr'><strong>praeceptum</strong></span> <span class='ocrx_word' id='word_1_220' title='bbox 3232 1555 3314 1602; x_wconf 90' lang='lat' dir='ltr'><strong>est</strong></span> <span class='ocrx_word' id='word_1_221' title='bbox 3350 1543 3567 1613; x_wconf 78' lang='lat' dir='ltr'><strong>agenda:</strong></span> 
     </span>
    </p>
   </div>
   <div class='ocr_carea' id='block_1_29' title="bbox 1996 1635 3565 1698">
    <p class='ocr_par' dir='ltr' id='par_1_29' title="bbox 1996 1635 3565 1698">
     <span class='ocr_line' id='line_1_29' title="bbox 1996 1635 3565 1698; baseline -0.005 -2"><span class='ocrx_word' id='word_1_222' title='bbox 1996 1643 2120 1696; x_wconf 65' lang='lat' dir='ltr'><strong>vitae</strong></span> <span class='ocrx_word' id='word_1_223' title='bbox 2173 1660 2186 1695; x_wconf 89' lang='lat'><strong>:</strong></span> <span class='ocrx_word' id='word_1_224' title='bbox 2236 1642 2595 1697; x_wconf 88' lang='lat' dir='ltr'><strong>Circumcides</strong></span> <span class='ocrx_word' id='word_1_225' title='bbox 2643 1657 2802 1697; x_wconf 91' lang='lat' dir='ltr'><strong>omne</strong></span> <span class='ocrx_word' id='word_1_226' title='bbox 2856 1640 3205 1696; x_wconf 90' lang='lat' dir='ltr'><strong>masculinum</strong></span> <span class='ocrx_word' id='word_1_227' title='bbox 3242 1646 3431 1692; x_wconf 89' lang='lat' dir='ltr'><strong>octavo</strong></span> <span class='ocrx_word' id='word_1_228' title='bbox 3458 1635 3565 1698; x_wconf 90' lang='lat' dir='ltr'><strong>die,</strong></span> 
     </span>
    </p>
   </div>
   <div class='ocr_carea' id='block_1_30' title="bbox 1996 1730 3563 1805">
    <p class='ocr_par' dir='ltr' id='par_1_30' title="bbox 1996 1730 3563 1805">
     <span class='ocr_line' id='line_1_30' title="bbox 1996 1730 3563 1805; baseline -0.004 -17"><span class='ocrx_word' id='word_1_229' title='bbox 1996 1742 2317 1804; x_wconf 74' lang='lat' dir='ltr'><strong>praeceptum</strong></span> <span class='ocrx_word' id='word_1_230' title='bbox 2336 1744 2419 1790; x_wconf 80' lang='lat' dir='ltr'><strong>est</strong></span> <span class='ocrx_word' id='word_1_231' title='bbox 2439 1734 2798 1805; x_wconf 66' lang='lat' dir='ltr'><strong>signiﬁcanda:</strong></span> <span class='ocrx_word' id='word_1_232' title='bbox 2826 1734 2969 1789; x_wconf 67' lang='lat' dir='ltr'><strong>vitae.</strong></span> <span class='ocrx_word' id='word_1_233' title='bbox 3001 1734 3084 1789; x_wconf 78' lang='lat' dir='ltr'><strong>Ex</strong></span> <span class='ocrx_word' id='word_1_234' title='bbox 3115 1734 3216 1789; x_wconf 89' lang='lat' dir='ltr'><strong>hac</strong></span> <span class='ocrx_word' id='word_1_235' title='bbox 3241 1733 3434 1802; x_wconf 90' lang='lat' dir='ltr'><strong>quippe</strong></span> <span class='ocrx_word' id='word_1_236' title='bbox 3464 1730 3563 1782; x_wconf 86' lang='lat' dir='ltr'><strong>int-</strong></span> 
     </span>
    </p>
   </div>
   <div class='ocr_carea' id='block_1_31' title="bbox 310 1824 3561 1917">
    <p class='ocr_par' dir='ltr' id='par_1_31' title="bbox 310 1824 3561 1917">
     <span class='ocr_line' id='line_1_31' title="bbox 310 1824 3561 1917; baseline 0.006 -19"><span class='ocrx_word' id='word_1_237' title='bbox 310 1860 544 1902; x_wconf 85' lang='lat' dir='ltr'><strong>neeesse</strong></span> <span class='ocrx_word' id='word_1_238' title='bbox 570 1848 660 1903; x_wconf 90' lang='lat' dir='ltr'><strong>sit.</strong></span> <span class='ocrx_word' id='word_1_239' title='bbox 708 1847 829 1903; x_wconf 84' lang='lat' dir='ltr'><strong>Illas</strong></span> <span class='ocrx_word' id='word_1_240' title='bbox 856 1824 1031 1905; x_wconf 69' lang='lat' dir='ltr'><strong>autem</strong></span> <span class='ocrx_word' id='word_1_241' title='bbox 1064 1850 1141 1905; x_wconf 92' lang='lat' dir='ltr'><strong>sic</strong></span> <span class='ocrx_word' id='word_1_242' title='bbox 1165 1824 1463 1916; x_wconf 71' lang='lat' dir='ltr'><strong>abscondit,</strong></span> <span class='ocrx_word' id='word_1_243' title='bbox 1492 1860 1550 1907; x_wconf 87' lang='lat' dir='ltr'><strong>ut</strong></span> <span class='ocrx_word' id='word_1_244' title='bbox 1579 1824 1645 1908; x_wconf 75' lang='lat' dir='ltr'><strong>ex</strong></span> <span class='ocrx_word' id='word_1_245' title='bbox 1670 1855 1751 1909; x_wconf 90' lang='lat' dir='ltr'><strong>eis</strong></span> <span class='ocrx_word' id='word_1_246' title='bbox 1772 1870 1892 1912; x_wconf 86' lang='lat' dir='ltr'><strong>esse</strong></span> <span class='ocrx_word' id='word_1_247' title='bbox 1922 1855 1969 1917; x_wconf 90' lang='lat' dir='ltr'><strong>B</strong></span> <span class='ocrx_word' id='word_1_248' title='bbox 1996 1826 2181 1917; x_wconf 55' lang='lat' dir='ltr'><strong>99mm</strong></span> <span class='ocrx_word' id='word_1_249' title='bbox 2211 1827 2511 1917; x_wconf 46' lang='lat' dir='ltr'><strong>Miming</strong></span> <span class='ocrx_word' id='word_1_250' title='bbox 2542 1837 2597 1882; x_wconf 65' lang='grc'><strong>⁸⁸</strong></span> <span class='ocrx_word' id='word_1_251' title='bbox 2623 1840 2821 1917; x_wconf 20' lang='lat' dir='ltr'><strong>omnes.</strong></span> <span class='ocrx_word' id='word_1_252' title='bbox 2851 1825 3041 1917; x_wconf 45' lang='lat' dir='ltr'><strong>(“libus</strong></span> <span class='ocrx_word' id='word_1_253' title='bbox 3063 1825 3340 1917; x_wconf 22' lang='lat' dir='ltr'><strong>displsicefn</strong></span> <span class='ocrx_word' id='word_1_254' title='bbox 3373 1824 3561 1917; x_wconf 44' lang='lat' dir='ltr'><strong>“ﬁeri”</strong></span> 
     </span>
    </p>
   </div>
   <div class='ocr_carea' id='block_1_32' title="bbox 308 1937 1785 2013">
    <p class='ocr_par' dir='ltr' id='par_1_32' title="bbox 308 1937 1785 2013">
     <span class='ocr_line' id='line_1_32' title="bbox 308 1937 1785 2013; baseline 0.007 -24"><span class='ocrx_word' id='word_1_255' title='bbox 308 1951 542 1992; x_wconf 84' lang='lat' dir='ltr'><strong>necesse</strong></span> <span class='ocrx_word' id='word_1_256' title='bbox 567 1940 636 1992; x_wconf 88' lang='lat' dir='ltr'><strong>sit</strong></span> <span class='ocrx_word' id='word_1_257' title='bbox 664 1937 763 1993; x_wconf 92' lang='lat' dir='ltr'><strong>hoc</strong></span> <span class='ocrx_word' id='word_1_258' title='bbox 782 1939 922 2008; x_wconf 89' lang='lat' dir='ltr'><strong>quod</strong></span> <span class='ocrx_word' id='word_1_259' title='bbox 949 1954 1019 1995; x_wconf 79' lang='lat' dir='ltr'><strong>ex</strong></span> <span class='ocrx_word' id='word_1_260' title='bbox 1049 1941 1177 2008; x_wconf 90' lang='lat' dir='ltr'><strong>ipsis</strong></span> <span class='ocrx_word' id='word_1_261' title='bbox 1201 1941 1343 2009; x_wconf 80' lang='lat' dir='ltr'><strong>fecit,</strong></span> <span class='ocrx_word' id='word_1_262' title='bbox 1368 1954 1424 1997; x_wconf 90' lang='lat' dir='ltr'><strong>ut</strong></span> <span class='ocrx_word' id='word_1_263' title='bbox 1450 1958 1569 1998; x_wconf 89' lang='lat' dir='ltr'><strong>esse</strong></span> <span class='ocrx_word' id='word_1_264' title='bbox 1599 1946 1785 2013; x_wconf 91' lang='lat' dir='ltr'><strong>possit.</strong></span> 
     </span>
    </p>
   </div>
   <div class='ocr_carea' id='block_1_33' title="bbox 916 2048 1289 2107">
    <p class='ocr_par' dir='ltr' id='par_1_33' title="bbox 916 2048 1289 2107">
     <span class='ocr_line' id='line_1_33' title="bbox 916 2048 1289 2107; baseline 0 -2"><span class='ocrx_word' id='word_1_265' title='bbox 916 2048 1140 2107; x_wconf 80' lang='lat' dir='ltr'><strong>CAPUT</strong></span> <span class='ocrx_word' id='word_1_266' title='bbox 1180 2052 1289 2107; x_wconf 88' lang='lat' dir='ltr'>LII.</span> 
     </span>
    </p>
   </div>
   <div class='ocr_carea' id='block_1_34' title="bbox 310 2118 1895 2217">
    <p class='ocr_par' dir='ltr' id='par_1_34' title="bbox 310 2118 1895 2217">
     <span class='ocr_line' id='line_1_34' title="bbox 310 2118 1895 2217; baseline 0.008 -28"><span class='ocrx_word' id='word_1_267' title='bbox 310 2134 389 2191; x_wconf 80' lang='lat' dir='ltr'><strong>De</strong></span> <span class='ocrx_word' id='word_1_268' title='bbox 414 2139 565 2192; x_wconf 79' lang='lat' dir='ltr'><strong>stella</strong></span> <span class='ocrx_word' id='word_1_269' title='bbox 592 2156 743 2217; x_wconf 64' lang='lat' dir='ltr'><strong>quam</strong></span> <span class='ocrx_word' id='word_1_270' title='bbox 776 2139 929 2217; x_wconf 71' lang='lat' dir='ltr'><strong>Magi</strong></span> <span class='ocrx_word' id='word_1_271' title='bbox 947 2143 1103 2195; x_wconf 79' lang='lat' dir='ltr'><strong>secuti</strong></span> <span class='ocrx_word' id='word_1_272' title='bbox 1128 2154 1243 2195; x_wconf 83' lang='lat' dir='ltr'><strong>sunt</strong></span> <span class='ocrx_word' id='word_1_273' title='bbox 1264 2142 1452 2217; x_wconf 69' lang='grc' dir='ltr'><em>(ΖΙρὶΜὶ</em></span> <span class='ocrx_word' id='word_1_274' title='bbox 1469 2118 1665 2212; x_wconf 76' lang='lat' dir='ltr'><strong>famula</strong></span> <span class='ocrx_word' id='word_1_275' title='bbox 1693 2161 1791 2201; x_wconf 86' lang='lat' dir='ltr'><strong>non</strong></span> <span class='ocrx_word' id='word_1_276' title='bbox 1813 2149 1895 2217; x_wconf 81' lang='lat' dir='ltr'><strong>fa-</strong></span> 
     </span>
    </p>
   </div>
   <div class='ocr_carea' id='block_1_35' title="bbox 621 2212 1582 2274">
    <p class='ocr_par' dir='ltr' id='par_1_35' title="bbox 621 2212 1582 2274">
     <span class='ocr_line' id='line_1_35' title="bbox 621 2212 1582 2274; baseline 0.006 -12"><span class='ocrx_word' id='word_1_277' title='bbox 621 2212 712 2263; x_wconf 82' lang='lat' dir='ltr'><strong>tali</strong></span> <span class='ocrx_word' id='word_1_278' title='bbox 737 2253 750 2274; x_wconf 93' lang='lat'><strong>,</strong></span> <span class='ocrx_word' id='word_1_279' title='bbox 784 2227 847 2264; x_wconf 77' lang='lat' dir='ltr'><strong>ex</strong></span> <span class='ocrx_word' id='word_1_280' title='bbox 871 2212 1001 2265; x_wconf 84' lang='lat' dir='ltr'><strong>libro</strong></span> <span class='ocrx_word' id='word_1_281' title='bbox 1032 2228 1066 2266; x_wconf 88' lang='grc' dir='ltr'><strong>ιι</strong></span> <span class='ocrx_word' id='word_1_282' title='bbox 1104 2228 1278 2267; x_wconf 79' lang='lat' dir='ltr'><strong>contra</strong></span> <span class='ocrx_word' id='word_1_283' title='bbox 1308 2212 1582 2268; x_wconf 82' lang='lat' dir='ltr'><strong>Faustum.</strong></span> 
     </span>
    </p>
   </div>
   <div class='ocr_carea' id='block_1_36' title="bbox 381 2299 1894 2379">
    <p class='ocr_par' dir='ltr' id='par_1_36' title="bbox 381 2299 1894 2379">
     <span class='ocr_line' id='line_1_36' title="bbox 381 2299 1894 2379; baseline 0.008 -27"><span class='ocrx_word' id='word_1_284' title='bbox 381 2299 496 2353; x_wconf 81' lang='lat' dir='ltr'><strong>Nos</strong></span> <span class='ocrx_word' id='word_1_285' title='bbox 521 2301 735 2370; x_wconf 80' lang='lat' dir='ltr'><strong>quidem</strong></span> <span class='ocrx_word' id='word_1_286' title='bbox 762 2303 863 2357; x_wconf 89' lang='lat' dir='ltr'><strong>sub</strong></span> <span class='ocrx_word' id='word_1_287' title='bbox 888 2303 996 2358; x_wconf 83' lang='lat' dir='ltr'><strong>fato</strong></span> <span class='ocrx_word' id='word_1_288' title='bbox 1016 2304 1284 2359; x_wconf 86' lang='lat' dir='ltr'><strong>stellarum</strong></span> <span class='ocrx_word' id='word_1_289' title='bbox 1313 2307 1510 2362; x_wconf 89' lang='lat' dir='ltr'><strong>nullius</strong></span> <span class='ocrx_word' id='word_1_290' title='bbox 1544 2307 1771 2363; x_wconf 86' lang='lat' dir='ltr'><strong>hominis</strong></span> <span class='ocrx_word' id='word_1_291' title='bbox 1799 2324 1894 2379; x_wconf 90' lang='lat' dir='ltr'><strong>ge-</strong></span> 
     </span>
    </p>
   </div>
   <div class='ocr_carea' id='block_1_37' title="bbox 307 2392 1895 2472">
    <p class='ocr_par' dir='ltr' id='par_1_37' title="bbox 307 2392 1895 2472">
     <span class='ocr_line' id='line_1_37' title="bbox 307 2392 1895 2472; baseline 0.007 -28"><span class='ocrx_word' id='word_1_292' title='bbox 307 2405 415 2445; x_wconf 88' lang='lat' dir='ltr'><strong>nus</strong></span> <span class='ocrx_word' id='word_1_293' title='bbox 449 2392 792 2461; x_wconf 90' lang='lat' dir='ltr'><strong>imponimus,</strong></span> <span class='ocrx_word' id='word_1_294' title='bbox 818 2404 872 2449; x_wconf 89' lang='lat' dir='ltr'><strong>et</strong></span> <span class='ocrx_word' id='word_1_295' title='bbox 895 2396 1120 2450; x_wconf 90' lang='lat' dir='ltr'><strong>liberum</strong></span> <span class='ocrx_word' id='word_1_296' title='bbox 1146 2397 1433 2452; x_wconf 77' lang='lat' dir='ltr'><strong>voluntatis</strong></span> <span class='ocrx_word' id='word_1_297' title='bbox 1462 2401 1761 2465; x_wconf 87' lang='lat' dir='ltr'><strong>arbitrium,</strong></span> <span class='ocrx_word' id='word_1_298' title='bbox 1793 2416 1895 2472; x_wconf 90' lang='lat' dir='ltr'><strong>qua</strong></span> 
     </span>
    </p>
   </div>
   <div class='ocr_carea' id='block_1_38' title="bbox 309 2484 1894 2561">
    <p class='ocr_par' dir='ltr' id='par_1_38' title="bbox 309 2484 1894 2561">
     <span class='ocr_line' id='line_1_38' title="bbox 309 2484 1894 2561; baseline 0.009 -27"><span class='ocrx_word' id='word_1_299' title='bbox 309 2484 401 2537; x_wconf 85' lang='lat' dir='ltr'><strong>vel</strong></span> <span class='ocrx_word' id='word_1_300' title='bbox 440 2484 578 2540; x_wconf 84' lang='lat' dir='ltr'><strong>bene</strong></span> <span class='ocrx_word' id='word_1_301' title='bbox 603 2486 684 2540; x_wconf 85' lang='lat' dir='ltr'><strong>vel</strong></span> <span class='ocrx_word' id='word_1_302' title='bbox 712 2487 851 2542; x_wconf 88' lang='lat' dir='ltr'><strong>male</strong></span> <span class='ocrx_word' id='word_1_303' title='bbox 873 2487 1089 2553; x_wconf 87' lang='lat' dir='ltr'><strong>vivitur,</strong></span> <span class='ocrx_word' id='word_1_304' title='bbox 1141 2498 1355 2557; x_wconf 91' lang='lat' dir='ltr'><strong>propter</strong></span> <span class='ocrx_word' id='word_1_305' title='bbox 1377 2489 1584 2559; x_wconf 90' lang='lat' dir='ltr'><strong>justum</strong></span> <span class='ocrx_word' id='word_1_306' title='bbox 1637 2492 1894 2561; x_wconf 87' lang='lat' dir='ltr'><strong>judicium</strong></span> 
     </span>
    </p>
   </div>
   <div class='ocr_carea' id='block_1_39' title="bbox 310 2574 1896 2653">
    <p class='ocr_par' dir='ltr' id='par_1_39' title="bbox 310 2574 1896 2653">
     <span class='ocr_line' id='line_1_39' title="bbox 310 2574 1896 2653; baseline 0.007 -25"><span class='ocrx_word' id='word_1_307' title='bbox 310 2574 435 2638; x_wconf 87' lang='lat' dir='ltr'><strong>Dei,</strong></span> <span class='ocrx_word' id='word_1_308' title='bbox 462 2576 530 2630; x_wconf 90' lang='lat' dir='ltr'><strong>ab</strong></span> <span class='ocrx_word' id='word_1_309' title='bbox 550 2577 692 2630; x_wconf 91' lang='lat' dir='ltr'><strong>omni</strong></span> <span class='ocrx_word' id='word_1_310' title='bbox 716 2580 1048 2633; x_wconf 84' lang='lat' dir='ltr'><strong>necessitatis</strong></span> <span class='ocrx_word' id='word_1_311' title='bbox 1072 2580 1284 2634; x_wconf 86' lang='lat' dir='ltr'><strong>vinculo</strong></span> <span class='ocrx_word' id='word_1_312' title='bbox 1308 2581 1662 2648; x_wconf 86' lang='lat' dir='ltr'><strong>vindicamus;</strong></span> <span class='ocrx_word' id='word_1_313' title='bbox 1696 2592 1896 2653; x_wconf 89' lang='lat' dir='ltr'><strong>quanto</strong></span> 
     </span>
    </p>
   </div>
   <div class='ocr_carea' id='block_1_40' title="bbox 312 2666 1893 2739">
    <p class='ocr_par' dir='ltr' id='par_1_40' title="bbox 312 2666 1893 2739">
     <span class='ocr_line' id='line_1_40' title="bbox 312 2666 1893 2739; baseline 0.007 -21"><span class='ocrx_word' id='word_1_314' title='bbox 312 2667 504 2719; x_wconf 89' lang='lat' dir='ltr'><strong>minus</strong></span> <span class='ocrx_word' id='word_1_315' title='bbox 534 2666 677 2720; x_wconf 89' lang='lat' dir='ltr'><strong>illius</strong></span> <span class='ocrx_word' id='word_1_316' title='bbox 702 2668 1044 2737; x_wconf 79' lang='lat' dir='ltr'><strong>temporalem</strong></span> <span class='ocrx_word' id='word_1_317' title='bbox 1076 2671 1474 2739; x_wconf 80' lang='lat' dir='ltr'><strong>generationem</strong></span> <span class='ocrx_word' id='word_1_318' title='bbox 1507 2672 1606 2726; x_wconf 89' lang='lat' dir='ltr'><strong>sub</strong></span> <span class='ocrx_word' id='word_1_319' title='bbox 1630 2682 1893 2730; x_wconf 87' lang='lat' dir='ltr'><strong>astrorum</strong></span> 
     </span>
    </p>
   </div>
   <div class='ocr_carea' id='block_1_41' title="bbox 306 2753 1894 2828">
    <p class='ocr_par' dir='ltr' id='par_1_41' title="bbox 306 2753 1894 2828">
     <span class='ocr_line' id='line_1_41' title="bbox 306 2753 1894 2828; baseline 0.006 -19"><span class='ocrx_word' id='word_1_320' title='bbox 306 2753 627 2810; x_wconf 86' lang='lat' dir='ltr'><strong>conditione</strong></span> <span class='ocrx_word' id='word_1_321' title='bbox 657 2757 923 2811; x_wconf 88' lang='lat' dir='ltr'><strong>credimus</strong></span> <span class='ocrx_word' id='word_1_322' title='bbox 952 2759 1168 2823; x_wconf 82' lang='lat' dir='ltr'><strong>laetam,</strong></span> <span class='ocrx_word' id='word_1_323' title='bbox 1198 2761 1289 2828; x_wconf 87' lang='lat' dir='ltr'><strong>qui</strong></span> <span class='ocrx_word' id='word_1_324' title='bbox 1311 2769 1392 2815; x_wconf 77' lang='lat' dir='ltr'><strong>est</strong></span> <span class='ocrx_word' id='word_1_325' title='bbox 1413 2772 1647 2817; x_wconf 71' lang='lat' dir='ltr'><strong>aeternus</strong></span> <span class='ocrx_word' id='word_1_326' title='bbox 1678 2764 1894 2819; x_wconf 89' lang='lat' dir='ltr'><strong>univer-</strong></span> 
     </span>
    </p>
   </div>
   <div class='ocr_carea' id='block_1_42' title="bbox 308 2848 1891 2923">
    <p class='ocr_par' dir='ltr' id='par_1_42' title="bbox 308 2848 1891 2923">
     <span class='ocr_line' id='line_1_42' title="bbox 308 2848 1891 2923; baseline 0.005 -22"><span class='ocrx_word' id='word_1_327' title='bbox 308 2860 499 2901; x_wconf 75' lang='lat' dir='ltr'><strong>stirum</strong></span> <span class='ocrx_word' id='word_1_328' title='bbox 532 2857 746 2901; x_wconf 78' lang='lat' dir='ltr'><strong>creator</strong></span> <span class='ocrx_word' id='word_1_329' title='bbox 772 2859 825 2901; x_wconf 91' lang='lat' dir='ltr'><strong>et</strong></span> <span class='ocrx_word' id='word_1_330' title='bbox 864 2848 1159 2903; x_wconf 80' lang='lat' dir='ltr'><strong>Dominus!</strong></span> <span class='ocrx_word' id='word_1_331' title='bbox 1194 2850 1377 2920; x_wconf 80' lang='lat' dir='ltr'><strong>Itaque</strong></span> <span class='ocrx_word' id='word_1_332' title='bbox 1416 2852 1503 2905; x_wconf 91' lang='lat' dir='ltr'><strong>illa</strong></span> <span class='ocrx_word' id='word_1_333' title='bbox 1551 2853 1703 2906; x_wconf 81' lang='lat' dir='ltr'><strong>stella</strong></span> <span class='ocrx_word' id='word_1_334' title='bbox 1733 2869 1891 2923; x_wconf 90' lang='lat' dir='ltr'><strong>quam</strong></span> 
     </span>
    </p>
   </div>
   <div class='ocr_carea' id='block_1_43' title="bbox 308 2935 1891 3007">
    <p class='ocr_par' dir='ltr' id='par_1_43' title="bbox 308 2935 1891 3007">
     <span class='ocr_line' id='line_1_43' title="bbox 308 2935 1891 3007; baseline 0.006 -19"><span class='ocrx_word' id='word_1_335' title='bbox 308 2935 570 2989; x_wconf 85' lang='lat' dir='ltr'><strong>viderunt</strong></span> <span class='ocrx_word' id='word_1_336' title='bbox 598 2937 734 3007; x_wconf 81' lang='lat' dir='ltr'><strong>Magi</strong></span> <span class='ocrx_word' id='word_1_337' title='bbox 766 2935 981 2991; x_wconf 88' lang='lat' dir='ltr'><strong>Christo</strong></span> <span class='ocrx_word' id='word_1_338' title='bbox 1010 2938 1303 2992; x_wconf 85' lang='lat' dir='ltr'><strong>secundum</strong></span> <span class='ocrx_word' id='word_1_339' title='bbox 1345 2953 1559 2994; x_wconf 88' lang='lat' dir='ltr'><strong>carnem</strong></span> <span class='ocrx_word' id='word_1_340' title='bbox 1609 2951 1754 3007; x_wconf 87' lang='lat' dir='ltr'><strong>nato,</strong></span> <span class='ocrx_word' id='word_1_341' title='bbox 1786 2959 1891 2999; x_wconf 91' lang='lat' dir='ltr'><strong>non</strong></span> 
     </span>
    </p>
   </div>
   <div class='ocr_carea' id='block_1_44' title="bbox 309 3027 1893 3097">
    <p class='ocr_par' dir='ltr' id='par_1_44' title="bbox 309 3027 1893 3097">
     <span class='ocr_line' id='line_1_44' title="bbox 309 3027 1893 3097; baseline 0.006 -18"><span class='ocrx_word' id='word_1_342' title='bbox 309 3028 378 3080; x_wconf 87' lang='lat' dir='ltr'><strong>ad</strong></span> <span class='ocrx_word' id='word_1_343' title='bbox 412 3028 693 3082; x_wconf 86' lang='lat' dir='ltr'><strong>decretum</strong></span> <span class='ocrx_word' id='word_1_344' title='bbox 720 3027 1114 3097; x_wconf 89' lang='lat' dir='ltr'><strong>dominabatur,</strong></span> <span class='ocrx_word' id='word_1_345' title='bbox 1134 3031 1225 3083; x_wconf 84' lang='lat' dir='ltr'><strong>sed</strong></span> <span class='ocrx_word' id='word_1_346' title='bbox 1251 3030 1316 3084; x_wconf 90' lang='lat' dir='ltr'><strong>ad</strong></span> <span class='ocrx_word' id='word_1_347' title='bbox 1334 3031 1694 3087; x_wconf 88' lang='lat' dir='ltr'><strong>testimonium</strong></span> <span class='ocrx_word' id='word_1_348' title='bbox 1726 3034 1893 3089; x_wconf 84' lang='lat' dir='ltr'><strong>famu-</strong></span> 
     </span>
    </p>
   </div>
   <div class='ocr_carea' id='block_1_45' title="bbox 307 3121 1892 3192">
    <p class='ocr_par' dir='ltr' id='par_1_45' title="bbox 307 3121 1892 3192">
     <span class='ocr_line' id='line_1_45' title="bbox 307 3121 1892 3192; baseline 0.005 -17"><span class='ocrx_word' id='word_1_349' title='bbox 307 3121 546 3189; x_wconf 86' lang='lat' dir='ltr'><strong>Iabatnr,</strong></span> <span class='ocrx_word' id='word_1_350' title='bbox 570 3136 671 3177; x_wconf 89' lang='lat' dir='ltr'><strong>nec</strong></span> <span class='ocrx_word' id='word_1_351' title='bbox 697 3136 819 3176; x_wconf 88' lang='lat' dir='ltr'><strong>eum</strong></span> <span class='ocrx_word' id='word_1_352' title='bbox 850 3123 1169 3191; x_wconf 84' lang='lat' dir='ltr'><strong>subjiciebat</strong></span> <span class='ocrx_word' id='word_1_353' title='bbox 1209 3124 1456 3192; x_wconf 87' lang='lat' dir='ltr'><strong>imperio,</strong></span> <span class='ocrx_word' id='word_1_354' title='bbox 1504 3126 1596 3182; x_wconf 88' lang='lat' dir='ltr'><strong>sed</strong></span> <span class='ocrx_word' id='word_1_355' title='bbox 1625 3127 1892 3183; x_wconf 87' lang='lat' dir='ltr'><strong>indicabat</strong></span> 
     </span>
    </p>
   </div>
   <div class='ocr_carea' id='block_1_46' title="bbox 1999 1912 3565 1985">
    <p class='ocr_par' dir='ltr' id='par_1_46' title="bbox 1999 1912 3565 1985">
     <span class='ocr_line' id='line_1_46' title="bbox 1999 1912 3565 1985; baseline -0.003 -16"><span class='ocrx_word' id='word_1_356' title='bbox 1999 1914 2209 1970; x_wconf 81' lang='lat' dir='ltr'><strong>Veteris</strong></span> <span class='ocrx_word' id='word_1_357' title='bbox 2240 1916 2590 1981; x_wconf 86' lang='lat' dir='ltr'><strong>Testamenti,</strong></span> <span class='ocrx_word' id='word_1_358' title='bbox 2610 1916 2863 1985; x_wconf 85' lang='lat' dir='ltr'><strong>quidquid</strong></span> <span class='ocrx_word' id='word_1_359' title='bbox 2887 1916 3028 1970; x_wconf 89' lang='lat' dir='ltr'><strong>Deus</strong></span> <span class='ocrx_word' id='word_1_360' title='bbox 3053 1914 3321 1969; x_wconf 85' lang='lat' dir='ltr'><strong>mandavit</strong></span> <span class='ocrx_word' id='word_1_361' title='bbox 3350 1912 3565 1983; x_wconf 86' lang='lat' dir='ltr'><strong>proprio</strong></span> 
     </span>
    </p>
   </div>
   <div class='ocr_carea' id='block_1_47' title="bbox 2000 2004 3564 2077">
    <p class='ocr_par' dir='ltr' id='par_1_47' title="bbox 2000 2004 3564 2077">
     <span class='ocr_line' id='line_1_47' title="bbox 2000 2004 3564 2077; baseline -0.004 -17"><span class='ocrx_word' id='word_1_362' title='bbox 2000 2004 2209 2077; x_wconf 72' lang='lat' dir='ltr'><strong>[priori]</strong></span> <span class='ocrx_word' id='word_1_363' title='bbox 2237 2007 2449 2075; x_wconf 90' lang='lat' dir='ltr'><strong>populo,</strong></span> <span class='ocrx_word' id='word_1_364' title='bbox 2478 2007 2542 2060; x_wconf 93' lang='lat' dir='ltr'><strong>ad</strong></span> <span class='ocrx_word' id='word_1_365' title='bbox 2574 2007 2945 2062; x_wconf 85' lang='lat' dir='ltr'><strong>celebrandam</strong></span> <span class='ocrx_word' id='word_1_366' title='bbox 2990 2006 3230 2060; x_wconf 88' lang='lat' dir='ltr'><strong>umbram</strong></span> <span class='ocrx_word' id='word_1_367' title='bbox 3263 2005 3564 2058; x_wconf 80' lang='lat' dir='ltr'><strong>futurorum</strong></span> 
     </span>
    </p>
   </div>
   <div class='ocr_carea' id='block_1_48' title="bbox 2001 2094 3564 2167">
    <p class='ocr_par' dir='ltr' id='par_1_48' title="bbox 2001 2094 3564 2167">
     <span class='ocr_line' id='line_1_48' title="bbox 2001 2094 3564 2167; baseline -0.003 -17"><span class='ocrx_word' id='word_1_368' title='bbox 2001 2112 2107 2150; x_wconf 91' lang='lat' dir='ltr'><strong>non</strong></span> <span class='ocrx_word' id='word_1_369' title='bbox 2132 2097 2512 2167; x_wconf 86' lang='lat' dir='ltr'><strong>intelligentes,</strong></span> <span class='ocrx_word' id='word_1_370' title='bbox 2542 2105 2598 2151; x_wconf 92' lang='lat' dir='ltr'><strong>et</strong></span> <span class='ocrx_word' id='word_1_371' title='bbox 2623 2112 2684 2151; x_wconf 85' lang='lat' dir='ltr'><strong>ea</strong></span> <span class='ocrx_word' id='word_1_372' title='bbox 2715 2099 2873 2151; x_wconf 91' lang='lat' dir='ltr'><strong>modo</strong></span> <span class='ocrx_word' id='word_1_373' title='bbox 2895 2112 2997 2150; x_wconf 91' lang='lat' dir='ltr'><strong>non</strong></span> <span class='ocrx_word' id='word_1_374' title='bbox 3032 2096 3299 2150; x_wconf 85' lang='lat' dir='ltr'><strong>observari</strong></span> <span class='ocrx_word' id='word_1_375' title='bbox 3326 2094 3564 2148; x_wconf 83' lang='lat' dir='ltr'><strong>animad-</strong></span> 
     </span>
    </p>
   </div>
   <div class='ocr_carea' id='block_1_49' title="bbox 1996 2189 3560 2261">
    <p class='ocr_par' dir='ltr' id='par_1_49' title="bbox 1996 2189 3560 2261">
     <span class='ocr_line' id='line_1_49' title="bbox 1996 2189 3560 2261; baseline -0.003 -18"><span class='ocrx_word' id='word_1_376' title='bbox 1996 2198 2290 2259; x_wconf 88' lang='lat' dir='ltr'><strong>vertentes,</strong></span> <span class='ocrx_word' id='word_1_377' title='bbox 2322 2206 2386 2245; x_wconf 81' lang='lat' dir='ltr'><strong>ex</strong></span> <span class='ocrx_word' id='word_1_378' title='bbox 2410 2205 2557 2246; x_wconf 87' lang='lat' dir='ltr'><strong>more</strong></span> <span class='ocrx_word' id='word_1_379' title='bbox 2583 2192 2856 2259; x_wconf 76' lang='lat' dir='ltr'><strong>praesentis</strong></span> <span class='ocrx_word' id='word_1_380' title='bbox 2879 2192 3131 2261; x_wconf 85' lang='lat' dir='ltr'><strong>temporis</strong></span> <span class='ocrx_word' id='word_1_381' title='bbox 3155 2190 3235 2242; x_wconf 86' lang='lat' dir='ltr'><strong>illa</strong></span> <span class='ocrx_word' id='word_1_382' title='bbox 3267 2189 3560 2258; x_wconf 85' lang='lat' dir='ltr'><strong>reprehen-</strong></span> 
     </span>
    </p>
   </div>
   <div class='ocr_carea' id='block_1_50' title="bbox 1998 2279 3562 2352">
    <p class='ocr_par' dir='ltr' id='par_1_50' title="bbox 1998 2279 3562 2352">
     <span class='ocr_line' id='line_1_50' title="bbox 1998 2279 3562 2352; baseline -0.003 -17"><span class='ocrx_word' id='word_1_383' title='bbox 1998 2282 2151 2349; x_wconf 92' lang='lat' dir='ltr'><strong>dunt,</strong></span> <span class='ocrx_word' id='word_1_384' title='bbox 2183 2297 2305 2352; x_wconf 71' lang='lat' dir='ltr'><strong>qua:</strong></span> <span class='ocrx_word' id='word_1_385' title='bbox 2343 2283 2524 2350; x_wconf 84' lang='lat' dir='ltr'><strong>utique</strong></span> <span class='ocrx_word' id='word_1_386' title='bbox 2556 2282 2630 2336; x_wconf 90' lang='lat' dir='ltr'><strong>illi</strong></span> <span class='ocrx_word' id='word_1_387' title='bbox 2661 2283 2884 2351; x_wconf 88' lang='lat' dir='ltr'><strong>tempori</strong></span> <span class='ocrx_word' id='word_1_388' title='bbox 2914 2281 3275 2350; x_wconf 85' lang='lat' dir='ltr'><strong>congruebant</strong></span> <span class='ocrx_word' id='word_1_389' title='bbox 3319 2294 3425 2347; x_wconf 91' lang='lat' dir='ltr'><strong>quo</strong></span> <span class='ocrx_word' id='word_1_390' title='bbox 3464 2279 3562 2332; x_wconf 87' lang='lat' dir='ltr'><strong>ista</strong></span> 
     </span>
    </p>
   </div>
   <div class='ocr_carea' id='block_1_51' title="bbox 1997 2371 3561 2453">
    <p class='ocr_par' dir='ltr' id='par_1_51' title="bbox 1997 2371 3561 2453">
     <span class='ocr_line' id='line_1_51' title="bbox 1997 2371 3561 2453; baseline -0.002 -26"><span class='ocrx_word' id='word_1_391' title='bbox 1997 2389 2118 2444; x_wconf 78' lang='lat' dir='ltr'><strong>quae</strong></span> <span class='ocrx_word' id='word_1_392' title='bbox 2167 2389 2307 2429; x_wconf 88' lang='lat' dir='ltr'><strong>nunc</strong></span> <span class='ocrx_word' id='word_1_393' title='bbox 2347 2376 2625 2453; x_wconf 76' lang='lat' dir='ltr'><strong>manifesta</strong></span> <span class='ocrx_word' id='word_1_394' title='bbox 2678 2386 2804 2430; x_wconf 90' lang='lat' dir='ltr'><strong>sunt</strong></span> <span class='ocrx_word' id='word_1_395' title='bbox 2851 2383 3070 2429; x_wconf 88' lang='lat' dir='ltr'><strong>ventura</strong></span> <span class='ocrx_word' id='word_1_396' title='bbox 3119 2371 3561 2442; x_wconf 86' lang='lat' dir='ltr'><strong>signiﬁcarentur.</strong></span> 
     </span>
    </p>
   </div>
   <div class='ocr_carea' id='block_1_52' title="bbox 1996 2465 3563 2535">
    <p class='ocr_par' dir='ltr' id='par_1_52' title="bbox 1996 2465 3563 2535">
     <span class='ocr_line' id='line_1_52' title="bbox 1996 2465 3563 2535; baseline -0.003 -13"><span class='ocrx_word' id='word_1_397' title='bbox 1996 2467 2105 2522; x_wconf 89' lang='lat' dir='ltr'><strong>Sed</strong></span> <span class='ocrx_word' id='word_1_398' title='bbox 2134 2468 2257 2535; x_wconf 92' lang='lat' dir='ltr'><strong>quid</strong></span> <span class='ocrx_word' id='word_1_399' title='bbox 2288 2468 2477 2522; x_wconf 88' lang='lat' dir='ltr'><strong>dicturi</strong></span> <span class='ocrx_word' id='word_1_400' title='bbox 2526 2476 2650 2521; x_wconf 90' lang='lat' dir='ltr'><strong>sunt</strong></span> <span class='ocrx_word' id='word_1_401' title='bbox 2701 2467 2961 2521; x_wconf 88' lang='lat' dir='ltr'><strong>adversus</strong></span> <span class='ocrx_word' id='word_1_402' title='bbox 2996 2465 3307 2535; x_wconf 90' lang='lat' dir='ltr'><strong>Apostolum</strong></span> <span class='ocrx_word' id='word_1_403' title='bbox 3336 2466 3426 2534; x_wconf 91' lang='lat' dir='ltr'><strong>qui</strong></span> <span class='ocrx_word' id='word_1_404' title='bbox 3449 2466 3563 2519; x_wconf 89' lang='lat' dir='ltr'><strong>ait:</strong></span> 
     </span>
    </p>
   </div>
   <div class='ocr_carea' id='block_1_53' title="bbox 1997 2554 3564 2627">
    <p class='ocr_par' dir='ltr' id='par_1_53' title="bbox 1997 2554 3564 2627">
     <span class='ocr_line' id='line_1_53' title="bbox 1997 2554 3564 2627; baseline -0.001 -16"><span class='ocrx_word' id='word_1_405' title='bbox 1997 2556 2125 2611; x_wconf 67' lang='lat' dir='ltr'><strong>Haec</strong></span> <span class='ocrx_word' id='word_1_406' title='bbox 2154 2558 2330 2613; x_wconf 88' lang='lat' dir='ltr'><strong>omnia</strong></span> <span class='ocrx_word' id='word_1_407' title='bbox 2364 2559 2418 2612; x_wconf 91' lang='lat' dir='ltr'><strong>in</strong></span> <span class='ocrx_word' id='word_1_408' title='bbox 2447 2558 2614 2627; x_wconf 84' lang='lat' dir='ltr'><strong>ﬁgura</strong></span> <span class='ocrx_word' id='word_1_409' title='bbox 2642 2557 3019 2626; x_wconf 84' lang='lat' dir='ltr'><strong>contingebant</strong></span> <span class='ocrx_word' id='word_1_410' title='bbox 3066 2556 3192 2621; x_wconf 89' lang='lat' dir='ltr'><strong>illis,</strong></span> <span class='ocrx_word' id='word_1_411' title='bbox 3225 2554 3420 2623; x_wconf 82' lang='lat' dir='ltr'><strong>scripta</strong></span> <span class='ocrx_word' id='word_1_412' title='bbox 3442 2564 3564 2609; x_wconf 90' lang='lat' dir='ltr'><strong>sunt</strong></span> 
     </span>
    </p>
   </div>
   <div class='ocr_carea' id='block_1_54' title="bbox 1995 2645 3563 2719">
    <p class='ocr_par' dir='ltr' id='par_1_54' title="bbox 1995 2645 3563 2719">
     <span class='ocr_line' id='line_1_54' title="bbox 1995 2645 3563 2719; baseline -0.003 -16"><span class='ocrx_word' id='word_1_413' title='bbox 1995 2658 2171 2704; x_wconf 86' lang='lat' dir='ltr'><strong>autem</strong></span> <span class='ocrx_word' id='word_1_414' title='bbox 2204 2662 2420 2719; x_wconf 82' lang='lat' dir='ltr'><strong>propter</strong></span> <span class='ocrx_word' id='word_1_415' title='bbox 2459 2663 2580 2717; x_wconf 85' lang='lat' dir='ltr'><strong>nos,</strong></span> <span class='ocrx_word' id='word_1_416' title='bbox 2611 2650 2664 2702; x_wconf 89' lang='lat' dir='ltr'><strong>in</strong></span> <span class='ocrx_word' id='word_1_417' title='bbox 2687 2663 2820 2717; x_wconf 89' lang='lat' dir='ltr'><strong>quos</strong></span> <span class='ocrx_word' id='word_1_418' title='bbox 2865 2647 2987 2702; x_wconf 88' lang='lat' dir='ltr'><strong>ﬁnis</strong></span> <span class='ocrx_word' id='word_1_419' title='bbox 3037 2646 3353 2701; x_wconf 71' lang='lat' dir='ltr'><strong>srceulorum</strong></span> <span class='ocrx_word' id='word_1_420' title='bbox 3398 2645 3563 2699; x_wconf 86' lang='lat' dir='ltr'><strong>obve-</strong></span> 
     </span>
    </p>
   </div>
   <div class='ocr_carea' id='block_1_55' title="bbox 1994 2735 3563 2810">
    <p class='ocr_par' dir='ltr' id='par_1_55' title="bbox 1994 2735 3563 2810">
     <span class='ocr_line' id='line_1_55' title="bbox 1994 2735 3563 2810; baseline -0.003 -14"><span class='ocrx_word' id='word_1_421' title='bbox 1994 2742 2115 2796; x_wconf 85' lang='lat' dir='ltr'><strong>nit?</strong></span> <span class='ocrx_word' id='word_1_422' title='bbox 2146 2742 2284 2796; x_wconf 87' lang='lat' dir='ltr'><strong>Ecce</strong></span> <span class='ocrx_word' id='word_1_423' title='bbox 2315 2742 2429 2810; x_wconf 91' lang='lat' dir='ltr'><strong>ipse</strong></span> <span class='ocrx_word' id='word_1_424' title='bbox 2457 2741 2666 2809; x_wconf 87' lang='lat' dir='ltr'><strong>aperuit</strong></span> <span class='ocrx_word' id='word_1_425' title='bbox 2694 2754 2789 2794; x_wconf 90' lang='lat' dir='ltr'><strong>cur</strong></span> <span class='ocrx_word' id='word_1_426' title='bbox 2819 2739 2921 2792; x_wconf 77' lang='lat' dir='ltr'><strong>ilhe</strong></span> <span class='ocrx_word' id='word_1_427' title='bbox 2955 2737 3144 2793; x_wconf 67' lang='lat' dir='ltr'><strong>litterae</strong></span> <span class='ocrx_word' id='word_1_428' title='bbox 3174 2735 3497 2805; x_wconf 73' lang='lat' dir='ltr'><strong>accipiantur</strong></span> <span class='ocrx_word' id='word_1_429' title='bbox 3534 2750 3563 2791; x_wconf 86' lang='lat' dir='ltr'><strong>a</strong></span> 
     </span>
    </p>
   </div>
   <div class='ocr_carea' id='block_1_56' title="bbox 1995 2826 3565 2899">
    <p class='ocr_par' dir='ltr' id='par_1_56' title="bbox 1995 2826 3565 2899">
     <span class='ocr_line' id='line_1_56' title="bbox 1995 2826 3565 2899; baseline -0.004 -13"><span class='ocrx_word' id='word_1_430' title='bbox 1995 2832 2176 2899; x_wconf 89' lang='lat' dir='ltr'><strong>nobis,</strong></span> <span class='ocrx_word' id='word_1_431' title='bbox 2206 2841 2261 2886; x_wconf 92' lang='lat' dir='ltr'><strong>et</strong></span> <span class='ocrx_word' id='word_1_432' title='bbox 2283 2846 2380 2885; x_wconf 90' lang='lat' dir='ltr'><strong>cur</strong></span> <span class='ocrx_word' id='word_1_433' title='bbox 2405 2831 2495 2886; x_wconf 86' lang='lat' dir='ltr'><strong>illa</strong></span> <span class='ocrx_word' id='word_1_434' title='bbox 2522 2847 2697 2885; x_wconf 90' lang='lat' dir='ltr'><strong>rerum</strong></span> <span class='ocrx_word' id='word_1_435' title='bbox 2729 2832 2875 2899; x_wconf 87' lang='lat' dir='ltr'><strong>signa</strong></span> <span class='ocrx_word' id='word_1_436' title='bbox 2903 2828 3011 2897; x_wconf 89' lang='lat' dir='ltr'><strong>jam</strong></span> <span class='ocrx_word' id='word_1_437' title='bbox 3039 2840 3259 2882; x_wconf 83' lang='lat' dir='ltr'><strong>necesse</strong></span> <span class='ocrx_word' id='word_1_438' title='bbox 3290 2840 3395 2881; x_wconf 92' lang='lat' dir='ltr'><strong>non</strong></span> <span class='ocrx_word' id='word_1_439' title='bbox 3423 2826 3494 2880; x_wconf 90' lang='lat' dir='ltr'><strong>sit</strong></span> <span class='ocrx_word' id='word_1_440' title='bbox 3512 2834 3565 2879; x_wconf 88' lang='lat' dir='ltr'><strong>ut</strong></span> 
     </span>
    </p>
   </div>
   <div class='ocr_carea' id='block_1_57' title="bbox 1993 2917 3564 2987">
    <p class='ocr_par' dir='ltr' id='par_1_57' title="bbox 1993 2917 3564 2987">
     <span class='ocr_line' id='line_1_57' title="bbox 1993 2917 3564 2987; baseline -0.004 -9"><span class='ocrx_word' id='word_1_441' title='bbox 1993 2923 2343 2979; x_wconf 77' lang='lat' dir='ltr'><strong>observentur</strong></span> <span class='ocrx_word' id='word_1_442' title='bbox 2384 2939 2412 2975; x_wconf 90' lang='lat' dir='ltr'><strong>a</strong></span> <span class='ocrx_word' id='word_1_443' title='bbox 2463 2922 2636 2977; x_wconf 88' lang='lat' dir='ltr'><strong>nobis.</strong></span> <span class='ocrx_word' id='word_1_444' title='bbox 2682 2921 2812 2975; x_wconf 91' lang='lat' dir='ltr'><strong>Cum</strong></span> <span class='ocrx_word' id='word_1_445' title='bbox 2844 2920 2984 2974; x_wconf 87' lang='lat' dir='ltr'><strong>enim</strong></span> <span class='ocrx_word' id='word_1_446' title='bbox 3024 2918 3174 2985; x_wconf 88' lang='lat' dir='ltr'><strong>dicit,</strong></span> <span class='ocrx_word' id='word_1_447' title='bbox 3206 2917 3412 2987; x_wconf 89' lang='lat' dir='ltr'><strong>Scripta</strong></span> <span class='ocrx_word' id='word_1_448' title='bbox 3443 2928 3564 2973; x_wconf 89' lang='lat' dir='ltr'><strong>sunt</strong></span> 
     </span>
    </p>
   </div>
   <div class='ocr_carea' id='block_1_58' title="bbox 1993 3010 3565 3083">
    <p class='ocr_par' dir='ltr' id='par_1_58' title="bbox 1993 3010 3565 3083">
     <span class='ocr_line' id='line_1_58' title="bbox 1993 3010 3565 3083; baseline -0.003 -14"><span class='ocrx_word' id='word_1_449' title='bbox 1993 3024 2211 3083; x_wconf 87' lang='lat' dir='ltr'><strong>pr0pter</strong></span> <span class='ocrx_word' id='word_1_450' title='bbox 2243 3028 2372 3081; x_wconf 89' lang='lat' dir='ltr'><strong>nos,</strong></span> <span class='ocrx_word' id='word_1_451' title='bbox 2416 3012 2766 3083; x_wconf 89' lang='lat' dir='ltr'><strong>proculdubio</strong></span> <span class='ocrx_word' id='word_1_452' title='bbox 2801 3011 3134 3066; x_wconf 88' lang='lat' dir='ltr'><strong>demonstrat</strong></span> <span class='ocrx_word' id='word_1_453' title='bbox 3175 3018 3369 3079; x_wconf 88' lang='lat' dir='ltr'><strong>quanta</strong></span> <span class='ocrx_word' id='word_1_454' title='bbox 3415 3010 3565 3064; x_wconf 86' lang='lat' dir='ltr'><strong>nobis</strong></span> 
     </span>
    </p>
   </div>
   <div class='ocr_carea' id='block_1_59' title="bbox 1974 3094 3565 3176">
    <p class='ocr_par' dir='ltr' id='par_1_59' title="bbox 1974 3094 3565 3176">
     <span class='ocr_line' id='line_1_59' title="bbox 1974 3094 3565 3176; baseline -0.004 -14"><span class='ocrx_word' id='word_1_455' title='bbox 1974 3094 2118 3162; x_wconf 82' lang='lat' dir='ltr'><strong>cura</strong></span> <span class='ocrx_word' id='word_1_456' title='bbox 2149 3106 2374 3176; x_wconf 82' lang='lat' dir='ltr'><strong>legenda</strong></span> <span class='ocrx_word' id='word_1_457' title='bbox 2404 3121 2456 3161; x_wconf 87' lang='grc' dir='ltr'><strong>ει</strong></span> <span class='ocrx_word' id='word_1_458' title='bbox 2485 3103 2848 3173; x_wconf 86' lang='lat' dir='ltr'><strong>intelligenda,</strong></span> <span class='ocrx_word' id='word_1_459' title='bbox 2879 3102 3006 3157; x_wconf 91' lang='lat' dir='ltr'><strong>etin</strong></span> <span class='ocrx_word' id='word_1_460' title='bbox 3033 3110 3230 3170; x_wconf 88' lang='lat' dir='ltr'><strong>quanta</strong></span> <span class='ocrx_word' id='word_1_461' title='bbox 3252 3100 3565 3156; x_wconf 82' lang='lat' dir='ltr'><strong>auctoritate</strong></span> 
     </span>
    </p>
   </div>
   <div class='ocr_carea' id='block_1_60' title="bbox 309 3191 3561 3297">
    <p class='ocr_par' dir='ltr' id='par_1_60' title="bbox 309 3191 3561 3297">
     <span class='ocr_line' id='line_1_60' title="bbox 309 3191 3561 3297; baseline 0.004 -29"><span class='ocrx_word' id='word_1_462' title='bbox 309 3215 599 3283; x_wconf 84' lang='lat' dir='ltr'><strong>obsequio.</strong></span> <span class='ocrx_word' id='word_1_463' title='bbox 634 3215 864 3271; x_wconf 86' lang='lat' dir='ltr'><strong>Proinde</strong></span> <span class='ocrx_word' id='word_1_464' title='bbox 896 3231 999 3271; x_wconf 92' lang='lat' dir='ltr'><strong>non</strong></span> <span class='ocrx_word' id='word_1_465' title='bbox 1031 3231 1093 3271; x_wconf 82' lang='lat' dir='ltr'><strong>ex</strong></span> <span class='ocrx_word' id='word_1_466' title='bbox 1127 3217 1231 3271; x_wconf 87' lang='lat' dir='ltr'><strong>illis</strong></span> <span class='ocrx_word' id='word_1_467' title='bbox 1279 3191 1396 3272; x_wconf 89' lang='lat' dir='ltr'><strong>erat</strong></span> <span class='ocrx_word' id='word_1_468' title='bbox 1425 3221 1538 3274; x_wconf 60' lang='lat' dir='ltr'><strong>haec</strong></span> <span class='ocrx_word' id='word_1_469' title='bbox 1563 3222 1733 3276; x_wconf 82' lang='lat' dir='ltr'><strong>stellis</strong></span> <span class='ocrx_word' id='word_1_470' title='bbox 1772 3236 1889 3292; x_wconf 69' lang='lat' dir='ltr'><strong>qua:</strong></span> <span class='ocrx_word' id='word_1_471' title='bbox 1918 3236 1961 3297; x_wconf 73' lang='grc' dir='ltr'><strong>ρ</strong></span> <span class='ocrx_word' id='word_1_472' title='bbox 1998 3196 2238 3297; x_wconf 53' lang='grc' dir='ltr'><strong>ιζπθηδθ</strong></span> <span class='ocrx_word' id='word_1_473' title='bbox 2271 3197 2787 3297; x_wconf 42' lang='grc' dir='ltr'><strong>δίίξξῄίνήξ-Ρτθβίθτ</strong></span> <span class='ocrx_word' id='word_1_474' title='bbox 2836 3208 2933 3248; x_wconf 70' lang='lat' dir='ltr'><strong>&quot;os</strong></span> <span class='ocrx_word' id='word_1_475' title='bbox 2965 3191 3379 3297; x_wconf 59' lang='lat' dir='ltr'><strong>‘f‘iqu°_5°&quot;il3”</strong></span> <span class='ocrx_word' id='word_1_476' title='bbox 3397 3200 3561 3297; x_wconf 47' lang='lat' dir='ltr'><strong>nsum“</strong></span> 
     </span>
    </p>
   </div>
   <div class='ocr_carea' id='block_1_61' title="bbox 309 3307 1893 3370">
    <p class='ocr_par' dir='ltr' id='par_1_61' title="bbox 309 3307 1893 3370">
     <span class='ocr_line' id='line_1_61' title="bbox 309 3307 1893 3370; baseline 0.007 -11"><span class='ocrx_word' id='word_1_477' title='bbox 309 3308 380 3360; x_wconf 87' lang='lat' dir='ltr'><strong>ab</strong></span> <span class='ocrx_word' id='word_1_478' title='bbox 421 3307 581 3361; x_wconf 91' lang='lat' dir='ltr'><strong>initio</strong></span> <span class='ocrx_word' id='word_1_479' title='bbox 628 3315 889 3363; x_wconf 71' lang='lat' dir='ltr'><strong>creatum</strong></span> <span class='ocrx_word' id='word_1_480' title='bbox 941 3308 1191 3364; x_wconf 90' lang='lat' dir='ltr'><strong>itinerum</strong></span> <span class='ocrx_word' id='word_1_481' title='bbox 1247 3325 1465 3366; x_wconf 90' lang='lat' dir='ltr'><strong>suorum</strong></span> <span class='ocrx_word' id='word_1_482' title='bbox 1505 3313 1745 3368; x_wconf 84' lang='lat' dir='ltr'><strong>ordinem</strong></span> <span class='ocrx_word' id='word_1_483' title='bbox 1793 3315 1893 3370; x_wconf 71' lang='lat' dir='ltr'><strong>sub</strong></span> 
     </span>
    </p>
   </div>
   <div class='ocr_carea' id='block_1_62' title="bbox 306 3400 1890 3475">
    <p class='ocr_par' dir='ltr' id='par_1_62' title="bbox 306 3400 1890 3475">
     <span class='ocr_line' id='line_1_62' title="bbox 306 3400 1890 3475; baseline 0.003 -21"><span class='ocrx_word' id='word_1_484' title='bbox 306 3401 591 3454; x_wconf 83' lang='lat' dir='ltr'><strong>Creatoris</strong></span> <span class='ocrx_word' id='word_1_485' title='bbox 630 3400 747 3470; x_wconf 89' lang='lat' dir='ltr'><strong>lege</strong></span> <span class='ocrx_word' id='word_1_486' title='bbox 794 3401 1125 3466; x_wconf 89' lang='lat' dir='ltr'><strong>custodiunt,</strong></span> <span class='ocrx_word' id='word_1_487' title='bbox 1172 3403 1267 3457; x_wconf 89' lang='lat' dir='ltr'><strong>sed</strong></span> <span class='ocrx_word' id='word_1_488' title='bbox 1306 3418 1444 3458; x_wconf 89' lang='lat' dir='ltr'><strong>novo</strong></span> <span class='ocrx_word' id='word_1_489' title='bbox 1476 3405 1691 3475; x_wconf 86' lang='lat' dir='ltr'><strong>virginis</strong></span> <span class='ocrx_word' id='word_1_490' title='bbox 1716 3415 1890 3475; x_wconf 88' lang='lat' dir='ltr'><strong>partu,</strong></span> 
     </span>
    </p>
   </div>
   <div class='ocr_carea' id='block_1_63' title="bbox 310 3491 1891 3562">
    <p class='ocr_par' dir='ltr' id='par_1_63' title="bbox 310 3491 1891 3562">
     <span class='ocr_line' id='line_1_63' title="bbox 310 3491 1891 3562; baseline 0.005 -17"><span class='ocrx_word' id='word_1_491' title='bbox 310 3507 517 3545; x_wconf 87' lang='lat' dir='ltr'><strong>novum</strong></span> <span class='ocrx_word' id='word_1_492' title='bbox 549 3491 695 3545; x_wconf 90' lang='lat' dir='ltr'><strong>sidus</strong></span> <span class='ocrx_word' id='word_1_493' title='bbox 726 3493 991 3560; x_wconf 77' lang='lat' dir='ltr'><strong>apparuit,</strong></span> <span class='ocrx_word' id='word_1_494' title='bbox 1023 3493 1164 3562; x_wconf 89' lang='lat' dir='ltr'><strong>quod</strong></span> <span class='ocrx_word' id='word_1_495' title='bbox 1204 3496 1555 3549; x_wconf 88' lang='lat' dir='ltr'><strong>ministerium</strong></span> <span class='ocrx_word' id='word_1_496' title='bbox 1600 3494 1758 3551; x_wconf 78' lang='lat' dir='ltr'><strong>oft&#39;icii</strong></span> <span class='ocrx_word' id='word_1_497' title='bbox 1808 3498 1891 3553; x_wconf 82' lang='lat' dir='ltr'><strong>sui</strong></span> 
     </span>
    </p>
   </div>
   <div class='ocr_carea' id='block_1_64' title="bbox 309 3583 1893 3655">
    <p class='ocr_par' dir='ltr' id='par_1_64' title="bbox 309 3583 1893 3655">
     <span class='ocr_line' id='line_1_64' title="bbox 309 3583 1893 3655; baseline 0.005 -18"><span class='ocrx_word' id='word_1_498' title='bbox 309 3584 479 3637; x_wconf 83' lang='lat' dir='ltr'><strong>etiam</strong></span> <span class='ocrx_word' id='word_1_499' title='bbox 512 3583 641 3651; x_wconf 88' lang='lat' dir='ltr'><strong>ipsis</strong></span> <span class='ocrx_word' id='word_1_500' title='bbox 667 3583 832 3652; x_wconf 81' lang='lat' dir='ltr'><strong>Magis</strong></span> <span class='ocrx_word' id='word_1_501' title='bbox 872 3584 1233 3652; x_wconf 79' lang='lat' dir='ltr'><strong>quaerentibus</strong></span> <span class='ocrx_word' id='word_1_502' title='bbox 1262 3586 1563 3655; x_wconf 77' lang='lat' dir='ltr'><strong>Christum,</strong></span> <span class='ocrx_word' id='word_1_503' title='bbox 1602 3602 1724 3642; x_wconf 93' lang='lat' dir='ltr'><strong>cum</strong></span> <span class='ocrx_word' id='word_1_504' title='bbox 1769 3600 1893 3646; x_wconf 85' lang='lat' dir='ltr'><strong>ante</strong></span> 
     </span>
    </p>
   </div>
   <div class='ocr_carea' id='block_1_65' title="bbox 311 3673 1890 3749">
    <p class='ocr_par' dir='ltr' id='par_1_65' title="bbox 311 3673 1890 3749">
     <span class='ocr_line' id='line_1_65' title="bbox 311 3673 1890 3749; baseline 0.007 -26"><span class='ocrx_word' id='word_1_505' title='bbox 311 3673 514 3727; x_wconf 79' lang='lat' dir='ltr'><strong>faciem</strong></span> <span class='ocrx_word' id='word_1_506' title='bbox 545 3674 787 3739; x_wconf 64' lang='lat' dir='ltr'><strong>praeiret,</strong></span> <span class='ocrx_word' id='word_1_507' title='bbox 817 3674 1080 3742; x_wconf 83' lang='lat' dir='ltr'><strong>exhibuit,</strong></span> <span class='ocrx_word' id='word_1_508' title='bbox 1110 3674 1281 3731; x_wconf 89' lang='lat' dir='ltr'><strong>donec</strong></span> <span class='ocrx_word' id='word_1_509' title='bbox 1308 3690 1402 3731; x_wconf 90' lang='lat' dir='ltr'><strong>eos</strong></span> <span class='ocrx_word' id='word_1_510' title='bbox 1428 3692 1594 3746; x_wconf 87' lang='lat' dir='ltr'><strong>usque</strong></span> <span class='ocrx_word' id='word_1_511' title='bbox 1623 3680 1688 3734; x_wconf 90' lang='lat' dir='ltr'><strong>ad</strong></span> <span class='ocrx_word' id='word_1_512' title='bbox 1719 3680 1890 3749; x_wconf 87' lang='lat' dir='ltr'><strong>ipsum</strong></span> 
     </span>
    </p>
   </div>
   <div class='ocr_carea' id='block_1_66' title="bbox 308 3763 1889 3839">
    <p class='ocr_par' dir='ltr' id='par_1_66' title="bbox 308 3763 1889 3839">
     <span class='ocr_line' id='line_1_66' title="bbox 308 3763 1889 3839; baseline 0.006 -22"><span class='ocrx_word' id='word_1_513' title='bbox 308 3764 492 3817; x_wconf 79' lang='lat' dir='ltr'><strong>locum</strong></span> <span class='ocrx_word' id='word_1_514' title='bbox 543 3764 629 3817; x_wconf 92' lang='lat' dir='ltr'><strong>ubi</strong></span> <span class='ocrx_word' id='word_1_515' title='bbox 660 3763 751 3819; x_wconf 90' lang='lat' dir='ltr'><strong>Dei</strong></span> <span class='ocrx_word' id='word_1_516' title='bbox 788 3763 1019 3821; x_wconf 80' lang='lat' dir='ltr'><strong>Verbum</strong></span> <span class='ocrx_word' id='word_1_517' title='bbox 1050 3765 1223 3820; x_wconf 81' lang='lat' dir='ltr'><strong>infans</strong></span> <span class='ocrx_word' id='word_1_518' title='bbox 1249 3777 1367 3822; x_wconf 87' lang='lat' dir='ltr'><strong>erat</strong></span> <span class='ocrx_word' id='word_1_519' title='bbox 1398 3771 1737 3838; x_wconf 88' lang='lat' dir='ltr'><strong>perduceret.</strong></span> <span class='ocrx_word' id='word_1_520' title='bbox 1788 3773 1889 3839; x_wconf 88' lang='lat' dir='ltr'><strong>Qui</strong></span> 
     </span>
    </p>
   </div>
   <div class='ocr_carea' id='block_1_67' title="bbox 310 3854 1891 3924">
    <p class='ocr_par' dir='ltr' id='par_1_67' title="bbox 310 3854 1891 3924">
     <span class='ocr_line' id='line_1_67' title="bbox 310 3854 1891 3924; baseline 0.006 -17"><span class='ocrx_word' id='word_1_521' title='bbox 310 3854 532 3908; x_wconf 86' lang='lat' dir='ltr'><strong>tandem</strong></span> <span class='ocrx_word' id='word_1_522' title='bbox 562 3855 813 3924; x_wconf 80' lang='lat' dir='ltr'><strong>astrologi</strong></span> <span class='ocrx_word' id='word_1_523' title='bbox 838 3856 907 3910; x_wconf 91' lang='lat' dir='ltr'><strong>ita</strong></span> <span class='ocrx_word' id='word_1_524' title='bbox 938 3856 1328 3913; x_wconf 89' lang='lat' dir='ltr'><strong>constituerunt</strong></span> <span class='ocrx_word' id='word_1_525' title='bbox 1365 3860 1637 3913; x_wconf 88' lang='lat' dir='ltr'><strong>hominum</strong></span> <span class='ocrx_word' id='word_1_526' title='bbox 1669 3875 1891 3916; x_wconf 88' lang='lat' dir='ltr'><strong>nasccn-</strong></span> 
     </span>
    </p>
   </div>
   <div class='ocr_carea' id='block_1_68' title="bbox 311 3944 1891 4018">
    <p class='ocr_par' dir='ltr' id='par_1_68' title="bbox 311 3944 1891 4018">
     <span class='ocr_line' id='line_1_68' title="bbox 311 3944 1891 4018; baseline 0.008 -21"><span class='ocrx_word' id='word_1_527' title='bbox 311 3946 447 3998; x_wconf 91' lang='lat' dir='ltr'><strong>tium</strong></span> <span class='ocrx_word' id='word_1_528' title='bbox 472 3944 517 3999; x_wconf 82' lang='lat' dir='ltr'><strong>la</strong></span> <span class='ocrx_word' id='word_1_529' title='bbox 529 3954 577 3998; x_wconf 91' lang='lat' dir='ltr'><strong>ta</strong></span> <span class='ocrx_word' id='word_1_530' title='bbox 594 3946 694 4000; x_wconf 89' lang='lat' dir='ltr'><strong>sub</strong></span> <span class='ocrx_word' id='word_1_531' title='bbox 710 3946 899 4012; x_wconf 87' lang='lat' dir='ltr'><strong>stellis,</strong></span> <span class='ocrx_word' id='word_1_532' title='bbox 919 3958 974 4001; x_wconf 92' lang='lat' dir='ltr'><strong>ut</strong></span> <span class='ocrx_word' id='word_1_533' title='bbox 992 3949 1221 4018; x_wconf 89' lang='lat' dir='ltr'><strong>aliquam</strong></span> <span class='ocrx_word' id='word_1_534' title='bbox 1240 3950 1534 4015; x_wconf 88' lang='lat' dir='ltr'><strong>stellarum,</strong></span> <span class='ocrx_word' id='word_1_535' title='bbox 1556 3952 1772 4007; x_wconf 84' lang='lat' dir='ltr'><strong>homine</strong></span> <span class='ocrx_word' id='word_1_536' title='bbox 1792 3953 1891 4011; x_wconf 82' lang='lat' dir='ltr'><strong>ali-</strong></span> 
     </span>
    </p>
   </div>
   <div class='ocr_carea' id='block_1_69' title="bbox 309 4036 1887 4107">
    <p class='ocr_par' dir='ltr' id='par_1_69' title="bbox 309 4036 1887 4107">
     <span class='ocr_line' id='line_1_69' title="bbox 309 4036 1887 4107; baseline 0.005 -19"><span class='ocrx_word' id='word_1_537' title='bbox 309 4050 421 4101; x_wconf 89' lang='lat' dir='ltr'><strong>quo</strong></span> <span class='ocrx_word' id='word_1_538' title='bbox 443 4045 590 4100; x_wconf 88' lang='lat' dir='ltr'><strong>nato,</strong></span> <span class='ocrx_word' id='word_1_539' title='bbox 615 4036 867 4091; x_wconf 90' lang='lat' dir='ltr'><strong>circuitus</strong></span> <span class='ocrx_word' id='word_1_540' title='bbox 891 4039 971 4091; x_wconf 90' lang='lat' dir='ltr'><strong>sui</strong></span> <span class='ocrx_word' id='word_1_541' title='bbox 996 4040 1239 4093; x_wconf 78' lang='lat' dir='ltr'><strong>ordinem</strong></span> <span class='ocrx_word' id='word_1_542' title='bbox 1267 4039 1571 4107; x_wconf 78' lang='lat' dir='ltr'><strong>reliquisse,</strong></span> <span class='ocrx_word' id='word_1_543' title='bbox 1595 4051 1643 4095; x_wconf 89' lang='lat' dir='ltr'><strong>et</strong></span> <span class='ocrx_word' id='word_1_544' title='bbox 1674 4043 1739 4095; x_wconf 88' lang='lat' dir='ltr'><strong>ad</strong></span> <span class='ocrx_word' id='word_1_545' title='bbox 1762 4057 1887 4098; x_wconf 89' lang='lat' dir='ltr'><strong>eum</strong></span> 
     </span>
    </p>
   </div>
   <div class='ocr_carea' id='block_1_70' title="bbox 312 4127 1890 4204">
    <p class='ocr_par' dir='ltr' id='par_1_70' title="bbox 312 4127 1890 4204">
     <span class='ocr_line' id='line_1_70' title="bbox 312 4127 1890 4204; baseline 0.005 -24"><span class='ocrx_word' id='word_1_546' title='bbox 312 4127 407 4193; x_wconf 84' lang='lat' dir='ltr'><strong>qui</strong></span> <span class='ocrx_word' id='word_1_547' title='bbox 440 4136 596 4182; x_wconf 83' lang='lat' dir='ltr'><strong>natus</strong></span> <span class='ocrx_word' id='word_1_548' title='bbox 627 4140 707 4183; x_wconf 85' lang='lat' dir='ltr'><strong>est</strong></span> <span class='ocrx_word' id='word_1_549' title='bbox 740 4130 1040 4197; x_wconf 80' lang='lat' dir='ltr'><strong>perrexisse</strong></span> <span class='ocrx_word' id='word_1_550' title='bbox 1068 4131 1414 4186; x_wconf 75' lang='lat' dir='ltr'><strong>asscvereni?</strong></span> <span class='ocrx_word' id='word_1_551' title='bbox 1451 4131 1660 4187; x_wconf 86' lang='lat' dir='ltr'><strong>Sortem</strong></span> <span class='ocrx_word' id='word_1_552' title='bbox 1692 4136 1890 4204; x_wconf 87' lang='lat' dir='ltr'><strong>quippe</strong></span> 
     </span>
    </p>
   </div>
   <div class='ocr_carea' id='block_1_71' title="bbox 310 4222 1889 4297">
    <p class='ocr_par' dir='ltr' id='par_1_71' title="bbox 310 4222 1889 4297">
     <span class='ocr_line' id='line_1_71' title="bbox 310 4222 1889 4297; baseline 0.003 -20"><span class='ocrx_word' id='word_1_553' title='bbox 310 4223 587 4277; x_wconf 86' lang='lat' dir='ltr'><strong>nascentis</strong></span> <span class='ocrx_word' id='word_1_554' title='bbox 602 4231 864 4278; x_wconf 83' lang='lat' dir='ltr'><strong>astrorum</strong></span> <span class='ocrx_word' id='word_1_555' title='bbox 888 4222 1127 4278; x_wconf 90' lang='lat' dir='ltr'><strong>ordinem</strong></span> <span class='ocrx_word' id='word_1_556' title='bbox 1153 4223 1239 4297; x_wconf 86' lang='lat' dir='ltr'><strong>[L.</strong></span> <span class='ocrx_word' id='word_1_557' title='bbox 1263 4222 1459 4295; x_wconf 90' lang='lat' dir='ltr'><strong>ordini]</strong></span> <span class='ocrx_word' id='word_1_558' title='bbox 1481 4224 1717 4295; x_wconf 89' lang='lat' dir='ltr'><strong>colligari</strong></span> <span class='ocrx_word' id='word_1_559' title='bbox 1746 4227 1889 4281; x_wconf 82' lang='lat' dir='ltr'><strong>arbi-</strong></span> 
     </span>
    </p>
   </div>
   <div class='ocr_carea' id='block_1_72' title="bbox 312 4314 1891 4382">
    <p class='ocr_par' dir='ltr' id='par_1_72' title="bbox 312 4314 1891 4382">
     <span class='ocr_line' id='line_1_72' title="bbox 312 4314 1891 4382; baseline 0.003 -15"><span class='ocrx_word' id='word_1_560' title='bbox 312 4322 549 4382; x_wconf 88' lang='lat' dir='ltr'><strong>trantur,</strong></span> <span class='ocrx_word' id='word_1_561' title='bbox 584 4328 688 4367; x_wconf 92' lang='lat' dir='ltr'><strong>non</strong></span> <span class='ocrx_word' id='word_1_562' title='bbox 715 4324 983 4370; x_wconf 86' lang='lat' dir='ltr'><strong>astrorum</strong></span> <span class='ocrx_word' id='word_1_563' title='bbox 1006 4314 1248 4368; x_wconf 88' lang='lat' dir='ltr'><strong>ordinem</strong></span> <span class='ocrx_word' id='word_1_564' title='bbox 1277 4315 1342 4368; x_wconf 89' lang='lat' dir='ltr'><strong>ad</strong></span> <span class='ocrx_word' id='word_1_565' title='bbox 1366 4314 1594 4370; x_wconf 84' lang='lat' dir='ltr'><strong>hominis</strong></span> <span class='ocrx_word' id='word_1_566' title='bbox 1618 4316 1725 4370; x_wconf 83' lang='lat' dir='ltr'><strong>nati</strong></span> <span class='ocrx_word' id='word_1_567' title='bbox 1746 4316 1891 4372; x_wconf 88' lang='lat' dir='ltr'><strong>diem</strong></span> 
     </span>
    </p>
   </div>
   <div class='ocr_carea' id='block_1_73' title="bbox 314 4404 1890 4475">
    <p class='ocr_par' dir='ltr' id='par_1_73' title="bbox 314 4404 1890 4475">
     <span class='ocr_line' id='line_1_73' title="bbox 314 4404 1890 4475; baseline 0.003 -17"><span class='ocrx_word' id='word_1_568' title='bbox 314 4419 477 4473; x_wconf 78' lang='lat' dir='ltr'><strong>posse</strong></span> <span class='ocrx_word' id='word_1_569' title='bbox 522 4404 735 4460; x_wconf 81' lang='lat' dir='ltr'><strong>mutari.</strong></span> <span class='ocrx_word' id='word_1_570' title='bbox 765 4406 1096 4475; x_wconf 85' lang='lat' dir='ltr'><strong>Quapropter</strong></span> <span class='ocrx_word' id='word_1_571' title='bbox 1132 4406 1180 4461; x_wconf 88' lang='lat' dir='ltr'><strong>si</strong></span> <span class='ocrx_word' id='word_1_572' title='bbox 1219 4406 1371 4463; x_wconf 88' lang='lat' dir='ltr'><strong>stella</strong></span> <span class='ocrx_word' id='word_1_573' title='bbox 1409 4406 1499 4461; x_wconf 87' lang='lat' dir='ltr'><strong>illa</strong></span> <span class='ocrx_word' id='word_1_574' title='bbox 1539 4407 1609 4463; x_wconf 92' lang='lat' dir='ltr'><strong>de</strong></span> <span class='ocrx_word' id='word_1_575' title='bbox 1648 4408 1733 4463; x_wconf 89' lang='lat' dir='ltr'><strong>his</strong></span> <span class='ocrx_word' id='word_1_576' title='bbox 1771 4417 1890 4465; x_wconf 86' lang='lat' dir='ltr'><strong>erat</strong></span> 
     </span>
    </p>
   </div>
   <div class='ocr_carea' id='block_1_74' title="bbox 314 4498 1893 4572">
    <p class='ocr_par' dir='ltr' id='par_1_74' title="bbox 314 4498 1893 4572">
     <span class='ocr_line' id='line_1_74' title="bbox 314 4498 1893 4572; baseline 0.007 -25"><span class='ocrx_word' id='word_1_577' title='bbox 314 4514 437 4569; x_wconf 71' lang='lat' dir='ltr'><strong>qua:</strong></span> <span class='ocrx_word' id='word_1_578' title='bbox 467 4498 522 4551; x_wconf 91' lang='lat' dir='ltr'><strong>in</strong></span> <span class='ocrx_word' id='word_1_579' title='bbox 551 4498 691 4553; x_wconf 71' lang='lat' dir='ltr'><strong>caelo</strong></span> <span class='ocrx_word' id='word_1_580' title='bbox 718 4507 978 4569; x_wconf 88' lang='lat' dir='ltr'><strong>peragunt</strong></span> <span class='ocrx_word' id='word_1_581' title='bbox 999 4500 1216 4554; x_wconf 84' lang='lat' dir='ltr'><strong>ordines</strong></span> <span class='ocrx_word' id='word_1_582' title='bbox 1253 4513 1399 4567; x_wconf 88' lang='lat' dir='ltr'><strong>suos,</strong></span> <span class='ocrx_word' id='word_1_583' title='bbox 1445 4502 1714 4570; x_wconf 88' lang='lat' dir='ltr'><strong>quomodo</strong></span> <span class='ocrx_word' id='word_1_584' title='bbox 1743 4513 1893 4572; x_wconf 87' lang='lat' dir='ltr'><strong>pote-</strong></span> 
     </span>
    </p>
   </div>
   <div class='ocr_carea' id='block_1_75' title="bbox 315 4588 1968 4663">
    <p class='ocr_par' dir='ltr' id='par_1_75' title="bbox 315 4588 1968 4663">
     <span class='ocr_line' id='line_1_75' title="bbox 315 4588 1968 4663; baseline 0.004 -21"><span class='ocrx_word' id='word_1_585' title='bbox 315 4599 402 4642; x_wconf 83' lang='lat' dir='ltr'><strong>rat</strong></span> <span class='ocrx_word' id='word_1_586' title='bbox 430 4588 721 4643; x_wconf 88' lang='lat' dir='ltr'><strong>decernere</strong></span> <span class='ocrx_word' id='word_1_587' title='bbox 749 4590 888 4657; x_wconf 89' lang='lat' dir='ltr'><strong>quod</strong></span> <span class='ocrx_word' id='word_1_588' title='bbox 923 4598 1077 4645; x_wconf 88' lang='lat' dir='ltr'><strong>natus</strong></span> <span class='ocrx_word' id='word_1_589' title='bbox 1104 4589 1349 4646; x_wconf 85' lang='lat' dir='ltr'><strong>Christus</strong></span> <span class='ocrx_word' id='word_1_590' title='bbox 1368 4598 1583 4647; x_wconf 86' lang='lat' dir='ltr'><strong>acturus</strong></span> <span class='ocrx_word' id='word_1_591' title='bbox 1606 4601 1742 4659; x_wconf 87' lang='lat' dir='ltr'><strong>erat,</strong></span> <span class='ocrx_word' id='word_1_592' title='bbox 1772 4610 1889 4663; x_wconf 70' lang='lat' dir='ltr'><strong>quae</strong></span> <span class='ocrx_word' id='word_1_593' title='bbox 1914 4600 1968 4661; x_wconf 77' lang='grc' dir='ltr'><strong>Β</strong></span> 
     </span>
    </p>
   </div>
   <div class='ocr_carea' id='block_1_76' title="bbox 316 4678 1891 4752">
    <p class='ocr_par' dir='ltr' id='par_1_76' title="bbox 316 4678 1891 4752">
     <span class='ocr_line' id='line_1_76' title="bbox 316 4678 1891 4752; baseline 0.003 -18"><span class='ocrx_word' id='word_1_594' title='bbox 316 4689 445 4735; x_wconf 85' lang='lat' dir='ltr'><strong>nato</strong></span> <span class='ocrx_word' id='word_1_595' title='bbox 473 4678 688 4735; x_wconf 88' lang='lat' dir='ltr'><strong>Christo</strong></span> <span class='ocrx_word' id='word_1_596' title='bbox 727 4680 875 4750; x_wconf 90' lang='lat' dir='ltr'><strong>jussa</strong></span> <span class='ocrx_word' id='word_1_597' title='bbox 919 4689 1003 4735; x_wconf 89' lang='lat' dir='ltr'><strong>est</strong></span> <span class='ocrx_word' id='word_1_598' title='bbox 1055 4681 1357 4745; x_wconf 87' lang='lat' dir='ltr'><strong>relinquere</strong></span> <span class='ocrx_word' id='word_1_599' title='bbox 1394 4682 1537 4751; x_wconf 91' lang='lat' dir='ltr'><strong>quod</strong></span> <span class='ocrx_word' id='word_1_600' title='bbox 1567 4683 1792 4752; x_wconf 80' lang='lat' dir='ltr'><strong>agebat?</strong></span> <span class='ocrx_word' id='word_1_601' title='bbox 1833 4683 1891 4741; x_wconf 90' lang='lat' dir='ltr'><strong>Si</strong></span> 
     </span>
    </p>
   </div>
   <div class='ocr_carea' id='block_1_77' title="bbox 314 4772 1889 4841">
    <p class='ocr_par' dir='ltr' id='par_1_77' title="bbox 314 4772 1889 4841">
     <span class='ocr_line' id='line_1_77' title="bbox 314 4772 1889 4841; baseline 0.004 -16"><span class='ocrx_word' id='word_1_602' title='bbox 314 4783 517 4834; x_wconf 79' lang='lat' dir='ltr'><strong>autem,</strong></span> <span class='ocrx_word' id='word_1_603' title='bbox 548 4781 606 4826; x_wconf 92' lang='lat' dir='ltr'><strong>ut</strong></span> <span class='ocrx_word' id='word_1_604' title='bbox 640 4772 962 4841; x_wconf 85' lang='lat' dir='ltr'><strong>probabilius</strong></span> <span class='ocrx_word' id='word_1_605' title='bbox 996 4772 1251 4837; x_wconf 88' lang='lat' dir='ltr'><strong>creditur,</strong></span> <span class='ocrx_word' id='word_1_606' title='bbox 1303 4774 1371 4827; x_wconf 88' lang='lat' dir='ltr'><strong>ad</strong></span> <span class='ocrx_word' id='word_1_607' title='bbox 1408 4776 1889 4832; x_wconf 85' lang='lat' dir='ltr'><strong>demonstrandum</strong></span> 
     </span>
    </p>
   </div>
   <div class='ocr_carea' id='block_1_78' title="bbox 314 4860 1888 4930">
    <p class='ocr_par' dir='ltr' id='par_1_78' title="bbox 314 4860 1888 4930">
     <span class='ocr_line' id='line_1_78' title="bbox 314 4860 1888 4930; baseline 0.004 -15"><span class='ocrx_word' id='word_1_608' title='bbox 314 4860 591 4915; x_wconf 86' lang='lat' dir='ltr'><strong>Christum</strong></span> <span class='ocrx_word' id='word_1_609' title='bbox 622 4876 738 4930; x_wconf 66' lang='lat' dir='ltr'><strong>quae</strong></span> <span class='ocrx_word' id='word_1_610' title='bbox 761 4876 866 4914; x_wconf 90' lang='lat' dir='ltr'><strong>non</strong></span> <span class='ocrx_word' id='word_1_611' title='bbox 889 4872 1003 4917; x_wconf 88' lang='lat' dir='ltr'><strong>erat</strong></span> <span class='ocrx_word' id='word_1_612' title='bbox 1025 4873 1207 4917; x_wconf 78' lang='lat' dir='ltr'><strong>exorta</strong></span> <span class='ocrx_word' id='word_1_613' title='bbox 1227 4872 1331 4926; x_wconf 90' lang='lat' dir='ltr'><strong>est,</strong></span> <span class='ocrx_word' id='word_1_614' title='bbox 1363 4879 1467 4918; x_wconf 92' lang='lat' dir='ltr'><strong>non</strong></span> <span class='ocrx_word' id='word_1_615' title='bbox 1500 4865 1619 4919; x_wconf 91' lang='lat' dir='ltr'><strong>ideo</strong></span> <span class='ocrx_word' id='word_1_616' title='bbox 1645 4864 1888 4922; x_wconf 85' lang='lat' dir='ltr'><strong>Christus</strong></span> 
     </span>
    </p>
   </div>
   <div class='ocr_carea' id='block_1_79' title="bbox 317 4952 1887 5024">
    <p class='ocr_par' dir='ltr' id='par_1_79' title="bbox 317 4952 1887 5024">
     <span class='ocr_line' id='line_1_79' title="bbox 317 4952 1887 5024; baseline 0.003 -19"><span class='ocrx_word' id='word_1_617' title='bbox 317 4960 479 5006; x_wconf 91' lang='lat' dir='ltr'><strong>natus</strong></span> <span class='ocrx_word' id='word_1_618' title='bbox 505 4961 609 5017; x_wconf 89' lang='lat' dir='ltr'><strong>est,</strong></span> <span class='ocrx_word' id='word_1_619' title='bbox 635 4952 755 5021; x_wconf 90' lang='lat' dir='ltr'><strong>quia</strong></span> <span class='ocrx_word' id='word_1_620' title='bbox 786 4952 874 5005; x_wconf 88' lang='lat' dir='ltr'><strong>illa</strong></span> <span class='ocrx_word' id='word_1_621' title='bbox 897 4952 1121 5017; x_wconf 83' lang='lat' dir='ltr'><strong>exstitit,</strong></span> <span class='ocrx_word' id='word_1_622' title='bbox 1149 4952 1240 5007; x_wconf 91' lang='lat' dir='ltr'><strong>sed</strong></span> <span class='ocrx_word' id='word_1_623' title='bbox 1264 4952 1383 5007; x_wconf 86' lang='lat' dir='ltr'><strong>ideo</strong></span> <span class='ocrx_word' id='word_1_624' title='bbox 1404 4952 1491 5007; x_wconf 90' lang='lat' dir='ltr'><strong>illa</strong></span> <span class='ocrx_word' id='word_1_625' title='bbox 1519 4955 1740 5020; x_wconf 81' lang='lat' dir='ltr'><strong>exstitit,</strong></span> <span class='ocrx_word' id='word_1_626' title='bbox 1767 4956 1887 5024; x_wconf 90' lang='lat' dir='ltr'><strong>quia</strong></span> 
     </span>
    </p>
   </div>
   <div class='ocr_carea' id='block_1_80' title="bbox 314 5043 1889 5113">
    <p class='ocr_par' dir='ltr' id='par_1_80' title="bbox 314 5043 1889 5113">
     <span class='ocr_line' id='line_1_80' title="bbox 314 5043 1889 5113; baseline 0.001 -14"><span class='ocrx_word' id='word_1_627' title='bbox 314 5045 560 5099; x_wconf 80' lang='lat' dir='ltr'><strong>Christus</strong></span> <span class='ocrx_word' id='word_1_628' title='bbox 591 5054 742 5099; x_wconf 88' lang='lat' dir='ltr'><strong>natus</strong></span> <span class='ocrx_word' id='word_1_629' title='bbox 764 5053 861 5100; x_wconf 89' lang='lat' dir='ltr'><strong>est.</strong></span> <span class='ocrx_word' id='word_1_630' title='bbox 896 5043 1069 5111; x_wconf 86' lang='lat' dir='ltr'><strong>Unde,</strong></span> <span class='ocrx_word' id='word_1_631' title='bbox 1098 5046 1141 5099; x_wconf 91' lang='lat' dir='ltr'><strong>si</strong></span> <span class='ocrx_word' id='word_1_632' title='bbox 1173 5044 1277 5100; x_wconf 91' lang='lat' dir='ltr'><strong>dici</strong></span> <span class='ocrx_word' id='word_1_633' title='bbox 1303 5053 1593 5113; x_wconf 88' lang='lat' dir='ltr'><strong>oporteret,</strong></span> <span class='ocrx_word' id='word_1_634' title='bbox 1628 5062 1734 5100; x_wconf 91' lang='lat' dir='ltr'><strong>non</strong></span> <span class='ocrx_word' id='word_1_635' title='bbox 1762 5048 1889 5101; x_wconf 88' lang='lat' dir='ltr'><strong>stel-</strong></span> 
     </span>
    </p>
   </div>
   <div class='ocr_carea' id='block_1_81' title="bbox 316 5135 1890 5201">
    <p class='ocr_par' dir='ltr' id='par_1_81' title="bbox 316 5135 1890 5201">
     <span class='ocr_line' id='line_1_81' title="bbox 316 5135 1890 5201; baseline 0.004 -15"><span class='ocrx_word' id='word_1_636' title='bbox 316 5136 421 5188; x_wconf 88' lang='lat' dir='ltr'><strong>lam</strong></span> <span class='ocrx_word' id='word_1_637' title='bbox 451 5136 687 5201; x_wconf 84' lang='lat' dir='ltr'><strong>Cltristo,</strong></span> <span class='ocrx_word' id='word_1_638' title='bbox 719 5136 813 5190; x_wconf 90' lang='lat' dir='ltr'><strong>sed</strong></span> <span class='ocrx_word' id='word_1_639' title='bbox 842 5136 1111 5189; x_wconf 79' lang='lat' dir='ltr'><strong>Christum</strong></span> <span class='ocrx_word' id='word_1_640' title='bbox 1139 5136 1310 5190; x_wconf 68' lang='lat' dir='ltr'><strong>stellae</strong></span> <span class='ocrx_word' id='word_1_641' title='bbox 1335 5135 1531 5192; x_wconf 80' lang='lat' dir='ltr'><strong>factum</strong></span> <span class='ocrx_word' id='word_1_642' title='bbox 1561 5138 1722 5192; x_wconf 80' lang='lat' dir='ltr'><strong>fuisse</strong></span> <span class='ocrx_word' id='word_1_643' title='bbox 1745 5138 1890 5193; x_wconf 86' lang='lat' dir='ltr'><strong>dice-</strong></span> 
     </span>
    </p>
   </div>
   <div class='ocr_carea' id='block_1_82' title="bbox 314 5227 1886 5295">
    <p class='ocr_par' dir='ltr' id='par_1_82' title="bbox 314 5227 1886 5295">
     <span class='ocr_line' id='line_1_82' title="bbox 314 5227 1886 5295; baseline 0.002 -16"><span class='ocrx_word' id='word_1_644' title='bbox 314 5240 516 5279; x_wconf 90' lang='lat' dir='ltr'><strong>remus.</strong></span> <span class='ocrx_word' id='word_1_645' title='bbox 553 5227 670 5294; x_wconf 90' lang='lat' dir='ltr'><strong>lpse</strong></span> <span class='ocrx_word' id='word_1_646' title='bbox 697 5227 894 5295; x_wconf 90' lang='lat' dir='ltr'><strong>quippe</strong></span> <span class='ocrx_word' id='word_1_647' title='bbox 923 5227 1024 5291; x_wconf 90' lang='lat' dir='ltr'><strong>illi,</strong></span> <span class='ocrx_word' id='word_1_648' title='bbox 1057 5241 1160 5281; x_wconf 91' lang='lat' dir='ltr'><strong>non</strong></span> <span class='ocrx_word' id='word_1_649' title='bbox 1183 5227 1269 5281; x_wconf 93' lang='lat' dir='ltr'><strong>illa</strong></span> <span class='ocrx_word' id='word_1_650' title='bbox 1302 5228 1424 5280; x_wconf 90' lang='lat' dir='ltr'><strong>huic</strong></span> <span class='ocrx_word' id='word_1_651' title='bbox 1450 5229 1698 5282; x_wconf 73' lang='lat' dir='ltr'><strong>nascendi</strong></span> <span class='ocrx_word' id='word_1_652' title='bbox 1743 5239 1886 5283; x_wconf 89' lang='lat' dir='ltr'><strong>attu-</strong></span> 
     </span>
    </p>
   </div>
   <div class='ocr_carea' id='block_1_83' title="bbox 314 5316 1886 5393">
    <p class='ocr_par' dir='ltr' id='par_1_83' title="bbox 314 5316 1886 5393">
     <span class='ocr_line' id='line_1_83' title="bbox 314 5316 1886 5393; baseline 0.007 -24"><span class='ocrx_word' id='word_1_653' title='bbox 314 5316 375 5369; x_wconf 88' lang='lat' dir='ltr'><strong>lit</strong></span> <span class='ocrx_word' id='word_1_654' title='bbox 396 5331 635 5370; x_wconf 83' lang='lat' dir='ltr'><strong>c.-usam.</strong></span> <span class='ocrx_word' id='word_1_655' title='bbox 664 5316 720 5370; x_wconf 90' lang='lat' dir='ltr'><strong>Si</strong></span> <span class='ocrx_word' id='word_1_656' title='bbox 749 5331 879 5385; x_wconf 85' lang='lat' dir='ltr'><strong>ergo</strong></span> <span class='ocrx_word' id='word_1_657' title='bbox 906 5326 1033 5372; x_wconf 92' lang='lat' dir='ltr'><strong>sunt</strong></span> <span class='ocrx_word' id='word_1_658' title='bbox 1056 5319 1192 5373; x_wconf 80' lang='lat' dir='ltr'><strong>facta</strong></span> <span class='ocrx_word' id='word_1_659' title='bbox 1222 5336 1339 5388; x_wconf 76' lang='lat' dir='ltr'><strong>qua:</strong></span> <span class='ocrx_word' id='word_1_660' title='bbox 1361 5336 1388 5374; x_wconf 91' lang='lat' dir='ltr'><strong>a</strong></span> <span class='ocrx_word' id='word_1_661' title='bbox 1418 5321 1600 5388; x_wconf 81' lang='lat' dir='ltr'><strong>fando,</strong></span> <span class='ocrx_word' id='word_1_662' title='bbox 1632 5324 1683 5377; x_wconf 90' lang='lat' dir='ltr'><strong>id</strong></span> <span class='ocrx_word' id='word_1_663' title='bbox 1723 5334 1828 5393; x_wconf 71' lang='lat' dir='ltr'><strong>est,</strong></span> <span class='ocrx_word' id='word_1_664' title='bbox 1856 5341 1886 5380; x_wconf 73' lang='grc' dir='ltr'>ει</span> 
     </span>
    </p>
   </div>
   <div class='ocr_carea' id='block_1_84' title="bbox 312 5408 1887 5481">
    <p class='ocr_par' dir='ltr' id='par_1_84' title="bbox 312 5408 1887 5481">
     <span class='ocr_line' id='line_1_84' title="bbox 312 5408 1887 5481; baseline 0.008 -21"><span class='ocrx_word' id='word_1_665' title='bbox 312 5408 545 5462; x_wconf 91' lang='lat' dir='ltr'><strong>dicendo</strong></span> <span class='ocrx_word' id='word_1_666' title='bbox 584 5410 853 5477; x_wconf 83' lang='lat' dir='ltr'><strong>appellata</strong></span> <span class='ocrx_word' id='word_1_667' title='bbox 901 5418 1048 5478; x_wconf 89' lang='lat' dir='ltr'><strong>sunt,</strong></span> <span class='ocrx_word' id='word_1_668' title='bbox 1095 5414 1342 5481; x_wconf 86' lang='lat' dir='ltr'><strong>quoniam</strong></span> <span class='ocrx_word' id='word_1_669' title='bbox 1372 5414 1617 5475; x_wconf 85' lang='lat' dir='ltr'><strong>Christus</strong></span> <span class='ocrx_word' id='word_1_670' title='bbox 1652 5417 1887 5473; x_wconf 78' lang='lat' dir='ltr'><strong>Verbum</strong></span> 
     </span>
    </p>
   </div>
   <div class='ocr_carea' id='block_1_85' title="bbox 312 5500 1887 5577">
    <p class='ocr_par' dir='ltr' id='par_1_85' title="bbox 312 5500 1887 5577">
     <span class='ocr_line' id='line_1_85' title="bbox 312 5500 1887 5577; baseline 0.008 -23"><span class='ocrx_word' id='word_1_671' title='bbox 312 5500 408 5555; x_wconf 89' lang='lat' dir='ltr'><strong>Dei</strong></span> <span class='ocrx_word' id='word_1_672' title='bbox 424 5510 528 5566; x_wconf 85' lang='lat' dir='ltr'><strong>est,</strong></span> <span class='ocrx_word' id='word_1_673' title='bbox 554 5502 605 5554; x_wconf 92' lang='lat' dir='ltr'><strong>in</strong></span> <span class='ocrx_word' id='word_1_674' title='bbox 624 5517 729 5571; x_wconf 89' lang='lat' dir='ltr'><strong>quo</strong></span> <span class='ocrx_word' id='word_1_675' title='bbox 750 5510 1034 5572; x_wconf 86' lang='lat' dir='ltr'><strong>antequam</strong></span> <span class='ocrx_word' id='word_1_676' title='bbox 1056 5516 1234 5559; x_wconf 88' lang='lat' dir='ltr'><strong>essent</strong></span> <span class='ocrx_word' id='word_1_677' title='bbox 1258 5507 1395 5561; x_wconf 83' lang='lat' dir='ltr'><strong>dicta</strong></span> <span class='ocrx_word' id='word_1_678' title='bbox 1418 5518 1542 5562; x_wconf 90' lang='lat' dir='ltr'><strong>sunt</strong></span> <span class='ocrx_word' id='word_1_679' title='bbox 1557 5511 1757 5577; x_wconf 83' lang='lat' dir='ltr'><strong>omnia,</strong></span> <span class='ocrx_word' id='word_1_680' title='bbox 1782 5526 1887 5567; x_wconf 90' lang='lat' dir='ltr'><strong>non</strong></span> 
     </span>
    </p>
   </div>
   <div class='ocr_carea' id='block_1_86' title="bbox 314 5591 1885 5660">
    <p class='ocr_par' dir='ltr' id='par_1_86' title="bbox 314 5591 1885 5660">
     <span class='ocr_line' id='line_1_86' title="bbox 314 5591 1885 5660; baseline 0.008 -17"><span class='ocrx_word' id='word_1_681' title='bbox 314 5591 640 5645; x_wconf 83' lang='lat' dir='ltr'><strong>consortium</strong></span> <span class='ocrx_word' id='word_1_682' title='bbox 666 5591 904 5647; x_wconf 90' lang='lat' dir='ltr'><strong>siderum</strong></span> <span class='ocrx_word' id='word_1_683' title='bbox 935 5594 1099 5648; x_wconf 79' lang='lat' dir='ltr'><strong>latum</strong></span> <span class='ocrx_word' id='word_1_684' title='bbox 1131 5595 1329 5652; x_wconf 73' lang='lat' dir='ltr'><strong>Chrisﬁ</strong></span> <span class='ocrx_word' id='word_1_685' title='bbox 1356 5608 1460 5660; x_wconf 88' lang='lat' dir='ltr'><strong>est,</strong></span> <span class='ocrx_word' id='word_1_686' title='bbox 1491 5599 1584 5654; x_wconf 87' lang='lat' dir='ltr'><strong>sed</strong></span> <span class='ocrx_word' id='word_1_687' title='bbox 1612 5601 1773 5655; x_wconf 85' lang='lat' dir='ltr'><strong>latum</strong></span> <span class='ocrx_word' id='word_1_688' title='bbox 1806 5603 1885 5655; x_wconf 83' lang='lat' dir='ltr'><strong>si-</strong></span> 
     </span>
    </p>
   </div>
   <div class='ocr_carea' id='block_1_87' title="bbox 310 5681 1887 5756">
    <p class='ocr_par' dir='ltr' id='par_1_87' title="bbox 310 5681 1887 5756">
     <span class='ocr_line' id='line_1_87' title="bbox 310 5681 1887 5756; baseline 0.007 -20"><span class='ocrx_word' id='word_1_689' title='bbox 310 5682 440 5736; x_wconf 82' lang='lat' dir='ltr'><strong>deru</strong></span> <span class='ocrx_word' id='word_1_690' title='bbox 471 5681 634 5735; x_wconf 88' lang='lat' dir='ltr'><strong>etiam</strong></span> <span class='ocrx_word' id='word_1_691' title='bbox 664 5681 911 5737; x_wconf 85' lang='lat' dir='ltr'><strong>Christus</strong></span> <span class='ocrx_word' id='word_1_692' title='bbox 942 5691 1051 5748; x_wconf 92' lang='lat' dir='ltr'><strong>est,</strong></span> <span class='ocrx_word' id='word_1_693' title='bbox 1103 5685 1193 5754; x_wconf 92' lang='lat' dir='ltr'><strong>qui</strong></span> <span class='ocrx_word' id='word_1_694' title='bbox 1222 5696 1278 5741; x_wconf 89' lang='lat' dir='ltr'><strong>et</strong></span> <span class='ocrx_word' id='word_1_695' title='bbox 1308 5688 1474 5756; x_wconf 88' lang='lat' dir='ltr'><strong>ipsam</strong></span> <span class='ocrx_word' id='word_1_696' title='bbox 1522 5703 1739 5745; x_wconf 86' lang='lat' dir='ltr'><strong>carnem</strong></span> <span class='ocrx_word' id='word_1_697' title='bbox 1784 5692 1887 5747; x_wconf 89' lang='lat' dir='ltr'><strong>sub</strong></span> 
     </span>
    </p>
   </div>
   <div class='ocr_carea' id='block_1_88' title="bbox 316 5775 1882 5852">
    <p class='ocr_par' dir='ltr' id='par_1_88' title="bbox 316 5775 1882 5852">
     <span class='ocr_line' id='line_1_88' title="bbox 316 5775 1882 5852; baseline 0.005 -21"><span class='ocrx_word' id='word_1_698' title='bbox 316 5779 446 5831; x_wconf 64' lang='lat' dir='ltr'><strong>cosio</strong></span> <span class='ocrx_word' id='word_1_699' title='bbox 480 5782 714 5829; x_wconf 83' lang='lat' dir='ltr'><strong>creatam</strong></span> <span class='ocrx_word' id='word_1_700' title='bbox 754 5788 816 5830; x_wconf 86' lang='lat' dir='ltr'><strong>ea</strong></span> <span class='ocrx_word' id='word_1_701' title='bbox 856 5775 1128 5832; x_wconf 86' lang='lat' dir='ltr'><strong>voluntate</strong></span> <span class='ocrx_word' id='word_1_702' title='bbox 1185 5781 1511 5851; x_wconf 85' lang='lat' dir='ltr'><strong>assumpsit,</strong></span> <span class='ocrx_word' id='word_1_703' title='bbox 1566 5797 1673 5852; x_wconf 82' lang='lat' dir='ltr'><strong>qua</strong></span> <span class='ocrx_word' id='word_1_704' title='bbox 1725 5785 1882 5839; x_wconf 90' lang='lat' dir='ltr'><strong>etiam</strong></span> 
     </span>
    </p>
   </div>
   <div class='ocr_carea' id='block_1_89' title="bbox 1997 3284 3560 3360">
    <p class='ocr_par' dir='ltr' id='par_1_89' title="bbox 1997 3284 3560 3360">
     <span class='ocr_line' id='line_1_89' title="bbox 1997 3284 3560 3360; baseline -0.005 -15"><span class='ocrx_word' id='word_1_705' title='bbox 1997 3289 2129 3345; x_wconf 91' lang='lat' dir='ltr'><strong>Cum</strong></span> <span class='ocrx_word' id='word_1_706' title='bbox 2168 3307 2294 3345; x_wconf 86' lang='lat' dir='ltr'><strong>vero</strong></span> <span class='ocrx_word' id='word_1_707' title='bbox 2324 3291 2479 3357; x_wconf 90' lang='lat' dir='ltr'><strong>dicit,</strong></span> <span class='ocrx_word' id='word_1_708' title='bbox 2511 3291 2718 3360; x_wconf 66' lang='lat' dir='ltr'><strong>Figurte</strong></span> <span class='ocrx_word' id='word_1_709' title='bbox 2743 3299 2941 3343; x_wconf 71' lang='lat' dir='ltr'><strong>nostra:</strong></span> <span class='ocrx_word' id='word_1_710' title='bbox 2971 3289 3201 3351; x_wconf 84' lang='lat' dir='ltr'><strong>luerunt,</strong></span> <span class='ocrx_word' id='word_1_711' title='bbox 3232 3296 3283 3340; x_wconf 91' lang='lat' dir='ltr'><strong>et</strong></span> <span class='ocrx_word' id='word_1_712' title='bbox 3311 3287 3364 3339; x_wconf 91' lang='lat' dir='ltr'><strong>in</strong></span> <span class='ocrx_word' id='word_1_713' title='bbox 3394 3284 3560 3354; x_wconf 81' lang='lat' dir='ltr'><strong>ﬁgura</strong></span> 
     </span>
    </p>
   </div>
   <div class='ocr_carea' id='block_1_90' title="bbox 1994 3378 3564 3450">
    <p class='ocr_par' dir='ltr' id='par_1_90' title="bbox 1994 3378 3564 3450">
     <span class='ocr_line' id='line_1_90' title="bbox 1994 3378 3564 3450; baseline -0.005 -15"><span class='ocrx_word' id='word_1_714' title='bbox 1994 3381 2372 3450; x_wconf 74' lang='lat' dir='ltr'><strong>contingebant</strong></span> <span class='ocrx_word' id='word_1_715' title='bbox 2422 3381 2549 3446; x_wconf 88' lang='lat' dir='ltr'><strong>illis,</strong></span> <span class='ocrx_word' id='word_1_716' title='bbox 2586 3378 2822 3434; x_wconf 88' lang='lat' dir='ltr'><strong>ostendit</strong></span> <span class='ocrx_word' id='word_1_717' title='bbox 2857 3378 2964 3446; x_wconf 88' lang='lat' dir='ltr'><strong>jam</strong></span> <span class='ocrx_word' id='word_1_718' title='bbox 2997 3391 3100 3429; x_wconf 91' lang='lat' dir='ltr'><strong>non</strong></span> <span class='ocrx_word' id='word_1_719' title='bbox 3147 3390 3278 3443; x_wconf 92' lang='lat' dir='ltr'><strong>opus</strong></span> <span class='ocrx_word' id='word_1_720' title='bbox 3323 3389 3441 3429; x_wconf 90' lang='lat' dir='ltr'><strong>esse</strong></span> <span class='ocrx_word' id='word_1_721' title='bbox 3471 3383 3564 3441; x_wconf 93' lang='lat' dir='ltr'><strong>ut,</strong></span> 
     </span>
    </p>
   </div>
   <div class='ocr_carea' id='block_1_91' title="bbox 1994 3466 3564 3540">
    <p class='ocr_par' dir='ltr' id='par_1_91' title="bbox 1994 3466 3564 3540">
     <span class='ocr_line' id='line_1_91' title="bbox 1994 3466 3564 3540; baseline -0.006 -13"><span class='ocrx_word' id='word_1_722' title='bbox 1994 3486 2114 3527; x_wconf 90' lang='lat' dir='ltr'><strong>cum</strong></span> <span class='ocrx_word' id='word_1_723' title='bbox 2146 3487 2234 3527; x_wconf 90' lang='lat' dir='ltr'><strong>res</strong></span> <span class='ocrx_word' id='word_1_724' title='bbox 2264 3473 2405 3540; x_wconf 89' lang='lat' dir='ltr'><strong>ipsas</strong></span> <span class='ocrx_word' id='word_1_725' title='bbox 2431 3469 2741 3524; x_wconf 76' lang='lat' dir='ltr'><strong>manifestas</strong></span> <span class='ocrx_word' id='word_1_726' title='bbox 2762 3468 2985 3538; x_wconf 80' lang='lat' dir='ltr'><strong>agimus,</strong></span> <span class='ocrx_word' id='word_1_727' title='bbox 3012 3466 3295 3536; x_wconf 87' lang='lat' dir='ltr'><strong>ﬁgurarum</strong></span> <span class='ocrx_word' id='word_1_728' title='bbox 3321 3480 3564 3532; x_wconf 80' lang='lat' dir='ltr'><strong>praenun-</strong></span> 
     </span>
    </p>
   </div>
   <div class='ocr_carea' id='block_1_92' title="bbox 1998 3555 3563 3617">
    <p class='ocr_par' dir='ltr' id='par_1_92' title="bbox 1998 3555 3563 3617">
     <span class='ocr_line' id='line_1_92' title="bbox 1998 3555 3563 3617; baseline -0.004 -1"><span class='ocrx_word' id='word_1_729' title='bbox 1998 3564 2243 3617; x_wconf 86' lang='lat' dir='ltr'><strong>tiantiutn</strong></span> <span class='ocrx_word' id='word_1_730' title='bbox 2299 3562 2648 3617; x_wconf 87' lang='lat' dir='ltr'><strong>celebrationi</strong></span> <span class='ocrx_word' id='word_1_731' title='bbox 2703 3561 3013 3615; x_wconf 89' lang='lat' dir='ltr'><strong>serviamus.</strong></span> <span class='ocrx_word' id='word_1_732' title='bbox 3076 3555 3225 3613; x_wconf 86' lang='lat' dir='ltr'><strong>Unde</strong></span> <span class='ocrx_word' id='word_1_733' title='bbox 3278 3556 3406 3611; x_wconf 87' lang='lat' dir='ltr'><strong>dicit</strong></span> <span class='ocrx_word' id='word_1_734' title='bbox 3458 3557 3563 3609; x_wconf 86' lang='lat' dir='ltr'><strong>alio</strong></span> 
     </span>
    </p>
   </div>
   <div class='ocr_carea' id='block_1_93' title="bbox 1993 3650 3609 3728">
    <p class='ocr_par' dir='ltr' id='par_1_93' title="bbox 1993 3650 3609 3728">
     <span class='ocr_line' id='line_1_93' title="bbox 1993 3650 3609 3728; baseline -0.001 -22"><span class='ocrx_word' id='word_1_735' title='bbox 1993 3651 2136 3717; x_wconf 87' lang='lat' dir='ltr'><strong>loco,</strong></span> <span class='ocrx_word' id='word_1_736' title='bbox 2171 3653 2338 3706; x_wconf 85' lang='lat' dir='ltr'><strong>Nemo</strong></span> <span class='ocrx_word' id='word_1_737' title='bbox 2360 3666 2489 3721; x_wconf 89' lang='lat' dir='ltr'><strong>ergo</strong></span> <span class='ocrx_word' id='word_1_738' title='bbox 2512 3650 2824 3719; x_wconf 89' lang='lat' dir='ltr'><strong>vosjudicet</strong></span> <span class='ocrx_word' id='word_1_739' title='bbox 2852 3651 2903 3703; x_wconf 93' lang='lat' dir='ltr'><strong>in</strong></span> <span class='ocrx_word' id='word_1_740' title='bbox 2941 3651 3082 3716; x_wconf 90' lang='lat' dir='ltr'><strong>cibo,</strong></span> <span class='ocrx_word' id='word_1_741' title='bbox 3111 3659 3201 3703; x_wconf 85' lang='lat' dir='ltr'><strong>aut</strong></span> <span class='ocrx_word' id='word_1_742' title='bbox 3222 3650 3273 3704; x_wconf 92' lang='lat' dir='ltr'><strong>in</strong></span> <span class='ocrx_word' id='word_1_743' title='bbox 3304 3660 3449 3728; x_wconf 71' lang='lat' dir='ltr'><strong>potu,</strong></span> <span class='ocrx_word' id='word_1_744' title='bbox 3480 3661 3564 3704; x_wconf 81' lang='lat' dir='ltr'><strong>aut</strong></span> <span class='ocrx_word' id='word_1_745' title='bbox 3606 3686 3609 3687; x_wconf 51' lang='grc' dir='ltr'><em>ν</em></span> 
     </span>
    </p>
   </div>
   <div class='ocr_carea' id='block_1_94' title="bbox 1994 3743 3563 3812">
    <p class='ocr_par' dir='ltr' id='par_1_94' title="bbox 1994 3743 3563 3812">
     <span class='ocr_line' id='line_1_94' title="bbox 1994 3743 3563 3812; baseline -0.004 -13"><span class='ocrx_word' id='word_1_746' title='bbox 1994 3745 2047 3799; x_wconf 87' lang='lat' dir='ltr'><strong>in</strong></span> <span class='ocrx_word' id='word_1_747' title='bbox 2080 3755 2229 3812; x_wconf 86' lang='lat' dir='ltr'><strong>parte</strong></span> <span class='ocrx_word' id='word_1_748' title='bbox 2266 3744 2371 3798; x_wconf 81' lang='lat' dir='ltr'><strong>diei</strong></span> <span class='ocrx_word' id='word_1_749' title='bbox 2413 3744 2556 3806; x_wconf 80' lang='lat' dir='ltr'><strong>festi,</strong></span> <span class='ocrx_word' id='word_1_750' title='bbox 2589 3752 2679 3795; x_wconf 90' lang='lat' dir='ltr'><strong>aut</strong></span> <span class='ocrx_word' id='word_1_751' title='bbox 2730 3743 3045 3809; x_wconf 66' lang='lat' dir='ltr'><strong>neomeniaa,</strong></span> <span class='ocrx_word' id='word_1_752' title='bbox 3077 3751 3171 3796; x_wconf 91' lang='lat' dir='ltr'><strong>aut</strong></span> <span class='ocrx_word' id='word_1_753' title='bbox 3199 3743 3563 3807; x_wconf 85' lang='lat' dir='ltr'><strong>sabbatorum,</strong></span> 
     </span>
    </p>
   </div>
   <div class='ocr_carea' id='block_1_95' title="bbox 1993 3832 3563 3907">
    <p class='ocr_par' dir='ltr' id='par_1_95' title="bbox 1993 3832 3563 3907">
     <span class='ocr_line' id='line_1_95' title="bbox 1993 3832 3563 3907; baseline -0.003 -17"><span class='ocrx_word' id='word_1_754' title='bbox 1993 3835 2135 3905; x_wconf 90' lang='lat' dir='ltr'><strong>quod</strong></span> <span class='ocrx_word' id='word_1_755' title='bbox 2152 3843 2233 3891; x_wconf 89' lang='lat' dir='ltr'><strong>est</strong></span> <span class='ocrx_word' id='word_1_756' title='bbox 2255 3834 2391 3907; x_wconf 67' lang='lat' dir='ltr'><strong>[quae</strong></span> <span class='ocrx_word' id='word_1_757' title='bbox 2408 3834 2551 3905; x_wconf 91' lang='lat' dir='ltr'><strong>sunt]</strong></span> <span class='ocrx_word' id='word_1_758' title='bbox 2568 3835 2752 3889; x_wconf 89' lang='lat' dir='ltr'><strong>umbra</strong></span> <span class='ocrx_word' id='word_1_759' title='bbox 2769 3834 3087 3887; x_wconf 80' lang='lat' dir='ltr'><strong>futurorum.</strong></span> <span class='ocrx_word' id='word_1_760' title='bbox 3109 3833 3201 3887; x_wconf 88' lang='lat' dir='ltr'><strong>Hic</strong></span> <span class='ocrx_word' id='word_1_761' title='bbox 3218 3832 3227 3903; x_wconf 91' lang='lat'>|</span> <span class='ocrx_word' id='word_1_762' title='bbox 3243 3833 3385 3902; x_wconf 75' lang='lat' dir='ltr'><strong>hinc]</strong></span> <span class='ocrx_word' id='word_1_763' title='bbox 3403 3834 3563 3887; x_wconf 89' lang='lat' dir='ltr'><strong>etiam</strong></span> 
     </span>
    </p>
   </div>
   <div class='ocr_carea' id='block_1_96' title="bbox 1992 3924 3564 3991">
    <p class='ocr_par' dir='ltr' id='par_1_96' title="bbox 1992 3924 3564 3991">
     <span class='ocr_line' id='line_1_96' title="bbox 1992 3924 3564 3991; baseline -0.003 -10"><span class='ocrx_word' id='word_1_764' title='bbox 1992 3942 2113 3981; x_wconf 93' lang='lat' dir='ltr'><strong>cum</strong></span> <span class='ocrx_word' id='word_1_765' title='bbox 2142 3927 2298 3991; x_wconf 90' lang='lat' dir='ltr'><strong>dicit,</strong></span> <span class='ocrx_word' id='word_1_766' title='bbox 2344 3925 2512 3981; x_wconf 88' lang='lat' dir='ltr'><strong>Nemo</strong></span> <span class='ocrx_word' id='word_1_767' title='bbox 2558 3940 2651 3979; x_wconf 91' lang='lat' dir='ltr'><strong>vos</strong></span> <span class='ocrx_word' id='word_1_768' title='bbox 2697 3924 2749 3978; x_wconf 88' lang='lat' dir='ltr'><strong>itt</strong></span> <span class='ocrx_word' id='word_1_769' title='bbox 2789 3925 2867 3978; x_wconf 91' lang='lat' dir='ltr'><strong>eis</strong></span> <span class='ocrx_word' id='word_1_770' title='bbox 2893 3924 3117 3991; x_wconf 90' lang='lat' dir='ltr'><strong>judicet,</strong></span> <span class='ocrx_word' id='word_1_771' title='bbox 3146 3924 3380 3977; x_wconf 88' lang='lat' dir='ltr'><strong>declarat</strong></span> <span class='ocrx_word' id='word_1_772' title='bbox 3406 3939 3564 3991; x_wconf 90' lang='lat' dir='ltr'><strong>quam</strong></span> 
     </span>
    </p>
   </div>
   <div class='ocr_carea' id='block_1_97' title="bbox 1994 4015 3564 4086">
    <p class='ocr_par' dir='ltr' id='par_1_97' title="bbox 1994 4015 3564 4086">
     <span class='ocr_line' id='line_1_97' title="bbox 1994 4015 3564 4086; baseline -0.003 -14"><span class='ocrx_word' id='word_1_773' title='bbox 1994 4032 2097 4072; x_wconf 93' lang='lat' dir='ltr'><strong>non</strong></span> <span class='ocrx_word' id='word_1_774' title='bbox 2127 4018 2197 4073; x_wconf 87' lang='lat' dir='ltr'><strong>sit</strong></span> <span class='ocrx_word' id='word_1_775' title='bbox 2224 4032 2445 4073; x_wconf 84' lang='lat' dir='ltr'><strong>necesse</strong></span> <span class='ocrx_word' id='word_1_776' title='bbox 2469 4027 2522 4070; x_wconf 93' lang='lat' dir='ltr'><strong>ut</strong></span> <span class='ocrx_word' id='word_1_777' title='bbox 2541 4017 2651 4086; x_wconf 87' lang='lat' dir='ltr'><strong>jatn</strong></span> <span class='ocrx_word' id='word_1_778' title='bbox 2686 4016 2801 4069; x_wconf 71' lang='lat' dir='ltr'><strong>hrec</strong></span> <span class='ocrx_word' id='word_1_779' title='bbox 2820 4016 3199 4069; x_wconf 87' lang='lat' dir='ltr'><strong>observentur.</strong></span> <span class='ocrx_word' id='word_1_780' title='bbox 3232 4015 3361 4069; x_wconf 88' lang='lat' dir='ltr'><strong>Cum</strong></span> <span class='ocrx_word' id='word_1_781' title='bbox 3389 4027 3564 4069; x_wconf 87' lang='lat' dir='ltr'><strong>autem</strong></span> 
     </span>
    </p>
   </div>
   <div class='ocr_carea' id='block_1_98' title="bbox 1992 4105 3563 4181">
    <p class='ocr_par' dir='ltr' id='par_1_98' title="bbox 1992 4105 3563 4181">
     <span class='ocr_line' id='line_1_98' title="bbox 1992 4105 3563 4181; baseline -0.004 -18"><span class='ocrx_word' id='word_1_782' title='bbox 1992 4108 2141 4173; x_wconf 89' lang='lat' dir='ltr'><strong>dicit,</strong></span> <span class='ocrx_word' id='word_1_783' title='bbox 2165 4110 2317 4175; x_wconf 83' lang='lat' dir='ltr'><strong>Quod</strong></span> <span class='ocrx_word' id='word_1_784' title='bbox 2345 4118 2425 4163; x_wconf 87' lang='lat' dir='ltr'><strong>est</strong></span> <span class='ocrx_word' id='word_1_785' title='bbox 2447 4107 2587 4181; x_wconf 77' lang='lat' dir='ltr'><strong>[qum</strong></span> <span class='ocrx_word' id='word_1_786' title='bbox 2617 4105 2760 4177; x_wconf 87' lang='lat' dir='ltr'><strong>sunt]</strong></span> <span class='ocrx_word' id='word_1_787' title='bbox 2788 4106 2973 4160; x_wconf 89' lang='lat' dir='ltr'><strong>umbra</strong></span> <span class='ocrx_word' id='word_1_788' title='bbox 2991 4105 3306 4170; x_wconf 80' lang='lat' dir='ltr'><strong>lutumrum,</strong></span> <span class='ocrx_word' id='word_1_789' title='bbox 3336 4107 3563 4159; x_wconf 86' lang='lat' dir='ltr'><strong>ostendit</strong></span> 
     </span>
    </p>
   </div>
   <div class='ocr_carea' id='block_1_99' title="bbox 1993 4194 3564 4272">
    <p class='ocr_par' dir='ltr' id='par_1_99' title="bbox 1993 4194 3564 4272">
     <span class='ocr_line' id='line_1_99' title="bbox 1993 4194 3564 4272; baseline -0.007 -15"><span class='ocrx_word' id='word_1_790' title='bbox 1993 4218 2150 4272; x_wconf 88' lang='lat' dir='ltr'><strong>quam</strong></span> <span class='ocrx_word' id='word_1_791' title='bbox 2180 4199 2480 4268; x_wconf 88' lang='lat' dir='ltr'><strong>oportuerit</strong></span> <span class='ocrx_word' id='word_1_792' title='bbox 2510 4206 2566 4251; x_wconf 93' lang='lat' dir='ltr'><strong>ut</strong></span> <span class='ocrx_word' id='word_1_793' title='bbox 2591 4197 2681 4251; x_wconf 93' lang='lat' dir='ltr'><strong>illo</strong></span> <span class='ocrx_word' id='word_1_794' title='bbox 2714 4205 2956 4264; x_wconf 85' lang='lat' dir='ltr'><strong>tempore</strong></span> <span class='ocrx_word' id='word_1_795' title='bbox 2997 4194 3429 4259; x_wconf 89' lang='lat' dir='ltr'><strong>observarentur,</strong></span> <span class='ocrx_word' id='word_1_796' title='bbox 3461 4210 3564 4264; x_wconf 88' lang='lat' dir='ltr'><strong>quo</strong></span> 
     </span>
    </p>
   </div>
   <div class='ocr_carea' id='block_1_100' title="bbox 1994 4285 3563 4361">
    <p class='ocr_par' dir='ltr' id='par_1_100' title="bbox 1994 4285 3563 4361">
     <span class='ocr_line' id='line_1_100' title="bbox 1994 4285 3563 4361; baseline -0.006 -14"><span class='ocrx_word' id='word_1_797' title='bbox 1994 4293 2094 4349; x_wconf 81' lang='lat' dir='ltr'><strong>ista</strong></span> <span class='ocrx_word' id='word_1_798' title='bbox 2124 4306 2243 4361; x_wconf 64' lang='lat' dir='ltr'><strong>quae</strong></span> <span class='ocrx_word' id='word_1_799' title='bbox 2267 4291 2374 4359; x_wconf 86' lang='lat' dir='ltr'><strong>jam</strong></span> <span class='ocrx_word' id='word_1_800' title='bbox 2424 4288 2576 4343; x_wconf 86' lang='lat' dir='ltr'><strong>nobis</strong></span> <span class='ocrx_word' id='word_1_801' title='bbox 2607 4288 2939 4341; x_wconf 78' lang='lat' dir='ltr'><strong>manifestata</strong></span> <span class='ocrx_word' id='word_1_802' title='bbox 2969 4285 3252 4341; x_wconf 76' lang='lat' dir='ltr'><strong>eluxerunt</strong></span> <span class='ocrx_word' id='word_1_803' title='bbox 3298 4298 3390 4353; x_wconf 88' lang='lat' dir='ltr'><strong>per</strong></span> <span class='ocrx_word' id='word_1_804' title='bbox 3432 4285 3563 4338; x_wconf 85' lang='lat' dir='ltr'><strong>tales</strong></span> 
     </span>
    </p>
   </div>
   <div class='ocr_carea' id='block_1_101' title="bbox 1994 4375 3564 4451">
    <p class='ocr_par' dir='ltr' id='par_1_101' title="bbox 1994 4375 3564 4451">
     <span class='ocr_line' id='line_1_101' title="bbox 1994 4375 3564 4451; baseline -0.006 -13"><span class='ocrx_word' id='word_1_805' title='bbox 1994 4384 2213 4438; x_wconf 84' lang='lat' dir='ltr'><strong>umbras</strong></span> <span class='ocrx_word' id='word_1_806' title='bbox 2240 4383 2527 4451; x_wconf 88' lang='lat' dir='ltr'><strong>ﬁgurarum</strong></span> <span class='ocrx_word' id='word_1_807' title='bbox 2568 4380 2741 4432; x_wconf 81' lang='lat' dir='ltr'><strong>futura</strong></span> <span class='ocrx_word' id='word_1_808' title='bbox 2790 4378 3234 4447; x_wconf 71' lang='lat' dir='ltr'><strong>prmdicehantur.</strong></span> <span class='ocrx_word' id='word_1_809' title='bbox 3264 4375 3493 4431; x_wconf 82' lang='lat' dir='ltr'><strong>Proinde</strong></span> <span class='ocrx_word' id='word_1_810' title='bbox 3520 4378 3564 4430; x_wconf 74' lang='lat' dir='ltr'><strong>si</strong></span> 
     </span>
    </p>
   </div>
   <div class='ocr_carea' id='block_1_102' title="bbox 1993 4471 3565 4541">
    <p class='ocr_par' dir='ltr' id='par_1_102' title="bbox 1993 4471 3565 4541">
     <span class='ocr_line' id='line_1_102' title="bbox 1993 4471 3565 4541; baseline -0.004 -9"><span class='ocrx_word' id='word_1_811' title='bbox 1993 4474 2271 4532; x_wconf 69' lang='lat' dir='ltr'><strong>Manichaai</strong></span> <span class='ocrx_word' id='word_1_812' title='bbox 2299 4472 2691 4530; x_wconf 90' lang='lat' dir='ltr'><strong>resurrectione</strong></span> <span class='ocrx_word' id='word_1_813' title='bbox 2715 4471 2922 4526; x_wconf 89' lang='lat' dir='ltr'><strong>Domini</strong></span> <span class='ocrx_word' id='word_1_814' title='bbox 2944 4471 3383 4541; x_wconf 80' lang='lat' dir='ltr'><strong>justiﬁearentur,</strong></span> <span class='ocrx_word' id='word_1_815' title='bbox 3415 4471 3565 4541; x_wconf 86' lang='lat' dir='ltr'><strong>cujus</strong></span> 
     </span>
    </p>
   </div>
   <div class='ocr_carea' id='block_1_103' title="bbox 1994 4561 3564 4633">
    <p class='ocr_par' dir='ltr' id='par_1_103' title="bbox 1994 4561 3564 4633">
     <span class='ocr_line' id='line_1_103' title="bbox 1994 4561 3564 4633; baseline -0.004 -10"><span class='ocrx_word' id='word_1_816' title='bbox 1994 4565 2405 4623; x_wconf 88' lang='lat' dir='ltr'><strong>resurrectionis</strong></span> <span class='ocrx_word' id='word_1_817' title='bbox 2446 4564 2586 4629; x_wconf 86' lang='lat' dir='ltr'><strong>dies,</strong></span> <span class='ocrx_word' id='word_1_818' title='bbox 2629 4580 2694 4619; x_wconf 79' lang='lat' dir='ltr'><strong>ex</strong></span> <span class='ocrx_word' id='word_1_819' title='bbox 2721 4563 2809 4618; x_wconf 91' lang='lat' dir='ltr'><strong>die</strong></span> <span class='ocrx_word' id='word_1_820' title='bbox 2832 4561 3045 4633; x_wconf 87' lang='lat' dir='ltr'><strong>quidem</strong></span> <span class='ocrx_word' id='word_1_821' title='bbox 3071 4562 3337 4631; x_wconf 89' lang='lat' dir='ltr'><strong>passionis</strong></span> <span class='ocrx_word' id='word_1_822' title='bbox 3354 4564 3564 4626; x_wconf 87' lang='lat' dir='ltr'><strong>tertius,</strong></span> 
     </span>
    </p>
   </div>
   <div class='ocr_carea' id='block_1_104' title="bbox 1995 4651 3565 4726">
    <p class='ocr_par' dir='ltr' id='par_1_104' title="bbox 1995 4651 3565 4726">
     <span class='ocr_line' id='line_1_104' title="bbox 1995 4651 3565 4726; baseline -0.004 -17"><span class='ocrx_word' id='word_1_823' title='bbox 1995 4666 2114 4726; x_wconf 89' lang='lat' dir='ltr'><strong>post</strong></span> <span class='ocrx_word' id='word_1_824' title='bbox 2160 4656 2301 4709; x_wconf 89' lang='lat' dir='ltr'><strong>diem</strong></span> <span class='ocrx_word' id='word_1_825' title='bbox 2360 4661 2539 4707; x_wconf 85' lang='lat' dir='ltr'><strong>tamen</strong></span> <span class='ocrx_word' id='word_1_826' title='bbox 2591 4652 2819 4716; x_wconf 78' lang='lat' dir='ltr'><strong>sabbati,</strong></span> <span class='ocrx_word' id='word_1_827' title='bbox 2874 4651 2976 4706; x_wconf 90' lang='lat' dir='ltr'><strong>hoc</strong></span> <span class='ocrx_word' id='word_1_828' title='bbox 3019 4658 3102 4704; x_wconf 90' lang='lat' dir='ltr'><strong>est</strong></span> <span class='ocrx_word' id='word_1_829' title='bbox 3135 4658 3254 4719; x_wconf 87' lang='lat' dir='ltr'><strong>post</strong></span> <span class='ocrx_word' id='word_1_830' title='bbox 3282 4652 3565 4718; x_wconf 88' lang='lat' dir='ltr'><strong>septimum</strong></span> 
     </span>
    </p>
   </div>
   <div class='ocr_carea' id='block_1_105' title="bbox 1993 4740 3562 4813">
    <p class='ocr_par' dir='ltr' id='par_1_105' title="bbox 1993 4740 3562 4813">
     <span class='ocr_line' id='line_1_105' title="bbox 1993 4740 3562 4813; baseline -0.005 -10"><span class='ocrx_word' id='word_1_831' title='bbox 1993 4758 2215 4803; x_wconf 87' lang='lat' dir='ltr'><strong>octavus</strong></span> <span class='ocrx_word' id='word_1_832' title='bbox 2244 4746 2361 4809; x_wconf 80' lang='lat' dir='ltr'><strong>fuit,</strong></span> <span class='ocrx_word' id='word_1_833' title='bbox 2414 4744 2653 4813; x_wconf 83' lang='lat' dir='ltr'><strong>profecto</strong></span> <span class='ocrx_word' id='word_1_834' title='bbox 2704 4743 3133 4810; x_wconf 71' lang='lat' dir='ltr'><strong>exspoliarentur</strong></span> <span class='ocrx_word' id='word_1_835' title='bbox 3181 4740 3380 4796; x_wconf 78' lang='lat' dir='ltr'><strong>carnali</strong></span> <span class='ocrx_word' id='word_1_836' title='bbox 3422 4740 3562 4797; x_wconf 87' lang='lat' dir='ltr'><strong>vela-</strong></span> 
     </span>
    </p>
   </div>
   <div class='ocr_carea' id='block_1_106' title="bbox 1993 4835 3565 4901">
    <p class='ocr_par' dir='ltr' id='par_1_106' title="bbox 1993 4835 3565 4901">
     <span class='ocr_line' id='line_1_106' title="bbox 1993 4835 3565 4901; baseline -0.005 -3"><span class='ocrx_word' id='word_1_837' title='bbox 1993 4850 2173 4898; x_wconf 88' lang='lat' dir='ltr'><strong>mento</strong></span> <span class='ocrx_word' id='word_1_838' title='bbox 2192 4840 2493 4895; x_wconf 89' lang='lat' dir='ltr'><strong>mortalium</strong></span> <span class='ocrx_word' id='word_1_839' title='bbox 2526 4837 2940 4901; x_wconf 87' lang='lat' dir='ltr'><strong>desideriorum,</strong></span> <span class='ocrx_word' id='word_1_840' title='bbox 2982 4846 3034 4890; x_wconf 93' lang='lat' dir='ltr'><strong>et</strong></span> <span class='ocrx_word' id='word_1_841' title='bbox 3084 4835 3264 4891; x_wconf 93' lang='lat' dir='ltr'><strong>cordis</strong></span> <span class='ocrx_word' id='word_1_842' title='bbox 3295 4837 3565 4891; x_wconf 89' lang='lat' dir='ltr'><strong>circumci-</strong></span> 
     </span>
    </p>
   </div>
   <div class='ocr_carea' id='block_1_107' title="bbox 1990 4931 3564 5005">
    <p class='ocr_par' dir='ltr' id='par_1_107' title="bbox 1990 4931 3564 5005">
     <span class='ocr_line' id='line_1_107' title="bbox 1990 4931 3564 5005; baseline -0.004 -15"><span class='ocrx_word' id='word_1_843' title='bbox 1990 4941 2143 4990; x_wconf 88' lang='lat' dir='ltr'><strong>sione</strong></span> <span class='ocrx_word' id='word_1_844' title='bbox 2171 4935 2484 5005; x_wconf 77' lang='lat' dir='ltr'><strong>gaudentes,</strong></span> <span class='ocrx_word' id='word_1_845' title='bbox 2514 4950 2620 4986; x_wconf 89' lang='lat' dir='ltr'><strong>non</strong></span> <span class='ocrx_word' id='word_1_846' title='bbox 2643 4947 2760 4987; x_wconf 86' lang='lat' dir='ltr'><strong>eam</strong></span> <span class='ocrx_word' id='word_1_847' title='bbox 2791 4931 2840 4984; x_wconf 90' lang='lat' dir='ltr'><strong>in</strong></span> <span class='ocrx_word' id='word_1_848' title='bbox 2865 4946 3026 4986; x_wconf 64' lang='grc' dir='ltr'>(ιιι-ηε</span> <span class='ocrx_word' id='word_1_849' title='bbox 3050 4931 3420 4986; x_wconf 84' lang='lat' dir='ltr'><strong>adumbratam</strong></span> <span class='ocrx_word' id='word_1_850' title='bbox 3434 4931 3564 5002; x_wconf 86' lang='lat' dir='ltr'><strong>ﬁgu-</strong></span> 
     </span>
    </p>
   </div>
   <div class='ocr_carea' id='block_1_108' title="bbox 1990 5021 3561 5097">
    <p class='ocr_par' dir='ltr' id='par_1_108' title="bbox 1990 5021 3561 5097">
     <span class='ocr_line' id='line_1_108' title="bbox 1990 5021 3561 5097; baseline -0.008 -13"><span class='ocrx_word' id='word_1_851' title='bbox 1990 5039 2267 5097; x_wconf 89' lang='lat' dir='ltr'><strong>ratamque</strong></span> <span class='ocrx_word' id='word_1_852' title='bbox 2315 5027 2623 5080; x_wconf 90' lang='lat' dir='ltr'><strong>deriderent</strong></span> <span class='ocrx_word' id='word_1_853' title='bbox 2670 5035 2910 5091; x_wconf 88' lang='lat' dir='ltr'><strong>tempore</strong></span> <span class='ocrx_word' id='word_1_854' title='bbox 2948 5021 3159 5078; x_wconf 86' lang='lat' dir='ltr'><strong>Veteris</strong></span> <span class='ocrx_word' id='word_1_855' title='bbox 3211 5023 3561 5087; x_wconf 86' lang='lat' dir='ltr'><strong>Testamenti,</strong></span> 
     </span>
    </p>
   </div>
   <div class='ocr_carea' id='block_1_109' title="bbox 1991 5111 3559 5188">
    <p class='ocr_par' dir='ltr' id='par_1_109' title="bbox 1991 5111 3559 5188">
     <span class='ocr_line' id='line_1_109' title="bbox 1991 5111 3559 5188; baseline -0.006 -16"><span class='ocrx_word' id='word_1_856' title='bbox 1991 5119 2232 5188; x_wconf 87' lang='lat' dir='ltr'><strong>quamvis</strong></span> <span class='ocrx_word' id='word_1_857' title='bbox 2263 5116 2372 5184; x_wconf 88' lang='lat' dir='ltr'><strong>jam</strong></span> <span class='ocrx_word' id='word_1_858' title='bbox 2403 5126 2641 5183; x_wconf 87' lang='lat' dir='ltr'><strong>tempore</strong></span> <span class='ocrx_word' id='word_1_859' title='bbox 2674 5114 2804 5167; x_wconf 83' lang='lat' dir='ltr'><strong>Novi</strong></span> <span class='ocrx_word' id='word_1_860' title='bbox 2856 5111 3187 5167; x_wconf 88' lang='lat' dir='ltr'><strong>Testamenti</strong></span> <span class='ocrx_word' id='word_1_861' title='bbox 3228 5112 3341 5166; x_wconf 89' lang='lat' dir='ltr'><strong>ﬁeri</strong></span> <span class='ocrx_word' id='word_1_862' title='bbox 3372 5112 3559 5165; x_wconf 76' lang='lat' dir='ltr'><strong>obser-</strong></span> 
     </span>
    </p>
   </div>
   <div class='ocr_carea' id='block_1_110' title="bbox 1994 5198 3559 5275">
    <p class='ocr_par' dir='ltr' id='par_1_110' title="bbox 1994 5198 3559 5275">
     <span class='ocr_line' id='line_1_110' title="bbox 1994 5198 3559 5275; baseline -0.004 -18"><span class='ocrx_word' id='word_1_863' title='bbox 1994 5207 2210 5275; x_wconf 78' lang='lat' dir='ltr'><strong>varique</strong></span> <span class='ocrx_word' id='word_1_864' title='bbox 2232 5222 2336 5260; x_wconf 86' lang='lat' dir='ltr'><strong>non</strong></span> <span class='ocrx_word' id='word_1_865' title='bbox 2362 5214 2610 5273; x_wconf 86' lang='lat' dir='ltr'><strong>cogerent</strong></span> <span class='ocrx_word' id='word_1_866' title='bbox 2634 5198 3013 5275; x_wconf 71' lang='lat' dir='ltr'><strong>[cogerentur].</strong></span> <span class='ocrx_word' id='word_1_867' title='bbox 3036 5202 3088 5255; x_wconf 90' lang='lat' dir='ltr'><strong>In</strong></span> <span class='ocrx_word' id='word_1_868' title='bbox 3108 5216 3213 5270; x_wconf 92' lang='lat' dir='ltr'><strong>quo</strong></span> <span class='ocrx_word' id='word_1_869' title='bbox 3233 5202 3373 5254; x_wconf 89' lang='lat' dir='ltr'><strong>enim</strong></span> <span class='ocrx_word' id='word_1_870' title='bbox 3395 5213 3559 5252; x_wconf 80' lang='lat' dir='ltr'><strong>ment-</strong></span> 
     </span>
    </p>
   </div>
   <div class='ocr_carea' id='block_1_111' title="bbox 1993 5291 3559 5363">
    <p class='ocr_par' dir='ltr' id='par_1_111' title="bbox 1993 5291 3559 5363">
     <span class='ocr_line' id='line_1_111' title="bbox 1993 5291 3559 5363; baseline -0.005 -12"><span class='ocrx_word' id='word_1_871' title='bbox 1993 5299 2089 5351; x_wconf 92' lang='lat' dir='ltr'><strong>bro</strong></span> <span class='ocrx_word' id='word_1_872' title='bbox 2112 5296 2493 5361; x_wconf 71' lang='lat' dir='ltr'><strong>congruentius</strong></span> <span class='ocrx_word' id='word_1_873' title='bbox 2509 5296 2827 5363; x_wconf 81' lang='lat' dir='ltr'><strong>exspoliatio</strong></span> <span class='ocrx_word' id='word_1_874' title='bbox 2850 5294 3079 5347; x_wconf 86' lang='lat' dir='ltr'><strong>carnalis</strong></span> <span class='ocrx_word' id='word_1_875' title='bbox 3101 5301 3152 5345; x_wconf 90' lang='lat' dir='ltr'><strong>et</strong></span> <span class='ocrx_word' id='word_1_876' title='bbox 3176 5291 3413 5344; x_wconf 87' lang='lat' dir='ltr'><strong>mortalis</strong></span> <span class='ocrx_word' id='word_1_877' title='bbox 3433 5303 3559 5343; x_wconf 85' lang='lat' dir='ltr'><strong>con-</strong></span> 
     </span>
    </p>
   </div>
   <div class='ocr_carea' id='block_1_112' title="bbox 1990 5381 3559 5458">
    <p class='ocr_par' dir='ltr' id='par_1_112' title="bbox 1990 5381 3559 5458">
     <span class='ocr_line' id='line_1_112' title="bbox 1990 5381 3559 5458; baseline -0.008 -14"><span class='ocrx_word' id='word_1_878' title='bbox 1990 5390 2330 5458; x_wconf 75' lang='lat' dir='ltr'><strong>cupisoentia:</strong></span> <span class='ocrx_word' id='word_1_879' title='bbox 2362 5388 2698 5454; x_wconf 83' lang='lat' dir='ltr'><strong>ﬁgttraretur,</strong></span> <span class='ocrx_word' id='word_1_880' title='bbox 2730 5401 2885 5453; x_wconf 87' lang='lat' dir='ltr'><strong>quam</strong></span> <span class='ocrx_word' id='word_1_881' title='bbox 2917 5384 3055 5438; x_wconf 91' lang='lat' dir='ltr'><strong>unde</strong></span> <span class='ocrx_word' id='word_1_882' title='bbox 3081 5381 3308 5436; x_wconf 84' lang='lat' dir='ltr'><strong>carnalis</strong></span> <span class='ocrx_word' id='word_1_883' title='bbox 3335 5390 3387 5435; x_wconf 88' lang='lat' dir='ltr'><strong>et</strong></span> <span class='ocrx_word' id='word_1_884' title='bbox 3412 5396 3559 5433; x_wconf 89' lang='lat' dir='ltr'><strong>mor-</strong></span> 
     </span>
    </p>
   </div>
   <div class='ocr_carea' id='block_1_113' title="bbox 1991 5471 3558 5542">
    <p class='ocr_par' dir='ltr' id='par_1_113' title="bbox 1991 5471 3558 5542">
     <span class='ocr_line' id='line_1_113' title="bbox 1991 5471 3558 5542; baseline -0.002 -10"><span class='ocrx_word' id='word_1_885' title='bbox 1991 5481 2110 5532; x_wconf 85' lang='lat' dir='ltr'><strong>talis</strong></span> <span class='ocrx_word' id='word_1_886' title='bbox 2135 5482 2271 5532; x_wconf 70' lang='lat' dir='ltr'><strong>ietus</strong></span> <span class='ocrx_word' id='word_1_887' title='bbox 2295 5478 2556 5532; x_wconf 85' lang='lat' dir='ltr'><strong>exoritur?</strong></span> <span class='ocrx_word' id='word_1_888' title='bbox 2580 5478 2706 5542; x_wconf 87' lang='lat' dir='ltr'><strong>Sed,</strong></span> <span class='ocrx_word' id='word_1_889' title='bbox 2731 5478 2865 5530; x_wconf 75' lang='lat' dir='ltr'><strong>sicut</strong></span> <span class='ocrx_word' id='word_1_890' title='bbox 2887 5475 3014 5529; x_wconf 89' lang='lat' dir='ltr'><strong>dicit</strong></span> <span class='ocrx_word' id='word_1_891' title='bbox 3039 5473 3345 5542; x_wconf 75' lang='lat' dir='ltr'><strong>Apostolus,</strong></span> <span class='ocrx_word' id='word_1_892' title='bbox 3368 5471 3558 5530; x_wconf 83' lang='lat' dir='ltr'><strong>Omnia</strong></span> 
     </span>
    </p>
   </div>
   <div class='ocr_carea' id='block_1_114' title="bbox 1993 5571 2457 5627">
    <p class='ocr_par' dir='ltr' id='par_1_114' title="bbox 1993 5571 2457 5627">
     <span class='ocr_line' id='line_1_114' title="bbox 1993 5571 2457 5627; baseline -0.002 -1"><span class='ocrx_word' id='word_1_893' title='bbox 1993 5572 2188 5627; x_wconf 88' lang='lat' dir='ltr'><strong>munda</strong></span> <span class='ocrx_word' id='word_1_894' title='bbox 2220 5571 2457 5626; x_wconf 86' lang='lat' dir='ltr'><strong>mundis.</strong></span> 
     </span>
    </p>
   </div>
   <div class='ocr_carea' id='block_1_115' title="bbox 2496 5679 3045 5753">
    <p class='ocr_par' dir='ltr' id='par_1_115' title="bbox 2496 5679 3045 5753">
     <span class='ocr_line' id='line_1_115' title="bbox 2496 5679 3045 5753; baseline -0.002 -17"><span class='ocrx_word' id='word_1_895' title='bbox 2496 5682 2606 5753; x_wconf 64' lang='grc' dir='ltr'><strong>[ιά</strong></span> <span class='ocrx_word' id='word_1_896' title='bbox 2653 5680 2876 5735; x_wconf 77' lang='lat' dir='ltr'><strong>CAPUT</strong></span> <span class='ocrx_word' id='word_1_897' title='bbox 2915 5679 3045 5735; x_wconf 87' lang='lat' dir='ltr'><strong>LIV.</strong></span> 
     </span>
    </p>
   </div>
   <div class='ocr_carea' id='block_1_116' title="bbox 1989 5770 3631 5839">
    <p class='ocr_par' dir='ltr' id='par_1_116' title="bbox 1989 5770 3631 5839">
     <span class='ocr_line' id='line_1_116' title="bbox 1989 5770 3631 5839; baseline -0.001 -7"><span class='ocrx_word' id='word_1_898' title='bbox 1989 5776 2089 5832; x_wconf 84' lang='lat' dir='ltr'><strong>Cur</strong></span> <span class='ocrx_word' id='word_1_899' title='bbox 2132 5778 2184 5831; x_wconf 88' lang='lat' dir='ltr'><strong>in</strong></span> <span class='ocrx_word' id='word_1_900' title='bbox 2232 5776 2554 5832; x_wconf 76' lang='lat' dir='ltr'><strong>Testamento</strong></span> <span class='ocrx_word' id='word_1_901' title='bbox 2595 5771 2758 5824; x_wconf 74' lang='lat' dir='ltr'><strong>Veteri</strong></span> <span class='ocrx_word' id='word_1_902' title='bbox 2810 5772 3014 5839; x_wconf 82' lang='lat' dir='ltr'><strong>quidam</strong></span> <span class='ocrx_word' id='word_1_903' title='bbox 3046 5770 3137 5825; x_wconf 69' lang='lat' dir='ltr'><strong>tibi</strong></span> <span class='ocrx_word' id='word_1_904' title='bbox 3167 5787 3395 5827; x_wconf 80' lang='lat' dir='ltr'><strong>catmum</strong></span> <span class='ocrx_word' id='word_1_905' title='bbox 3426 5774 3553 5831; x_wconf 71' lang='lat' dir='ltr'><strong>vesci</strong></span> <span class='ocrx_word' id='word_1_906' title='bbox 3628 5786 3631 5789; x_wconf 74' lang='grc'>’</span> 
     </span>
    </p>
   </div>
  </div>
