3974 6184
171 305 269 357 666

1397 296 1832 355 TIIESAURUS.
1874 298 2026 355 CAP.
2070 299 2204 357 LVI.

3328 299 3433 352 (iGG

168 436 269 475 non
297 420 393 474 erit
411 418 706 475 secundum
732 432 970 483 carnem,
989 416 1126 470 sicut
1142 417 1252 485 jam
1280 415 1482 470 Christi
1508 414 1611 468 vita
1638 428 1744 467 non
1774 412 1824 472 A
1851 414 2144 469 secundum
2183 432 2398 474 carnem
2425 458 2441 485 ,
2474 417 2528 477 id
2575 428 2660 475 est
2701 427 2807 474 tam
2853 408 3056 477 ceriam
3096 432 3245 485 spem
3291 428 3439 474 ωηε-

168 523 243 565 cst
272 510 557 566 secundum
612 525 855 566 carnem.
905 511 1133 564 Carnem
1178 526 1407 579 namque
1456 508 1558 562 hoc
1596 509 1735 576 loco,

168 619 265 657 non
290 605 454 671 ipsam
478 602 719 671 corporis
742 602 910 654 nostri
934 601 1312 666 sobstantiam,
1351 614 1513 670 quam
1564 598 1743 653 Domi-

168 708 261 746 nus
286 693 445 747 etiam
472 701 590 762 post
618 692 1065 747 resurrectionem
1113 707 1263 748 suam
1293 707 1511 751 carnem
1555 690 1742 759 appel-

169 786 254 851 lat,
284 784 473 839 dicens
501 803 513 836 :
542 784 760 853 Palpate
809 794 863 840 et
917 785 1094 843 videte
1130 785 1254 853 quia
1283 785 1504 854 spiritus
1525 798 1742 838 carnem

171 889 220 930 et
247 891 366 929 ossa
397 892 501 930 non
531 876 709 941 habet,
737 876 874 932 sicut
901 893 987 934 me
1029 878 1220 932 videtis
1244 877 1477 943 habere;
1507 877 1599 931 sed
1624 890 1746 930 cor-

174 968 464 1034 ruptionem
528 968 1017 1038 mortalitatemque
1074 969 1252 1023 carnis
1312 969 1426 1023 vult
1482 966 1741 1037 intelligi,

174 1073 285 1125 qua:
331 1067 458 1110 tunc
487 1073 592 1111 nou
631 1058 737 1111 erit
788 1058 843 1111 in
887 1058 1061 1123 nobis,
1107 1059 1245 1112 sicut
1293 1058 1404 1128 jam
1438 1058 1491 1111 in
1534 1057 1748 1117 Christo

177 1165 274 1202 non
336 1160 439 1206 est.
512 1150 647 1204 llinc
697 1151 841 1206 enim
906 1146 1123 1221 proprie
1166 1166 1381 1205 carnem
1444 1149 1753 1204 nominabat

178 1243 328 1295 etiam
372 1258 496 1296 cum
547 1243 614 1297 de
658 1244 770 1312 ipsa
832 1245 1228 1298 resurrectione
1287 1242 1418 1297 satis
1470 1242 1749 1296 evidenter

179 1334 475 1402 loqueretur
522 1345 578 1390 et
621 1337 823 1393 diceret
858 1339 997 1407 quod
1043 1340 1156 1407 jam
1204 1354 1363 1408 supra
1416 1352 1751 1393 commemo-

175 1424 317 1477 ravi:
369 1425 510 1480 Caro
547 1439 601 1482 et
646 1430 862 1497 sanguis
907 1446 1129 1499 ro-gnum
1185 1430 1276 1485 Dei
1325 1429 1601 1499 possidere
1648 1444 1755 1484 non

179 1526 418 1584 possunt,
472 1534 641 1585 neque
684 1520 957 1587 corruptio
1002 1522 1454 1590 incorruptionem
1507 1521 1753 1590 posside-

180 1607 267 1660 bit.
309 1607 446 1662 Cum
473 1624 599 1679 ergo
622 1610 821 1664 factum
868 1610 1028 1665 fuerit
1074 1612 1218 1680 quod
1270 1613 1341 1665 ibi
1364 1620 1757 1680 consequenter

179 1696 297 1749 dicit
331 1715 343 1748 :
380 1696 523 1752 Ecce
563 1698 878 1769 niyszerium
930 1699 1081 1755 vobis
1130 1702 1272 1766 dico,
1304 1715 1493 1755 omnes
1538 1701 1755 1770 quidem

1845 526 1964 565 mus
2007 510 2197 564 futurae
2228 521 2425 566 nostra:
2456 510 2873 580 incorruptionis
2901 520 2955 564 et
2982 510 3435 573 immortalitatis,

1846 613 1904 657 ut
1928 604 2122 657 amodo
2148 604 2258 669 jam
2289 603 2342 658 in
2375 604 2491 672 ipsa
2518 603 2704 659 laetitia
2734 602 3083 672 gaudeamus.
3129 599 3281 657 Unde
3327 602 3434 654 alio

1844 694 1963 752 loco
1992 695 2154 749 dicit:
2187 697 2244 750 Si
2274 704 2453 749 autem
2494 696 2865 751 resurrexistis
2893 709 3016 749 cum
3045 693 3285 760 Christo,
3317 708 3438 765 qua:
3495 716 3499 720 ν

1846 801 2063 841 sursum
2087 796 2214 841 sunt
2241 788 2490 856 quaerite,
2526 788 2616 842 ubi
2651 788 2895 843 Christus
2937 799 3018 841 est
3060 787 3126 841 ad
3157 787 3434 841 dexteram

1846 876 1943 933 Dei
1976 877 2206 941 sedens;
2240 893 2361 946 qua:
2387 892 2600 931 sursum
2630 888 2756 932 sunt
2783 878 2977 947 sapite,
3000 892 3104 931 noo
3134 894 3255 947 qua:
3274 893 3438 945 super

1848 977 2068 1023 terram.
2097 968 2348 1023 Nondum
2381 969 2563 1038 utique
2594 969 2988 1024 resurreximns
3008 970 3145 1024 sicut
3165 968 3435 1031 Christus,

1848 1057 1942 1112 sed
1977 1067 2151 1111 tamen
2183 1056 2480 1111 secundum
2520 1071 2696 1125 spem,
2726 1072 2846 1125 quae
2890 1057 3043 1111 nobis
3096 1059 3149 1111 in
3188 1058 3282 1112 illo
3328 1068 3434 1124 est,

1845 1146 1957 1217 jam
2000 1164 2097 1203 nos
2146 1164 2267 1205 cum
2322 1149 2414 1202 illo
2458 1149 2822 1203 resurrexisse
2851 1158 3076 1203 testatus
3106 1158 3189 1203 est
3231 1166 3246 1202 :
3295 1150 3435 1204 unde

1852 1240 2011 1293 etiam
2041 1238 2211 1294 dicit:
2242 1239 2550 1296 Secundum
2583 1254 2731 1294 suam
2780 1239 3209 1293 misericordiam
3259 1241 3437 1293 salvos

1854 1346 1953 1389 nos
1983 1332 2104 1386 fecit
2136 1347 2229 1399 per
2274 1332 2543 1391 lavacrum
2590 1331 3030 1400 regenerationis.
3080 1332 3210 1398 Quis
3253 1340 3435 1384 autem

1855 1437 1961 1479 non
1993 1423 2255 1491 intelligat
2286 1422 2335 1475 in
2365 1423 2575 1477 lavacro
2615 1423 3042 1490 regenerationis
3076 1437 3225 1491 spem
3281 1423 3438 1478 nobis

1855 1514 2034 1569 datam
2064 1513 2254 1568 salutis
2287 1513 2498 1580 futurae,
2531 1529 2636 1567 non
2663 1516 2773 1583 jam
2820 1514 3047 1568 salutem
3095 1516 3265 1583 ipsam
3318 1531 3438 1585 qua:

1858 1605 2223 1674 promittitur?
2256 1613 2311 1659 et
2340 1615 2516 1659 tamen
2544 1606 2666 1675 quia
2695 1614 2839 1659 certa
2872 1618 2995 1673 Spes
3037 1616 3141 1670 est,
3186 1615 3435 1674 tanquam

1853 1697 1963 1765 jam
1989 1696 2111 1750 data
2141 1706 2284 1751 esset
2300 1695 2486 1751 eadem
2510 1698 2687 1752 salus:
2714 1696 2905 1752 Salvos
2926 1712 3042 1761 nas,
3068 1697 3260 1764 inquit,
3287 1697 3434 1751 fecit.

177 1784 275 1855 45
306 1802 666 1857 resurgemus,
700 1803 807 1842 non
841 1799 1015 1845 tamen
1049 1804 1237 1845 omnes
1269 1790 1671 1845 immutabimur
1700 1790 1750 1844 in
1779 1771 1828 1832 Β
1856 1791 1974 1846 Alio
2014 1791 2209 1860 quippe
2255 1792 2375 1846 loco
2417 1790 2800 1846 dilucidissime
2841 1790 3009 1844 dicit:
3043 1790 3150 1844 Nos
3194 1790 3248 1843 in
3279 1791 3434 1845 nobis

179 1886 372 1943 atomo,
428 1878 481 1932 id
511 1888 593 1933 est
622 1880 674 1933 in
718 1890 1012 1945 momento,
1046 1881 1098 1935 in
1130 1882 1235 1936 ictu
1264 1881 1427 1947 oculi,
1468 1880 1522 1935 in
1572 1879 1755 1935 novis-

181 1962 306 2015 sima
332 1963 500 2029 tuba;
528 1974 682 2020 canet
710 1966 853 2020 enim
886 1967 1030 2030 tuba,
1056 1976 1110 2021 et
1134 1967 1331 2022 mortui
1361 1978 1640 2037 resurgent
1668 1966 1754 2021 in-

189 2055 449 2123 corrupti,
474 2066 528 2110 et
555 2071 652 2111 nos
683 2058 1105 2114 immutabimur.
1155 2061 1377 2130 Oportet
1404 2061 1546 2116 enim
1576 2076 1757 2116 corru-

184 2145 361 2212 ptibile
390 2146 495 2201 hoc
526 2146 744 2204 induere
782 2149 1263 2220 incorruptionem,
1296 2162 1352 2207 et
1386 2153 1612 2206 mortale
1656 2150 1757 2205 hoc

181 2237 395 2293 induere
422 2238 897 2297 immortalitatem.
926 2244 1045 2298 Jam
1074 2245 1368 2300 secundum
1398 2246 1449 2300 id
1477 2244 1619 2316 quod
1640 2259 1757 2299 car-

182 2344 293 2384 nem
350 2346 466 2384 non
504 2331 673 2401 ipsam
721 2335 962 2403 corporis
1002 2335 1391 2405 substantiam,
1446 2338 1541 2393 sed
1585 2338 1755 2408 ipsam

182 2425 571 2493 corruptionem
616 2428 954 2484 mortalitatis
990 2430 1259 2498 appellat,
1308 2445 1413 2485 non
1445 2432 1549 2486 erit
1576 2432 1758 2500 utique

182 2529 318 2575 raro,
342 2516 471 2585 quia
501 2519 897 2587 corruptionem
924 2521 1266 2576 mortalitatis
1296 2530 1495 2575 mutata
1526 2536 1630 2576 non
1664 2520 1758 2575 hac

186 2608 361 2674 behit;
396 2609 691 2664 secundum
732 2621 913 2667 autem
946 2611 1114 2683 ipsius
1142 2613 1457 2669 substantia:
1485 2613 1759 2683 corporis-

184 2714 277 2766 que
304 2700 573 2769 originem
606 2702 794 2758 eadem
822 2719 949 2759 caro
981 2706 1103 2776 erit,
1134 2707 1255 2776 quia
1289 2707 1402 2776 ipsa
1434 2716 1679 2777 resurget
1707 2716 1762 2762 et

185 2788 289 2856 ipsa
332 2793 655 2859 mutabitur,
698 2796 819 2864 quia
850 2803 905 2851 et
951 2796 1083 2851 illud
1138 2813 1322 2852 verum
1371 2805 1454 2853 est
1494 2798 1636 2869 quod
1685 2798 1760 2853 ait

186 2880 440 2937 Dominus
470 2892 812 2954 posteaquam
855 2889 1189 2942 resurrexit:
1224 2889 1443 2958 Palpate
1482 2897 1537 2945 et
1583 2890 1762 2945 videte

187 2973 299 3042 quia
328 2975 556 3044 spiritus
578 2990 700 3031 ossa
730 2984 783 3031 et
810 2992 1027 3033 carnem
1060 2994 1164 3034 nOn
1205 2979 1368 3035 habet
1406 2979 1543 3035 sicut
1568 2996 1653 3035 me
1684 2981 1762 3034 vi-

188 3065 317 3121 detis
344 3068 586 3123 habere:
616 3078 671 3122 et
695 3069 796 3124 hoc
822 3082 904 3125 est
934 3086 1120 3126 verum
1145 3073 1285 3143 quod
1325 3075 1399 3127 ait
1427 3074 1716 3145 Apostolus
1743 3091 1756 3126 :

1858 1884 1989 1952 ipsis
2043 1883 2480 1953 ingemiscimus,
2537 1882 2879 1951 adoptionem
2914 1890 3285 1950 exspectantes
3342 1896 3432 1935 re-

1857 1978 2220 2047 demptionem
2272 1978 2517 2045 corporis
2557 1976 2755 2041 nostri;
2799 1990 2897 2041 spe
2936 1976 3080 2028 enim
3124 1975 3258 2029 salvi
3313 1974 3435 2028 lacti

1856 2083 2065 2133 sumus,
2090 2084 2212 2136 spes
2237 2078 2414 2122 autem
2442 2082 2563 2137 qua:
2594 2066 2804 2120 videtur
2834 2080 2939 2119 non
2977 2075 3061 2120 est
3108 2081 3251 2133 spes.
3283 2065 3436 2131 Quod

1859 2162 2003 2216 enim
2047 2161 2194 2216 videt
2243 2161 2364 2229 quis
2405 2159 2528 2229 quid
2566 2167 2814 2229 speratur
2864 2156 3125 2228 [sperat]?
3173 2157 3219 2211 si
3257 2166 3435 2210 autem

1858 2254 2000 2324 quod
2024 2269 2130 2307 non
2159 2254 2404 2307 videmus
2425 2266 2726 2322 speramus,
2753 2266 2849 2319 per
2880 2250 3187 2318 patientiam
3218 2263 3441 2317 exspec-

1859 2356 2053 2400 tamus.
2086 2344 2232 2400 Sicut
2259 2357 2387 2413 ergo
2410 2344 2494 2397 hic
2526 2358 2633 2397 non
2665 2343 2833 2395 dixit:
2862 2342 3004 2395 Salvi
3035 2339 3196 2393 futuri
3230 2354 3437 2403 sutnus,

1858 2436 1981 2492 sed:
2013 2436 2219 2490 Amodo
2239 2436 2345 2504 jam
2370 2434 2503 2489 salvi
2535 2434 2654 2489 iacti
2683 2447 2889 2498 sumus,
2916 2432 3152 2484 nondum
3183 2440 3356 2486 tamen
3387 2432 3440 2485 in

1859 2545 1939 2594 re,
1957 2529 2051 2585 sed
2074 2531 2127 2584 in
2149 2543 2274 2598 spe:
2301 2529 2409 2599 Spe
2428 2527 2592 2594 enim,
2613 2526 2799 2594 inquit,
2823 2524 2956 2578 salvi
2979 2524 3100 2578 iacti
3124 2536 3339 2587 sumus;
3363 2523 3441 2575 sic

1859 2633 1916 2680 et
1942 2622 2076 2693 quod
2107 2624 2179 2677 ibi
2202 2622 2401 2677 dictum
2429 2631 2541 2676 est:
2572 2621 2781 2675 Amodo
2804 2620 3074 2674 nemiuem
3090 2618 3333 2673 novimus
3358 2630 3442 2671 se-

1860 2716 2092 2773 cundum
2125 2731 2379 2781 carnem;
2412 2714 2648 2770 nondum
2672 2713 2725 2767 in
2756 2728 2838 2778 re,
2868 2712 2961 2766 sed
2991 2710 3043 2764 in
3074 2724 3170 2779 spe
3194 2708 3442 2778 intelligi-

1864 2817 1968 2873 tur,
2000 2808 2121 2876 quia
2154 2821 2279 2874 Spes
2309 2804 2461 2860 nobis
2490 2806 2544 2859 in
2572 2803 2787 2859 Christo
2817 2812 2929 2870 est,
2973 2802 3095 2871 quia
3127 2801 3178 2855 in
3211 2800 3306 2854 illo
3329 2799 3443 2868 jam

1861 2901 2188 2968 completum
2212 2909 2293 2954 est
2314 2899 2455 2968 quod
2486 2897 2641 2951 nobis
2673 2895 2999 2965 promissum
3023 2907 3325 2963 speramus.
3351 2890 3445 2946 Ille

1864 2994 2063 3063 quippe
2080 2992 2191 3062 jam
2230 2992 2524 3049 resurrexit
2550 2999 2603 3043 et
2640 3006 2785 3043 mors
2812 2989 2862 3043 ei
2885 2989 3022 3044 ultra
3056 3004 3163 3042 non
3202 2987 3446 3042 domina-

1866 3084 2032 3148 bitur,
2074 3096 2233 3150 quem
2259 3091 2360 3135 etsr
2390 3093 2711 3134 noveramus
2737 3078 3031 3132 secundum
3061 3091 3301 3144 carnem,
3321 3091 3443 3131 cum

186 3159 315 3213 Caro
342 3167 401 3215 et
427 3160 646 3230 sanguis
676 3176 898 3231 regnum
930 3162 1023 3218 Dei
1054 3163 1334 3231 possidere
1366 3142 1491 3220 noni
1507 3172 1750 3235 possunt.
1779 3142 1829 3207 ο
1864 3142 2036 3230 adhuc
2070 3142 2361 3227 moriturus
2407 3182 2574 3238 esset,
2606 3172 2779 3227 inerat
2824 3172 3020 3241 quippe
3056 3168 3110 3224 in
3157 3142 3293 3238 ejus
3318 3183 3443 3223 οοιι-

188 3248 309 3305 illud
335 3252 485 3306 enim
517 3251 718 3306 dictum
751 3263 831 3308 est
860 3253 1152 3309 secundum
1198 3257 1369 3324 ipsam
1404 3257 1760 3313 substantiam

191 3354 298 3407 qua:
318 3342 483 3395 etiam
513 3350 641 3397 tunc
664 3344 789 3410 erit,
812 3345 933 3415 quia
963 3347 1076 3416 ipsa
1106 3348 1417 3403 mutabitur.
1444 3349 1556 3405 lloc
1583 3362 1761 3405 autem

192 3430 381 3485 dictum
406 3442 496 3487 est
521 3434 812 3490 secundum
842 3438 1110 3492 carnalem
1136 3441 1497 3509 corruptionis
1537 3442 1766 3511 qualita-

192 3531 310 3588 tem,
339 3540 465 3592 quze
492 3531 616 3579 tunc
640 3526 750 3594 jam
781 3542 885 3581 non
915 3530 1038 3595 erit,
1088 3532 1207 3600 quia
1242 3542 1444 3587 mutata
1488 3548 1615 3588 caro
1657 3549 1763 3589 non

193 3625 583 3684 corrumpetur.
622 3618 956 3674 Noveramus
1002 3636 1132 3692 ergo
1172 3623 1442 3678 Christum
1470 3626 1766 3679 secundum

190 3719 423 3772 carnem,
461 3708 511 3761 id
532 3718 615 3763 est
634 3713 926 3766 secundum
971 3714 1151 3768 carnis
1194 3717 1572 3772 mortalitatem
1614 3729 1769 3773 ante-

191 3813 333 3865 quam
380 3812 711 3871 resurgeret,
741 3803 833 3858 sed
863 3820 1004 3859 nunc
1030 3806 1140 3875 jam
1188 3824 1295 3861 non
1335 3807 1608 3875 novimus,
1641 3809 1767 3879 quia

192 3894 319 3944 sicut
362 3892 502 3945 dicit
544 3893 684 3947 idem
714 3896 1002 3963 Aposmlus
1049 3915 1062 3950 :
1111 3895 1354 3954 Christus
1410 3916 1699 3971 resurgens
1737 3916 1767 3956 δ

193 3983 410 4036 mortuis
435 3983 549 4052 jam
592 4000 697 4039 non
728 3987 976 4051 moritur,
1013 3996 1068 4043 et
1106 4002 1254 4044 mors
1282 3990 1330 4044 ei
1362 3990 1498 4045 ultra
1536 4006 1640 4047 non
1672 3992 1772 4046 do-

192 4075 494 4130 minabitur.
520 4075 651 4130 Nam
685 4080 729 4131 si
760 4088 810 4133 te
850 4080 915 4133 ad
942 4082 1226 4137 verborum
1275 4083 1655 4153 proprietatem
1693 4092 1771 4138 te-

195 4180 347 4233 neas,
379 4169 640 4222 mentitus
680 4178 761 4223 est
800 4171 945 4240 quod
976 4175 1088 4227 ait:
1119 4173 1452 4229 Noveramus
1491 4175 1766 4232 Christum

193 4258 481 4311 secundum
515 4274 755 4323 carnem,
789 4262 837 4314 si
862 4262 1107 4319 Christus
1136 4281 1409 4335 nunquam
1441 4266 1538 4322 fuit
1580 4284 1774 4324 secun-

194 4345 312 4400 dum
340 4365 601 4405 carnem:
650 4369 809 4409 nemo
840 4355 983 4409 enim
1027 4369 1250 4413 noverat
1288 4361 1431 4430 quod
1478 4376 1586 4417 non
1632 4370 1769 4417 erat.

192 4436 302 4492 Non
341 4450 520 4494 autem
565 4442 735 4509 dixit,
791 4445 1109 4513 putabamus
1152 4449 1423 4505 Christum
1475 4453 1767 4507 secundum

191 4543 429 4595 carnem,
454 4534 548 4585 sed
581 4548 919 4593 noveramus.
950 4537 1352 4607 Verumtamen,
1385 4551 1441 4596 ttt
1470 4544 1636 4598 verbo
1665 4559 1770 4598 non

198 4637 458 4689 premam,
510 4641 580 4681 ne
626 4629 745 4697 quis
773 4627 1006 4686 afﬁrmet
1035 4648 1130 4699 per
1175 4634 1486 4690 abusionem
1538 4638 1773 4693 locutum

193 4717 231 4765 Λ
243 4716 537 4780 postolum,
557 4726 612 4772 ut
636 4734 730 4785 pro
746 4735 813 4774 eo
831 4722 1069 4793 quodest
1086 4725 1422 4793 putabamus,
1447 4727 1648 4783 diceret
1672 4745 1773 4783 no-

196 4819 477 4870 veramus,
504 4808 633 4862 illud
665 4811 829 4864 miror
856 4827 961 4865 non
987 4816 1265 4871 attendere
1294 4816 1538 4873 homines
1570 4834 1769 4885 crecos,

194 4897 272 4949 vel
304 4898 485 4964 potius
511 4914 616 4951 non
640 4900 808 4954 miror
836 4917 941 4955 non
975 4904 1156 4960 videre
1187 4921 1382 4973 czecos,
1408 4910 1529 4977 quia
1549 4911 1592 4963 si
1622 4910 1779 4965 Chri-

194 4999 306 5043 stus
336 4991 463 5045 ideo
490 5008 596 5046 non
627 4994 819 5048 habuit
849 5011 1091 5062 carnem,
1123 4999 1246 5069 quia
1289 5001 1425 5057 dixit
1465 5002 1773 5072 Apostolus,

195 5097 332 5135 nunc
352 5081 467 5151 jam
499 5100 605 5138 non
636 5100 694 5139 se
723 5101 883 5141 nosse
911 5088 1182 5145 Christum
1213 5094 1506 5149 secundum
1536 5110 1775 5163 carnem,

195 5190 293 5229 nec
322 5179 400 5231 illi
435 5178 742 5236 habuerunt
778 5198 992 5239 carnem
1027 5184 1096 5240 de
1124 5186 1317 5256 quibus
1348 5189 1401 5243 in
1439 5191 1629 5246 eodem
1662 5193 1784 5247 loco

192 5268 343 5322 dicit:
377 5271 558 5340 Itaque
589 5288 687 5327 nos
714 5277 907 5330 amodo
938 5279 1203 5335 neminem
1223 5281 1468 5337 novimus
1488 5286 1781 5340 secundum

192 5377 439 5419 carnem.
469 5366 656 5434 Neque
680 5370 821 5423 enim
853 5370 921 5426 de
949 5373 1068 5427 solo
1094 5371 1309 5429 Christo
1330 5375 1383 5429 id
1413 5377 1599 5432 volens
1624 5379 1782 5434 intel-

196 5454 307 5525 ligi,
338 5470 521 5525 posset
549 5460 755 5529 dicere,
788 5465 1057 5520 neminem
1083 5469 1329 5522 novimus
1352 5472 1643 5526 secundum
1667 5489 1786 5528 ear-

195 5564 316 5603 nem
355 5549 471 5622 [sed
512 5555 632 5623 quia
688 5556 898 5610 illorum
940 5573 1126 5613 secum
1176 5562 1338 5615 vitam
1383 5565 1614 5619 futuram
1664 5574 1783 5619 tan-

195 5657 357 5707 quam
394 5656 709 5711 praasentetn
736 5649 1111 5716 meditabatur,
1142 5657 1230 5722 qui
1260 5665 1603 5725 resurgentes
1631 5673 1783 5711 com-

197 5738 594 5821 mutabuntut‘:
649 5741 899 5811 Amodo,
955 5746 1156 5820 inquit,
1210 5750 1481 5806 neminem
1535 5753 1782 5813 novimus

1866 3284 1998 3339 pore
2030 3269 2121 3323 illa
2166 3266 2465 3321 mortalitas
2490 3280 2650 3334 quam
2697 3263 2913 3334 proprie
2957 3277 3174 3318 carnem
3220 3262 3450 3330 appellat

1864 3361 2177 3432 Apostolus,
2205 3360 2299 3416 sed
2328 3359 2437 3429 jam
2474 3373 2617 3413 nunc
2644 3372 2749 3412 non
2807 3357 3074 3411 novimus.
3124 3355 3257 3409 Illud
3307 3355 3450 3409 enim

1866 3457 1985 3525 ejus
2022 3453 2255 3509 mortale
2306 3454 2416 3520 jam
2472 3450 2643 3505 induit
2688 3448 3164 3507 immortalitatem,
3199 3446 3339 3501 unde
3371 3460 3454 3499 se-

1868 3550 2103 3607 cundum
2140 3546 2419 3616 pristinam
2460 3542 2838 3598 mortalitatem
2878 3540 2987 3609 jam
3019 3554 3147 3594 caro
3194 3536 3453 3607 appellari

1870 3659 1978 3699 non
2010 3642 2205 3711 possit.
2234 3640 2414 3708 Itaque
2441 3638 2611 3705 ipsius
2635 3635 2739 3689 loci
2773 3632 3197 3696 contextionem,
3230 3629 3314 3683 ubi
3343 3630 3456 3683 haec

1869 3735 2132 3790 sententia
2154 3741 2240 3787 est
2260 3731 2328 3785 de
2348 3743 2451 3798 qua
2474 3728 2560 3782 isti
2583 3725 2997 3786 calumniantur,
3021 3722 3454 3783 consideremus,

1872 3838 1929 3882 ut
1960 3816 2060 3882 hoc
2105 3824 2246 3896 quod
2286 3823 2409 3876 dico
2452 3821 2622 3889 magis
2658 3819 2891 3873 eluceat.
2934 3814 3204 3876 Charitas,
3257 3814 3453 3880 inquit,

1871 3920 2072 3975 Christi
2108 3916 2384 3985 compellit
2440 3928 2537 3967 nos
2577 3910 2879 3981 iudicantes
2929 3907 3068 3974 hoc,
3120 3904 3370 3973 quoniam
3412 3902 3458 3958 si

1873 4028 2016 4067 unus
2046 4025 2142 4080 pro
2170 4008 2419 4064 omnibus
2448 4012 2691 4059 mortuus
2718 4010 2821 4067 est,
2848 4015 2978 4070 ergo
3020 4011 3207 4051 omnes
3257 3997 3457 4050 mortni

1873 4116 2020 4172 sunt,
2050 4112 2105 4159 et
2134 4118 2230 4171 pro
2256 4100 2509 4156 omnibus
2537 4104 2781 4151 mortuus
2811 4105 2914 4159 est,
2947 4093 3114 4161 utqui
3147 4089 3463 4159 vivuntjam

1881 4214 1990 4252 non
2013 4198 2115 4252 sibi
2144 4198 2351 4260 vivant,
2381 4193 2475 4249 sed
2501 4193 2550 4247 ei
2580 4190 2668 4261 qui
2699 4203 2795 4258 pro
2834 4187 2965 4256 ipsis
2996 4194 3242 4239 mortuus
3286 4192 3369 4238 est
3406 4191 3462 4237 et

1878 4291 2194 4348 resurrexit.
2225 4290 2408 4355 itaque
2436 4300 2535 4341 nos
2558 4284 2718 4339 modo
2741 4279 2978 4355 [amodo]
3007 4278 3277 4335 neminem
3308 4278 3461 4331 novi-

1878 4399 1997 4438 mus
2023 4380 2317 4437 secundum
2356 4392 2594 4442 carnem,
2644 4375 2745 4430 etsi
2791 4386 3113 4428 noveramus
3160 4372 3458 4425 secundum

1880 4489 2097 4529 carnem
2125 4472 2421 4537 Christum,
2450 4470 2540 4523 sed
2565 4469 2673 4537 jam
2699 4481 2839 4521 nunc
2870 4480 2975 4518 non
3015 4462 3282 4517 novimus.
3310 4461 3471 4517 Certe

1882 4566 1989 4635 jam
2019 4577 2164 4617 nunc
2195 4560 2348 4630 cujus
2378 4557 2595 4630 [cuivis]
2622 4564 2845 4625 apparet
2867 4560 3085 4624 propter
3111 4552 3467 4605 resurrectio-

1883 4672 2005 4712 nem
2033 4654 2231 4710 Christi
2261 4653 2363 4706 hoe
2398 4650 2601 4705 dixisse
2648 4647 2957 4716 Apostolum
2984 4688 3000 4706 ,
3033 4644 3469 4715 quandoquidem

1885 4753 1984 4804 ista
2011 4748 2171 4803 verba
2203 4746 2329 4801 illud
2359 4744 2654 4813 prmcessit,
2680 4741 2845 4811 utqui
2877 4740 3078 4808 vivunt,
3101 4740 3209 4808 jam
3236 4752 3341 4791 non
3363 4735 3470 4791 sibi

1885 4843 2081 4904 vivant,
2118 4839 2211 4894 sed
2237 4838 2286 4893 ei
2314 4837 2401 4906 qui
2427 4850 2523 4905 pro
2551 4835 2680 4903 ipsis
2711 4841 2949 4887 mortuus
2968 4842 3125 4887 estet
3154 4830 3470 4886 resurrexit.

1886 4932 2024 4999 Quid
2054 4939 2141 4986 est
2161 4930 2305 4984 enim
2333 4925 2475 4981 aliud
2508 4939 2613 4979 non
2641 4924 2762 4989 sibi,
2787 4923 2881 4979 sed
2915 4924 2988 4977 illi
3020 4925 3223 4990 vivant,
3279 4923 3379 4977 nisi
3412 4929 3473 4979 ut

1893 5041 1998 5079 non
2023 5023 2318 5077 secundum
2359 5032 2576 5074 carnem
2616 5018 2796 5070 vivant
2838 5017 2890 5070 in
2927 5031 3022 5084 spe
3054 5027 3390 5070 terrenarum
3422 5020 3484 5068 et

1890 5113 2317 5184 corruptibilium
2352 5111 2615 5165 bonorum
2637 5149 2652 5174 ,
2681 5110 2777 5165 sed
2806 5108 3101 5163 secundum
3131 5107 3376 5176 spiritum
3419 5105 3485 5160 im

1892 5223 1989 5277 spe
2012 5206 2427 5262 resurrectionis
2458 5221 2576 5275 qua:
2602 5208 2711 5275 jam
2745 5220 2811 5258 ex
2840 5203 2975 5272 ipsis
3007 5202 3059 5256 in
3089 5200 3307 5255 Christo
3336 5197 3483 5249 facta.

1893 5300 2017 5354 est?
2045 5299 2227 5367 Itaque
2265 5312 2451 5353 eorum
2484 5312 2580 5367 pro
2605 5297 2796 5367 quibus
2824 5294 3070 5349 Christus
3102 5302 3342 5344 mortuus
3389 5296 3479 5340 est

1893 5404 1949 5449 et
1980 5393 2301 5455 resurrexit,
2330 5402 2384 5446 et
2408 5392 2498 5461 qui
2531 5390 2644 5461 jam
2683 5404 2786 5443 non
2819 5388 2949 5451 sibi,
2976 5385 3068 5439 sed
3123 5383 3200 5436 illi
3246 5380 3429 5433 vivunt
3454 5418 3473 5441 ,

1889 5486 2160 5540 neminem
2189 5484 2481 5539 secundum
2511 5497 2727 5538 carnem
2756 5479 3042 5547 Apostolus
3070 5483 3313 5535 noverat,
3347 5485 3471 5539 pro-

1892 5592 2010 5649 p'er
2046 5594 2194 5647 spem
2228 5578 2419 5632 futura:
2448 5573 2861 5631 immortalitatis
2908 5571 2960 5625 in
3007 5568 3159 5637 cujus
3193 5574 3481 5634 εχδιιειιει-

1894 5672 2037 5726 tione
2069 5670 2333 5732 vivebant,
2360 5677 2485 5739 qua:
2507 5668 2560 5721 in
2586 5666 2797 5721 Christo
2822 5661 2932 5729 jam
2958 5674 3065 5713 non
3094 5675 3239 5729 spes,
3266 5658 3359 5713 sed
3393 5672 3477 5713 res

1896 5774 2031 5819 erat.
2065 5765 2233 5831 Quem
2266 5765 2361 5818 ets':
2396 5770 2615 5816 noverat
2643 5756 2937 5813 secundum
2978 5770 3194 5813 carnem
3224 5772 3343 5813 cum
3379 5752 3475 5811 ad.-
