3974 6184
439 277 540 331 667

1496 265 1559 319 D.
1593 258 1912 318 EUGYPPII
1945 255 2231 314 ABBATIS
2261 257 2580 312 AFRICANI

3582 250 3697 306 (:68

438 390 543 441 huc
570 383 858 439 moriturus
882 388 1045 446 esset,
1086 379 1197 450 jam
1230 385 1405 433 tamen
1454 389 1559 430 non
1598 381 1837 439 noverat,
1890 371 2009 441 quia
2041 375 2086 433 Α
2113 369 2404 425 abundaret
2433 368 2625 438 gratia.
2652 366 2785 425 Hinc
2812 367 3059 425 similiter
3083 369 3208 425 alibi
3242 368 3404 424 dicit:
3437 369 3530 436 Qui
3590 386 3693 422 an-

436 496 560 533 cum
602 477 965 533 resurrexisse
1008 481 1248 537 noverat,
1281 480 1335 525 et
1356 471 1494 523 ultra
1538 470 1586 523 ei
1634 478 1860 523 mortem
1907 481 2012 521 non

438 571 853 630 dominaturam,
879 574 932 619 et
956 564 1079 633 quia
1108 577 1295 617 omnes
1330 561 1379 613 in
1406 561 1500 615 illo
1526 560 1626 613 etsi
1668 558 1904 613 nondum
1930 572 2012 623 re,

441 661 547 731 iam
581 669 756 713 tamen
787 671 883 723 spe
915 656 1017 707 hoc
1044 666 1248 706 sumus.
1275 650 1527 719 Sequitur
1552 658 1605 704 et
1634 648 1791 703 dicit:
1826 647 1884 703 Si
1913 662 2015 717 qua

442 754 604 821 igitur
635 752 689 804 in
736 749 951 801 Christo
981 760 1114 799 nova
1158 753 1424 811 creatura,
1459 751 1639 798 vetera
1671 742 2013 805 transierunt,

446 859 574 898 ecce
600 843 734 895 facta
762 850 889 893 sunt
916 834 1140 911 [omnia]
1166 851 1323 902 nova,
1357 834 1535 889 omnia
1571 842 1748 888 autem
1794 847 1860 886 ex
1906 831 2017 885 Deo

442 935 531 1003 qui
557 932 922 988 reconciliavit
948 945 1043 985 nos
1072 930 1172 985 sibi
1204 944 1297 998 per
1328 927 1621 983 Christum.
1653 924 1838 979 Omnis
1889 936 2019 993 ergo

444 1039 585 1079 nova
613 1033 881 1086 creatura,
913 1021 964 1075 id
990 1028 1074 1075 est
1113 1023 1338 1089 populus
1373 1018 1659 1070 innovatus
1696 1030 1791 1084 per
1830 1014 2010 1079 (idem,

447 1123 509 1167 ut
538 1112 731 1165 habeat
760 1109 973 1165 interim
1004 1110 1055 1162 in
1085 1123 1181 1177 spe
1209 1108 1351 1176 quod
1381 1107 1433 1161 in
1470 1122 1529 1161 re
1560 1115 1739 1175 postea
1778 1104 2022 1174 perﬁcia-

446 1213 556 1269 tur,
589 1203 639 1257 in
662 1202 877 1256 Christo
908 1200 1064 1255 habet
1088 1200 1198 1269 jam
1222 1198 1428 1270 [etiam]
1454 1199 1595 1268 quod
1623 1199 1678 1251 in
1720 1211 1779 1251 se
1813 1205 2017 1265 sperat.

446 1276 628 1363 Itaque
654 1308 795 1347 nunc
818 1300 995 1347 vetera
1019 1293 1343 1346 transierunt
1364 1290 1657 1345 secundum
1694 1303 1868 1357 spem,
1898 1289 2019 1357 quia

448 1386 608 1440 modo
640 1384 750 1453 jam
789 1399 895 1438 non
925 1392 1009 1439 est
1050 1390 1263 1451 tempus
1308 1382 1515 1437 Veteris
1556 1380 1882 1436 Testamenti
1916 1394 2023 1450 quo

448 1478 745 1547 temporale
770 1485 930 1545 atque
950 1476 1167 1530 carnale
1200 1490 1419 1544 regnum
1457 1482 1794 1545 exspectetur
1823 1474 2020 1541 a'Deo,

448 1578 501 1621 et
528 1568 663 1622 facta
692 1575 817 1623 sunt
842 1567 1019 1620 omnia
1055 1581 1188 1620 nova
1233 1564 1525 1621 secundum
1569 1565 1811 1620 eamdem
1844 1579 2019 1634 spem,

427 1652 509 1714 ’ut
546 1676 768 1729 regnum
797 1659 1056 1714 cmlorum
1080 1658 1168 1713 ubi
1192 1658 1332 1712 nulla
1370 1658 1473 1713 erit
1518 1673 1661 1713 mors
1698 1666 1858 1728 atque
1897 1670 2023 1711 cor-

2114 468 2221 515 tem
2262 462 2314 515 in
2342 476 2502 516 carne
2531 469 2677 525 sunt,
2718 461 2828 517 Deo
2859 462 3068 531 placere
3109 477 3215 517 non
3246 474 3488 533 possunt.
3521 464 3594 518 Et
3628 478 3699 519 ne

2114 561 2326 624 putaret
2345 554 2621 623 quisquam
2640 569 2733 609 eos
2748 554 2922 610 dictos
2945 555 3033 626 qui
3056 555 3292 610 nondum
3318 556 3513 610 mortui
3536 566 3696 621 sunt,

2115 645 2295 699 statim
2321 644 2584 712 subjecit:
2612 644 2721 699 Vos
2746 654 2923 700 autem
2951 661 3059 700 non
3079 648 3207 702 estis
3240 647 3293 701 in
3316 662 3497 717 carne,
3520 649 3621 703 sed
3648 648 3702 702 in

2115 736 2328 803 spiritu,
2358 735 2411 789 id
2439 743 2543 800 est,
2578 736 2665 804 qui
2698 736 2750 790 in
2779 751 2875 805 spe
2902 737 3203 791 carnalium
3243 737 3502 792 bonorum
3543 748 3699 803 sunt,

2118 826 2228 881 Deo
2258 827 2468 896 placere
2491 843 2596 881 non
2620 837 2875 897 possunt;
2905 843 3001 883 νινε
3018 837 3196 883 autem
3223 844 3328 883 non
3360 829 3492 884 estis
3524 830 3583 882 in
3603 844 3705 897 sne

2118 917 2436 983 carnalium,
2469 918 2563 972 sed
2587 919 2640 972 in
2665 934 2760 988 spe
2788 919 3128 987 spiritalium,
3160 920 3209 974 id
3240 929 3324 975 est
3353 920 3499 988 regni
3526 921 3707 975 creto—

2120 1022 2262 1072 rum,
2292 1007 2380 1061 ubi
2405 1015 2457 1061 et
2481 1010 2655 1076 ipsum
2695 1023 2891 1076 corpus
2916 1024 3007 1077 per
3044 1010 3188 1064 illam
3237 1011 3619 1073 mutationem,
3654 1009 3709 1062 in

2119 1110 2217 1151 suo
2246 1098 2476 1166 qundam
2516 1112 2713 1168 genere
2746 1099 2984 1167 spiritale
3028 1100 3150 1165 erit,
3184 1099 3327 1169 quod
3373 1101 3531 1153 modo
3578 1102 3712 1154 ani-

2121 1187 2262 1242 male
2308 1197 2411 1242 est.
2446 1186 2749 1242 Seminatnr
2776 1190 2919 1243 enim
2947 1204 3141 1258 corpus
3173 1191 3401 1244 animale
3432 1190 3599 1260 (sicut
3631 1191 3702 1243 ad

2122 1280 2428 1335 Corinthios
2460 1281 2601 1335 idem
2631 1281 2807 1352 dicit),
2839 1293 3084 1352 resurget
3122 1299 3315 1353 corpus
3342 1284 3612 1353 spiritale.
3645 1285 3707 1338 Si

2123 1387 2251 1441 ergo
2273 1373 2545 1427 neminem
2575 1388 2761 1428 eorum
2781 1374 2890 1441 jam
2912 1382 3133 1429 noverat
3160 1374 3448 1429 secundum
3476 1390 3709 1428 carnem

2125 1465 2431 1534 Apostolus,
2486 1466 2576 1536 qui
2632 1475 2913 1535 propterea
2953 1466 3270 1522 dicebantur
3314 1481 3417 1520 non
3461 1481 3591 1521 esse
3650 1467 3705 1520 in

2124 1569 2307 1621 carne,
2369 1554 2493 1626 quia
2546 1570 2651 1610 non
2695 1564 2851 1610 erant
2903 1559 2952 1610 in
3004 1570 3101 1624 spe
3155 1570 3333 1611 rerum
3380 1556 3707 1620 carnalium,

2127 1647 2372 1717 quamvis
2407 1647 2580 1702 adhuc
2617 1649 3014 1716 corruptibilem
3046 1663 3266 1703 carnem
3310 1649 3711 1716 mortalemque

451 1753 627 1821 rnptio
654 1754 974 1821 promissum
1000 1761 1295 1817 teneamus,
1331 1752 1383 1805 in
1416 1751 1808 1806 resurrectione
1842 1760 2024 1805 autem
2055 1740 2102 1799 Β
2132 1749 2438 1811 Ροηδῐεηι,
2494 1750 2695 1806 quanto
2750 1742 3058 1810 expressius
3119 1740 3187 1795 de
3237 1740 3452 1796 Christo
3502 1740 3713 1794 diceret

453 1855 782 1901 mortuorum
816 1860 918 1897 non
941 1844 1050 1913 jam
1082 1843 1372 1897 secundum
1398 1857 1567 1912 spem,
1601 1844 1694 1897 sed
1722 1843 2017 1897 secundum

453 1951 590 1999 rem,
634 1943 691 1989 et
722 1943 903 1989 vetera
948 1934 1268 2001 transibunt,
1309 1948 1428 1987 cum
1475 1934 1683 1988 inimica
1738 1934 2028 1989 novissima

454 2028 760 2081 destruetur
790 2042 954 2091 mors,
985 2036 1038 2080 et
1066 2026 1195 2081 ﬁent
1223 2027 1402 2080 omnia
1425 2041 1559 2080 nova
1578 2069 1593 2093 ,
1622 2041 1741 2081 cum
1767 2027 2032 2097 corrupti-

461 2116 568 2169 hile
625 2116 725 2168 hoc
784 2115 1018 2169 induerit
1072 2114 1523 2184 incorruptionem
1566 2125 1620 2170 et
1670 2117 1893 2171 mortale
1933 2117 2035 2172 hoc

459 2204 692 2259 induerit
728 2200 1203 2259 immortalitatem.
1245 2206 1396 2272 Quod
1460 2207 1569 2275 jam
1615 2207 1810 2261 factum
1859 2218 1941 2262 est
1980 2208 2032 2263 in

459 2293 674 2347 Christo
702 2310 858 2363 quem
890 2294 1178 2348 secundum
1208 2310 1352 2359 rem,
1379 2296 1489 2364 jam
1518 2310 1623 2351 non
1653 2306 1873 2351 noverat
1901 2296 2037 2350 Pau-

461 2386 542 2440 lus
564 2385 855 2441 secundum
886 2400 1124 2440 carnem.
1151 2387 1350 2441 Eorum
1383 2404 1510 2442 vero
1542 2403 1640 2458 pro
1662 2390 1852 2458 quibus
1887 2403 2035 2443 mor-

462 2490 584 2532 tuus
613 2488 694 2533 est
732 2484 790 2533 et
828 2480 1141 2544 resurrexit,
1172 2480 1405 2534 nondum
1437 2482 1729 2535 secundum
1755 2497 1865 2536 rem
1892 2522 1906 2547 ,
1940 2480 2035 2536 sed

462 2574 757 2629 secundum
805 2589 986 2642 spem,
1034 2575 1301 2628 neminem
1331 2584 1554 2629 noverat
1596 2574 1888 2629 secundum
1920 2589 2040 2629 car-

465 2682 588 2721 nem
606 2709 620 2733 ,
653 2666 774 2735 quia
799 2666 941 2721 illius
965 2666 1155 2733 gratia,
1180 2668 1317 2721 sicut
1340 2666 1479 2720 idem
1510 2668 1574 2720 ad
1602 2667 1865 2736 Ephesios
1886 2666 2038 2733 dicit,

464 2775 652 2815 sumus
691 2760 825 2815 salvi
860 2759 1005 2813 facti.
1040 2760 1168 2813 Nam
1198 2768 1252 2813 et
1291 2760 1405 2827 ipse
1433 2761 1581 2813 locus
1612 2758 1733 2813 huic
1759 2757 2041 2813 sententiae

464 2851 544 2905 sic
570 2860 843 2906 attestatur
873 2869 884 2903 :
918 2852 1056 2906 Deus
1082 2862 1257 2906 autem
1280 2892 1295 2917 ,
1328 2851 1499 2920 inquit
1524 2895 1537 2916 ,
1569 2851 1657 2919 qui
1688 2850 1837 2905 dives
1865 2859 1946 2905 est
1979 2851 2036 2903 in

468 2942 856 3011 misericordia,
878 2952 1094 3012 propter
1120 2945 1336 2997 multam
1361 2943 1699 2997 dilectionem
1728 2957 1829 3011 qua
1856 2939 2043 2996 dilexit

472 3052 590 3101 nos,
618 3046 820 3093 etcum
849 3051 1092 3092 essemus
1126 3037 1318 3090 mortui
1351 3034 1611 3104 peccatis,
1646 3034 2043 3089 conviviﬁcavit

2131 1830 2275 1902 quod
2304 1847 2423 1885 eum
2464 1832 2575 1901 jam
2618 1847 2721 1886 non
2762 1841 2984 1886 noverat
3030 1831 3320 1886 secundum
3359 1844 3605 1896 carnem,
3659 1828 3710 1882 in

2130 1926 2282 1992 cujus
2334 1939 2561 1992 corpore
2612 1925 2773 1979 etiam
2829 1939 2889 1979 re
2941 1924 3053 1993 ipsa
3107 1925 3212 1991 jam
3254 1922 3552 1992 perlectum
3600 1931 3716 1976 erat

2131 2015 2271 2084 quod
2299 2015 2375 2070 illi
2404 2017 2454 2070 in
2478 2030 2574 2085 spe
2603 2016 2923 2085 promissum
2953 2015 3239 2071 tenebant?

2709 2145 2935 2202 CAPUT
2976 2147 3131 2201 LVII.

2138 2236 2214 2290 De
2242 2254 2333 2292 sca:
2351 2238 2528 2292 diebus
2556 2239 2607 2291 in
2633 2239 2817 2293 Genesi
2838 2249 2884 2291 et
2905 2254 2993 2292 sea:
3012 2237 3270 2300 aetatibus,
3303 2236 3380 2289 υει
3407 2236 3469 2288 de
3498 2237 3719 2305 conjuge

2208 2309 2343 2377 facta
2370 2326 2431 2363 ea:
2458 2311 2552 2363 viri
2584 2311 2742 2364 latere
2781 2311 3108 2376 dormientis,
3156 2323 3221 2361 ex
3260 2307 3388 2361 libro
3431 2321 3500 2359 sit
3534 2316 3717 2358 contra

2208 2379 2482 2435 Faustum.

2209 2486 2315 2544 Sex
2352 2489 2542 2545 diebus
2575 2490 2632 2545 iu
2671 2489 2867 2547 Genesi
2911 2491 3301 2547 consummavit
3337 2489 3480 2544 Deus
3538 2488 3719 2543 omnia

2141 2593 2306 2648 opera
2335 2596 2454 2646 sua,
2479 2591 2533 2636 et
2560 2584 2791 2652 septimo
2822 2582 3099 2652 requievit.
3124 2582 3231 2637 Sex
3261 2582 3506 2635 aetatibus
3532 2580 3720 2633 huma«

2140 2684 2269 2724 num
2300 2686 2468 2740 genus
2498 2672 2549 2726 in
2597 2673 2699 2728 hoc
2727 2674 2926 2728 saeculo
2963 2688 3059 2742 per
3101 2672 3469 2727 successiones
3506 2680 3719 2739 tempo-

2142 2778 2260 2817 rum
2287 2764 2378 2819 Dei
2403 2780 2564 2833 opera
2584 2766 2892 2836 insigniunt.
2913 2766 3143 2833 Quarum
3173 2764 3341 2834 prima
3358 2774 3441 2818 est
3463 2762 3527 2817 ab
3548 2762 3720 2816 Adam

2145 2870 2311 2926 usque
2337 2858 2401 2912 ad
2432 2857 2575 2924 Noe;
2609 2862 2839 2915 secunda
2864 2875 2892 2913 a
2936 2859 3050 2913 Noe
3090 2873 3256 2928 usque
3306 2858 3374 2911 ad
3414 2856 3718 2921 Abraham;

2147 2947 2303 3001 tertia
2332 2947 2400 3001 ab
2431 2948 2696 3003 Abraham
2722 2965 2889 3019 usque
2916 2950 2981 3004 ad
3018 2949 3213 3015 David;
3256 2958 3445 3017 quarta
3479 2962 3511 3001 a
3556 2947 3721 3002 David

2145 3051 2316 3107 usque
2344 3040 2409 3092 ad
2457 3040 2976 3109 transmigrationem
3019 3037 3321 3109 Babyloniae
3372 3038 3448 3109 [in
3491 3038 3719 3105 Babylo-

469 3145 569 3183 nos
614 3128 859 3191 Christo,
891 3127 1046 3195 cujus
1087 3128 1256 3196 gratia
1300 3141 1485 3182 sumus
1525 3126 1658 3181 salvi
1700 3125 1846 3179 facti.
1888 3125 2041 3192 Quod
2071 3109 2118 3171 Ο
2148 3130 2346 3203 niam];
2375 3133 2558 3201 quinta
2588 3132 2784 3187 deinde
2824 3147 2989 3201 usque
3024 3131 3092 3185 ad
3138 3132 3393 3185 humilem
3431 3129 3721 3184 adventum

468 3217 610 3272 enim
642 3217 728 3271 hic
754 3216 888 3269 dixit
911 3255 927 3280 ,
953 3216 1345 3271 conviviticavit
1371 3230 1468 3269 nos
1496 3215 1709 3270 Christo
1732 3257 1747 3282 ,
1783 3214 1883 3268 hoc
1910 3213 2048 3268 dixit

468 3309 535 3361 ad
558 3307 898 3368 Corinthios,
937 3306 1109 3375 utqui
1155 3307 1346 3360 vivunt
1379 3306 1488 3375 jam
1540 3321 1648 3360 non
1690 3304 1790 3359 sibi
1840 3303 2044 3373 vivant,

469 3396 564 3450 sed
595 3395 647 3450 ci
693 3396 780 3463 qui
821 3412 917 3465 pro
958 3397 1087 3465 ipsis
1121 3407 1362 3450 mortuus
1398 3406 1482 3451 est
1521 3407 1576 3450 et
1621 3399 1947 3463 resurrexit;
1992 3405 2049 3451 et

470 3488 614 3556 quod
656 3488 741 3542 hic
772 3488 931 3552 dicit,
962 3489 1116 3558 cujus
1164 3489 1330 3558 gratia
1374 3505 1561 3545 sumus
1590 3491 1724 3544 salvi
1764 3490 1911 3556 facti,
1938 3493 2047 3561 jam

471 3579 615 3633 velut
638 3577 926 3645 perfectum
948 3579 1020 3633 sit
1042 3580 1276 3648 loquitur
1302 3580 1444 3648 quod
1472 3580 1524 3634 in
1551 3595 1646 3649 spe
1677 3590 1840 3636 tenet.
1870 3581 2005 3636 Nam
2028 3623 2045 3649 ,

474 3672 618 3741 quod
648 3671 808 3741 paulo
827 3680 950 3725 ante
972 3672 1410 3738 commemoravi,
1437 3672 1773 3742 apertissime
1802 3673 1927 3729 alibi
1966 3674 2049 3729 di-

471 3766 569 3830 cit,
591 3779 689 3834 spe
726 3763 871 3819 enim
908 3763 1040 3819 salvi
1079 3763 1202 3817 tacti
1230 3778 1437 3818 sumus.
1467 3762 1578 3833 46
1605 3762 1835 3833 ideoque
1875 3775 1929 3819 et
1965 3764 2052 3820 hic

472 3859 733 3928 sequitur,
755 3864 813 3913 et
841 3868 1089 3927 tanquam
1118 3857 1408 3927 perfectum
1431 3866 1713 3913 enumerat
1739 3858 1878 3927 quod
1909 3856 2052 3912 futu-

474 3965 592 4006 rum
622 3957 724 4005 est.
749 3950 816 4003 Et
842 3950 1020 4015 simul,
1046 3950 1234 4019 inquit,
1259 3949 1567 4015 suscitavit,
1596 3960 1649 4004 et
1672 3950 1830 4005 simul
1862 3952 2052 4007 sedere

475 4044 604 4099 fecit
632 4045 683 4097 in
719 4042 1028 4097 caelestibus
1063 4042 1116 4096 in
1159 4041 1377 4097 Christo
1414 4042 1562 4099 Jesu.
1601 4041 1760 4097 Certe
1812 4042 1955 4097 enim
1997 4042 2052 4097 in

475 4134 785 4192 cmlestibus
809 4134 1055 4189 Christus
1092 4134 1206 4202 jam
1241 4133 1413 4198 sedet,
1445 4132 1684 4188 nondum
1714 4141 1890 4188 autem
1932 4148 2049 4202 nos,

476 4228 572 4284 sed
602 4228 726 4297 quia
751 4243 848 4296 spe
885 4236 1031 4283 certa
1063 4225 1204 4297 quod
1243 4227 1480 4281 futurum
1523 4238 1606 4282 est
1634 4226 1745 4298 jam
1785 4235 2053 4293 tenemus,

477 4319 638 4373 simul
666 4318 857 4374 sedere
886 4332 985 4373 nos
1008 4318 1142 4373 dixit
1168 4319 1220 4373 in
1250 4318 1577 4382 caelestibus,
1610 4317 1845 4373 nondum
1876 4318 1929 4371 in
1959 4334 2056 4370 nn-

479 4410 583 4475 bis,
614 4410 710 4465 sed
744 4409 857 4479 jam
887 4412 939 4464 in
967 4409 1060 4464 illo
1088 4425 1105 4464 :
1136 4423 1363 4477 namque
1402 4424 1469 4463 ne
1514 4416 1727 4477 putares
1761 4409 1867 4476 jam
1915 4422 2054 4463 nunc

2147 3222 2358 3277 Domini
2390 3226 2560 3278 nostri
2590 3223 2715 3279 Jesu
2755 3222 2989 3290 Christi;
3035 3232 3183 3277 sexta
3214 3237 3332 3291 qua:
3378 3235 3518 3274 nunc
3548 3224 3720 3290 agitur

2147 3314 2319 3367 donec
2355 3313 2612 3369 Excelsus
2651 3316 2829 3368 veniat
2874 3313 2939 3367 ad
2989 3312 3268 3383 judicium.
3312 3311 3546 3379 Septima
3597 3324 3720 3365 vero

2148 3405 2460 3475 intelligitur
2485 3406 2537 3460 in
2561 3406 2745 3475 requie
2771 3415 3072 3460 sanctorum
3102 3419 3206 3458 non
3236 3404 3287 3457 in
3323 3403 3420 3457 hac
3456 3403 3562 3454 vita
3584 3443 3600 3465 ,
3632 3400 3719 3455 sed

2149 3495 2202 3549 in
2225 3497 2348 3563 alia,
2374 3498 2461 3551 ubi
2505 3497 2641 3551 vidit
2678 3496 3097 3566 requiescentem
3134 3510 3418 3565 pauperem
3448 3494 3608 3547 dives
3639 3493 3723 3547 ille

2148 3600 2269 3640 cum
2297 3586 2436 3654 apud
2467 3585 2666 3641 inferos
2706 3595 3061 3656 torqueretur,
3096 3587 3182 3639 ubi
3215 3600 3319 3639 non
3363 3583 3421 3637 tit
3459 3597 3715 3651 vespera.

2150 3678 2275 3746 quia
2310 3678 2485 3732 nullus
2513 3677 2585 3733 ibi
2613 3693 2789 3733 rerum
2817 3679 3058 3733 defectus
3085 3686 3186 3732 est.
3217 3678 3378 3732 Sexto
3417 3675 3504 3730 die
3534 3676 3591 3728 in
3626 3674 3721 3729 Ge-

2151 3771 2267 3826 nesi
2303 3770 2561 3825 formatur
2589 3772 2749 3825 homo
2782 3771 2848 3825 ad
2882 3771 3164 3841 imaginem
3213 3770 3343 3824 Dei:
3370 3777 3522 3825 sexta
3565 3774 3725 3823 aatate

2150 3863 2333 3919 steculi
2366 3864 2739 3920 manifestatur
2776 3864 3081 3920 reformatio
3124 3874 3335 3929 nostra,
3374 3862 3431 3917 in
3485 3863 3723 3917 novitate
3802 3850 3805 3851 ⁷

2153 3953 2344 4008 mentis
2380 3953 2674 4008 secundum
2714 3954 2998 4024 imaginem
3042 3956 3159 4023 ejus
3206 3953 3299 4023 qui
3350 3956 3553 4009 creavit
3606 3967 3721 4017 nos,

2153 4044 2293 4098 sicut
2320 4042 2448 4098 dicit
2478 4045 2786 4112 Apostolus.
2826 4044 2909 4099 Fit
2942 4044 3056 4098 viro
3086 4044 3384 4099 dormiente
3417 4045 3619 4111 conqu
3660 4043 3722 4096 de

2156 4136 2344 4201 latere,
2377 4135 2673 4190 lit‘Christo
2714 4137 2973 4191 moriente
3011 4136 3250 4190 Ecclesia
3287 4135 3354 4190 de
3388 4143 3723 4190 sacramento

2156 4225 2448 4295 sanguinis,
2487 4228 2575 4294 qui
2616 4226 2683 4280 de
2726 4227 2891 4283 latere
2936 4225 3128 4281 mortui
3177 4222 3448 4294 proﬂuxit.
3498 4224 3723 4277 Vocatur

2158 4318 2267 4373 Eva
2298 4319 2425 4385 vita,
2459 4329 2628 4373 mater
2648 4320 2910 4383 vivorum,
2936 4336 3052 4388 qua!
3078 4320 3144 4371 de
3173 4319 3270 4371 viri
3294 4316 3374 4370 sui
3405 4318 3571 4370 latere
3587 4315 3721 4367 facta

2159 4421 2270 4477 est;
2315 4419 2370 4464 et
2420 4411 2549 4465 dicit
2592 4412 2849 4467 Dominus
2885 4410 2937 4464 in
2983 4410 3307 4480 Evangelia:
3352 4410 3407 4464 Si
3459 4410 3578 4476 quis
3623 4420 3724 4460 non

479 4516 600 4557 esse
630 4502 925 4571 perfectum
957 4501 1099 4571 quod
1126 4503 1179 4555 in
1208 4516 1305 4569 spe
1329 4502 1402 4555 ita
1425 4501 1620 4555 dicitur
1647 4510 1895 4569 tanquam
1926 4514 2055 4568 per-
2082 4471 2135 4531 Β
2158 4502 2554 4558 mamlucaverit
2593 4518 2806 4558 carnem
2859 4518 3029 4557 meam
3071 4511 3130 4557 et
3172 4502 3365 4555 biberit
3412 4500 3722 4561 εῦιιέιιὶιιειιι

481 4591 677 4646 fectum
703 4592 794 4655 sit,
818 4600 979 4661 atque
1010 4602 1066 4646 ut
1094 4591 1365 4661 intelligas
1393 4590 1569 4645 adhuc
1595 4590 1849 4653 futurum,
1872 4590 2055 4659 sequi-

483 4691 569 4737 tur
599 4692 652 4737 et
681 4682 851 4738 dicit:
882 4683 948 4739 Ut
987 4683 1291 4739 ostenderet
1317 4683 1368 4737 in
1408 4682 1907 4751 supervenientibus
1950 4696 2056 4736 sae-

483 4775 618 4829 culis
641 4775 1134 4845 superabundantes
1158 4774 1368 4829 divitias
1392 4774 1577 4844 gratim
1598 4788 1727 4838 sure,
1748 4773 1799 4827 in
1822 4773 2051 4827 veritate

486 4865 862 4939 [benignitate]
884 4881 1044 4936 super
1075 4881 1195 4932 nos,
1225 4866 1278 4921 iu
1303 4865 1517 4921 Christo
1543 4864 1693 4921 Jesu.
1722 4864 1858 4918 ttinc
1892 4872 1977 4918 est
2003 4870 2061 4917 et

486 4957 658 5012 illud:
686 4955 819 5011 Cum
850 4959 996 5013 enim
1024 4971 1271 5013 essemus
1312 4958 1365 5011 in
1404 4971 1588 5022 carne,
1621 4956 1898 5024 passiones
1937 4968 2062 5023 pec-

484 5059 727 5103 catorum
757 5065 875 5119 qua:
906 5065 1000 5120 per
1028 5050 1201 5121 legem
1231 5059 1357 5105 sunt
1394 5049 1754 5118 operabantur
1802 5049 1856 5102 in
1889 5062 2061 5101 mem-

488 5139 599 5194 bris
630 5140 830 5196 nostris
852 5149 908 5195 ut
936 5142 1164 5196 fructum
1192 5139 1396 5195 ferrent
1419 5140 1602 5195 morti.
1633 5138 1706 5194 tta
1732 5140 1876 5193 enim
1903 5139 2059 5205 dixit,

485 5248 607 5287 cum
636 5246 875 5288 essemus
906 5232 958 5288 in
982 5247 1164 5301 carne,
1190 5230 1338 5301 quasi
1355 5229 1467 5301 jam
1494 5246 1599 5285 non
1627 5239 1773 5286 esset
1797 5230 1850 5284 in
1876 5245 2056 5295 carne,

488 5323 629 5393 quod
653 5325 725 5378 ita
748 5324 1086 5394 intelligitur:
1107 5323 1239 5379 Cum
1261 5336 1505 5377 essemus
1533 5322 1587 5377 in
1618 5337 1714 5392 spe
1740 5338 1916 5377 rerum
1938 5338 2060 5377 car-

487 5419 707 5483 nalium,
741 5418 953 5488 quando
976 5417 1061 5472 lex
1083 5431 1202 5486 quae
1230 5414 1438 5483 impleri
1472 5428 1577 5468 non
1606 5423 1780 5483 potest
1809 5414 1910 5467 nisi
1960 5427 2056 5483 per

488 5508 807 5564 charitatem
848 5508 1141 5579 spiritalem
1190 5510 1255 5560 ad
1302 5509 1404 5561 hoc
1451 5521 1611 5575 super
1651 5521 1745 5561 eos
1789 5516 1927 5570 erat,
1965 5522 2058 5573 per

495 5602 985 5668 praevaricationem
1023 5610 1083 5656 ut
1124 5601 1418 5655 abundaret
1447 5600 1727 5664 delictum,
1759 5610 1818 5653 ut
1860 5608 2064 5669 postea,

2157 4608 2367 4657 meum,
2424 4608 2531 4647 non
2580 4592 2796 4646 habebit
2847 4593 2897 4644 in
2950 4606 3010 4645 se
3056 4590 3236 4655 vitam,
3283 4598 3336 4644 et
3384 4589 3561 4643 omnia
3607 4600 3725 4654 qua:

2158 4688 2268 4743 illic
2299 4687 2683 4757 intelliguntur,
2732 4684 3007 4739 enucleate
3040 4683 3447 4751 minutatimque
3477 4686 3723 4740 tractata,

2160 4777 2431 4831 Chrismm
2466 4787 2519 4832 et
2556 4776 2849 4831 Ecclesium
2892 4776 3290 4843 praeloquuntur
3326 4773 3440 4824 sive
3480 4771 3530 4821 in
3575 4766 3726 4820 bouis

2160 4869 2481 4923 Christianis
2508 4869 2625 4922 sive
2653 4869 2705 4922 in
2738 4868 2912 4921 malis.
2950 4868 3133 4936 Neque
3175 4866 3320 4921 enim
3359 4863 3555 4917 t'ruStra
3595 4859 3729 4913 dixit

2165 4961 2497 5030 Apostolus:
2552 4960 2718 5014 Adam
2774 4960 2987 5029 quiest
3024 4958 3193 5012 forma
3232 4955 3414 5018 futuri,
3457 4964 3514 5009 ut
3570 4951 3725 5012 illud.

2166 5051 2632 5121 Relinquethomo
2656 5060 2855 5119 patrem
2878 5060 2931 5105 et
2954 5058 3175 5103 matrem
3198 5056 3251 5102 et
3271 5044 3566 5101 adhaerebit
3582 5039 3727 5096 uxori

2165 5154 2296 5204 suaa,
2324 5151 2377 5196 et
2403 5148 2560 5196 erunt
2592 5139 2697 5194 duo
2726 5141 2777 5193 in
2807 5153 2968 5193 carne
2999 5152 3122 5192 una.
3157 5135 3560 5190 Sacramentum
3609 5129 3727 5189 huc,

2164 5232 2356 5301 inquit,
2389 5246 2636 5303 magnum
2660 5240 2775 5294 est;
2806 5244 2905 5298 ego
2928 5239 3104 5282 autem
3128 5226 3248 5280 dico
3277 5226 3328 5278 in
3358 5222 3573 5277 Christo
3599 5228 3650 5273 ct
3678 5215 3726 5268 iu

2166 5324 2444 5387 Ecclesia;
2498 5324 2618 5392 quis
2661 5322 2802 5376 enim
2857 5337 2962 5375 non
3011 5327 3299 5388 cognoscat
3346 5313 3615 5370 Christum
3666 5320 3729 5361 eo

2168 5415 2327 5469 modo
2357 5414 2632 5482 reliquisse
2655 5414 2888 5476 Patrem,
2915 5412 3001 5481 qui
3026 5424 3145 5464 cum
3173 5408 3228 5462 in
3259 5406 3429 5461 forma
3455 5402 3546 5457 Dei
3566 5405 3725 5461 esset,

2167 5523 2271 5562 non
2297 5508 2530 5576 rapinam
2557 5506 2845 5560 arbitratus
2873 5515 2957 5558 est
2985 5517 3104 5558 esse
3131 5498 3351 5570 mqualis
3381 5499 3509 5561 Deo,
3533 5490 3623 5548 sed
3644 5504 3727 5543 se.

2167 5600 2447 5668 metipsum
2479 5596 2774 5652 exinanivit
2809 5594 3032 5649 formam
3072 5592 3214 5647 servi
3261 5588 3528 5657 accipiens
3552 5623 3569 5649 ,
3609 5577 3728 5635 reli-

495 5667 731 5749 t'cvelato
756 5694 902 5751 Novo
930 5695 1303 5767 Testamento,
1339 5710 1435 5768 per
1466 5667 2069 5769 indulgentiamsuper-
2163 5694 2343 5764 quisse
2382 5693 2539 5747 etiam
2574 5698 2797 5745 matrem
2840 5700 3161 5759 synagogam
3210 5682 3513 5739 Judacorum
3560 5667 3729 5729 Veteri
