3990 6180
147 312 244 373 669

1376 322 1690 379 TllESAUR
1702 322 1805 379 US.
1839 321 1989 379 CAP.
2023 322 2203 381 LVIII.

3303 332 3409 386 670

146 432 478 487 Testamento
542 432 828 500 carnaliter
875 435 1221 494 iulitrrentem
1241 480 1255 505 ,
1306 448 1362 495 et
1426 440 1720 495 adhresisse
1746 445 1792 501 Α
1824 438 1925 492 scit
1943 445 1999 491 et
2019 437 2258 493 ostendit
2284 436 2545 505 Ecclesia,
2570 439 2828 509 quoniam
2858 442 3038 497 occiso
3065 442 3283 499 Christo
3310 446 3409 510 adg-

146 522 286 576 uxori
325 537 435 577 suae
483 532 685 578 sancta:
730 525 983 582 Ecclesiae
1019 548 1033 583 :
1067 537 1123 583 ut
1170 543 1300 597 pace
1342 528 1479 582 Novi
1524 529 1718 583 Testa-

146 613 297 667 tuenti
325 623 509 667 essent
537 614 644 668 duo
674 616 727 668 in
774 631 937 671 carne
968 634 1091 672 una.
1126 620 1258 686 Quia
1297 634 1420 673 cum
1461 620 1533 673 sit
1578 619 1719 672 Deus

144 704 274 774 apud
300 704 513 759 Patrem
550 721 644 773 per
668 723 829 777 quem
874 709 997 764 facti
1044 725 1250 776 sumus,
1291 710 1465 767 factus
1495 721 1579 765 est
1622 725 1719 779 per

147 809 346 848 carnem
373 796 647 866 particeps
675 800 867 866 nostri,
893 811 951 855 ut
978 800 1123 857 illius
1154 803 1347 870 capitis
1373 817 1570 873 corpus
1597 817 1719 857 esse

150 901 429 957 possemus.

702 1020 932 1076 CAPUT
976 1022 1147 1078 LVlll.

150 1131 282 1196 Quod
300 1130 432 1207 Cain
472 1141 525 1207 et
567 1133 693 1207 Abel
735 1132 865 1186 duos
908 1137 1122 1207 papulas
1154 1137 1504 1207 ﬁguraverint,
1538 1150 1585 1193 et
1628 1143 1718 1205 qui

212 1202 440 1254 occiderit
485 1201 615 1256 Cain
677 1215 867 1272 septem
908 1201 1441 1261 uindictas'cxsolvet
1475 1201 1501 1271 ;’
1530 1212 1606 1264 vel
1643 1201 1718 1265 vde

215 1272 347 1341 signa
368 1274 505 1343 quod
536 1273 707 1340 posuit
733 1273 871 1328 Deus
891 1276 946 1329 in
977 1273 1105 1330 Cain
1130 1293 1149 1343 ;
1185 1294 1249 1332 ea:
1277 1281 1450 1333 eodem
1487 1282 1615 1335 libro
1640 1298 1716 1337 xtt

212 1354 375 1395 contra
398 1341 678 1398 Faustum.

212 1452 387 1520 Itaque
417 1452 682 1508 occiditur
704 1454 837 1509 Abel
871 1456 1048 1510 minor
1081 1467 1203 1511 natu
1235 1472 1264 1512 a
1298 1459 1464 1516 fratre
1510 1476 1567 1515 m‘
1594 1461 1715 1532 jore

146 1550 293 1596 natu:
323 1542 589 1603 occiditur
610 1543 875 1612 Christus,
907 1557 1065 1614 caput
1096 1548 1277 1616 populi
1309 1551 1529 1605 minoris
1564 1561 1713 1619 natu,

143 1648 169 1685 a
195 1633 381 1701 popqu
403 1632 715 1688 Judaeorum
746 1635 951 1703 majore
977 1648 1123 1691 natu.
1155 1639 1248 1694 Ille
1278 1640 1330 1694 in
1354 1656 1577 1710 campo,
1610 1644 1713 1699 iste

143 1723 190 1776 in
214 1722 471 1778 Calvarize
493 1724 633 1778 loco.
659 1724 955 1794 Interrogat
985 1726 1121 1782 Deus
1143 1727 1298 1794 Cain,
1329 1745 1434 1784 non
1462 1740 1710 1800 tanquam

1822 527 1929 582 huc
1972 540 2229 597 operatur
2271 540 2541 586 terrenam
2589 533 3085 602 circumcisionem,
3133 546 3407 591 terrenum

1822 621 2135 686 sabbatum,
2169 632 2437 678 terrenum
2486 638 2731 695 azymum
2767 666 2782 691 ,
2841 635 3113 681 terrenum
3172 628 3406 696 pascha,

1821 725 1943 780 qua:
1972 711 2148 766 omnis
2177 722 2387 767 terrena
2414 717 2653 783 operatio
2676 716 2834 771 habet
2858 718 3123 772 occultam
3152 719 3405 773 virtutem

1821 802 2191 871 intelligentiae
2220 804 2404 871 gratiae
2454 806 2686 872 Christi,
2719 823 2839 876 qua:
2870 824 2978 861 non
3007 810 3163 863 datur
3204 810 3405 863 Judteis

1820 892 1874 945 in
1926 894 2199 963 impietate
2242 905 2297 949 et
2343 894 2659 952 inﬁdelitate
2717 899 3223 965 perseverantibus,
3277 901 3406 967 quia

1822 982 1976 1038 Novo
2004 982 2352 1039 Testamento
2379 988 2612 1040 revelata
2641 997 2755 1051 est,
2785 1000 2838 1041 et
2865 1004 2969 1042 non
3003 990 3403 1044 transeuntibus

1818 1076 1884 1131 ad
1913 1077 2230 1131 hominum:
2267 1094 2371 1131 non
2401 1080 2479 1132 eis
2507 1079 2746 1132 aufertur
2774 1079 3123 1151 [auferretur]
3154 1082 3399 1135 velamen

1819 1170 1962 1239 quod
1994 1170 2047 1224 in
2088 1171 2319 1226 lectione
2358 1172 2566 1227 Veteris
2594 1173 2920 1227 Testatnenti
2956 1185 3165 1239 manet,
3195 1177 3315 1242 quia
3346 1178 3400 1229 in

1818 1262 1937 1318 solo
1954 1263 2168 1319 Christo
2192 1276 2501 1331 evacuatur,
2535 1281 2639 1320 non
2670 1266 2782 1335 ipsa
2800 1266 2958 1320 lectio
2982 1268 3187 1321 Veteris
3213 1268 3401 1321 Testa-

1817 1358 1984 1413 menti
2023 1374 2142 1427 qua:
2175 1359 2334 1413 habet
2364 1359 2732 1415 absconditam
2786 1360 3036 1414 virtutem
3063 1399 3078 1424 ,
3128 1361 3221 1414 sed
3255 1363 3401 1414 vela-

1819 1465 1940 1504 men
1980 1466 2086 1520 quo
2114 1451 2487 1507 absconditur.
2532 1452 2683 1507 Unde
2712 1452 2925 1506 Christo
2956 1454 3008 1505 in
3030 1468 3189 1508 cruce
3218 1468 3398 1522 passo,

1818 1540 1997 1595 velum
2030 1541 2215 1610 templi
2244 1541 2574 1595 conscissum
2609 1552 2716 1607 est,
2745 1553 2803 1595 ut
2834 1558 2929 1611 per
2963 1542 3158 1596 Christi
3193 1544 3398 1609 passio-

1817 1648 1938 1688 nem
1972 1635 2284 1688 revelentur
2312 1644 2518 1689 secreta
2549 1646 3005 1689 sacramentorum
3036 1635 3310 1699 fidelibus,
3331 1635 3397 1689 ad

1817 1725 2109 1780 bibendum
2137 1726 2255 1794 ejus
2301 1727 2616 1795 sanguinem
2647 1742 2741 1781 ore
2770 1740 2955 1796 aperto
2986 1729 3037 1781 in
3061 1728 3397 1790 confessione

145 1816 381 1885 ignorans
404 1830 529 1869 eum
562 1832 590 1868 a
620 1831 726 1885 quo
754 1816 945 1882 discat,
973 1819 1066 1873 sed
1098 1829 1345 1890 tanquam
1376 1823 1535 1890 judex
1562 1838 1709 1877 reum
1744 1812 1790 1870 B
1820 1817 2247 1870 transeuntibus.
2322 1817 2610 1885 Propterea
2663 1818 2891 1887 p0pulus
2937 1818 3025 1872 ille
3071 1819 3210 1871 sicut
3264 1817 3394 1871 Cain

144 1922 285 1975 quem
333 1908 545 1975 puniat,
591 1908 682 1962 ubi
730 1909 799 1963 sit
857 1908 1023 1964 frater
1072 1910 1208 1979 ejus.
1271 1911 1565 1981 ReSpondit
1622 1915 1712 1969 ille

148 1999 340 2053 nescire
371 2013 457 2063 se,
486 2012 585 2054 nec
609 2000 724 2068 ejus
753 2013 873 2055 esse
904 2015 962 2056 se
999 2002 1297 2058 custodem.
1329 2004 1509 2074 Usque
1539 2006 1714 2061 adhuc

144 2090 252 2156 quid
280 2089 438 2143 nobis
468 2091 794 2159 respondent
820 2092 1013 2158 Judaei,
1040 2108 1158 2147 cum
1193 2108 1286 2149 eos
1313 2095 1405 2149 Dei
1438 2110 1589 2163 voce,
1611 2096 1712 2152 hoc

144 2192 215 2235 est
253 2191 559 2235 sanctarum
591 2182 987 2250 Scripturarum
1036 2192 1169 2258 voce
1213 2187 1602 2257 interrogamus
1646 2189 1713 2242 de

142 2270 365 2337 Christo,
415 2272 521 2325 nisi
575 2273 787 2327 nescire
824 2287 883 2327 se
925 2271 1196 2328 Chrismm
1246 2290 1405 2344 quem
1452 2277 1713 2332 dicimus?

144 2361 307 2415 Fallax
336 2363 485 2418 enim
513 2360 645 2417 Cain
676 2363 938 2432 ignoratio
987 2363 1296 2419 Judaaorum
1339 2377 1420 2422 est
1447 2367 1579 2423 falsa
1606 2384 1702 2425 rte-

144 2456 301 2522 gatio;
329 2462 519 2509 essent
548 2463 727 2509 autem
753 2455 851 2523 ipsi
878 2455 1274 2525 quodammodo
1302 2455 1499 2514 Christi
1534 2470 1714 2515 custo-

141 2548 240 2611 des,
268 2548 308 2599 si
336 2545 702 2601 ChriStianam
734 2546 893 2601 ﬁdem
921 2548 1169 2618 accipere
1197 2561 1249 2605 et
1300 2551 1571 2607 cuswdire
1618 2568 1713 2608 vo-

140 2640 359 2695 luissent.
408 2640 545 2694 Nam
577 2641 667 2709 qui
696 2640 930 2695 custodit
966 2642 1017 2695 in
1056 2642 1222 2696 corde
1265 2657 1366 2697 suo
1408 2643 1705 2709 Christum,

141 2747 232 2786 non
253 2732 372 2787 dicit
412 2731 560 2801 quod
581 2732 709 2786 Cain
733 2749 749 2785 :
778 2732 1023 2802 Nunquid
1050 2748 1151 2804 ego
1180 2744 1361 2789 custos
1388 2749 1506 2789 sum
1531 2736 1711 2791 fratris

140 2823 262 2877 uici?
288 2823 431 2877 Dicit
450 2823 595 2877 Deus
619 2823 685 2877 ad
708 2821 876 2878 Cain:
904 2824 1042 2892 Quid
1066 2823 1277 2880 fecisti?
1302 2824 1415 2886 Vox
1437 2827 1713 2897 sanguinis

140 2918 302 2971 fratris
330 2917 407 2972 tui
443 2917 641 2971 clamat
665 2916 730 2970 ad
758 2933 844 2972 me
866 2917 934 2973 de
963 2926 1127 2973 terra.
1173 2918 1264 2973 Sic
1285 2921 1457 2990 arguit
1486 2921 1537 2975 in
1569 2920 1711 2976 Scri-

140 3009 293 3077 pturis
319 3008 530 3063 sanctis
550 3024 651 3063 vox
695 3008 873 3064 divina
922 3010 1162 3068 Judazos.
1195 3011 1365 3067 Habet
1398 3012 1553 3068 enim
1599 3026 1712 3067 ma-

138 3117 277 3170 gnam
304 3116 496 3156 vocem
531 3101 727 3157 Christi
765 3102 981 3172 sanguis
1019 3102 1073 3157 in
1112 3112 1274 3170 terra,
1299 3120 1421 3158 cum
1458 3118 1523 3159 eo
1555 3119 1709 3160 acce-

1816 1907 1989 1960 adhuc
2015 1916 2271 1973 operatur
2320 1915 2517 1959 terram
2543 1946 2558 1970 ,
2591 1907 2765 1961 adhuc
2795 1916 3012 1962 exercet
3032 1909 3395 1977 Operationent

1817 1997 1950 2068 legis
1975 1998 2287 2061 carnaliter,
2319 2014 2438 2066 quae
2470 2015 2573 2052 non
2603 2000 2652 2053 ei
2677 1999 2767 2052 dat
2796 2002 3045 2053 virtutem
3077 2014 3246 2064 suam,
3270 2001 3394 2067 quia

1821 2088 1873 2142 in
1902 2103 1966 2143 ea
1998 2104 2105 2143 non
2151 2088 2402 2158 intelligit
2428 2088 2653 2157 gratiam
2696 2089 2924 2153 Christi;
2955 2098 3232 2157 propterea
3259 2101 3313 2144 et
3342 2090 3395 2143 in

1816 2180 1929 2249 ipsa
1958 2189 2097 2235 terra
2124 2196 2281 2249 quam
2304 2178 2548 2234 Christus
2579 2179 2825 2248 portavit,
2847 2180 2896 2231 id
2922 2188 3004 2233 est
3024 2180 3075 2233 in
3098 2179 3214 2249 ejus
3235 2195 3396 2235 carne

1815 2272 1918 2341 ipsi
1949 2275 2155 2343 operati
2183 2282 2306 2328 sunt
2328 2272 2554 2326 salutem
2586 2281 2824 2325 nostram
2856 2271 3217 2341 cruciﬁgendo
3240 2272 3395 2326 Chri-

1815 2373 1960 2418 stum
1987 2404 2003 2431 ,
2036 2364 2123 2431 qui
2175 2373 2419 2417 mOrtuus
2459 2374 2541 2417 est
2580 2372 2798 2433 propter
2827 2362 3020 2418 delicta
3052 2374 3254 2417 nostra.
3286 2363 3395 2417 Nec

1814 2462 1894 2517 eis
1920 2461 2063 2516 dedit
2086 2462 2271 2516 eadem
2304 2472 2443 2516 terra
2471 2462 2723 2515 virtutem
2755 2475 2928 2527 suam,
2955 2458 3077 2528 quia
3103 2474 3207 2511 non
3234 2457 3393 2525 justi-

1814 2554 1955 2608 ﬁcati
1987 2563 2116 2609 sunt
2144 2556 2342 2611 virtute
2372 2556 2778 2610 resurrectionis
2808 2555 2944 2622 ejus,
2972 2555 3062 2622 qui
3105 2551 3394 2607 resurrexit

1816 2655 2035 2714 prepter
2058 2646 2498 2713 justiticationem
2530 2655 2789 2701 nostram.
2821 2646 2951 2710 Quia
2976 2644 3076 2699 etsi
3106 2643 3393 2697 cruciﬁxus

1813 2744 1898 2790 est
1927 2738 1978 2790 in
2012 2737 2341 2805 infirmitate,
2373 2738 2467 2792 sed
2497 2738 2634 2791 vivit
2659 2737 2711 2791 in
2743 2737 2939 2791 virtute
2964 2734 3077 2801 Dei,
3106 2736 3243 2790 sicut
3270 2733 3394 2791 dicit
3460 2746 3461 2749 ‘

1815 2827 2128 2897 Apostolus.
2155 2828 2279 2882 llec
2307 2843 2436 2898 ergo
2463 2840 2544 2883 est
2570 2830 2737 2882 virtus
2760 2838 2913 2883 terra:
2936 2822 3077 2881 illius
3098 2840 3255 2896 quam
3289 2841 3393 2878 non

1822 2921 2061 2973 ostendit
2104 2919 2284 2987 impiis
2333 2930 2386 2973 et
2434 2919 2751 2985 incredulis,
2784 2920 2926 2974 unde
2969 2931 3069 2972 nec
3110 2930 3393 2985 resurgens

1814 3011 1894 3066 eis
1918 3025 1947 3065 a
1973 3011 2169 3081 quibus
2198 3020 2315 3066 erat
2340 3011 2628 3066 cruciﬁxus
2653 3012 2902 3081 apparuit
2926 3052 2939 3076 ,
2975 3020 3226 3079 tanquam
3259 3008 3391 3064 Cain

1814 3106 2057 3173 aperanti
2086 3113 2317 3171 terram,
2362 3115 2420 3159 ut
2456 3120 2676 3175 granum
2718 3104 2846 3159 illud
2872 3105 3248 3171 seminaretur,
3286 3118 3392 3156 non

140 3204 218 3261 pto
244 3193 307 3247 ab
334 3194 590 3248 omnibus
611 3193 861 3263 gentibus
889 3196 1244 3262 respondetur
1264 3197 1458 3251 Amen.
1490 3197 1613 3251 Haec
1627 3206 1710 3253 est
1735 3180 1781 3243 (Ζ
1813 3193 2105 3249 ostendens
2131 3195 2320 3250 eadem
2370 3204 2509 3250 terra
2540 3196 2768 3251 fructum
2822 3195 3039 3248 virtutis
3081 3208 3213 3248 sum.
3245 3194 3391 3261 Quo-

141 3287 267 3339 clara
320 3300 431 3339 vox
488 3286 788 3354 sanguinis,
825 3300 986 3354 quam
1037 3290 1257 3357 sanguis
1298 3290 1414 3357 ipse
1452 3290 1711 3359 exprimit

144 3391 199 3430 ex
223 3393 310 3432 ore
338 3377 583 3433 ﬁdelium
608 3379 798 3433 eodem
829 3380 1091 3449 sanguine
1118 3381 1538 3450 redemptorum.
1573 3382 1711 3438 Dicit

142 3467 263 3523 Deus
289 3469 353 3524 ad
384 3469 554 3524 Cain:
589 3469 653 3524 Et
682 3484 825 3526 nunc
866 3472 1187 3527 maledictus
1229 3482 1283 3527 tu
1324 3487 1355 3526 a
1400 3482 1539 3528 terra
1589 3489 1711 3546 qua

144 3564 334 3630 aperuit
359 3579 428 3619 os
468 3579 626 3618 suum
676 3566 920 3635 accipere
957 3566 1270 3637 sanguinem
1309 3568 1492 3624 fratris
1528 3569 1605 3623 tui
1643 3569 1713 3624 de

141 3665 280 3707 manu
304 3664 418 3720 tua,
448 3655 702 3723 quoniam
731 3655 1044 3723 operaberis
1075 3666 1303 3725 terram,
1337 3667 1393 3714 et
1424 3674 1528 3714 non
1572 3658 1708 3729 adji-

141 3744 234 3797 ciet
253 3747 512 3801 virtutem
543 3762 697 3801 suam
720 3746 849 3802 dare
878 3747 1006 3802 tibi:
1030 3763 1251 3818 gemens
1272 3759 1326 3804 et
1344 3759 1579 3806 tremens
1601 3751 1709 3807 eris

140 3833 368 3891 interra.
404 3837 524 3892 Non
566 3836 701 3891 dixit
729 3838 1010 3894 maledicta
1049 3848 1212 3903 terra,
1260 3841 1355 3895 sed
1394 3840 1710 3895 maledictus

140 3935 187 3977 tu
208 3939 235 3977 a
264 3938 430 3992 terra,
460 3943 580 3997 quae
610 3929 821 3996 aperuit
846 3944 906 3983 os
939 3945 1091 3984 suum
1137 3931 1384 3999 excipere
1416 3930 1709 4003 [accipere]

139 4017 436 4085 sanguinem
470 4019 652 4074 fratris
686 4020 759 4073 tui
786 4022 852 4073 de
884 4036 1042 4075 manu
1076 4029 1187 4075 tua.
1220 4022 1531 4076 Maledictus
1562 4024 1705 4076 enim

135 4119 209 4159 est
257 4111 485 4179 populus
540 4110 792 4166 Judaicus
846 4112 1078 4168 inﬁdelis
1126 4129 1154 4166 a
1218 4122 1380 4179 terra,
1423 4115 1472 4167 id
1514 4122 1599 4169 est
1641 4114 1709 4168 ab

138 4196 379 4269 Ecclesia,
406 4218 527 4272 qua:
553 4204 765 4271 aperuit
808 4218 869 4258 os
908 4218 1064 4259 suum
1112 4205 1163 4258 in
1200 4204 1539 4260 confessione
1588 4218 1712 4272 pec-

134 4300 358 4345 satorum
414 4294 665 4372 accipere
742 4294 1055 4363 sanguinem
1131 4292 1354 4361 Christi,
1422 4295 1514 4365 qui
1560 4295 1708 4349 fusus

131 4390 205 4433 cst
251 4382 301 4437 in
362 4385 743 4440 remissionem
786 4396 1127 4456 peccatorum
1176 4386 1245 4441 de
1303 4402 1464 4441 manu
1526 4402 1711 4457 perse-

128 4479 335 4541 cutoris,
366 4479 606 4534 nolentis
653 4494 775 4535 esse
802 4480 903 4536 sub
943 4482 1134 4551 gratia,
1183 4480 1279 4535 sed
1323 4482 1423 4537 sub
1468 4482 1605 4551 lege,
1651 4490 1708 4535 ut

1814 3287 1957 3341 niam
1979 3289 2309 3357 operaberis,
2335 3289 2528 3357 inquit,
2555 3296 2773 3355 terram,
2791 3298 2845 3343 et
2868 3302 2972 3341 non
2994 3286 3210 3355 adjiciet
3230 3287 3393 3339 virtu~

1814 3387 1923 3433 tem
1948 3392 2098 3433 suam
2125 3379 2256 3434 dare
2284 3378 2411 3445 tibi;
2434 3392 2653 3449 gemens
2681 3388 2734 3434 et
2762 3388 2995 3433 tremens
3019 3377 3129 3431 eris
3155 3376 3206 3430 in
3231 3385 3393 3431 terra.

1810 3469 1964 3526 Nunc
1990 3484 2117 3527 ecce
2146 3471 2267 3541 quis
2287 3485 2397 3526 non
2425 3471 2623 3537 videat,
2648 3471 2768 3541 quis
2790 3484 2893 3523 non
2921 3477 3175 3538 agnoscat
3202 3470 3254 3522 in
3281 3477 3391 3522 tota

1811 3570 1957 3617 terra
1984 3574 2304 3632 quacunque
2325 3561 2607 3631 dispersus
2633 3570 2717 3616 est
2746 3559 2839 3615 ille
2869 3558 3097 3630 populus
3118 3559 3394 3630 quomodo

1811 3660 1995 3721 gemat
2038 3666 2276 3708 mmrore
2319 3651 2507 3707 amissi
2536 3652 2707 3721 regni,
2736 3659 2791 3705 et
2820 3659 3015 3706 tremat
3060 3651 3254 3706 timore
3290 3649 3393 3705 sub

1816 3741 2297 3798 innumerabiiibns
2349 3740 2559 3810 populis
2623 3740 2984 3795 Christianis?
3033 3739 3264 3809 Ideoque
3308 3753 3395 3795 re-

1817 3834 2035 3902 spondit
2060 3832 2192 3888 Cain
2221 3841 2277 3887 et
2300 3832 2468 3886 dixit:
2498 3831 2667 3900 Major
2689 3840 2775 3885 est
2801 3845 2962 3885 causa
2993 3845 3110 3885 mea
3132 3846 3146 3895 ;
3168 3829 3217 3884 si
3244 3829 3396 3897 ejicis

1813 3937 1901 3978 me
1931 3922 2093 3979 hodie
2120 3936 2150 3975 a
2180 3922 2312 3976 facie
2341 3930 2523 3990 terras,
2554 3928 2612 3975 et
2636 3934 2666 3972 a
2706 3919 2842 3974 facie
2872 3929 2960 3972 tua
2986 3918 3309 3983 abscondar,
3339 3928 3396 3973 et

1810 4029 1905 4069 ero
1932 4026 2153 4082 gemens
2178 4021 2235 4067 et
2263 4020 2500 4068 tremens
2525 4026 2687 4081 super
2716 4018 2943 4076 terram,
2976 4020 3028 4064 et
3056 4011 3189 4076 erit,
3217 4011 3394 4064 omnis

1812 4104 1903 4174 qui
1926 4104 2193 4158 invenerit
2223 4117 2331 4171 me,
2357 4102 2567 4157 occidet
2593 4117 2697 4157 me.
2732 4100 3004 4156 Vereinde
3024 4100 3188 4171 gemit
3213 4111 3266 4154 et
3288 4109 3397 4155 tre-

1813 4196 1913 4250 mit
1943 4210 2016 4250 ne
2043 4234 2061 4261 ,
2090 4208 2257 4264 regno
2296 4195 2458 4249 etiam
2508 4204 2723 4249 terreno
2768 4192 3009 4262 perdito,
3057 4193 3156 4246 ista
3193 4190 3391 4247 visibili

1813 4296 1990 4341 morte
2014 4283 2316 4340 occidatur.
2348 4283 2498 4338 Hanc
2524 4283 2655 4337 dicit
2685 4282 2942 4352 majorem
2970 4295 3206 4345 causam,
3230 4294 3391 4350 quam

1814 4380 1959 4436 illam
1984 4377 2125 4448 quod
2151 4379 2201 4433 ei
2230 4385 2370 4433 terra
2414 4392 2521 4433 non
2551 4377 2643 4432 dat
2667 4377 2915 4432 virtutem
2947 4392 3096 4431 suam
3122 4418 3138 4443 ,
3171 4391 3240 4432 ne
3279 4375 3393 4445 spi-

1814 4475 2043 4530 ri'aliter
2088 4475 2349 4530 moriatur
2409 4491 2423 4527 :
2468 4473 2758 4529 carnaliter
2788 4474 2932 4527 enim
2987 4472 3147 4540 sapit,
3197 4480 3252 4526 et
3297 4470 3392 4524 ab-

128 4582 262 4623 esset
300 4572 371 4625 ab
419 4571 663 4627 Ecclesia
697 4546 1035 4638 maledictus,
1072 4571 1122 4627 id
1160 4582 1245 4627 est
1290 4581 1348 4627 ut
1375 4588 1497 4628 eum
1521 4546 1704 4627 vintel-
1736 4546 1789 4608 D
1813 4565 2003 4620 scondi
2028 4582 2058 4619 a
2088 4565 2224 4621 facie
2247 4565 2358 4634 Dei,
2382 4565 2435 4620 id
2460 4574 2545 4620 est
2568 4565 2762 4620 iratum
2788 4564 2986 4619 habere
3019 4563 3205 4627 Deum,
3233 4577 3395 4633 grave

125 4661 304 4731 figeret
346 4672 405 4718 et
444 4662 752 4717 ostenderet
801 4662 1037 4717 Ecclesia
1083 4663 1460 4730 maledictum,
1494 4661 1707 4717 dicente

127 4754 432 4817 Apostolo:
507 4753 819 4822 Quicunque
890 4755 1032 4807 enim
1106 4768 1176 4809 ex
1251 4755 1503 4823 Operibus
1570 4754 1705 4824 legis

124 4853 234 4894 sunt
294 4842 402 4896 sub
448 4842 886 4919 maledictosunt
930 4845 1087 4913 legis.
1138 4844 1339 4899 Deinde
1369 4860 1491 4900 cum
1540 4844 1708 4899 dixis-

125 4940 222 4983 set:
272 4931 595 4986 Maledictus
638 4940 692 4985 tu
737 4946 765 4985 a
795 4942 937 4987 terra
961 4948 1079 5000 qua:
1097 4936 1304 5003 aperuit
1336 4950 1399 4989 os
1427 4949 1581 4990 suum
1616 4950 1706 4991 ac-

120 5020 288 5087 cipere
323 5021 645 5091 sanguinem
674 5021 853 5077 fratris
882 5022 955 5076 tui
984 5022 1053 5077 de
1082 5038 1242 5079 manu
1268 5034 1379 5090 tua,
1407 5041 1513 5080 non
1535 5026 1702 5081 dixit:

120 5109 376 5173 Quoniam
407 5112 721 5179 operaberis
750 5126 890 5177 eam,
911 5111 1006 5167 sed
1033 5113 1135 5166 ait:
1161 5114 1423 5182 Quoniam
1445 5116 1708 5185 operabe-

116 5200 185 5251 ris
213 5211 449 5267 terram,
481 5211 536 5255 et
565 5215 670 5256 non
694 5200 911 5271 adjiciet
940 5203 1188 5258 virtutem
1224 5218 1376 5257 suam
1406 5204 1535 5260 dare
1586 5207 1703 5263 tibi.

114 5292 209 5363 47
242 5294 402 5350 Unde
430 5310 536 5348 non
561 5304 644 5348 est
674 5309 897 5350 necesse
917 5297 1161 5351 eamdem
1180 5305 1375 5351 terram
1399 5298 1701 5369 intelligere

114 5385 322 5451 operari
351 5383 486 5439 Cain
517 5400 638 5454 quae
683 5386 892 5454 aperuit
924 5401 984 5441 os
1013 5403 1166 5443 suum
1199 5388 1445 5457 accipere
1482 5391 1701 5459 sangui-

116 5492 229 5532 nem
262 5476 452 5531 fratris
482 5478 549 5532 de
580 5493 741 5534 manu
772 5476 906 5547 ejus.
940 5479 1045 5534 Sed
1100 5470 1223 5535 ideo
1265 5478 1581 5534 maledictus
1622 5480 1705 5533 in-

112 5573 372 5641 telligitur
416 5572 484 5626 ab
537 5570 637 5626 hac
679 5580 860 5637 terra,
895 5573 1144 5642 quoniam
1194 5588 1446 5644 operatur
1496 5587 1699 5631 terram

111 5675 220 5727 qua:
262 5676 378 5715 non
422 5660 704 5733 [nondum]
735 5661 953 5731 adjiciet
983 5664 1232 5718 virtutem
1263 5679 1411 5719 suam
1442 5666 1570 5720 dare
1595 5667 1696 5721 illi.

108 5750 157 5806 ld
187 5763 303 5819 est,
338 5755 465 5810 ideo
495 5758 750 5825 populum
798 5755 1107 5811 Judxorutn
1160 5759 1497 5821 maledictum
1530 5774 1693 5830 agno-

1814 4671 1922 4711 non
1946 4665 2120 4726 putat.
2151 4657 2254 4711 nisi
2277 4671 2345 4711 ne
2377 4658 2675 4713 inveniatur
2694 4666 2747 4712 et
2773 4657 3066 4711 occidatur.
3094 4653 3395 4710 Carualiter

1808 4746 1951 4800 enim
1977 4744 2118 4814 sapit
2148 4753 2397 4814 tanquam
2441 4759 2672 4815 operans
2719 4755 2915 4800 terram
2956 4744 3109 4813 cujus
3136 4745 3387 4799 virtutetn

1814 4851 1920 4891 non
1968 4836 2184 4906 accipit.
2216 4836 2418 4905 Sapere
2447 4842 2626 4890 autem
2677 4835 2971 4890 secundum
3002 4850 3220 4891 carnem
3250 4848 3395 4889 mors

1810 4937 1911 4994 est,
1943 4943 2104 4999 quam
2133 4929 2223 4983 ille
2264 4943 2373 4983 non
2406 4927 2711 4998 intelligens
2732 4968 2747 4990 ,
2778 4927 2977 4981 amisso
3006 4942 3172 4997 regno
3194 4929 3395 4997 gemit,

1814 5030 1869 5075 et
1890 5020 2228 5089 corporalem
2260 5030 2487 5075 mortem
2518 5019 2718 5075 tremit.
2746 5018 2854 5075 Sed
2882 5018 3011 5088 quid
3040 5019 3088 5073 ei
3118 5018 3398 5087 respondit

1816 5112 1991 5167 Deus?
2019 5112 2135 5166 Non
2172 5112 2274 5176 sic,
2308 5112 2499 5181 inquit,
2532 5110 2707 5166 onmis
2729 5111 2820 5181 qui
2849 5111 3107 5167 occiderit
3133 5110 3263 5165 Cain
3304 5127 3393 5164 se-

1813 5216 1955 5273 ptem
1979 5205 2237 5259 vindictas
2248 5205 2508 5270 exsolvet,
2539 5203 2591 5258 id
2614 5213 2695 5257 est
2721 5220 2827 5258 non
2849 5205 2930 5261 sic
2943 5204 3212 5274 quomodo
3232 5203 3391 5268 dicis,

1811 5312 1916 5353 non
1948 5298 2219 5367 corporali
2260 5306 2435 5352 morte
2463 5297 2701 5352 interibit
2726 5312 2897 5367 genus
2939 5298 3159 5366 impium
3201 5311 3393 5349 carna-

1809 5388 1939 5443 lium
1970 5387 2277 5442 Judteorum
2311 5402 2326 5441 :
2352 5387 2655 5458 quicunque
2682 5390 2829 5443 enim
2859 5404 2954 5443 eos
2983 5390 3050 5442 ita
3073 5386 3387 5455 perdiderit,

1810 5490 2017 5548 septem
2062 5478 2325 5534 vindictas
2365 5480 2649 5547 exsolvet,
2701 5478 2753 5533 id
2801 5489 2924 5543 est,
2954 5477 3158 5531 auferet
3202 5475 3270 5529 ab
3310 5475 3390 5529 eis

1810 5583 2017 5639 septem
2048 5570 2308 5626 vindictas
2358 5572 2552 5641 quibus
2582 5571 2779 5641 alligati
2828 5578 2950 5623 sunt
2999 5576 3215 5637 propter
3266 5581 3390 5620 rea-

1808 5671 1919 5716 tum
1946 5662 2111 5717 occisi
2137 5661 2378 5730 Christi,
2406 5672 2465 5717 ut
2496 5663 2599 5717 hoc
2630 5672 2741 5715 toto
2771 5669 3010 5728 tempore
3037 5659 3176 5727 quod
3208 5670 3388 5728 septe-

1808 5759 1958 5812 nario
1978 5756 2185 5812 dierum
2216 5770 2442 5813 numero
2468 5754 2696 5811 volvitur
2713 5791 2729 5819 ,
2755 5751 2921 5821 magis
2943 5752 3067 5822 quia
3089 5765 3195 5805 non
3222 5750 3385 5815 inter.
