3990 6180
563 233 660 286 671

1629 227 1690 279 D.
1717 223 2033 280 EUGYPPII
2063 222 2350 280 ABBATIS
2380 222 2704 279 AFRICANI

3719 228 3814 283 67%

559 350 600 403 it
643 363 774 415 gens
802 346 1017 413 Judma,
1044 347 1173 400 satis
1215 352 1466 414 appareat
1516 341 1764 397 lidelibus
1811 342 2135 398 Christianis
2166 346 2216 404 Α
2246 341 2303 394 lit
2333 342 2601 409 particeps
2631 341 2884 410 profanus
2913 348 3004 395 aut
3031 339 3259 411 quilibet
3289 356 3448 410 quem
3480 339 3564 398 fas
3609 358 3713 398 non
3739 359 3815 401 est

559 450 722 506 quam
755 437 1142 504 subiectionem
1189 441 1499 490 meruerunt
1524 431 1862 506 [meruerint]
1906 434 1993 502 qui
2041 448 2136 487 su-

563 530 730 597 perbo
755 545 919 598 regno
941 529 1223 582 Dominum
1259 525 1662 581 interfecerunt.
1694 526 1762 580 Et
1787 527 1966 596 posuit
1996 526 2140 580 Deus

560 624 616 675 in
649 623 779 674 Cain
808 623 1035 689 signum,
1061 635 1128 674 ne
1158 636 1279 674 eum
1308 621 1514 674 occidat
1542 621 1717 675 omnis
1743 621 1829 689 qui
1855 621 2136 674 invenerit.

561 713 673 765 lloc
721 726 908 765 revera
955 711 1178 764 multum
1247 712 1493 766 mirabile
1555 722 1638 766 est
1684 715 2134 782 quemadmodum

559 821 748 858 omnes
773 815 958 873 gentes
998 821 1118 873 qua:
1146 821 1175 859 a
1209 806 1464 860 Romanis
1490 807 1782 876 subiugata
1811 820 1934 864 sunt
1971 813 2023 864 in
2068 812 2141 867 ri-

558 906 667 949 tum
697 897 1056 952 ltomanorum
1083 913 1360 952 sacrorum
1394 899 1725 962 transierint,
1762 915 1933 969 eaque
1963 903 2136 956 sacri—

557 988 692 1056 legia
722 989 1053 1043 observanda
1081 1000 1132 1045 et
1159 991 1475 1056 celebranda
1507 993 1862 1061 susceperint,
1889 1009 2018 1062 gens
2042 1013 2135 1052 auc

559 1088 666 1132 tem
694 1080 901 1146 Judzea,
931 1081 1045 1134 sive
1073 1081 1172 1134 sub
1197 1080 1416 1149 paganis
1446 1082 1677 1149 regibus,
1712 1082 1826 1136 sive
1852 1085 1952 1139 sub
1979 1085 2135 1142 Chri-

555 1171 766 1236 stianis,
801 1187 906 1225 non
929 1172 1171 1226 amiserit
1193 1173 1402 1241 signum
1430 1173 1562 1241 legis
1588 1187 1699 1228 sua:
1724 1190 1830 1244 quo
1855 1191 1882 1228 a
1925 1182 2135 1238 caeteris

559 1262 806 1329 gentibus
829 1262 1144 1332 populisque
1173 1263 1514 1332 distinguitur
1539 1306 1553 1328 ,
1585 1273 1640 1318 et
1681 1267 1859 1322 omnis
1891 1269 2132 1338 impera-

555 1359 642 1403 tor
673 1352 751 1404 vel
782 1366 874 1404 rex
899 1355 988 1420 qui
1019 1367 1113 1406 eos
1135 1352 1186 1405 in
1217 1368 1380 1420 regno
1401 1369 1499 1406 suo
1522 1353 1742 1419 invenit,
1771 1372 1891 1410 cum
1917 1360 2032 1427 ipso
2055 1363 2132 1416 si-

553 1455 660 1508 gno
690 1455 782 1495 eos
812 1441 1016 1495 invenit
1046 1457 1144 1496 nec
1173 1443 1363 1496 occidit
1383 1485 1396 1508 ,
1432 1443 1481 1496 id
1511 1455 1589 1496 est
1617 1459 1720 1498 non
1751 1446 1912 1501 efficit
1940 1459 1997 1503 ut
2027 1466 2131 1506 non

552 1531 664 1586 sint
703 1530 873 1584 Judaei
900 1549 913 1585 :
943 1542 1090 1586 certo
1133 1533 1362 1602 quodam
1394 1544 1446 1588 et
1478 1537 1693 1604 proprio
1721 1551 1830 1592 siue
1880 1541 2134 1595 observa-

555 1623 711 1678 tionis
741 1624 894 1692 signo
921 1639 949 1677 a
979 1635 1295 1679 eteterarum
1339 1627 1576 1694 gentium
1608 1633 1990 1688 communione
2017 1634 2131 1690 dis-

2243 431 2380 486 fieri.
2416 434 2470 488 In
2501 448 2608 502 quo
2635 442 2811 488 autem
2844 434 3036 488 borum
3063 433 3172 487 Deo
3198 433 3678 502 displicueritCain
3699 479 3714 502 ,
3747 440 3815 492 fa-

2239 521 2339 576 cile
2367 537 2474 576 non
2503 532 2678 591 potest
2699 523 3057 588 inveniri,sed
3079 523 3582 593 quoniamloatmes
3609 540 3815 595 apesto-

2240 613 2322 667 lus
2346 628 2466 667 cum
2491 614 2558 668 de
2588 615 2671 669 his
2695 616 2946 670 fratribus
2973 616 3322 685 loqueretur:
3352 616 3466 671 Non
3496 616 3635 672 sicut
3664 619 3813 683 Cain,

2241 707 2434 775 inquit,
2467 708 2556 776 qui
2582 723 2647 762 ex
2675 709 2908 777 maligno
2939 716 3057 762 erat
3084 717 3139 762 et
3166 708 3364 763 occidit
3394 709 3612 764 fratrem
3639 723 3816 774 suum,

2239 807 2293 851 et
2322 799 2472 866 cujus
2504 800 2579 854 rei
2608 802 2775 869 gratia
2822 800 3048 866 occidit,
3080 799 3202 869 quia
3227 815 3389 868 Opera
3423 801 3566 854 illius
3591 801 3814 868 maligna

2238 887 2481 955 fuerunt,
2533 888 2709 944 fratris
2754 900 2930 945 autem
2977 890 3095 958 ejus
3139 890 3320 958 iusta,
3369 891 3527 944 datur
3594 892 3814 960 intelligi

2239 992 2520 1050 prepterea
2554 985 2716 1038 Deum
2749 999 2855 1038 non
2885 982 3186 1053 respexisse
3214 983 3264 1038 in
3297 999 3491 1037 munus
3525 983 3665 1052 ejus,
3697 989 3814 1052 quia

2239 1071 2341 1126 hoc
2383 1073 2499 1141 ipso
2529 1075 2668 1128 male
2720 1074 3029 1140 dividebat,
3079 1075 3212 1128 dans
3245 1075 3353 1129 Deo
3383 1077 3581 1146 aliquid
3634 1090 3810 1142 suum,

2238 1162 2336 1216 sibi
2368 1172 2578 1228 autem,
2612 1165 2846 1231 seipsum
2868 1205 2882 1229 ,
2923 1165 3064 1235 quod
3093 1181 3282 1220 omnes
3314 1167 3436 1220 facti
3485 1177 3610 1224 sunt
3652 1167 3698 1235 if
3729 1183 3816 1220 ce-

2235 1252 2380 1323 ruut]
2409 1257 2496 1323 qui
2530 1271 2635 1310 non
2666 1257 2780 1322 Dei,
2803 1257 2896 1312 sed
2921 1273 3070 1311 suam
3093 1267 3361 1312 sectantes
3385 1261 3737 1323 voluntatem,
3768 1259 3814 1313 id

2235 1351 2319 1396 est
2349 1343 2458 1415 48
2488 1361 2594 1398 non
2625 1356 2772 1401 recto
2794 1347 2887 1401 sed
2921 1363 3176 1415 perverso
3197 1349 3360 1404 corde
3387 1351 3627 1404 viventes
3645 1393 3658 1412 ,
3688 1350 3818 1404 offe-

2235 1447 2358 1489 runt
2408 1447 2582 1492 tamen
2612 1438 2723 1493 Deo
2751 1454 2944 1494 munus
2973 1454 3079 1510 quo
3112 1449 3295 1508 putant
3323 1457 3443 1494 cum
3485 1443 3676 1496 redimi
3703 1482 3720 1505 ,
3764 1451 3820 1496 ut

2233 1541 2419 1580 eorum
2451 1543 2554 1583 non
2585 1531 2876 1599 opituletur
2899 1534 3154 1586 sanaudis
3199 1535 3380 1602 pravis
3409 1535 3817 1604 cupiditatibus,

2234 1620 2326 1672 sed
2350 1619 2645 1687 explendis.
2675 1622 2741 1676 Et
2777 1625 2876 1678 hoc
2903 1634 2987 1679 est
3019 1634 3244 1681 terrena:
3277 1627 3548 1695 proprium
3584 1628 3819 1683 civitatis

553 1713 720 1777 ereti,
749 1714 850 1769 nisi
880 1715 1177 1782 quicunque
1208 1733 1394 1770 eorum
1425 1719 1491 1771 ad
1522 1719 1790 1774 Christum
1825 1726 2125 1793 transierit,
2163 1706 2210 1764 Β
2238 1707 2401 1763 Deum
2449 1712 2528 1766 Vel
2560 1713 2690 1768 deos
2718 1714 2896 1770 001⁸Γο
2949 1732 2961 1768 ε
3001 1716 3194 1786 ευίὺυε
3223 1717 3602 1786 adlu‘amiblls
3632 1731 3819 1789 "38m"

552 1807 735 1875 utiam
781 1822 885 1861 non
919 1809 1221 1861 inveniatur
1247 1809 1400 1872 Cain,
1435 1825 1533 1864 nee
1571 1821 1727 1866 exeat
1755 1828 1783 1866 a
1817 1815 1950 1869 faeie
1992 1815 2126 1884 Dei,

550 1913 653 1952 nec
683 1898 886 1953 habitet
915 1900 968 1953 in
1011 1908 1150 1953 terra
1183 1899 1365 1966 Naim;
1396 1902 1536 1970 quod
1565 1903 1759 1957 dicitur
1787 1905 2128 1976 interpretari

556 1988 886 2052 commotio,
938 1999 1128 2045 contra
1173 2006 1244 2060 qu
1281 1991 1314 2044 d
1365 1993 1561 2046 malum
1619 1995 1757 2049 Deus
1807 2007 2026 2067 rogatur
2075 2001 2127 2056 in

550 2075 794 2131 Psalmo:
827 2077 903 2132 Ne
927 2079 1139 2134 dederis
1163 2081 1213 2133 in
1242 2092 1442 2135 motum
1474 2083 1634 2152 pedes
1658 2101 1828 2152 meos,
1859 2099 1913 2143 et
1938 2105 2129 2147 manus

551 2176 889 2237 peccatorum
918 2184 1024 2223 non
1055 2181 1300 2226 moveant
1331 2188 1436 2227 me.

1135 2307 1359 2363 CAPUT
1401 2309 1534 2364 LIX.

549 2395 700 2458 Quod
725 2395 938 2449 diversis
981 2398 1150 2475 modis
1177 2402 1330 2475 possit
1374 2403 1627 2467 intelligi:
1661 2405 1723 2458 Si
1753 2417 1883 2461 recte
1914 2408 2124 2475 o/feras,

618 2475 748 2543 recte
772 2476 940 2587 athein
968 2485 1068 2521 non
1097 2470 1318 2534 dividas,
1351 2476 1588 2541 peccasti,
1621 2491 1684 2528 ex
1709 2478 1836 2530 libro
1863 2470 2016 2533 xvvde
2042 2470 2126 2536 Ci;

623 2545 780 2587 vitate
863 2554 926 2587 (1.

623 2545 780 2587 vitate
811 2545 872 2587 Ut
889 2545 926 2589 1.

612 2627 746 2685 Cum
777 2630 920 2684 Deus
949 2633 1156 2688 locutus
1185 2645 1266 2690 est
1296 2635 1360 2689 ad
1402 2636 1532 2692 Cain
1573 2654 1638 2693 eo
1669 2655 1820 2696 more
1850 2656 1953 2710 quo
2002 2657 2124 2698 cum

551 2719 738 2788 primis
788 2721 1092 2777 hominibus
1135 2741 1226 2792 per
1269 2737 1569 2782 eieatnram
1619 2731 1916 2799 subiectam
1980 2733 2126 2788 velut

547 2826 736 2866 eorum
767 2815 946 2868 socius
976 2814 1146 2868 forma
1164 2832 1396 2888 congrua
1426 2819 1764 2888 loquebatur,
1794 2822 1919 2890 quid
1942 2824 1990 2878 ei
2013 2839 2127 2892 pro-

544 2902 682 2956 fuit?
729 2904 918 2959 Nonne
965 2918 1282 2975 conceptum
1329 2911 1503 2965 scelus
1556 2913 1607 2966 in
1663 2915 1904 2968 necando
1959 2916 2125 2972 fratre

541 2998 703 3047 etiam
752 3004 870 3062 post
900 2998 1123 3051 verbum
1171 2999 1367 3055 divina:
1419 3001 1803 3057 admonitionis
1853 3005 2122 3074 implevit?

542 3083 672 3138 Nam
703 3100 824 3138 cum
855 3088 1119 3143 sacrificia
1149 3091 1494 3146 discrevisset
1521 3093 1829 3159 amborum,
1880 3097 1930 3150 in
1975 3097 2115 3152 illius

542 3177 856 3243 respiciens,
891 3177 1048 3246 hujus
1088 3181 1584 3251 despiciens,quod
1633 3199 1737 3239 non
1765 3187 2113 3244 dubitandum

540 3279 627 3322 est
657 3272 890 3334 potuisse
913 3272 1162 3338 cognosci
1187 3274 1339 3342 signo
1381 3275 1561 3342 aliquo
1589 3285 1876 3332 attestante
1898 3279 2114 3346 visibili,

540 3370 593 3412 et
623 3360 721 3413 Ιιοε
751 3360 871 3413 ideo
902 3360 1114 3415 fecisset
1142 3363 1280 3416 Deus
1301 3365 1424 3432 quia
1449 3366 1584 3418 ntala
1608 3379 1756 3421 erant
1787 3384 1946 3436 opera
1975 3373 2110 3437 ejus,

539 3447 721 3500 fratris
752 3462 874 3500 vero
904 3448 1020 3516 ejus
1049 3449 1186 3504 bona
1205 3491 1222 3514 ,
1274 3454 1620 3510 contristatus
1649 3466 1731 3510 est
1759 3457 1891 3512 Cain
1923 3459 2076 3514 valde
2095 3501 2112 3526 ,

538 3549 598 3592 et
615 3539 847 3592 concidit
869 3539 1030 3594 facies
1043 3541 1175 3610 ejus.
1198 3543 1286 3598 Sic
1307 3545 1449 3598 enim
1475 3549 1729 3616 scriptum
1754 3560 1865 3604 est:
1890 3553 1954 3606 Et
1974 3555 2115 3608 dixit

540 3629 683 3682 Deus
711 3629 778 3683 ad
809 3628 936 3684 Cain
972 3647 985 3682 :
1013 3631 1188 3698 Quare
1211 3634 1378 3688 tristis
1400 3636 1570 3692 factus
1601 3653 1690 3703 es,
1725 3651 1776 3696 et
1801 3659 1966 3709 quare
1986 3660 2115 3700 eon-

538 3722 668 3776 cidit
696 3723 860 3776 facies
891 3731 978 3776 tua
1001 3725 1024 3777 ?
1052 3725 1240 3782 Nonne
1268 3729 1313 3782 si
1340 3739 1484 3783 recte
1511 3731 1726 3801 ofleras,
1761 3747 1902 3790 recte
1931 3748 2112 3794 autem

539 3828 644 3867 non
675 3812 884 3866 dividas
905 3857 921 3880 ,
958 3819 1185 3882 peccasti
1213 3819 1234 3870 ?
1261 3819 1476 3886 quiesce
1498 3861 1514 3885 ,
1547 3823 1610 3874 ad
1642 3836 1691 3878 te
1719 3826 1860 3878 enim
1890 3841 2116 3883 conver-

539 3906 621 3960 sio
644 3907 760 3973 ejus
780 3949 796 3975 ,
822 3918 870 3960 et
907 3916 960 3961 tu
987 3907 1526 3968 dominaberisillius.
1558 3916 1610 3968 In
1627 3915 1726 3971 hac
1751 3919 2113 3978 admonitione

535 3998 619 4052 vel
645 3999 848 4051 monitu
870 4014 1026 4067 quem
1061 3999 1202 4056 Deus
1226 4004 1445 4070 protulit
1466 4006 1531 4059 ad
1559 4007 1714 4072 Cain,
1747 4009 1872 4064 illud
1899 4013 2113 4081 quidem

533 4088 678 4157 quod
708 4089 908 4143 dictum
940 4101 1050 4156 εει,
1082 4111 1098 4142 ‹
1121 4091 1306 4148 Nonne
1335 4095 1380 4148 si
1412 4108 1558 4152 recte
1587 4100 1809 4168 offeras,
1846 4115 1992 4158 recte
2019 4121 2114 4157 an-

537 4192 642 4237 tem
675 4197 780 4236 non
811 4183 1017 4238 dividas
1048 4188 1324 4252 peccasti?
1354 4207 1372 4239 ι
1409 4191 1532 4257 quia
1565 4207 1668 4244 non
1700 4193 1876 4248 elucet
1903 4210 1996 4249 cur
2024 4199 2112 4252 vel

532 4273 675 4328 unde
695 4274 765 4327 sit
787 4274 1018 4337 dictum,
1049 4277 1246 4332 multos
1275 4293 1464 4334 sensus
1497 4283 1698 4350 peperit
1725 4283 1841 4352 ejus
1869 4287 2114 4342 obscuri-

531 4378 646 4435 tas,
676 4383 795 4422 cum
849 4368 1144 4424 divinarum
1177 4371 1570 4441 Scripturarum
1602 4377 1826 4446 quisque
1857 4387 2113 4435 tractator

2237 1800 2286 1852 in
2312 1801 2551 1856 victoriis
2573 1811 2626 1857 et
2651 1819 2778 1871 pace
2813 1816 3045 1870 terrena,
3071 1822 3175 1860 non
3194 1808 3454 1864 cbaritate
3475 1811 3817 1876 consulendi,

2232 1891 2327 1945 sed
2356 1893 2668 1948 dominandi
2693 1896 3003 1964 cupiditate.
3040 1899 3169 1952 Boni
3200 1900 3398 1968 quippe
3429 1901 3493 1954 ad
3526 1902 3628 1955 hoc
3659 1912 3818 1956 utun-

2235 1991 2320 2036 tur
2367 1985 2564 2039 mundo
2598 1995 2654 2040 ut
2684 1986 2924 2041 fruantur
2960 1988 3066 2042 Deo
3091 2032 3106 2057 ,
3138 1989 3262 2044 mali
3310 2000 3487 2045 autem
3539 2001 3728 2046 contra
3763 2003 3818 2046 ut

2230 2073 2472 2128 fruantur
2499 2079 2694 2132 mundo
2727 2079 2801 2131 uti
2853 2079 3040 2133 volunt
3073 2081 3204 2145 Deo,
3231 2082 3323 2150 qui
3367 2089 3545 2138 tamen
3579 2098 3704 2138 eum
3733 2085 3816 2138 vel

2229 2177 2349 2218 esse
2377 2165 2454 2219 vel
2481 2181 2567 2220 res
2596 2167 2855 2224 humanas
2885 2185 3073 2225 curare
3095 2172 3201 2240 iam
3226 2173 3480 2238 credunt;
3515 2182 3642 2228 sunt
3670 2178 3815 2229 enim

2230 2257 2396 2310 multo
2419 2257 2711 2314 deteriores
2740 2262 2827 2329 qui
2852 2277 2918 2316 ne
2943 2261 3041 2317 hoc
3069 2264 3280 2332 quidem
3313 2265 3558 2319 credunt.
3585 2265 3817 2334 Cogui'o

2228 2347 2404 2417 itaque
2427 2347 2558 2404 Cain
2585 2352 2725 2422 quod
2748 2368 2906 2422 super
2933 2354 3049 2423 ejus
3073 2357 3311 2425 germani
3337 2358 3687 2421 sacrificium,
3716 2373 3815 2412 nec

2229 2454 2390 2509 super
2419 2457 2574 2499 suum
2603 2450 2900 2514 respexerit
2931 2446 3068 2501 Deus
3087 2487 3100 2512 ,
3147 2449 3332 2516 utique
3361 2447 3582 2502 fratrem
3613 2448 3812 2502 bonum

2229 2543 2464 2589 mutatus
2493 2536 2713 2601 imitari,
2735 2553 2840 2593 non
2863 2540 3032 2594 elatus
3062 2540 3244 2594 debuit
3269 2541 3529 2605 aemulari,
3560 2541 3654 2596 sed
3687 2556 3815 2594 eon-

2228 2625 2468 2681 tristatus
2497 2638 2601 2696 est,
2652 2642 2706 2686 et
2743 2632 2976 2686 concidit
3003 2633 3177 2686 vultus
3203 2632 3340 2701 ejus.
3375 2633 3488 2686 lloc
3534 2644 3813 2703 peceatum

2227 2719 2458 2775 maxime
2486 2723 2662 2791 arguit
2692 2723 2854 2788 Deus,
2890 2724 3157 2779 tristitiam
3188 2725 3253 2778 de
3284 2725 3505 2778 alterius
3547 2725 3810 2790 bonitate,

2225 2811 2404 2868 ethoc
2443 2813 2654 2880 fratris;
2690 2815 2792 2870 hoc
2820 2816 3015 2885 quippe
3057 2816 3326 2884 arguendo
3355 2815 3707 2884 interrogavit
3730 2816 3811 2869 di-

2225 2916 2353 2956 cens
2387 2919 2399 2954 :
2430 2905 2603 2969 Quare
2637 2905 2875 2959 tristatus
2924 2919 2982 2958 es
3009 2944 3025 2968 ,
3074 2915 3128 2959 et
3170 2920 3334 2974 quare
3364 2906 3602 2959 concidit
3647 2904 3813 2959 facies

2227 2997 2347 3048 tua?
2370 2997 2491 3065 quia
2518 2997 2660 3051 enim
2692 2996 2843 3051 fratri
2886 2997 3183 3065 invidebat,
3217 2998 3358 3054 Deus
3393 2998 3608 3052 videbat
3632 3008 3686 3051 et
3713 2999 3813 3052 hoc

2148 3077 2193 3138 C
2224 3087 2501 3154 arguebat.
2535 3087 2665 3143 Nam
2717 3088 3022 3143 hominibus
3065 3089 3259 3158 quibus
3305 3088 3679 3144 absconditum
3725 3099 3812 3143 est

2222 3189 2315 3229 eor
2341 3177 2560 3232 alterius
2586 3218 2600 3243 ,
2623 3194 2744 3234 esse
2776 3191 2953 3248 posset
2972 3181 3278 3250 ambiguum
3307 3191 3360 3236 et
3386 3197 3606 3251 prorsus
3632 3181 3806 3234 incer-

2222 3276 2330 3322 tum
2363 3277 2537 3323 utrum
2563 3270 2649 3324 illa
2675 3271 2889 3327 tristitia
2915 3273 3297 3344 malignitatem
3326 3288 3502 3340 suam,
3541 3275 3592 3327 iu
3617 3289 3722 3343 qua
3748 3289 3807 3328 se

2223 3360 2331 3416 Deo
2361 3362 2702 3430 displicuisse
2727 3364 3010 3430 didicerat,
3040 3380 3107 3420 an
3139 3366 3316 3421 fratris
3338 3367 3566 3420 doluerit
3600 3368 3810 3422 bonita-

2220 3462 2361 3517 tem,
2412 3470 2532 3523 qute
2581 3455 2687 3510 Deo
2718 3456 2914 3526 placuit
2942 3472 3062 3511 cum
3111 3461 3160 3511 in
3198 3459 3515 3512 sacrificium
3548 3458 3669 3526 ejus
3700 3475 3808 3512 res-

2221 3543 2459 3610 pexisset
2505 3543 2789 3616 [aspexit],
2823 3547 2916 3601 sed
2963 3549 3222 3602 rationem
3267 3549 3498 3603 reddens
3544 3549 3686 3603 Deus
3716 3566 3806 3603 cur

2219 3634 2335 3705 ejus
2362 3636 2683 3692 oblationem
2718 3641 2962 3708 accipere
2991 3642 3239 3707 noluerit,
3267 3654 3322 3694 nt
3351 3642 3454 3695 sibi
3487 3644 3601 3710 ipse
3635 3651 3806 3710 potius

2220 3729 2412 3780 merito
2425 3744 2583 3796 quam
2611 3729 2662 3784 ei
2680 3729 2843 3784 frater
2862 3731 3126 3786 immerito
3149 3733 3485 3802 displiceret,
3510 3748 3634 3787 cum
3665 3744 3807 3788 esset

2219 3819 2451 3888 iniustus
2481 3837 2586 3875 non
2635 3834 2780 3878 recte
2810 3823 3129 3888 dividendo,
3161 3825 3260 3879 hoc
3289 3837 3367 3879 est
3401 3842 3505 3880 non
3541 3837 3690 3880 recte
3732 3827 3804 3879 vi-

2217 3912 2417 3977 vendo,
2443 3924 2494 3968 ct
2527 3914 2777 3984 indignus
2799 3916 2949 3984 cujus
2979 3918 3362 3984 approbareIur
3392 3918 3617 3975 oblato.
3642 3934 3804 3986 quam

2217 4015 2363 4059 esset
2393 4006 2639 4074 iniustior
2666 4009 2809 4076 quod
2849 4008 3064 4062 fratrem
3089 4009 3290 4078 justqu
3321 4009 3488 4078 gratis
3515 4011 3808 4065 occidisset

2221 4095 2467 4167 [odisset]
2514 4099 2788 4163 ostendit,
2837 4115 2942 4153 non
2989 4113 3165 4154 tamen
3207 4116 3328 4155 eum
3374 4102 3653 4156 dimittens
3683 4103 3800 4156 sine

2216 4189 2470 4243 mandato
2501 4201 2718 4257 saneto,
2749 4191 2894 4261 justo
2924 4205 2978 4247 et
3001 4194 3142 4248 bono
3175 4211 3189 4248 :
3218 4194 3478 4260 Quiesce,
3505 4196 3702 4265 inquit,
3734 4196 3800 4252 ad

2216 4289 2268 4333 te
2295 4281 2436 4334 enim
2462 4283 2742 4337 conversio
2763 4284 2898 4352 ejus,
2926 4294 2978 4337 et
3002 4295 3054 4336 ttt
3081 4284 3442 4340 dominaberis
3468 4285 3633 4339 illius.
3663 4287 3804 4341 Nun~

2215 4372 2341 4439 quid
2374 4371 2592 4428 fratris?
2617 4375 2774 4430 absit.
2799 4375 2962 4444 Cujus
2987 4377 3145 4444 igitur
3171 4379 3271 4431 nisi
3305 4380 3502 4446 peccati
3531 4379 3553 4430 ’ἔ
3582 4379 3807 4436 Dixerat

531 4458 827 4513 secundum
861 4459 985 4515 fidei
1012 4461 1250 4530 regulam
1277 4463 1327 4517 id
1357 4475 1581 4519 conatur
1611 4482 1900 4535 exponere.
1945 4472 2110 4528 ltecte

2224 4460 2395 4526 enim,
2429 4464 2688 4530 peccasti,
2725 4473 2836 4518 tum
2866 4466 3058 4518 deinde
3090 4466 3330 4521 addidit:
3362 4469 3620 4532 Quiesce,
3655 4471 3718 4523 ad
3753 4482 3804 4525 te

530 4551 728 4617 quippe
772 4551 996 4606 offertur
1025 4554 1348 4610 sacriﬁcium
1391 4572 1509 4610 cum
1537 4559 1762 4614 offertur
1809 4562 1915 4616 Deo
1944 4579 2104 4630 vero,

529 4641 619 4694 cui
643 4643 726 4694 uni
761 4647 1131 4702 tantummodo
1175 4648 1584 4705 sacrificandum
1633 4663 1735 4709 est.
1766 4655 1880 4710 Non
1925 4668 2104 4712 autem

530 4744 676 4788 recte
697 4737 948 4792 dividitur
975 4741 1100 4793 dum
1133 4756 1236 4796 non
1277 4743 1654 4799 discernuntur
1680 4756 1826 4801 recte
1859 4749 1940 4803 vel
1966 4751 2102 4818 loca,

534 4827 619 4880 vel
650 4835 912 4895 tempora,
939 4833 1020 4885 vel
1053 4848 1138 4888 res
1168 4834 1297 4904 ipsze
1346 4853 1464 4904 qua;
1513 4838 1808 4892 olleruntur
1834 4882 1849 4907 ,
1881 4845 1964 4897 vel
2014 4845 2102 4912 qui

527 4917 706 4982 offert,
750 4928 805 4972 et
833 4923 918 4974 cui
947 4922 1189 4990 offertur,
1241 4928 1324 4982 vel
1359 4927 1410 4981 hi
1440 4929 1632 4996 quibus
1675 4930 1744 4983 ad
1776 4935 2100 4989 vescendum

528 5007 868 5062 distribuitur
897 5013 1036 5078 quod
1068 5014 1303 5069 oblatum
1332 5027 1434 5083 est,
1465 5029 1519 5072 ut
1545 5019 1860 5081 divisionem
1895 5021 1980 5077 hic
2003 5023 2106 5079 dis-

526 5100 822 5155 cretionem
864 5102 1219 5172 intelligamus
1244 5147 1258 5170 ,
1291 5109 1402 5162 sive
1451 5125 1569 5164 cum
1603 5112 1827 5167 olfertur
1857 5115 1946 5168 ubi
1996 5131 2103 5171 non

526 5201 769 5262 oportet,
815 5201 907 5246 aut
936 5198 1075 5262 quod
1121 5209 1227 5249 non
1279 5196 1374 5262 ibi,
1404 5199 1497 5252 sed
1541 5201 1665 5255 alibi
1710 5213 1958 5270 eportet,
1990 5206 2104 5259 sive

529 5300 650 5339 cum
672 5283 899 5340 offertur
928 5286 1139 5354 quando
1169 5298 1521 5356 nouoportet,
1555 5302 1644 5344 aut
1673 5293 1814 5360 quod
1847 5308 1954 5347 non
1978 5303 2104 5348 tunc

526 5378 620 5432 sed
645 5378 776 5432 alias
806 5378 1168 5446 oportet,sive
1202 5394 1323 5432 cum
1356 5379 1404 5432 id
1429 5378 1651 5435 offertur
1677 5383 1818 5451 quod
1844 5400 2102 5453 nusquam

527 5479 579 5522 et
626 5485 898 5538 nunquam
947 5472 1158 5537 penitus
1213 5471 1429 5535 debuit,
1486 5472 1598 5526 sive
1645 5489 1764 5527 cum
1807 5477 2101 5541 electiora,

527 5559 626 5611 sibi
656 5561 894 5628 ejusdem
923 5564 1135 5629 generis
1164 5579 1340 5616 rerum
1375 5571 1521 5617 tenet
1569 5564 1732 5618 homo
1780 5582 1940 5634 quam
1981 5578 2106 5621 sunt

532 5665 598 5703 ea
627 5667 742 5717 qua:
767 5655 923 5708 offert
955 5656 1082 5722 Deo,
1119 5657 1230 5712 sive
1259 5670 1379 5710 cum
1411 5656 1526 5727 eius
1557 5658 1634 5714 rei
1665 5672 1787 5727 qua:
1817 5659 1995 5715 oblata
2022 5669 2104 5716 est

2213 4554 2356 4607 enim
2387 4555 2669 4608 conversio
2692 4554 2828 4624 eius,
2853 4567 2906 4611 et
2936 4567 2990 4611 tu
3018 4557 3383 4614 doniinaberis
3411 4561 3580 4615 illius.
3616 4563 3803 4617 Potest

2210 4647 2424 4716 quidem
2451 4648 2520 4701 ita
2543 4647 2765 4718 intelligi
2790 4648 2855 4703 ad
2879 4650 3051 4718 ipsum
3082 4652 3352 4708 hominem
3376 4656 3796 4710 conversionem

2209 4755 2331 4795 esse
2356 4739 2552 4794 debere
2579 4741 2817 4810 peccati,
2851 4753 2909 4796 ut
2937 4742 3064 4796 nulli
3095 4745 3181 4797 alii
3208 4760 3365 4814 quam
3399 4745 3499 4799 sibi
3531 4747 3674 4800 sciat
3706 4749 3800 4801 tri-

2212 4831 2378 4886 buere
2417 4832 2616 4887 debere
2657 4833 2799 4901 quod
2854 4846 3061 4904 peccat.
3095 4836 3222 4891 llzce
3251 4837 3393 4892 enim
3427 4844 3512 4891 est
3559 4838 3799 4892 salubris

2215 4926 2542 4994 pmnitentite
2570 4927 2834 4983 medicina
2857 4939 2912 4984 et
2943 4931 3111 4985 venite
3137 4933 3322 4998 petitio
3344 4948 3451 4987 non
3477 4932 3796 5000 incongrua.

2211 5029 2269 5072 ut
2299 5018 2387 5073 ubi
2409 5021 2500 5087 ait,
2535 5020 2600 5073 ad
2632 5029 2683 5075 te
2711 5021 2851 5076 enim
2877 5024 3157 5078 conversio
3178 5024 3314 5093 ejus,
3344 5040 3451 5080 non
3497 5026 3795 5078 subaudia-

2213 5123 2318 5174 tur,
2347 5113 2469 5179 erit,
2501 5113 2593 5167 sed
2620 5114 2710 5182 sit,
2745 5117 3104 5184 praecipientis
3133 5117 3428 5181 videlicet,
3459 5134 3567 5172 non
3602 5119 3798 5186 pradi-

2207 5207 2379 5262 centis
2425 5206 2605 5260 modo.
2652 5208 2800 5262 Tunc
2831 5209 2971 5263 enim
3003 5209 3377 5266 dominabitur
3406 5217 3636 5280 quisque
3667 5226 3794 5279 pec-

2209 5307 2330 5352 cato
2351 5341 2364 5363 ,
2395 5299 2440 5351 si
2470 5299 2521 5352 id
2547 5300 2646 5354 sibi
2678 5315 2781 5353 non
2817 5300 3152 5357 defendendo
3187 5303 3543 5372 przeposuerit
3572 5303 3797 5375 [propo—

2209 5387 2417 5459 suerit],
2464 5389 2556 5443 sed
2609 5390 2918 5458 pmnitendo
2970 5393 3279 5462 subiecerit.
3332 5395 3584 5464 Alioquin
3631 5404 3683 5448 et
3718 5396 3793 5447 illi

2208 5482 2403 5536 serviet
2443 5482 2756 5547 dominanti,
2807 5483 2852 5537 si
2887 5486 3244 5554 patrocinium
3298 5486 3607 5540 adhibuerit
3650 5487 3798 5540 acci-

2206 5572 2372 5627 denti.
2404 5573 2508 5628 Sed
2558 5582 2613 5626 ut
2661 5587 2934 5641 peccatum
2981 5575 3314 5644 intelligatur
3349 5575 3791 5644 concupiscentia

2205 5662 2318 5733 ipsa
2346 5662 2596 5730 carnalis,
2626 5661 2694 5718 de
2739 5678 2842 5732 qua
2873 5662 3005 5720 dicit
3047 5665 3339 5736 Apostolus
3374 5682 3388 5719 :
3425 5666 3563 5722 Caro
3588 5680 3793 5722 concu-
