  <div class='ocr_page' id='page_1' title='image "/cluster/home/n/w/nwhite01/storage/ocr_20150623/62/hvd.32044054758693/342.png"; bbox 0 0 3990 6180; ppageno 0'>
   <div class='ocr_carea' id='block_1_1' title="bbox 181 263 307 322">
    <p class='ocr_par' dir='ltr' id='par_1_1' title="bbox 181 263 307 322">
     <span class='ocr_line' id='line_1_1' title="bbox 181 263 307 322; baseline 0.024 -4"><span class='ocrx_word' id='word_1_1' title='bbox 181 263 307 322; x_wconf 74' lang='lat'><strong>673</strong></span> 
     </span>
    </p>
   </div>
   <div class='ocr_carea' id='block_1_2' title="bbox 1474 264 2250 325">
    <p class='ocr_par' dir='ltr' id='par_1_2' title="bbox 1474 264 2250 325">
     <span class='ocr_line' id='line_1_2' title="bbox 1474 264 2250 325; baseline 0.009 -7"><span class='ocrx_word' id='word_1_2' title='bbox 1474 264 1912 325; x_wconf 77' lang='lat' dir='ltr'><strong>TIIESAURUS.</strong></span> <span class='ocrx_word' id='word_1_3' title='bbox 1953 268 2106 324; x_wconf 79' lang='lat' dir='ltr'><strong>CAP.</strong></span> <span class='ocrx_word' id='word_1_4' title='bbox 2142 269 2250 325; x_wconf 77' lang='lat' dir='ltr'><strong>LX.</strong></span> 
     </span>
    </p>
   </div>
   <div class='ocr_carea' id='block_1_3' title="bbox 3375 282 3480 336">
    <p class='ocr_par' dir='ltr' id='par_1_3' title="bbox 3375 282 3480 336">
     <span class='ocr_line' id='line_1_3' title="bbox 3375 282 3480 336; baseline 0.019 -2"><span class='ocrx_word' id='word_1_5' title='bbox 3375 282 3480 336; x_wconf 61' lang='lat'><strong>0&#39;71</strong></span> 
     </span>
    </p>
   </div>
   <div class='ocr_carea' id='block_1_4' title="bbox 178 378 3481 470">
    <p class='ocr_par' dir='ltr' id='par_1_4' title="bbox 178 378 3481 470">
     <span class='ocr_line' id='line_1_4' title="bbox 178 378 3481 470; baseline 0.006 -36"><span class='ocrx_word' id='word_1_6' title='bbox 178 381 355 451; x_wconf 82' lang='lat' dir='ltr'><strong>piscit</strong></span> <span class='ocrx_word' id='word_1_7' title='bbox 384 380 652 436; x_wconf 83' lang='lat' dir='ltr'><strong>adversus</strong></span> <span class='ocrx_word' id='word_1_8' title='bbox 679 379 945 450; x_wconf 80' lang='lat' dir='ltr'><strong>spiritum.</strong></span> <span class='ocrx_word' id='word_1_9' title='bbox 973 378 1029 433; x_wconf 94' lang='lat' dir='ltr'><strong>ln</strong></span> <span class='ocrx_word' id='word_1_10' title='bbox 1060 380 1215 449; x_wconf 87' lang='lat' dir='ltr'><strong>cujus</strong></span> <span class='ocrx_word' id='word_1_11' title='bbox 1245 380 1422 435; x_wconf 91' lang='lat' dir='ltr'><strong>carnis</strong></span> <span class='ocrx_word' id='word_1_12' title='bbox 1449 380 1711 438; x_wconf 90' lang='lat' dir='ltr'><strong>fructibus</strong></span> <span class='ocrx_word' id='word_1_13' title='bbox 1733 394 1787 439; x_wconf 90' lang='lat' dir='ltr'><strong>et</strong></span> <span class='ocrx_word' id='word_1_14' title='bbox 1816 388 1863 445; x_wconf 83' lang='lat' dir='ltr'><strong>A</strong></span> <span class='ocrx_word' id='word_1_15' title='bbox 1893 386 1972 455; x_wconf 81' lang='lat' dir='ltr'><strong>gis</strong></span> <span class='ocrx_word' id='word_1_16' title='bbox 1994 386 2295 442; x_wconf 88' lang='lat' dir='ltr'><strong>admittitur</strong></span> <span class='ocrx_word' id='word_1_17' title='bbox 2308 404 2402 459; x_wconf 87' lang='lat' dir='ltr'><strong>per</strong></span> <span class='ocrx_word' id='word_1_18' title='bbox 2415 390 2720 449; x_wconf 87' lang='lat' dir='ltr'><strong>universum</strong></span> <span class='ocrx_word' id='word_1_19' title='bbox 2744 394 2933 451; x_wconf 92' lang='lat' dir='ltr'><strong>orbem</strong></span> <span class='ocrx_word' id='word_1_20' title='bbox 2960 403 3224 453; x_wconf 90' lang='lat' dir='ltr'><strong>terrarum</strong></span> <span class='ocrx_word' id='word_1_21' title='bbox 3245 401 3334 470; x_wconf 88' lang='lat' dir='ltr'><strong>qui</strong></span> <span class='ocrx_word' id='word_1_22' title='bbox 3349 417 3481 469; x_wconf 83' lang='lat' dir='ltr'><strong>qua-</strong></span> 
     </span>
    </p>
   </div>
   <div class='ocr_carea' id='block_1_5' title="bbox 180 471 1787 539">
    <p class='ocr_par' dir='ltr' id='par_1_5' title="bbox 180 471 1787 539">
     <span class='ocr_line' id='line_1_5' title="bbox 180 471 1787 539; baseline 0.002 -14"><span class='ocrx_word' id='word_1_23' title='bbox 180 472 453 525; x_wconf 77' lang='lat' dir='ltr'><strong>invidiam</strong></span> <span class='ocrx_word' id='word_1_24' title='bbox 482 478 902 536; x_wconf 80' lang='lat' dir='ltr'><strong>commemorat,</strong></span> <span class='ocrx_word' id='word_1_25' title='bbox 924 484 1026 539; x_wconf 88' lang='lat' dir='ltr'><strong>qua</strong></span> <span class='ocrx_word' id='word_1_26' title='bbox 1049 471 1233 539; x_wconf 88' lang='lat' dir='ltr'><strong>utique</strong></span> <span class='ocrx_word' id='word_1_27' title='bbox 1255 471 1386 526; x_wconf 85' lang='lat' dir='ltr'><strong>Cain</strong></span> <span class='ocrx_word' id='word_1_28' title='bbox 1413 473 1787 529; x_wconf 88' lang='lat' dir='ltr'><strong>stimulabatur</strong></span> 
     </span>
    </p>
   </div>
   <div class='ocr_carea' id='block_1_6' title="bbox 180 563 1790 629">
    <p class='ocr_par' dir='ltr' id='par_1_6' title="bbox 180 563 1790 629">
     <span class='ocr_line' id='line_1_6' title="bbox 180 563 1790 629; baseline 0.001 -8"><span class='ocrx_word' id='word_1_29' title='bbox 180 577 239 621; x_wconf 91' lang='lat' dir='ltr'><strong>et</strong></span> <span class='ocrx_word' id='word_1_30' title='bbox 268 566 674 621; x_wconf 72' lang='lat' dir='ltr'><strong>accendebatur</strong></span> <span class='ocrx_word' id='word_1_31' title='bbox 702 566 755 618; x_wconf 92' lang='lat' dir='ltr'><strong>in</strong></span> <span class='ocrx_word' id='word_1_32' title='bbox 784 563 966 619; x_wconf 75' lang='lat' dir='ltr'><strong>fratris</strong></span> <span class='ocrx_word' id='word_1_33' title='bbox 995 564 1242 629; x_wconf 80' lang='lat' dir='ltr'><strong>exitium,</strong></span> <span class='ocrx_word' id='word_1_34' title='bbox 1283 564 1419 619; x_wconf 87' lang='lat' dir='ltr'><strong>bene</strong></span> <span class='ocrx_word' id='word_1_35' title='bbox 1439 565 1790 622; x_wconf 88' lang='lat' dir='ltr'><strong>subaudiatur</strong></span> 
     </span>
    </p>
   </div>
   <div class='ocr_carea' id='block_1_7' title="bbox 179 652 1787 729">
    <p class='ocr_par' dir='ltr' id='par_1_7' title="bbox 179 652 1787 729">
     <span class='ocr_line' id='line_1_7' title="bbox 179 652 1787 729; baseline 0.002 -18"><span class='ocrx_word' id='word_1_36' title='bbox 179 655 539 729; x_wconf 85' lang='lat' dir='ltr'><strong>[subauditur</strong></span> <span class='ocrx_word' id='word_1_37' title='bbox 555 652 703 726; x_wconf 83' lang='lat' dir='ltr'><strong>erit],</strong></span> <span class='ocrx_word' id='word_1_38' title='bbox 730 655 782 708; x_wconf 89' lang='lat' dir='ltr'><strong>id</strong></span> <span class='ocrx_word' id='word_1_39' title='bbox 805 664 886 709; x_wconf 91' lang='lat' dir='ltr'><strong>est</strong></span> <span class='ocrx_word' id='word_1_40' title='bbox 908 654 974 709; x_wconf 90' lang='lat' dir='ltr'><strong>ad</strong></span> <span class='ocrx_word' id='word_1_41' title='bbox 1004 663 1057 710; x_wconf 88' lang='lat' dir='ltr'><strong>te</strong></span> <span class='ocrx_word' id='word_1_42' title='bbox 1070 655 1209 710; x_wconf 90' lang='lat' dir='ltr'><strong>enim</strong></span> <span class='ocrx_word' id='word_1_43' title='bbox 1225 658 1509 712; x_wconf 84' lang='lat' dir='ltr'><strong>conversio</strong></span> <span class='ocrx_word' id='word_1_44' title='bbox 1526 659 1644 729; x_wconf 86' lang='lat' dir='ltr'><strong>ejus</strong></span> <span class='ocrx_word' id='word_1_45' title='bbox 1661 660 1787 727; x_wconf 90' lang='lat' dir='ltr'><strong>erit,</strong></span> 
     </span>
    </p>
   </div>
   <div class='ocr_carea' id='block_1_8' title="bbox 181 746 1789 822">
    <p class='ocr_par' dir='ltr' id='par_1_8' title="bbox 181 746 1789 822">
     <span class='ocr_line' id='line_1_8' title="bbox 181 746 1789 822; baseline 0.004 -20"><span class='ocrx_word' id='word_1_46' title='bbox 181 757 240 802; x_wconf 91' lang='lat' dir='ltr'><strong>et</strong></span> <span class='ocrx_word' id='word_1_47' title='bbox 256 760 314 802; x_wconf 88' lang='lat' dir='ltr'><strong>tu</strong></span> <span class='ocrx_word' id='word_1_48' title='bbox 330 746 700 801; x_wconf 84' lang='lat' dir='ltr'><strong>dominaberis</strong></span> <span class='ocrx_word' id='word_1_49' title='bbox 718 746 859 801; x_wconf 90' lang='lat' dir='ltr'><strong>illius</strong></span> <span class='ocrx_word' id='word_1_50' title='bbox 876 763 888 812; x_wconf 94' lang='lat'><strong>;</strong></span> <span class='ocrx_word' id='word_1_51' title='bbox 904 761 1027 801; x_wconf 85' lang='lat' dir='ltr'><strong>cum</strong></span> <span class='ocrx_word' id='word_1_52' title='bbox 1045 749 1186 803; x_wconf 90' lang='lat' dir='ltr'><strong>enim</strong></span> <span class='ocrx_word' id='word_1_53' title='bbox 1206 761 1474 805; x_wconf 91' lang='lat' dir='ltr'><strong>commota</strong></span> <span class='ocrx_word' id='word_1_54' title='bbox 1494 752 1648 806; x_wconf 89' lang='lat' dir='ltr'><strong>fuerit</strong></span> <span class='ocrx_word' id='word_1_55' title='bbox 1667 768 1789 822; x_wconf 87' lang='lat' dir='ltr'><strong>pars</strong></span> 
     </span>
    </p>
   </div>
   <div class='ocr_carea' id='block_1_9' title="bbox 182 839 1786 911">
    <p class='ocr_par' dir='ltr' id='par_1_9' title="bbox 182 839 1786 911">
     <span class='ocr_line' id='line_1_9' title="bbox 182 839 1786 911; baseline 0.003 -18"><span class='ocrx_word' id='word_1_56' title='bbox 182 841 307 906; x_wconf 82' lang='lat' dir='ltr'><strong>ipsa</strong></span> <span class='ocrx_word' id='word_1_57' title='bbox 350 839 592 894; x_wconf 81' lang='lat' dir='ltr'><strong>carnalis</strong></span> <span class='ocrx_word' id='word_1_58' title='bbox 620 853 776 908; x_wconf 91' lang='lat' dir='ltr'><strong>quam</strong></span> <span class='ocrx_word' id='word_1_59' title='bbox 801 848 1074 908; x_wconf 89' lang='lat' dir='ltr'><strong>peccatum</strong></span> <span class='ocrx_word' id='word_1_60' title='bbox 1103 840 1337 908; x_wconf 90' lang='lat' dir='ltr'><strong>appellat</strong></span> <span class='ocrx_word' id='word_1_61' title='bbox 1356 842 1669 911; x_wconf 82' lang='lat' dir='ltr'><strong>Apostolus,</strong></span> <span class='ocrx_word' id='word_1_62' title='bbox 1697 844 1786 898; x_wconf 91' lang='lat' dir='ltr'><strong>ubi</strong></span> 
     </span>
    </p>
   </div>
   <div class='ocr_carea' id='block_1_10' title="bbox 184 929 1788 1000">
    <p class='ocr_par' dir='ltr' id='par_1_10' title="bbox 184 929 1788 1000">
     <span class='ocr_line' id='line_1_10' title="bbox 184 929 1788 1000; baseline 0.005 -18"><span class='ocrx_word' id='word_1_63' title='bbox 184 930 360 983; x_wconf 86' lang='lat' dir='ltr'><strong>dicit:</strong></span> <span class='ocrx_word' id='word_1_64' title='bbox 408 930 525 983; x_wconf 80' lang='lat' dir='ltr'><strong>Non</strong></span> <span class='ocrx_word' id='word_1_65' title='bbox 556 944 657 999; x_wconf 84' lang='lat' dir='ltr'><strong>ego</strong></span> <span class='ocrx_word' id='word_1_66' title='bbox 684 944 884 997; x_wconf 89' lang='lat' dir='ltr'><strong>operor</strong></span> <span class='ocrx_word' id='word_1_67' title='bbox 914 929 1076 996; x_wconf 90' lang='lat' dir='ltr'><strong>illud,</strong></span> <span class='ocrx_word' id='word_1_68' title='bbox 1102 929 1193 985; x_wconf 88' lang='lat' dir='ltr'><strong>sed</strong></span> <span class='ocrx_word' id='word_1_69' title='bbox 1226 933 1367 1000; x_wconf 89' lang='lat' dir='ltr'><strong>quod</strong></span> <span class='ocrx_word' id='word_1_70' title='bbox 1398 933 1598 987; x_wconf 85' lang='lat' dir='ltr'><strong>habitat</strong></span> <span class='ocrx_word' id='word_1_71' title='bbox 1628 933 1788 990; x_wconf 89' lang='lat' dir='ltr'><strong>inme</strong></span> 
     </span>
    </p>
   </div>
   <div class='ocr_carea' id='block_1_11' title="bbox 182 1024 1783 1095">
    <p class='ocr_par' dir='ltr' id='par_1_11' title="bbox 182 1024 1783 1095">
     <span class='ocr_line' id='line_1_11' title="bbox 182 1024 1783 1095; baseline 0.005 -20"><span class='ocrx_word' id='word_1_72' title='bbox 182 1032 504 1089; x_wconf 83' lang='lat' dir='ltr'><strong>peccatum:</strong></span> <span class='ocrx_word' id='word_1_73' title='bbox 539 1038 698 1091; x_wconf 91' lang='lat' dir='ltr'><strong>quam</strong></span> <span class='ocrx_word' id='word_1_74' title='bbox 721 1031 926 1092; x_wconf 73' lang='lat' dir='ltr'><strong>partem</strong></span> <span class='ocrx_word' id='word_1_75' title='bbox 957 1024 1119 1077; x_wconf 90' lang='lat' dir='ltr'><strong>animi</strong></span> <span class='ocrx_word' id='word_1_76' title='bbox 1155 1025 1317 1077; x_wconf 88' lang='lat' dir='ltr'><strong>etiam</strong></span> <span class='ocrx_word' id='word_1_77' title='bbox 1366 1025 1670 1095; x_wconf 80' lang='lat' dir='ltr'><strong>phiIOSOphi</strong></span> <span class='ocrx_word' id='word_1_78' title='bbox 1701 1029 1783 1082; x_wconf 92' lang='lat' dir='ltr'><strong>di-</strong></span> 
     </span>
    </p>
   </div>
   <div class='ocr_carea' id='block_1_12' title="bbox 182 1114 1785 1186">
    <p class='ocr_par' dir='ltr' id='par_1_12' title="bbox 182 1114 1785 1186">
     <span class='ocr_line' id='line_1_12' title="bbox 182 1114 1785 1186; baseline 0.004 -19"><span class='ocrx_word' id='word_1_79' title='bbox 182 1122 323 1167; x_wconf 90' lang='lat' dir='ltr'><strong>cunt</strong></span> <span class='ocrx_word' id='word_1_80' title='bbox 346 1129 466 1168; x_wconf 77' lang='lat' dir='ltr'><strong>esse</strong></span> <span class='ocrx_word' id='word_1_81' title='bbox 491 1114 761 1179; x_wconf 73' lang='lat' dir='ltr'><strong>vitiosam,</strong></span> <span class='ocrx_word' id='word_1_82' title='bbox 789 1129 893 1168; x_wconf 92' lang='lat' dir='ltr'><strong>non</strong></span> <span class='ocrx_word' id='word_1_83' title='bbox 918 1130 1035 1183; x_wconf 66' lang='lat' dir='ltr'><strong>quae</strong></span> <span class='ocrx_word' id='word_1_84' title='bbox 1060 1126 1294 1169; x_wconf 87' lang='lat' dir='ltr'><strong>mentem</strong></span> <span class='ocrx_word' id='word_1_85' title='bbox 1323 1116 1517 1171; x_wconf 83' lang='lat' dir='ltr'><strong>debeat</strong></span> <span class='ocrx_word' id='word_1_86' title='bbox 1549 1120 1785 1186; x_wconf 86' lang='lat' dir='ltr'><strong>trahere,</strong></span> 
     </span>
    </p>
   </div>
   <div class='ocr_carea' id='block_1_13' title="bbox 184 1203 1787 1276">
    <p class='ocr_par' dir='ltr' id='par_1_13' title="bbox 184 1203 1787 1276">
     <span class='ocr_line' id='line_1_13' title="bbox 184 1203 1787 1276; baseline 0.005 -19"><span class='ocrx_word' id='word_1_87' title='bbox 184 1205 289 1257; x_wconf 89' lang='lat' dir='ltr'><strong>sed</strong></span> <span class='ocrx_word' id='word_1_88' title='bbox 338 1204 421 1257; x_wconf 63' lang='grc' dir='ltr'><strong>τιεί</strong></span> <span class='ocrx_word' id='word_1_89' title='bbox 452 1220 606 1257; x_wconf 90' lang='lat' dir='ltr'><strong>mens</strong></span> <span class='ocrx_word' id='word_1_90' title='bbox 651 1204 847 1258; x_wconf 88' lang='lat' dir='ltr'><strong>debeat</strong></span> <span class='ocrx_word' id='word_1_91' title='bbox 876 1203 1141 1272; x_wconf 84' lang='lat' dir='ltr'><strong>imperare</strong></span> <span class='ocrx_word' id='word_1_92' title='bbox 1194 1221 1418 1276; x_wconf 77' lang='lat' dir='ltr'><strong>eamque</strong></span> <span class='ocrx_word' id='word_1_93' title='bbox 1463 1209 1531 1263; x_wconf 91' lang='lat' dir='ltr'><strong>ab</strong></span> <span class='ocrx_word' id='word_1_94' title='bbox 1590 1210 1787 1265; x_wconf 87' lang='lat' dir='ltr'><strong>illicitis</strong></span> 
     </span>
    </p>
   </div>
   <div class='ocr_carea' id='block_1_14' title="bbox 182 1294 1785 1367">
    <p class='ocr_par' dir='ltr' id='par_1_14' title="bbox 182 1294 1785 1367">
     <span class='ocr_line' id='line_1_14' title="bbox 182 1294 1785 1367; baseline 0.005 -20"><span class='ocrx_word' id='word_1_95' title='bbox 182 1294 448 1360; x_wconf 84' lang='lat' dir='ltr'><strong>operibus</strong></span> <span class='ocrx_word' id='word_1_96' title='bbox 470 1296 679 1348; x_wconf 77' lang='lat' dir='ltr'><strong>ratione</strong></span> <span class='ocrx_word' id='word_1_97' title='bbox 705 1294 980 1349; x_wconf 89' lang='lat' dir='ltr'><strong>cohibere.</strong></span> <span class='ocrx_word' id='word_1_98' title='bbox 1011 1294 1141 1349; x_wconf 87' lang='lat' dir='ltr'><strong>Cum</strong></span> <span class='ocrx_word' id='word_1_99' title='bbox 1167 1312 1296 1367; x_wconf 82' lang='lat' dir='ltr'><strong>ergo</strong></span> <span class='ocrx_word' id='word_1_100' title='bbox 1326 1308 1591 1353; x_wconf 90' lang='lat' dir='ltr'><strong>commota</strong></span> <span class='ocrx_word' id='word_1_101' title='bbox 1625 1299 1785 1355; x_wconf 87' lang='lat' dir='ltr'><strong>fuerit</strong></span> 
     </span>
    </p>
   </div>
   <div class='ocr_carea' id='block_1_15' title="bbox 178 1384 1790 1460">
    <p class='ocr_par' dir='ltr' id='par_1_15' title="bbox 178 1384 1790 1460">
     <span class='ocr_line' id='line_1_15' title="bbox 178 1384 1790 1460; baseline 0.007 -24"><span class='ocrx_word' id='word_1_102' title='bbox 178 1385 249 1438; x_wconf 83' lang='lat' dir='ltr'><strong>ad</strong></span> <span class='ocrx_word' id='word_1_103' title='bbox 282 1384 491 1455; x_wconf 69' lang='lat' dir='ltr'><strong>aliquid</strong></span> <span class='ocrx_word' id='word_1_104' title='bbox 524 1400 797 1455; x_wconf 78' lang='lat' dir='ltr'><strong>perperam</strong></span> <span class='ocrx_word' id='word_1_105' title='bbox 830 1386 1297 1454; x_wconf 76' lang='lat' dir='ltr'><strong>commitendum,</strong></span> <span class='ocrx_word' id='word_1_106' title='bbox 1328 1391 1371 1443; x_wconf 88' lang='lat' dir='ltr'><strong>si</strong></span> <span class='ocrx_word' id='word_1_107' title='bbox 1403 1391 1710 1460; x_wconf 90' lang='lat' dir='ltr'><strong>quiescatnr</strong></span> <span class='ocrx_word' id='word_1_108' title='bbox 1735 1402 1790 1448; x_wconf 88' lang='lat' dir='ltr'><strong>et</strong></span> 
     </span>
    </p>
   </div>
   <div class='ocr_carea' id='block_1_16' title="bbox 181 1478 1787 1550">
    <p class='ocr_par' dir='ltr' id='par_1_16' title="bbox 181 1478 1787 1550">
     <span class='ocr_line' id='line_1_16' title="bbox 181 1478 1787 1550; baseline 0.009 -21"><span class='ocrx_word' id='word_1_109' title='bbox 181 1478 636 1548; x_wconf 85' lang='lat' dir='ltr'><strong>obtemperetur,</strong></span> <span class='ocrx_word' id='word_1_110' title='bbox 688 1478 901 1535; x_wconf 85' lang='lat' dir='ltr'><strong>dicente</strong></span> <span class='ocrx_word' id='word_1_111' title='bbox 946 1481 1254 1550; x_wconf 87' lang='lat' dir='ltr'><strong>Apostolo:</strong></span> <span class='ocrx_word' id='word_1_112' title='bbox 1306 1481 1405 1543; x_wconf 86' lang='lat' dir='ltr'><strong>Ne.</strong></span> <span class='ocrx_word' id='word_1_113' title='bbox 1436 1485 1787 1543; x_wconf 82' lang='lat' dir='ltr'><strong>exhibueritis</strong></span> 
     </span>
    </p>
   </div>
   <div class='ocr_carea' id='block_1_17' title="bbox 178 1568 1787 1641">
    <p class='ocr_par' dir='ltr' id='par_1_17' title="bbox 178 1568 1787 1641">
     <span class='ocr_line' id='line_1_17' title="bbox 178 1568 1787 1641; baseline 0.007 -19"><span class='ocrx_word' id='word_1_114' title='bbox 178 1568 433 1623; x_wconf 89' lang='lat' dir='ltr'><strong>membra</strong></span> <span class='ocrx_word' id='word_1_115' title='bbox 467 1580 645 1624; x_wconf 80' lang='lat' dir='ltr'><strong>veStra</strong></span> <span class='ocrx_word' id='word_1_116' title='bbox 674 1584 818 1624; x_wconf 89' lang='lat' dir='ltr'><strong>arma</strong></span> <span class='ocrx_word' id='word_1_117' title='bbox 848 1570 1143 1639; x_wconf 74' lang='lat' dir='ltr'><strong>iniquitatis</strong></span> <span class='ocrx_word' id='word_1_118' title='bbox 1173 1582 1425 1641; x_wconf 90' lang='lat' dir='ltr'><strong>peccato;</strong></span> <span class='ocrx_word' id='word_1_119' title='bbox 1455 1574 1520 1629; x_wconf 90' lang='lat' dir='ltr'><strong>ad</strong></span> <span class='ocrx_word' id='word_1_120' title='bbox 1551 1585 1787 1633; x_wconf 78' lang='lat' dir='ltr'><strong>mentem</strong></span> 
     </span>
    </p>
   </div>
   <div class='ocr_carea' id='block_1_18' title="bbox 175 1660 1785 1727">
    <p class='ocr_par' dir='ltr' id='par_1_18' title="bbox 175 1660 1785 1727">
     <span class='ocr_line' id='line_1_18' title="bbox 175 1660 1785 1727; baseline 0.006 -15"><span class='ocrx_word' id='word_1_121' title='bbox 175 1660 389 1713; x_wconf 83' lang='lat' dir='ltr'><strong>domita</strong></span> <span class='ocrx_word' id='word_1_122' title='bbox 424 1671 480 1715; x_wconf 92' lang='lat' dir='ltr'><strong>et</strong></span> <span class='ocrx_word' id='word_1_123' title='bbox 512 1662 648 1715; x_wconf 89' lang='lat' dir='ltr'><strong>victa</strong></span> <span class='ocrx_word' id='word_1_124' title='bbox 674 1662 1020 1727; x_wconf 83' lang='lat' dir='ltr'><strong>convertitur,</strong></span> <span class='ocrx_word' id='word_1_125' title='bbox 1047 1674 1102 1716; x_wconf 91' lang='lat' dir='ltr'><strong>ut</strong></span> <span class='ocrx_word' id='word_1_126' title='bbox 1125 1663 1354 1718; x_wconf 70' lang='lat' dir='ltr'><strong>subdita:</strong></span> <span class='ocrx_word' id='word_1_127' title='bbox 1380 1666 1517 1718; x_wconf 89' lang='lat' dir='ltr'><strong>ratio</strong></span> <span class='ocrx_word' id='word_1_128' title='bbox 1540 1665 1785 1723; x_wconf 84' lang='lat' dir='ltr'><strong>domine-</strong></span> 
     </span>
    </p>
   </div>
   <div class='ocr_carea' id='block_1_19' title="bbox 1895 480 3481 560">
    <p class='ocr_par' dir='ltr' id='par_1_19' title="bbox 1895 480 3481 560">
     <span class='ocr_line' id='line_1_19' title="bbox 1895 480 3481 560; baseline 0.011 -31"><span class='ocrx_word' id='word_1_129' title='bbox 1895 485 2014 530; x_wconf 92' lang='lat' dir='ltr'><strong>tuor</strong></span> <span class='ocrx_word' id='word_1_130' title='bbox 2045 480 2283 546; x_wconf 76' lang='lat' dir='ltr'><strong>partibus</strong></span> <span class='ocrx_word' id='word_1_131' title='bbox 2314 484 2639 538; x_wconf 87' lang='lat' dir='ltr'><strong>continetur.</strong></span> <span class='ocrx_word' id='word_1_132' title='bbox 2667 486 2857 541; x_wconf 88' lang='lat' dir='ltr'><strong>Decem</strong></span> <span class='ocrx_word' id='word_1_133' title='bbox 2887 487 3083 557; x_wconf 85' lang='lat' dir='ltr'><strong>quippe</strong></span> <span class='ocrx_word' id='word_1_134' title='bbox 3111 498 3302 560; x_wconf 86' lang='lat' dir='ltr'><strong>quater</strong></span> <span class='ocrx_word' id='word_1_135' title='bbox 3321 492 3481 547; x_wconf 79' lang='lat' dir='ltr'><strong>ducta</strong></span> 
     </span>
    </p>
   </div>
   <div class='ocr_carea' id='block_1_20' title="bbox 1892 570 3481 653">
    <p class='ocr_par' dir='ltr' id='par_1_20' title="bbox 1892 570 3481 653">
     <span class='ocr_line' id='line_1_20' title="bbox 1892 570 3481 653; baseline 0.012 -33"><span class='ocrx_word' id='word_1_136' title='bbox 1892 570 2239 639; x_wconf 81' lang='lat' dir='ltr'><strong>quadraginta</strong></span> <span class='ocrx_word' id='word_1_137' title='bbox 2277 574 2426 627; x_wconf 91' lang='lat' dir='ltr'><strong>ﬁunt.</strong></span> <span class='ocrx_word' id='word_1_138' title='bbox 2458 575 2583 630; x_wconf 85' lang='lat' dir='ltr'><strong>Sive</strong></span> <span class='ocrx_word' id='word_1_139' title='bbox 2615 576 2705 631; x_wconf 90' lang='lat' dir='ltr'><strong>ille</strong></span> <span class='ocrx_word' id='word_1_140' title='bbox 2735 587 2913 632; x_wconf 79' lang='lat' dir='ltr'><strong>reatus</strong></span> <span class='ocrx_word' id='word_1_141' title='bbox 2942 580 3084 649; x_wconf 89' lang='lat' dir='ltr'><strong>quod</strong></span> <span class='ocrx_word' id='word_1_142' title='bbox 3106 582 3171 635; x_wconf 90' lang='lat' dir='ltr'><strong>ad</strong></span> <span class='ocrx_word' id='word_1_143' title='bbox 3203 581 3322 638; x_wconf 89' lang='lat' dir='ltr'><strong>dies</strong></span> <span class='ocrx_word' id='word_1_144' title='bbox 3351 598 3481 653; x_wconf 82' lang='lat' dir='ltr'><strong>per-</strong></span> 
     </span>
    </p>
   </div>
   <div class='ocr_carea' id='block_1_21' title="bbox 1892 657 3477 739">
    <p class='ocr_par' dir='ltr' id='par_1_21' title="bbox 1892 657 3477 739">
     <span class='ocr_line' id='line_1_21' title="bbox 1892 657 3477 739; baseline 0.011 -27"><span class='ocrx_word' id='word_1_145' title='bbox 1892 657 2025 712; x_wconf 84' lang='lat' dir='ltr'><strong>tinet</strong></span> <span class='ocrx_word' id='word_1_146' title='bbox 2050 675 2114 714; x_wconf 80' lang='lat' dir='ltr'><strong>ex</strong></span> <span class='ocrx_word' id='word_1_147' title='bbox 2146 676 2325 717; x_wconf 88' lang='lat' dir='ltr'><strong>rerum</strong></span> <span class='ocrx_word' id='word_1_148' title='bbox 2357 668 2711 735; x_wconf 85' lang='lat' dir='ltr'><strong>prosperitate</strong></span> <span class='ocrx_word' id='word_1_149' title='bbox 2731 709 2743 732; x_wconf 92' lang='lat'><strong>,</strong></span> <span class='ocrx_word' id='word_1_150' title='bbox 2776 670 2889 724; x_wconf 83' lang='lat' dir='ltr'><strong>sive</strong></span> <span class='ocrx_word' id='word_1_151' title='bbox 2914 670 3054 739; x_wconf 90' lang='lat' dir='ltr'><strong>quod</strong></span> <span class='ocrx_word' id='word_1_152' title='bbox 3090 672 3157 727; x_wconf 86' lang='lat' dir='ltr'><strong>ad</strong></span> <span class='ocrx_word' id='word_1_153' title='bbox 3194 684 3382 729; x_wconf 82' lang='lat' dir='ltr'><strong>noctes</strong></span> <span class='ocrx_word' id='word_1_154' title='bbox 3409 689 3477 729; x_wconf 77' lang='lat' dir='ltr'><strong>ex</strong></span> 
     </span>
    </p>
   </div>
   <div class='ocr_carea' id='block_1_22' title="bbox 1892 755 3478 838">
    <p class='ocr_par' dir='ltr' id='par_1_22' title="bbox 1892 755 3478 838">
     <span class='ocr_line' id='line_1_22' title="bbox 1892 755 3478 838; baseline 0.012 -33"><span class='ocrx_word' id='word_1_155' title='bbox 1892 767 2067 807; x_wconf 90' lang='lat' dir='ltr'><strong>rerum</strong></span> <span class='ocrx_word' id='word_1_156' title='bbox 2090 755 2410 813; x_wconf 82' lang='lat' dir='ltr'><strong>adversitatc</strong></span> <span class='ocrx_word' id='word_1_157' title='bbox 2434 769 2738 817; x_wconf 90' lang='lat' dir='ltr'><strong>contractus</strong></span> <span class='ocrx_word' id='word_1_158' title='bbox 2761 763 2851 832; x_wconf 89' lang='lat' dir='ltr'><strong>sit,</strong></span> <span class='ocrx_word' id='word_1_159' title='bbox 2868 774 3205 823; x_wconf 89' lang='lat' dir='ltr'><strong>sacramento</strong></span> <span class='ocrx_word' id='word_1_160' title='bbox 3226 767 3478 838; x_wconf 85' lang='lat' dir='ltr'><strong>baptismi</strong></span> 
     </span>
    </p>
   </div>
   <div class='ocr_carea' id='block_1_23' title="bbox 1892 844 2410 902">
    <p class='ocr_par' dir='ltr' id='par_1_23' title="bbox 1892 844 2410 902">
     <span class='ocr_line' id='line_1_23' title="bbox 1892 844 2410 902; baseline 0.012 -6"><span class='ocrx_word' id='word_1_161' title='bbox 1892 844 2131 898; x_wconf 74' lang='lat' dir='ltr'><strong>cmlestis</strong></span> <span class='ocrx_word' id='word_1_162' title='bbox 2155 845 2410 902; x_wconf 87' lang='lat' dir='ltr'><strong>abluitur.</strong></span> 
     </span>
    </p>
   </div>
   <div class='ocr_carea' id='block_1_24' title="bbox 2493 958 2868 1022">
    <p class='ocr_par' dir='ltr' id='par_1_24' title="bbox 2493 958 2868 1022">
     <span class='ocr_line' id='line_1_24' title="bbox 2493 958 2868 1022; baseline 0.016 -7"><span class='ocrx_word' id='word_1_163' title='bbox 2493 958 2718 1017; x_wconf 85' lang='lat' dir='ltr'><strong>CAPUT</strong></span> <span class='ocrx_word' id='word_1_164' title='bbox 2751 962 2868 1022; x_wconf 79' lang='lat' dir='ltr'><strong>LX.</strong></span> 
     </span>
    </p>
   </div>
   <div class='ocr_carea' id='block_1_25' title="bbox 1892 1041 3469 1116">
    <p class='ocr_par' dir='ltr' id='par_1_25' title="bbox 1892 1041 3469 1116">
     <span class='ocr_line' id='line_1_25' title="bbox 1892 1041 3469 1116; baseline 0.011 -22"><span class='ocrx_word' id='word_1_165' title='bbox 1892 1041 1969 1095; x_wconf 89' lang='lat' dir='ltr'><strong>Dc</strong></span> <span class='ocrx_word' id='word_1_166' title='bbox 1999 1048 2283 1114; x_wconf 65' lang='lat' dir='ltr'><strong>septenario</strong></span> <span class='ocrx_word' id='word_1_167' title='bbox 2329 1050 2519 1116; x_wconf 70' lang='lat' dir='ltr'><strong>requiei</strong></span> <span class='ocrx_word' id='word_1_168' title='bbox 2548 1065 2595 1104; x_wconf 78' lang='lat' dir='ltr'><strong>et</strong></span> <span class='ocrx_word' id='word_1_169' title='bbox 2642 1055 2908 1107; x_wconf 85' lang='lat' dir='ltr'><strong>octonario</strong></span> <span class='ocrx_word' id='word_1_170' title='bbox 2935 1057 3319 1111; x_wconf 75' lang='lat' dir='ltr'><strong>resurrectionis</strong></span> <span class='ocrx_word' id='word_1_171' title='bbox 3370 1076 3469 1112; x_wconf 86' lang='lat' dir='ltr'><strong>nu-</strong></span> 
     </span>
    </p>
   </div>
   <div class='ocr_carea' id='block_1_26' title="bbox 1960 1122 3468 1183">
    <p class='ocr_par' dir='ltr' id='par_1_26' title="bbox 1960 1122 3468 1183">
     <span class='ocr_line' id='line_1_26' title="bbox 1960 1122 3468 1183; baseline 0.013 -19"><span class='ocrx_word' id='word_1_172' title='bbox 1960 1132 2116 1175; x_wconf 74' lang='lat' dir='ltr'><strong>mero,</strong></span> <span class='ocrx_word' id='word_1_173' title='bbox 2161 1122 2237 1168; x_wconf 77' lang='lat' dir='ltr'><strong>vel</strong></span> <span class='ocrx_word' id='word_1_174' title='bbox 2267 1123 2330 1171; x_wconf 83' lang='lat' dir='ltr'><strong>de</strong></span> <span class='ocrx_word' id='word_1_175' title='bbox 2357 1123 2626 1174; x_wconf 77' lang='lat' dir='ltr'><strong>emissione</strong></span> <span class='ocrx_word' id='word_1_176' title='bbox 2655 1127 2794 1177; x_wconf 81' lang='lat' dir='ltr'><strong>corvi</strong></span> <span class='ocrx_word' id='word_1_177' title='bbox 2839 1134 2887 1177; x_wconf 86' lang='lat' dir='ltr'><strong>et</strong></span> <span class='ocrx_word' id='word_1_178' title='bbox 2933 1127 3178 1180; x_wconf 74' lang='lat' dir='ltr'><strong>columba:</strong></span> <span class='ocrx_word' id='word_1_179' title='bbox 3205 1144 3224 1182; x_wconf 92' lang='lat'><strong><em>:</em></strong></span> <span class='ocrx_word' id='word_1_180' title='bbox 3258 1130 3379 1182; x_wconf 76' lang='lat' dir='ltr'><strong>item</strong></span> <span class='ocrx_word' id='word_1_181' title='bbox 3404 1145 3468 1183; x_wconf 77' lang='lat' dir='ltr'><strong>ea:</strong></span> 
     </span>
    </p>
   </div>
   <div class='ocr_carea' id='block_1_27' title="bbox 1961 1186 2709 1248">
    <p class='ocr_par' dir='ltr' id='par_1_27' title="bbox 1961 1186 2709 1248">
     <span class='ocr_line' id='line_1_27' title="bbox 1961 1186 2709 1248; baseline 0.015 -12"><span class='ocrx_word' id='word_1_182' title='bbox 1961 1186 2093 1238; x_wconf 71' lang='lat' dir='ltr'><strong>libro</strong></span> <span class='ocrx_word' id='word_1_183' title='bbox 2142 1204 2209 1241; x_wconf 73' lang='lat' dir='ltr'><strong>Ml</strong></span> <span class='ocrx_word' id='word_1_184' title='bbox 2234 1200 2410 1243; x_wconf 84' lang='lat' dir='ltr'><strong>contra</strong></span> <span class='ocrx_word' id='word_1_185' title='bbox 2434 1190 2709 1248; x_wconf 76' lang='lat' dir='ltr'><strong>Faustum.</strong></span> 
     </span>
    </p>
   </div>
   <div class='ocr_carea' id='block_1_28' title="bbox 1963 1298 3473 1374">
    <p class='ocr_par' dir='ltr' id='par_1_28' title="bbox 1963 1298 3473 1374">
     <span class='ocr_line' id='line_1_28' title="bbox 1963 1298 3473 1374; baseline 0.011 -23"><span class='ocrx_word' id='word_1_186' title='bbox 1963 1298 2027 1352; x_wconf 86' lang='lat' dir='ltr'><strong>Et</strong></span> <span class='ocrx_word' id='word_1_187' title='bbox 2051 1299 2187 1367; x_wconf 72' lang='lat' dir='ltr'><strong>quod</strong></span> <span class='ocrx_word' id='word_1_188' title='bbox 2215 1302 2502 1357; x_wconf 82' lang='lat' dir='ltr'><strong>vicesimus</strong></span> <span class='ocrx_word' id='word_1_189' title='bbox 2523 1314 2575 1359; x_wconf 91' lang='lat' dir='ltr'><strong>et</strong></span> <span class='ocrx_word' id='word_1_190' title='bbox 2598 1307 2983 1374; x_wconf 88' lang='lat' dir='ltr'><strong>septimusdies</strong></span> <span class='ocrx_word' id='word_1_191' title='bbox 3005 1311 3207 1365; x_wconf 88' lang='lat' dir='ltr'><strong>mensis</strong></span> <span class='ocrx_word' id='word_1_192' title='bbox 3235 1325 3473 1368; x_wconf 86' lang='lat' dir='ltr'><strong>comme-</strong></span> 
     </span>
    </p>
   </div>
   <div class='ocr_carea' id='block_1_29' title="bbox 1892 1392 3475 1473">
    <p class='ocr_par' dir='ltr' id='par_1_29' title="bbox 1892 1392 3475 1473">
     <span class='ocr_line' id='line_1_29' title="bbox 1892 1392 3475 1473; baseline 0.011 -31"><span class='ocrx_word' id='word_1_193' title='bbox 1892 1402 2129 1444; x_wconf 85' lang='lat' dir='ltr'><strong>moratur</strong></span> <span class='ocrx_word' id='word_1_194' title='bbox 2158 1392 2223 1445; x_wconf 90' lang='lat' dir='ltr'><strong>ad</strong></span> <span class='ocrx_word' id='word_1_195' title='bbox 2250 1394 2489 1461; x_wconf 87' lang='lat' dir='ltr'><strong>ejusdem</strong></span> <span class='ocrx_word' id='word_1_196' title='bbox 2512 1396 2850 1464; x_wconf 75' lang='lat' dir='ltr'><strong>quadratum</strong></span> <span class='ocrx_word' id='word_1_197' title='bbox 2879 1402 3324 1470; x_wconf 86' lang='lat' dir='ltr'><strong>signiﬁcationem</strong></span> <span class='ocrx_word' id='word_1_198' title='bbox 3356 1418 3475 1473; x_wconf 84' lang='lat' dir='ltr'><strong>per-</strong></span> 
     </span>
    </p>
   </div>
   <div class='ocr_carea' id='block_1_30' title="bbox 1890 1479 3472 1559">
    <p class='ocr_par' dir='ltr' id='par_1_30' title="bbox 1890 1479 3472 1559">
     <span class='ocr_line' id='line_1_30' title="bbox 1890 1479 3472 1559; baseline 0.011 -26"><span class='ocrx_word' id='word_1_199' title='bbox 1890 1479 2043 1544; x_wconf 80' lang='lat' dir='ltr'><strong>tinet,</strong></span> <span class='ocrx_word' id='word_1_200' title='bbox 2067 1496 2183 1549; x_wconf 71' lang='lat' dir='ltr'><strong>quae</strong></span> <span class='ocrx_word' id='word_1_201' title='bbox 2198 1483 2308 1550; x_wconf 91' lang='lat' dir='ltr'><strong>jam</strong></span> <span class='ocrx_word' id='word_1_202' title='bbox 2326 1498 2385 1537; x_wconf 62' lang='lat' dir='ltr'><strong>ex</strong></span> <span class='ocrx_word' id='word_1_203' title='bbox 2408 1482 2965 1559; x_wconf 88' lang='lat' dir='ltr'><strong>[in]quadratislignis</strong></span> <span class='ocrx_word' id='word_1_204' title='bbox 2978 1492 3222 1559; x_wconf 77' lang='lat' dir='ltr'><strong>exposita</strong></span> <span class='ocrx_word' id='word_1_205' title='bbox 3248 1506 3347 1547; x_wconf 89' lang='lat' dir='ltr'><strong>est.</strong></span> <span class='ocrx_word' id='word_1_206' title='bbox 3366 1495 3472 1551; x_wconf 85' lang='lat' dir='ltr'><strong>Sed</strong></span> 
     </span>
    </p>
   </div>
   <div class='ocr_carea' id='block_1_31' title="bbox 1890 1568 3472 1652">
    <p class='ocr_par' dir='ltr' id='par_1_31' title="bbox 1890 1568 3472 1652">
     <span class='ocr_line' id='line_1_31' title="bbox 1890 1568 3472 1652; baseline 0.012 -31"><span class='ocrx_word' id='word_1_207' title='bbox 1890 1568 1978 1623; x_wconf 92' lang='lat' dir='ltr'><strong>hic</strong></span> <span class='ocrx_word' id='word_1_208' title='bbox 2006 1570 2306 1626; x_wconf 88' lang='lat' dir='ltr'><strong>evidentius</strong></span> <span class='ocrx_word' id='word_1_209' title='bbox 2350 1576 2472 1642; x_wconf 87' lang='lat' dir='ltr'><strong>quia</strong></span> <span class='ocrx_word' id='word_1_210' title='bbox 2513 1592 2609 1629; x_wconf 85' lang='lat' dir='ltr'><strong>nos</strong></span> <span class='ocrx_word' id='word_1_211' title='bbox 2649 1578 2714 1631; x_wconf 91' lang='lat' dir='ltr'><strong>ad</strong></span> <span class='ocrx_word' id='word_1_212' title='bbox 2746 1594 2905 1633; x_wconf 91' lang='lat' dir='ltr'><strong>omne</strong></span> <span class='ocrx_word' id='word_1_213' title='bbox 2935 1594 3071 1648; x_wconf 83' lang='lat' dir='ltr'><strong>Opus</strong></span> <span class='ocrx_word' id='word_1_214' title='bbox 3100 1582 3295 1637; x_wconf 92' lang='lat' dir='ltr'><strong>bonum</strong></span> <span class='ocrx_word' id='word_1_215' title='bbox 3321 1601 3472 1652; x_wconf 88' lang='lat' dir='ltr'><strong>para-</strong></span> 
     </span>
    </p>
   </div>
   <div class='ocr_carea' id='block_1_32' title="bbox 1890 1660 3483 1745">
    <p class='ocr_par' dir='ltr' id='par_1_32' title="bbox 1890 1660 3483 1745">
     <span class='ocr_line' id='line_1_32' title="bbox 1890 1660 3483 1745; baseline 0.012 -34"><span class='ocrx_word' id='word_1_216' title='bbox 1890 1666 1973 1713; x_wconf 89' lang='lat' dir='ltr'><strong>tos</strong></span> <span class='ocrx_word' id='word_1_217' title='bbox 1997 1700 2012 1725; x_wconf 97' lang='lat'><strong>,</strong></span> <span class='ocrx_word' id='word_1_218' title='bbox 2042 1660 2093 1713; x_wconf 93' lang='lat' dir='ltr'><strong>id</strong></span> <span class='ocrx_word' id='word_1_219' title='bbox 2126 1670 2209 1716; x_wconf 91' lang='lat' dir='ltr'><strong>est</strong></span> <span class='ocrx_word' id='word_1_220' title='bbox 2238 1665 2634 1731; x_wconf 89' lang='lat' dir='ltr'><strong>quodammodo</strong></span> <span class='ocrx_word' id='word_1_221' title='bbox 2660 1670 3074 1738; x_wconf 87' lang='lat' dir='ltr'><strong>conquadratos,</strong></span> <span class='ocrx_word' id='word_1_222' title='bbox 3107 1674 3342 1729; x_wconf 85' lang='lat' dir='ltr'><strong>Trinitas</strong></span> <span class='ocrx_word' id='word_1_223' title='bbox 3365 1690 3483 1745; x_wconf 85' lang='lat' dir='ltr'><strong>per-</strong></span> 
     </span>
    </p>
   </div>
   <div class='ocr_carea' id='block_1_33' title="bbox 175 1734 3472 1836">
    <p class='ocr_par' dir='ltr' id='par_1_33' title="bbox 175 1734 3472 1836">
     <span class='ocr_line' id='line_1_33' title="bbox 175 1734 3472 1836; baseline 0.007 -39"><span class='ocrx_word' id='word_1_224' title='bbox 175 1759 286 1805; x_wconf 80' lang='grc' dir='ltr'>ιυιι,</span> <span class='ocrx_word' id='word_1_225' title='bbox 325 1750 449 1806; x_wconf 76' lang='lat' dir='ltr'><strong>Hoc</strong></span> <span class='ocrx_word' id='word_1_226' title='bbox 483 1734 739 1822; x_wconf 65' lang='grc' dir='ltr'><strong>ρταξοὲρὶι</strong></span> <span class='ocrx_word' id='word_1_227' title='bbox 772 1753 915 1808; x_wconf 79' lang='lat' dir='ltr'><strong>Deus</strong></span> <span class='ocrx_word' id='word_1_228' title='bbox 945 1752 1068 1809; x_wconf 81' lang='lat' dir='ltr'><strong>huic</strong></span> <span class='ocrx_word' id='word_1_229' title='bbox 1104 1755 1194 1825; x_wconf 83' lang='lat' dir='ltr'><strong>qui</strong></span> <span class='ocrx_word' id='word_1_230' title='bbox 1226 1754 1434 1810; x_wconf 77' lang='lat' dir='ltr'><strong>facibus</strong></span> <span class='ocrx_word' id='word_1_231' title='bbox 1462 1757 1678 1814; x_wconf 56' lang='lat' dir='ltr'><strong>invidiae</strong></span> <span class='ocrx_word' id='word_1_232' title='bbox 1705 1760 1786 1813; x_wconf 78' lang='lat' dir='ltr'><strong>in-</strong></span> <span class='ocrx_word' id='word_1_233' title='bbox 1819 1773 1864 1832; x_wconf 77' lang='grc' dir='ltr'><strong>Β</strong></span> <span class='ocrx_word' id='word_1_234' title='bbox 1890 1753 2000 1807; x_wconf 87' lang='lat' dir='ltr'><strong>ﬁcit</strong></span> <span class='ocrx_word' id='word_1_235' title='bbox 2029 1754 2081 1808; x_wconf 92' lang='lat' dir='ltr'><strong>in</strong></span> <span class='ocrx_word' id='word_1_236' title='bbox 2106 1758 2361 1810; x_wconf 90' lang='lat' dir='ltr'><strong>memoria</strong></span> <span class='ocrx_word' id='word_1_237' title='bbox 2390 1773 2494 1827; x_wconf 91' lang='lat' dir='ltr'><strong>qua</strong></span> <span class='ocrx_word' id='word_1_238' title='bbox 2516 1758 2680 1814; x_wconf 91' lang='lat' dir='ltr'><strong>Deum</strong></span> <span class='ocrx_word' id='word_1_239' title='bbox 2710 1734 3017 1830; x_wconf 81' lang='lat' dir='ltr'><strong>reculimus,</strong></span> <span class='ocrx_word' id='word_1_240' title='bbox 3049 1734 3100 1818; x_wconf 85' lang='lat' dir='ltr'><strong>in</strong></span> <span class='ocrx_word' id='word_1_241' title='bbox 3127 1734 3472 1836; x_wconf 76' lang='lat' dir='ltr'><strong>intelligentia</strong></span> 
     </span>
    </p>
   </div>
   <div class='ocr_carea' id='block_1_34' title="bbox 174 1846 1782 1918">
    <p class='ocr_par' dir='ltr' id='par_1_34' title="bbox 174 1846 1782 1918">
     <span class='ocr_line' id='line_1_34' title="bbox 174 1846 1782 1918; baseline 0.006 -18"><span class='ocrx_word' id='word_1_242' title='bbox 174 1846 562 1900; x_wconf 63' lang='lat' dir='ltr'><strong>nummabatnr</strong></span> <span class='ocrx_word' id='word_1_243' title='bbox 598 1847 649 1901; x_wconf 93' lang='lat' dir='ltr'><strong>in</strong></span> <span class='ocrx_word' id='word_1_244' title='bbox 694 1846 917 1902; x_wconf 84' lang='lat' dir='ltr'><strong>fratrem</strong></span> <span class='ocrx_word' id='word_1_245' title='bbox 945 1889 962 1914; x_wconf 93' lang='lat'><strong>,</strong></span> <span class='ocrx_word' id='word_1_246' title='bbox 1005 1856 1060 1903; x_wconf 90' lang='lat' dir='ltr'><strong>et</strong></span> <span class='ocrx_word' id='word_1_247' title='bbox 1097 1862 1254 1918; x_wconf 88' lang='lat' dir='ltr'><strong>quem</strong></span> <span class='ocrx_word' id='word_1_248' title='bbox 1298 1850 1557 1907; x_wconf 85' lang='lat' dir='ltr'><strong>debuerat</strong></span> <span class='ocrx_word' id='word_1_249' title='bbox 1583 1854 1782 1911; x_wconf 86' lang='lat' dir='ltr'><strong>imitari</strong></span> 
     </span>
    </p>
   </div>
   <div class='ocr_carea' id='block_1_35' title="bbox 173 1937 1779 2013">
    <p class='ocr_par' dir='ltr' id='par_1_35' title="bbox 173 1937 1779 2013">
     <span class='ocr_line' id='line_1_35' title="bbox 173 1937 1779 2013; baseline 0.006 -21"><span class='ocrx_word' id='word_1_250' title='bbox 173 1938 433 2008; x_wconf 89' lang='lat' dir='ltr'><strong>cupiebat</strong></span> <span class='ocrx_word' id='word_1_251' title='bbox 461 1937 661 1993; x_wconf 86' lang='lat' dir='ltr'><strong>auferri</strong></span> <span class='ocrx_word' id='word_1_252' title='bbox 695 1954 710 1993; x_wconf 87' lang='lat'><strong>:</strong></span> <span class='ocrx_word' id='word_1_253' title='bbox 756 1939 1017 2007; x_wconf 89' lang='lat' dir='ltr'><strong>Quiesce,</strong></span> <span class='ocrx_word' id='word_1_254' title='bbox 1050 1942 1252 2013; x_wconf 88' lang='lat' dir='ltr'><strong>inquit,</strong></span> <span class='ocrx_word' id='word_1_255' title='bbox 1289 1958 1480 2000; x_wconf 88' lang='lat' dir='ltr'><strong>manus</strong></span> <span class='ocrx_word' id='word_1_256' title='bbox 1510 1961 1539 1998; x_wconf 91' lang='lat' dir='ltr'><strong>a</strong></span> <span class='ocrx_word' id='word_1_257' title='bbox 1564 1946 1779 2003; x_wconf 84' lang='lat' dir='ltr'><strong>scelere</strong></span> 
     </span>
    </p>
   </div>
   <div class='ocr_carea' id='block_1_36' title="bbox 176 2032 1784 2108">
    <p class='ocr_par' dir='ltr' id='par_1_36' title="bbox 176 2032 1784 2108">
     <span class='ocr_line' id='line_1_36' title="bbox 176 2032 1784 2108; baseline 0.006 -23"><span class='ocrx_word' id='word_1_258' title='bbox 176 2032 424 2097; x_wconf 83' lang='lat' dir='ltr'><strong>contine,</strong></span> <span class='ocrx_word' id='word_1_259' title='bbox 453 2046 562 2087; x_wconf 92' lang='lat' dir='ltr'><strong>non</strong></span> <span class='ocrx_word' id='word_1_260' title='bbox 591 2041 779 2103; x_wconf 77' lang='lat' dir='ltr'><strong>regnet</strong></span> <span class='ocrx_word' id='word_1_261' title='bbox 805 2044 1088 2103; x_wconf 88' lang='lat' dir='ltr'><strong>peccatum</strong></span> <span class='ocrx_word' id='word_1_262' title='bbox 1118 2036 1168 2089; x_wconf 94' lang='lat' dir='ltr'><strong>in</strong></span> <span class='ocrx_word' id='word_1_263' title='bbox 1196 2036 1410 2091; x_wconf 88' lang='lat' dir='ltr'><strong>mortali</strong></span> <span class='ocrx_word' id='word_1_264' title='bbox 1440 2046 1529 2092; x_wconf 88' lang='lat' dir='ltr'><strong>tuo</strong></span> <span class='ocrx_word' id='word_1_265' title='bbox 1557 2051 1784 2108; x_wconf 92' lang='lat' dir='ltr'><strong>corpore</strong></span> 
     </span>
    </p>
   </div>
   <div class='ocr_carea' id='block_1_37' title="bbox 177 2125 1780 2196">
    <p class='ocr_par' dir='ltr' id='par_1_37' title="bbox 177 2125 1780 2196">
     <span class='ocr_line' id='line_1_37' title="bbox 177 2125 1780 2196; baseline 0.006 -18"><span class='ocrx_word' id='word_1_266' title='bbox 177 2125 239 2179; x_wconf 87' lang='lat' dir='ltr'><strong>ad</strong></span> <span class='ocrx_word' id='word_1_267' title='bbox 265 2126 635 2180; x_wconf 88' lang='lat' dir='ltr'><strong>obediendum</strong></span> <span class='ocrx_word' id='word_1_268' title='bbox 660 2127 942 2182; x_wconf 87' lang='lat' dir='ltr'><strong>desideriis</strong></span> <span class='ocrx_word' id='word_1_269' title='bbox 969 2128 1113 2196; x_wconf 81' lang='lat' dir='ltr'><strong>ejus;</strong></span> <span class='ocrx_word' id='word_1_270' title='bbox 1142 2144 1240 2185; x_wconf 85' lang='lat' dir='ltr'><strong>nec</strong></span> <span class='ocrx_word' id='word_1_271' title='bbox 1260 2130 1520 2185; x_wconf 78' lang='lat' dir='ltr'><strong>exhibeas</strong></span> <span class='ocrx_word' id='word_1_272' title='bbox 1543 2133 1780 2187; x_wconf 90' lang='lat' dir='ltr'><strong>membra</strong></span> 
     </span>
    </p>
   </div>
   <div class='ocr_carea' id='block_1_38' title="bbox 178 2218 1779 2290">
    <p class='ocr_par' dir='ltr' id='par_1_38' title="bbox 178 2218 1779 2290">
     <span class='ocr_line' id='line_1_38' title="bbox 178 2218 1779 2290; baseline 0.004 -18"><span class='ocrx_word' id='word_1_273' title='bbox 178 2229 265 2272; x_wconf 88' lang='lat' dir='ltr'><strong>tua</strong></span> <span class='ocrx_word' id='word_1_274' title='bbox 293 2218 612 2288; x_wconf 85' lang='lat' dir='ltr'><strong>iniquitatis</strong></span> <span class='ocrx_word' id='word_1_275' title='bbox 652 2235 799 2274; x_wconf 84' lang='lat' dir='ltr'><strong>arma</strong></span> <span class='ocrx_word' id='word_1_276' title='bbox 830 2230 1088 2290; x_wconf 89' lang='lat' dir='ltr'><strong>peccato,</strong></span> <span class='ocrx_word' id='word_1_277' title='bbox 1123 2221 1189 2274; x_wconf 89' lang='lat' dir='ltr'><strong>ad</strong></span> <span class='ocrx_word' id='word_1_278' title='bbox 1237 2230 1287 2275; x_wconf 91' lang='lat' dir='ltr'><strong>te</strong></span> <span class='ocrx_word' id='word_1_279' title='bbox 1317 2223 1462 2276; x_wconf 92' lang='lat' dir='ltr'><strong>enim</strong></span> <span class='ocrx_word' id='word_1_280' title='bbox 1495 2225 1779 2279; x_wconf 81' lang='lat' dir='ltr'><strong>conversio</strong></span> 
     </span>
    </p>
   </div>
   <div class='ocr_carea' id='block_1_39' title="bbox 178 2310 1780 2382">
    <p class='ocr_par' dir='ltr' id='par_1_39' title="bbox 178 2310 1780 2382">
     <span class='ocr_line' id='line_1_39' title="bbox 178 2310 1780 2382; baseline 0.004 -20"><span class='ocrx_word' id='word_1_281' title='bbox 178 2310 322 2376; x_wconf 78' lang='lat' dir='ltr'><strong>eius,</strong></span> <span class='ocrx_word' id='word_1_282' title='bbox 354 2310 487 2362; x_wconf 89' lang='lat' dir='ltr'><strong>dum</strong></span> <span class='ocrx_word' id='word_1_283' title='bbox 519 2323 628 2363; x_wconf 89' lang='lat' dir='ltr'><strong>non</strong></span> <span class='ocrx_word' id='word_1_284' title='bbox 655 2310 941 2379; x_wconf 74' lang='lat' dir='ltr'><strong>adjuvatur</strong></span> <span class='ocrx_word' id='word_1_285' title='bbox 972 2311 1295 2379; x_wconf 79' lang='lat' dir='ltr'><strong>relaxando,</strong></span> <span class='ocrx_word' id='word_1_286' title='bbox 1330 2313 1427 2368; x_wconf 87' lang='lat' dir='ltr'><strong>sed</strong></span> <span class='ocrx_word' id='word_1_287' title='bbox 1451 2314 1780 2382; x_wconf 89' lang='lat' dir='ltr'><strong>quiescendo</strong></span> 
     </span>
    </p>
   </div>
   <div class='ocr_carea' id='block_1_40' title="bbox 174 2401 1780 2469">
    <p class='ocr_par' dir='ltr' id='par_1_40' title="bbox 174 2401 1780 2469">
     <span class='ocr_line' id='line_1_40' title="bbox 174 2401 1780 2469; baseline 0.008 -18"><span class='ocrx_word' id='word_1_288' title='bbox 174 2402 451 2469; x_wconf 85' lang='lat' dir='ltr'><strong>frenatur,</strong></span> <span class='ocrx_word' id='word_1_289' title='bbox 488 2411 542 2455; x_wconf 90' lang='lat' dir='ltr'><strong>et</strong></span> <span class='ocrx_word' id='word_1_290' title='bbox 574 2408 628 2455; x_wconf 90' lang='lat' dir='ltr'><strong>tu</strong></span> <span class='ocrx_word' id='word_1_291' title='bbox 661 2401 1025 2457; x_wconf 88' lang='lat' dir='ltr'><strong>dominaberis</strong></span> <span class='ocrx_word' id='word_1_292' title='bbox 1048 2402 1210 2468; x_wconf 86' lang='lat' dir='ltr'><strong>illius,</strong></span> <span class='ocrx_word' id='word_1_293' title='bbox 1242 2414 1299 2457; x_wconf 94' lang='lat' dir='ltr'><strong>ut</strong></span> <span class='ocrx_word' id='word_1_294' title='bbox 1328 2419 1450 2459; x_wconf 91' lang='lat' dir='ltr'><strong>cum</strong></span> <span class='ocrx_word' id='word_1_295' title='bbox 1478 2405 1780 2464; x_wconf 78' lang='lat' dir='ltr'><strong>forinsecus</strong></span> 
     </span>
    </p>
   </div>
   <div class='ocr_carea' id='block_1_41' title="bbox 176 2494 1778 2569">
    <p class='ocr_par' dir='ltr' id='par_1_41' title="bbox 176 2494 1778 2569">
     <span class='ocr_line' id='line_1_41' title="bbox 176 2494 1778 2569; baseline 0.005 -21"><span class='ocrx_word' id='word_1_296' title='bbox 176 2509 281 2549; x_wconf 88' lang='lat' dir='ltr'><strong>non</strong></span> <span class='ocrx_word' id='word_1_297' title='bbox 315 2494 653 2563; x_wconf 85' lang='lat' dir='ltr'><strong>permittitur</strong></span> <span class='ocrx_word' id='word_1_298' title='bbox 680 2496 916 2564; x_wconf 86' lang='lat' dir='ltr'><strong>cperari,</strong></span> <span class='ocrx_word' id='word_1_299' title='bbox 948 2496 1048 2550; x_wconf 90' lang='lat' dir='ltr'><strong>sub</strong></span> <span class='ocrx_word' id='word_1_300' title='bbox 1073 2505 1339 2566; x_wconf 69' lang='lat' dir='ltr'><strong>porestate</strong></span> <span class='ocrx_word' id='word_1_301' title='bbox 1367 2499 1562 2553; x_wconf 91' lang='lat' dir='ltr'><strong>mentis</strong></span> <span class='ocrx_word' id='word_1_302' title='bbox 1588 2513 1778 2569; x_wconf 83' lang='lat' dir='ltr'><strong>regen-</strong></span> 
     </span>
    </p>
   </div>
   <div class='ocr_carea' id='block_1_42' title="bbox 179 2586 1776 2647">
    <p class='ocr_par' dir='ltr' id='par_1_42' title="bbox 179 2586 1776 2647">
     <span class='ocr_line' id='line_1_42' title="bbox 179 2586 1776 2647; baseline 0.004 -6"><span class='ocrx_word' id='word_1_303' title='bbox 179 2586 247 2641; x_wconf 88' lang='lat' dir='ltr'><strong>tis</strong></span> <span class='ocrx_word' id='word_1_304' title='bbox 276 2597 336 2643; x_wconf 91' lang='lat' dir='ltr'><strong>et</strong></span> <span class='ocrx_word' id='word_1_305' title='bbox 376 2586 758 2643; x_wconf 86' lang='lat' dir='ltr'><strong>benevolentis</strong></span> <span class='ocrx_word' id='word_1_306' title='bbox 798 2597 1074 2643; x_wconf 89' lang='lat' dir='ltr'><strong>assuescat</strong></span> <span class='ocrx_word' id='word_1_307' title='bbox 1103 2589 1265 2642; x_wconf 88' lang='lat' dir='ltr'><strong>etiam</strong></span> <span class='ocrx_word' id='word_1_308' title='bbox 1313 2589 1639 2647; x_wconf 82' lang='lat' dir='ltr'><strong>intrinsecus</strong></span> <span class='ocrx_word' id='word_1_309' title='bbox 1666 2606 1776 2647; x_wconf 91' lang='lat' dir='ltr'><strong>non</strong></span> 
     </span>
    </p>
   </div>
   <div class='ocr_carea' id='block_1_43' title="bbox 174 2678 1777 2749">
    <p class='ocr_par' dir='ltr' id='par_1_43' title="bbox 174 2678 1777 2749">
     <span class='ocr_line' id='line_1_43' title="bbox 174 2678 1777 2749; baseline 0.003 -16"><span class='ocrx_word' id='word_1_310' title='bbox 174 2678 411 2734; x_wconf 80' lang='lat' dir='ltr'><strong>moveri.</strong></span> <span class='ocrx_word' id='word_1_311' title='bbox 447 2678 660 2732; x_wconf 89' lang='lat' dir='ltr'><strong>Dictum</strong></span> <span class='ocrx_word' id='word_1_312' title='bbox 701 2686 784 2733; x_wconf 90' lang='lat' dir='ltr'><strong>est</strong></span> <span class='ocrx_word' id='word_1_313' title='bbox 819 2680 925 2733; x_wconf 88' lang='lat' dir='ltr'><strong>tale</strong></span> <span class='ocrx_word' id='word_1_314' title='bbox 963 2680 1167 2749; x_wconf 90' lang='lat' dir='ltr'><strong>aliquid</strong></span> <span class='ocrx_word' id='word_1_315' title='bbox 1199 2682 1251 2735; x_wconf 88' lang='lat' dir='ltr'><strong>in</strong></span> <span class='ocrx_word' id='word_1_316' title='bbox 1282 2681 1472 2736; x_wconf 92' lang='lat' dir='ltr'><strong>eodem</strong></span> <span class='ocrx_word' id='word_1_317' title='bbox 1503 2682 1684 2738; x_wconf 90' lang='lat' dir='ltr'><strong>divino</strong></span> <span class='ocrx_word' id='word_1_318' title='bbox 1714 2684 1777 2739; x_wconf 86' lang='lat' dir='ltr'><strong>li-</strong></span> 
     </span>
    </p>
   </div>
   <div class='ocr_carea' id='block_1_44' title="bbox 174 2770 1774 2843">
    <p class='ocr_par' dir='ltr' id='par_1_44' title="bbox 174 2770 1774 2843">
     <span class='ocr_line' id='line_1_44' title="bbox 174 2770 1774 2843; baseline 0.004 -18"><span class='ocrx_word' id='word_1_319' title='bbox 174 2771 273 2825; x_wconf 83' lang='lat' dir='ltr'><strong>bro</strong></span> <span class='ocrx_word' id='word_1_320' title='bbox 296 2813 313 2837; x_wconf 91' lang='lat'><strong>,</strong></span> <span class='ocrx_word' id='word_1_321' title='bbox 350 2781 406 2826; x_wconf 87' lang='lat' dir='ltr'><strong>et</strong></span> <span class='ocrx_word' id='word_1_322' title='bbox 436 2770 509 2827; x_wconf 87' lang='lat' dir='ltr'><strong>de</strong></span> <span class='ocrx_word' id='word_1_323' title='bbox 534 2771 756 2826; x_wconf 89' lang='lat' dir='ltr'><strong>muliere</strong></span> <span class='ocrx_word' id='word_1_324' title='bbox 776 2772 992 2843; x_wconf 85' lang='lat' dir='ltr'><strong>quando</strong></span> <span class='ocrx_word' id='word_1_325' title='bbox 1024 2782 1141 2842; x_wconf 88' lang='lat' dir='ltr'><strong>post</strong></span> <span class='ocrx_word' id='word_1_326' title='bbox 1167 2784 1441 2842; x_wconf 87' lang='lat' dir='ltr'><strong>peccatum</strong></span> <span class='ocrx_word' id='word_1_327' title='bbox 1468 2776 1579 2831; x_wconf 92' lang='lat' dir='ltr'><strong>Deo</strong></span> <span class='ocrx_word' id='word_1_328' title='bbox 1606 2776 1774 2831; x_wconf 88' lang='lat' dir='ltr'><strong>inter-</strong></span> 
     </span>
    </p>
   </div>
   <div class='ocr_carea' id='block_1_45' title="bbox 178 2862 1775 2938">
    <p class='ocr_par' dir='ltr' id='par_1_45' title="bbox 178 2862 1775 2938">
     <span class='ocr_line' id='line_1_45' title="bbox 178 2862 1775 2938; baseline 0.002 -21"><span class='ocrx_word' id='word_1_329' title='bbox 178 2873 408 2935; x_wconf 78' lang='lat' dir='ltr'><strong>rogante</strong></span> <span class='ocrx_word' id='word_1_330' title='bbox 427 2872 588 2931; x_wconf 89' lang='lat' dir='ltr'><strong>atque</strong></span> <span class='ocrx_word' id='word_1_331' title='bbox 604 2862 879 2932; x_wconf 79' lang='lat' dir='ltr'><strong>judicante</strong></span> <span class='ocrx_word' id='word_1_332' title='bbox 899 2862 1258 2919; x_wconf 87' lang='lat' dir='ltr'><strong>damnationis</strong></span> <span class='ocrx_word' id='word_1_333' title='bbox 1278 2865 1602 2920; x_wconf 87' lang='lat' dir='ltr'><strong>sententiam</strong></span> <span class='ocrx_word' id='word_1_334' title='bbox 1631 2865 1775 2938; x_wconf 88' lang='lat' dir='ltr'><strong>[sen-</strong></span> 
     </span>
    </p>
   </div>
   <div class='ocr_carea' id='block_1_46' title="bbox 177 2953 1774 3026">
    <p class='ocr_par' dir='ltr' id='par_1_46' title="bbox 177 2953 1774 3026">
     <span class='ocr_line' id='line_1_46' title="bbox 177 2953 1774 3026; baseline 0.002 -17"><span class='ocrx_word' id='word_1_335' title='bbox 177 2953 399 3026; x_wconf 88' lang='lat' dir='ltr'><strong>tentias]</strong></span> <span class='ocrx_word' id='word_1_336' title='bbox 421 2963 771 3024; x_wconf 85' lang='lat' dir='ltr'><strong>acceperunt,</strong></span> <span class='ocrx_word' id='word_1_337' title='bbox 797 2954 849 3008; x_wconf 90' lang='lat' dir='ltr'><strong>itt</strong></span> <span class='ocrx_word' id='word_1_338' title='bbox 882 2964 1131 3024; x_wconf 87' lang='lat' dir='ltr'><strong>serpente</strong></span> <span class='ocrx_word' id='word_1_339' title='bbox 1160 2955 1404 3010; x_wconf 85' lang='lat' dir='ltr'><strong>diabolus</strong></span> <span class='ocrx_word' id='word_1_340' title='bbox 1425 2965 1478 3011; x_wconf 90' lang='lat' dir='ltr'><strong>et</strong></span> <span class='ocrx_word' id='word_1_341' title='bbox 1508 2956 1562 3010; x_wconf 91' lang='lat' dir='ltr'><strong>in</strong></span> <span class='ocrx_word' id='word_1_342' title='bbox 1587 2972 1647 3011; x_wconf 86' lang='lat' dir='ltr'><strong>se</strong></span> <span class='ocrx_word' id='word_1_343' title='bbox 1689 2962 1774 3026; x_wconf 87' lang='lat' dir='ltr'><strong>ip-</strong></span> 
     </span>
    </p>
   </div>
   <div class='ocr_carea' id='block_1_47' title="bbox 178 3043 1775 3118">
    <p class='ocr_par' dir='ltr' id='par_1_47' title="bbox 178 3043 1775 3118">
     <span class='ocr_line' id='line_1_47' title="bbox 178 3043 1775 3118; baseline 0.003 -20"><span class='ocrx_word' id='word_1_344' title='bbox 178 3046 254 3099; x_wconf 90' lang='lat' dir='ltr'><strong>sis</strong></span> <span class='ocrx_word' id='word_1_345' title='bbox 304 3045 391 3098; x_wconf 85' lang='lat' dir='ltr'><strong>illa</strong></span> <span class='ocrx_word' id='word_1_346' title='bbox 424 3056 483 3099; x_wconf 92' lang='lat' dir='ltr'><strong>et</strong></span> <span class='ocrx_word' id='word_1_347' title='bbox 512 3045 753 3098; x_wconf 90' lang='lat' dir='ltr'><strong>maritus.</strong></span> <span class='ocrx_word' id='word_1_348' title='bbox 786 3043 920 3098; x_wconf 89' lang='lat' dir='ltr'><strong>Cum</strong></span> <span class='ocrx_word' id='word_1_349' title='bbox 954 3045 1097 3098; x_wconf 91' lang='lat' dir='ltr'><strong>enim</strong></span> <span class='ocrx_word' id='word_1_350' title='bbox 1145 3045 1372 3100; x_wconf 54' lang='lat' dir='ltr'><strong>dixisset</strong></span> <span class='ocrx_word' id='word_1_351' title='bbox 1400 3045 1486 3100; x_wconf 89' lang='lat' dir='ltr'><strong>ei:</strong></span> <span class='ocrx_word' id='word_1_352' title='bbox 1521 3048 1775 3118; x_wconf 82' lang='lat' dir='ltr'><strong>Multipli-</strong></span> 
     </span>
    </p>
   </div>
   <div class='ocr_carea' id='block_1_48' title="bbox 1887 1850 3471 1927">
    <p class='ocr_par' dir='ltr' id='par_1_48' title="bbox 1887 1850 3471 1927">
     <span class='ocr_line' id='line_1_48' title="bbox 1887 1850 3471 1927; baseline 0.011 -30"><span class='ocrx_word' id='word_1_353' title='bbox 1887 1860 1987 1915; x_wconf 88' lang='lat' dir='ltr'><strong>qua</strong></span> <span class='ocrx_word' id='word_1_354' title='bbox 2018 1850 2417 1919; x_wconf 84' lang='lat' dir='ltr'><strong>cognoscimus,</strong></span> <span class='ocrx_word' id='word_1_355' title='bbox 2461 1851 2514 1905; x_wconf 88' lang='lat' dir='ltr'><strong>in</strong></span> <span class='ocrx_word' id='word_1_356' title='bbox 2561 1853 2833 1908; x_wconf 90' lang='lat' dir='ltr'><strong>voluntate</strong></span> <span class='ocrx_word' id='word_1_357' title='bbox 2861 1870 2965 1924; x_wconf 89' lang='lat' dir='ltr'><strong>qua</strong></span> <span class='ocrx_word' id='word_1_358' title='bbox 2995 1855 3270 1927; x_wconf 79' lang='lat' dir='ltr'><strong>diligimus</strong></span> <span class='ocrx_word' id='word_1_359' title='bbox 3324 1875 3337 1911; x_wconf 90' lang='lat'><strong>:</strong></span> <span class='ocrx_word' id='word_1_360' title='bbox 3369 1860 3471 1914; x_wconf 89' lang='lat' dir='ltr'><strong>tria</strong></span> 
     </span>
    </p>
   </div>
   <div class='ocr_carea' id='block_1_49' title="bbox 1887 1939 3470 2016">
    <p class='ocr_par' dir='ltr' id='par_1_49' title="bbox 1887 1939 3470 2016">
     <span class='ocr_line' id='line_1_49' title="bbox 1887 1939 3470 2016; baseline 0.006 -23"><span class='ocrx_word' id='word_1_361' title='bbox 1887 1939 2032 1993; x_wconf 79' lang='lat' dir='ltr'><strong>enim</strong></span> <span class='ocrx_word' id='word_1_362' title='bbox 2064 1948 2145 1994; x_wconf 90' lang='lat' dir='ltr'><strong>ter</strong></span> <span class='ocrx_word' id='word_1_363' title='bbox 2175 1951 2229 1994; x_wconf 91' lang='lat' dir='ltr'><strong>et</strong></span> <span class='ocrx_word' id='word_1_364' title='bbox 2258 1939 2361 1996; x_wconf 91' lang='lat' dir='ltr'><strong>hoc</strong></span> <span class='ocrx_word' id='word_1_365' title='bbox 2392 1950 2472 1997; x_wconf 90' lang='lat' dir='ltr'><strong>ter</strong></span> <span class='ocrx_word' id='word_1_366' title='bbox 2504 1942 2639 1998; x_wconf 84' lang='lat' dir='ltr'><strong>ﬁunt</strong></span> <span class='ocrx_word' id='word_1_367' title='bbox 2667 1943 2850 2014; x_wconf 77' lang='lat' dir='ltr'><strong>viginti</strong></span> <span class='ocrx_word' id='word_1_368' title='bbox 2881 1953 3111 2016; x_wconf 87' lang='lat' dir='ltr'><strong>septem,</strong></span> <span class='ocrx_word' id='word_1_369' title='bbox 3144 1948 3233 2016; x_wconf 87' lang='lat' dir='ltr'><strong>qui</strong></span> <span class='ocrx_word' id='word_1_370' title='bbox 3262 1956 3342 2003; x_wconf 87' lang='lat' dir='ltr'><strong>est</strong></span> <span class='ocrx_word' id='word_1_371' title='bbox 3366 1965 3470 2002; x_wconf 90' lang='lat' dir='ltr'><strong>nn-</strong></span> 
     </span>
    </p>
   </div>
   <div class='ocr_carea' id='block_1_50' title="bbox 1885 2034 3472 2108">
    <p class='ocr_par' dir='ltr' id='par_1_50' title="bbox 1885 2034 3472 2108">
     <span class='ocr_line' id='line_1_50' title="bbox 1885 2034 3472 2108; baseline 0.004 -19"><span class='ocrx_word' id='word_1_372' title='bbox 1885 2035 2020 2089; x_wconf 88' lang='lat' dir='ltr'><strong>meri</strong></span> <span class='ocrx_word' id='word_1_373' title='bbox 2056 2034 2275 2090; x_wconf 90' lang='lat' dir='ltr'><strong>ternarii</strong></span> <span class='ocrx_word' id='word_1_374' title='bbox 2308 2036 2622 2105; x_wconf 84' lang='lat' dir='ltr'><strong>quadratus.</strong></span> <span class='ocrx_word' id='word_1_375' title='bbox 2654 2036 2805 2103; x_wconf 85' lang='lat' dir='ltr'><strong>Quod</strong></span> <span class='ocrx_word' id='word_1_376' title='bbox 2854 2041 3085 2108; x_wconf 89' lang='lat' dir='ltr'><strong>septimo</strong></span> <span class='ocrx_word' id='word_1_377' title='bbox 3129 2054 3313 2095; x_wconf 89' lang='lat' dir='ltr'><strong>mense</strong></span> <span class='ocrx_word' id='word_1_378' title='bbox 3351 2056 3472 2095; x_wconf 88' lang='lat' dir='ltr'><strong>arca</strong></span> 
     </span>
    </p>
   </div>
   <div class='ocr_carea' id='block_1_51' title="bbox 1882 2127 3472 2202">
    <p class='ocr_par' dir='ltr' id='par_1_51' title="bbox 1882 2127 3472 2202">
     <span class='ocr_line' id='line_1_51' title="bbox 1882 2127 3472 2202; baseline 0.003 -22"><span class='ocrx_word' id='word_1_379' title='bbox 1882 2127 2021 2181; x_wconf 86' lang='lat' dir='ltr'><strong>sedit</strong></span> <span class='ocrx_word' id='word_1_380' title='bbox 2044 2168 2057 2189; x_wconf 92' lang='lat'><strong>,</strong></span> <span class='ocrx_word' id='word_1_381' title='bbox 2093 2128 2195 2181; x_wconf 89' lang='lat' dir='ltr'><strong>hoc</strong></span> <span class='ocrx_word' id='word_1_382' title='bbox 2225 2139 2309 2183; x_wconf 90' lang='lat' dir='ltr'><strong>est</strong></span> <span class='ocrx_word' id='word_1_383' title='bbox 2339 2129 2620 2198; x_wconf 83' lang='lat' dir='ltr'><strong>requievit,</strong></span> <span class='ocrx_word' id='word_1_384' title='bbox 2650 2131 2715 2183; x_wconf 92' lang='lat' dir='ltr'><strong>ad</strong></span> <span class='ocrx_word' id='word_1_385' title='bbox 2750 2131 2892 2185; x_wconf 89' lang='lat' dir='ltr'><strong>illam</strong></span> <span class='ocrx_word' id='word_1_386' title='bbox 2923 2133 3207 2200; x_wconf 89' lang='lat' dir='ltr'><strong>septimam</strong></span> <span class='ocrx_word' id='word_1_387' title='bbox 3234 2131 3472 2202; x_wconf 89' lang='lat' dir='ltr'><strong>requiem</strong></span> 
     </span>
    </p>
   </div>
   <div class='ocr_carea' id='block_1_52' title="bbox 1881 2220 3470 2296">
    <p class='ocr_par' dir='ltr' id='par_1_52' title="bbox 1881 2220 3470 2296">
     <span class='ocr_line' id='line_1_52' title="bbox 1881 2220 3470 2296; baseline 0.004 -24"><span class='ocrx_word' id='word_1_388' title='bbox 1881 2220 2200 2287; x_wconf 88' lang='lat' dir='ltr'><strong>signiﬁcatio</strong></span> <span class='ocrx_word' id='word_1_389' title='bbox 2231 2223 2479 2291; x_wconf 88' lang='lat' dir='ltr'><strong>recurrit,</strong></span> <span class='ocrx_word' id='word_1_390' title='bbox 2504 2229 2559 2277; x_wconf 92' lang='lat' dir='ltr'><strong>et</strong></span> <span class='ocrx_word' id='word_1_391' title='bbox 2600 2222 2721 2292; x_wconf 88' lang='lat' dir='ltr'><strong>quia</strong></span> <span class='ocrx_word' id='word_1_392' title='bbox 2752 2224 2976 2293; x_wconf 87' lang='lat' dir='ltr'><strong>perfecti</strong></span> <span class='ocrx_word' id='word_1_393' title='bbox 3002 2225 3370 2296; x_wconf 89' lang='lat' dir='ltr'><strong>requiescunt,</strong></span> <span class='ocrx_word' id='word_1_394' title='bbox 3396 2225 3470 2280; x_wconf 92' lang='lat' dir='ltr'><strong>ibi</strong></span> 
     </span>
    </p>
   </div>
   <div class='ocr_carea' id='block_1_53' title="bbox 1883 2312 3467 2381">
    <p class='ocr_par' dir='ltr' id='par_1_53' title="bbox 1883 2312 3467 2381">
     <span class='ocr_line' id='line_1_53' title="bbox 1883 2312 3467 2381; baseline 0.004 -17"><span class='ocrx_word' id='word_1_395' title='bbox 1883 2325 2097 2379; x_wconf 88' lang='lat' dir='ltr'><strong>quoque</strong></span> <span class='ocrx_word' id='word_1_396' title='bbox 2128 2312 2271 2366; x_wconf 79' lang='lat' dir='ltr'><strong>illius</strong></span> <span class='ocrx_word' id='word_1_397' title='bbox 2294 2312 2631 2381; x_wconf 70' lang='lat' dir='ltr'><strong>quadratum</strong></span> <span class='ocrx_word' id='word_1_398' title='bbox 2661 2329 2914 2370; x_wconf 88' lang='lat' dir='ltr'><strong>numerus</strong></span> <span class='ocrx_word' id='word_1_399' title='bbox 2945 2315 3189 2371; x_wconf 89' lang='lat' dir='ltr'><strong>iteratur.</strong></span> <span class='ocrx_word' id='word_1_400' title='bbox 3218 2315 3353 2371; x_wconf 84' lang='lat' dir='ltr'><strong>Nam</strong></span> <span class='ocrx_word' id='word_1_401' title='bbox 3386 2317 3467 2371; x_wconf 91' lang='lat' dir='ltr'><strong>vi-</strong></span> 
     </span>
    </p>
   </div>
   <div class='ocr_carea' id='block_1_54' title="bbox 1881 2404 3463 2473">
    <p class='ocr_par' dir='ltr' id='par_1_54' title="bbox 1881 2404 3463 2473">
     <span class='ocr_line' id='line_1_54' title="bbox 1881 2404 3463 2473; baseline 0.004 -18"><span class='ocrx_word' id='word_1_402' title='bbox 1881 2404 2080 2457; x_wconf 87' lang='lat' dir='ltr'><strong>cesima</strong></span> <span class='ocrx_word' id='word_1_403' title='bbox 2112 2404 2342 2473; x_wconf 88' lang='lat' dir='ltr'><strong>septima</strong></span> <span class='ocrx_word' id='word_1_404' title='bbox 2381 2404 2468 2459; x_wconf 91' lang='lat' dir='ltr'><strong>die</strong></span> <span class='ocrx_word' id='word_1_405' title='bbox 2512 2406 2734 2460; x_wconf 86' lang='lat' dir='ltr'><strong>secundi</strong></span> <span class='ocrx_word' id='word_1_406' title='bbox 2782 2407 2982 2461; x_wconf 88' lang='lat' dir='ltr'><strong>mensis</strong></span> <span class='ocrx_word' id='word_1_407' title='bbox 3025 2408 3463 2462; x_wconf 87' lang='lat' dir='ltr'><strong>commendatum</strong></span> 
     </span>
    </p>
   </div>
   <div class='ocr_carea' id='block_1_55' title="bbox 1881 2494 3464 2569">
    <p class='ocr_par' dir='ltr' id='par_1_55' title="bbox 1881 2494 3464 2569">
     <span class='ocr_line' id='line_1_55' title="bbox 1881 2494 3464 2569; baseline 0.003 -21"><span class='ocrx_word' id='word_1_408' title='bbox 1881 2502 1966 2548; x_wconf 88' lang='lat' dir='ltr'><strong>est</strong></span> <span class='ocrx_word' id='word_1_409' title='bbox 2007 2494 2110 2549; x_wconf 91' lang='lat' dir='ltr'><strong>hoc</strong></span> <span class='ocrx_word' id='word_1_410' title='bbox 2153 2505 2568 2552; x_wconf 88' lang='lat' dir='ltr'><strong>sacramentum.</strong></span> <span class='ocrx_word' id='word_1_411' title='bbox 2606 2498 2671 2552; x_wconf 88' lang='lat' dir='ltr'><strong>Et</strong></span> <span class='ocrx_word' id='word_1_412' title='bbox 2712 2512 2894 2553; x_wconf 89' lang='lat' dir='ltr'><strong>rursus</strong></span> <span class='ocrx_word' id='word_1_413' title='bbox 2931 2499 3186 2554; x_wconf 85' lang='lat' dir='ltr'><strong>vicesima</strong></span> <span class='ocrx_word' id='word_1_414' title='bbox 3235 2500 3464 2569; x_wconf 88' lang='lat' dir='ltr'><strong>septima</strong></span> 
     </span>
    </p>
   </div>
   <div class='ocr_carea' id='block_1_56' title="bbox 1878 2584 3466 2654">
    <p class='ocr_par' dir='ltr' id='par_1_56' title="bbox 1878 2584 3466 2654">
     <span class='ocr_line' id='line_1_56' title="bbox 1878 2584 3466 2654; baseline 0.005 -17"><span class='ocrx_word' id='word_1_415' title='bbox 1878 2584 1968 2638; x_wconf 90' lang='lat' dir='ltr'><strong>die</strong></span> <span class='ocrx_word' id='word_1_416' title='bbox 2018 2585 2231 2654; x_wconf 89' lang='lat' dir='ltr'><strong>septimi</strong></span> <span class='ocrx_word' id='word_1_417' title='bbox 2264 2588 2466 2641; x_wconf 89' lang='lat' dir='ltr'><strong>mensis</strong></span> <span class='ocrx_word' id='word_1_418' title='bbox 2495 2588 2681 2643; x_wconf 92' lang='lat' dir='ltr'><strong>eadem</strong></span> <span class='ocrx_word' id='word_1_419' title='bbox 2724 2590 3122 2645; x_wconf 88' lang='lat' dir='ltr'><strong>commendatio</strong></span> <span class='ocrx_word' id='word_1_420' title='bbox 3147 2591 3466 2647; x_wconf 89' lang='lat' dir='ltr'><strong>conﬁrmata</strong></span> 
     </span>
    </p>
   </div>
   <div class='ocr_carea' id='block_1_57' title="bbox 1879 2679 3465 2751">
    <p class='ocr_par' dir='ltr' id='par_1_57' title="bbox 1879 2679 3465 2751">
     <span class='ocr_line' id='line_1_57' title="bbox 1879 2679 3465 2751; baseline 0.004 -20"><span class='ocrx_word' id='word_1_421' title='bbox 1879 2683 1982 2742; x_wconf 88' lang='lat' dir='ltr'><strong>est,</strong></span> <span class='ocrx_word' id='word_1_422' title='bbox 2013 2690 2132 2730; x_wconf 91' lang='lat' dir='ltr'><strong>cum</strong></span> <span class='ocrx_word' id='word_1_423' title='bbox 2173 2692 2297 2731; x_wconf 83' lang='lat' dir='ltr'><strong>arca</strong></span> <span class='ocrx_word' id='word_1_424' title='bbox 2325 2679 2609 2747; x_wconf 89' lang='lat' dir='ltr'><strong>requievit.</strong></span> <span class='ocrx_word' id='word_1_425' title='bbox 2641 2679 2795 2748; x_wconf 88' lang='lat' dir='ltr'><strong>Quod</strong></span> <span class='ocrx_word' id='word_1_426' title='bbox 2834 2682 2978 2737; x_wconf 90' lang='lat' dir='ltr'><strong>enim</strong></span> <span class='ocrx_word' id='word_1_427' title='bbox 3026 2683 3361 2751; x_wconf 87' lang='lat' dir='ltr'><strong>promittitur</strong></span> <span class='ocrx_word' id='word_1_428' title='bbox 3410 2684 3465 2738; x_wconf 91' lang='lat' dir='ltr'><strong>in</strong></span> 
     </span>
    </p>
   </div>
   <div class='ocr_carea' id='block_1_58' title="bbox 1878 2768 3464 2843">
    <p class='ocr_par' dir='ltr' id='par_1_58' title="bbox 1878 2768 3464 2843">
     <span class='ocr_line' id='line_1_58' title="bbox 1878 2768 3464 2843; baseline 0.005 -22"><span class='ocrx_word' id='word_1_429' title='bbox 1878 2780 1995 2837; x_wconf 71' lang='lat' dir='ltr'><strong>spe,</strong></span> <span class='ocrx_word' id='word_1_430' title='bbox 2023 2768 2124 2822; x_wconf 92' lang='lat' dir='ltr'><strong>hoc</strong></span> <span class='ocrx_word' id='word_1_431' title='bbox 2145 2768 2431 2823; x_wconf 83' lang='lat' dir='ltr'><strong>exhibetur</strong></span> <span class='ocrx_word' id='word_1_432' title='bbox 2456 2770 2507 2823; x_wconf 93' lang='lat' dir='ltr'><strong>in</strong></span> <span class='ocrx_word' id='word_1_433' title='bbox 2526 2785 2605 2825; x_wconf 92' lang='lat' dir='ltr'><strong>re.</strong></span> <span class='ocrx_word' id='word_1_434' title='bbox 2636 2772 2803 2826; x_wconf 88' lang='lat' dir='ltr'><strong>Porro</strong></span> <span class='ocrx_word' id='word_1_435' title='bbox 2831 2774 2952 2841; x_wconf 87' lang='lat' dir='ltr'><strong>quia</strong></span> <span class='ocrx_word' id='word_1_436' title='bbox 2980 2774 3092 2841; x_wconf 91' lang='lat' dir='ltr'><strong>ipsa</strong></span> <span class='ocrx_word' id='word_1_437' title='bbox 3117 2774 3345 2843; x_wconf 89' lang='lat' dir='ltr'><strong>septima</strong></span> <span class='ocrx_word' id='word_1_438' title='bbox 3371 2789 3464 2829; x_wconf 90' lang='lat' dir='ltr'><strong>re-</strong></span> 
     </span>
    </p>
   </div>
   <div class='ocr_carea' id='block_1_59' title="bbox 1876 2860 3466 2935">
    <p class='ocr_par' dir='ltr' id='par_1_59' title="bbox 1876 2860 3466 2935">
     <span class='ocr_line' id='line_1_59' title="bbox 1876 2860 3466 2935; baseline 0.006 -23"><span class='ocrx_word' id='word_1_439' title='bbox 1876 2860 2029 2930; x_wconf 82' lang='lat' dir='ltr'><strong>quies</strong></span> <span class='ocrx_word' id='word_1_440' title='bbox 2058 2874 2178 2914; x_wconf 89' lang='lat' dir='ltr'><strong>cum</strong></span> <span class='ocrx_word' id='word_1_441' title='bbox 2225 2869 2411 2915; x_wconf 87' lang='lat' dir='ltr'><strong>octava</strong></span> <span class='ocrx_word' id='word_1_442' title='bbox 2454 2861 2845 2918; x_wconf 89' lang='lat' dir='ltr'><strong>resurrectione</strong></span> <span class='ocrx_word' id='word_1_443' title='bbox 2885 2864 3266 2935; x_wconf 84' lang='lat' dir='ltr'><strong>conjungitur(</strong></span> <span class='ocrx_word' id='word_1_444' title='bbox 3292 2880 3466 2934; x_wconf 87' lang='lat' dir='ltr'><strong>neque</strong></span> 
     </span>
    </p>
   </div>
   <div class='ocr_carea' id='block_1_60' title="bbox 1877 2951 3462 3026">
    <p class='ocr_par' dir='ltr' id='par_1_60' title="bbox 1877 2951 3462 3026">
     <span class='ocr_line' id='line_1_60' title="bbox 1877 2951 3462 3026; baseline 0.004 -21"><span class='ocrx_word' id='word_1_445' title='bbox 1877 2951 2022 3006; x_wconf 88' lang='lat' dir='ltr'><strong>enim</strong></span> <span class='ocrx_word' id='word_1_446' title='bbox 2054 2951 2266 3006; x_wconf 90' lang='lat' dir='ltr'><strong>reddito</strong></span> <span class='ocrx_word' id='word_1_447' title='bbox 2293 2966 2521 3022; x_wconf 90' lang='lat' dir='ltr'><strong>corpore</strong></span> <span class='ocrx_word' id='word_1_448' title='bbox 2555 2952 2736 3008; x_wconf 87' lang='lat' dir='ltr'><strong>flnitur</strong></span> <span class='ocrx_word' id='word_1_449' title='bbox 2763 2954 2979 3025; x_wconf 91' lang='lat' dir='ltr'><strong>requies</strong></span> <span class='ocrx_word' id='word_1_450' title='bbox 3007 2970 3127 3024; x_wconf 68' lang='lat' dir='ltr'><strong>qua:</strong></span> <span class='ocrx_word' id='word_1_451' title='bbox 3159 2964 3279 3026; x_wconf 89' lang='lat' dir='ltr'><strong>post</strong></span> <span class='ocrx_word' id='word_1_452' title='bbox 3322 2956 3462 3013; x_wconf 89' lang='lat' dir='ltr'><strong>hanc</strong></span> 
     </span>
    </p>
   </div>
   <div class='ocr_carea' id='block_1_61' title="bbox 1877 3042 3458 3113">
    <p class='ocr_par' dir='ltr' id='par_1_61' title="bbox 1877 3042 3458 3113">
     <span class='ocr_line' id='line_1_61' title="bbox 1877 3042 3458 3113; baseline 0.004 -19"><span class='ocrx_word' id='word_1_453' title='bbox 1877 3042 2039 3095; x_wconf 88' lang='lat' dir='ltr'><strong>vitam</strong></span> <span class='ocrx_word' id='word_1_454' title='bbox 2070 3042 2274 3113; x_wconf 77' lang='lat' dir='ltr'><strong>excipit</strong></span> <span class='ocrx_word' id='word_1_455' title='bbox 2301 3053 2556 3110; x_wconf 87' lang='lat' dir='ltr'><strong>sanctos,</strong></span> <span class='ocrx_word' id='word_1_456' title='bbox 2601 3044 2696 3099; x_wconf 88' lang='lat' dir='ltr'><strong>sed</strong></span> <span class='ocrx_word' id='word_1_457' title='bbox 2746 3045 2921 3113; x_wconf 86' lang='lat' dir='ltr'><strong>potius</strong></span> <span class='ocrx_word' id='word_1_458' title='bbox 2967 3053 3137 3100; x_wconf 86' lang='lat' dir='ltr'><strong>totum</strong></span> <span class='ocrx_word' id='word_1_459' title='bbox 3188 3046 3458 3101; x_wconf 90' lang='lat' dir='ltr'><strong>hominem</strong></span> 
     </span>
    </p>
   </div>
   <div class='ocr_carea' id='block_1_62' title="bbox 178 3132 3461 3209">
    <p class='ocr_par' dir='ltr' id='par_1_62' title="bbox 178 3132 3461 3209">
     <span class='ocr_line' id='line_1_62' title="bbox 178 3132 3461 3209; baseline -0 -17"><span class='ocrx_word' id='word_1_460' title='bbox 178 3151 305 3192; x_wconf 84' lang='lat' dir='ltr'><strong>cans</strong></span> <span class='ocrx_word' id='word_1_461' title='bbox 329 3136 707 3207; x_wconf 86' lang='lat' dir='ltr'><strong>multiplicabo</strong></span> <span class='ocrx_word' id='word_1_462' title='bbox 738 3137 982 3191; x_wconf 88' lang='lat' dir='ltr'><strong>tristitias</strong></span> <span class='ocrx_word' id='word_1_463' title='bbox 1014 3148 1130 3192; x_wconf 90' lang='lat' dir='ltr'><strong>tuas</strong></span> <span class='ocrx_word' id='word_1_464' title='bbox 1160 3149 1212 3192; x_wconf 91' lang='lat' dir='ltr'><strong>et</strong></span> <span class='ocrx_word' id='word_1_465' title='bbox 1234 3141 1488 3208; x_wconf 76' lang='lat' dir='ltr'><strong>gemitum</strong></span> <span class='ocrx_word' id='word_1_466' title='bbox 1519 3147 1688 3207; x_wconf 91' lang='lat' dir='ltr'><strong>tuum,</strong></span> <span class='ocrx_word' id='word_1_467' title='bbox 1720 3149 1774 3197; x_wconf 91' lang='lat' dir='ltr'><strong>et</strong></span> <span class='ocrx_word' id='word_1_468' title='bbox 1801 3136 1850 3202; x_wconf 84' lang='lat' dir='ltr'><strong><em>C</em></strong></span> <span class='ocrx_word' id='word_1_469' title='bbox 1882 3147 1986 3187; x_wconf 88' lang='lat' dir='ltr'><strong>non</strong></span> <span class='ocrx_word' id='word_1_470' title='bbox 2015 3132 2191 3187; x_wconf 85' lang='lat' dir='ltr'><strong>adhuc</strong></span> <span class='ocrx_word' id='word_1_471' title='bbox 2215 3149 2313 3202; x_wconf 85' lang='lat' dir='ltr'><strong>spe</strong></span> <span class='ocrx_word' id='word_1_472' title='bbox 2333 3175 2347 3200; x_wconf 92' lang='lat'><strong>,</strong></span> <span class='ocrx_word' id='word_1_473' title='bbox 2389 3133 2483 3189; x_wconf 84' lang='lat' dir='ltr'><strong>sed</strong></span> <span class='ocrx_word' id='word_1_474' title='bbox 2521 3135 2634 3203; x_wconf 85' lang='lat' dir='ltr'><strong>jam</strong></span> <span class='ocrx_word' id='word_1_475' title='bbox 2674 3151 2733 3191; x_wconf 87' lang='lat' dir='ltr'><strong>re</strong></span> <span class='ocrx_word' id='word_1_476' title='bbox 2779 3137 2915 3206; x_wconf 90' lang='lat' dir='ltr'><strong>ipsa,</strong></span> <span class='ocrx_word' id='word_1_477' title='bbox 2956 3138 3103 3191; x_wconf 94' lang='lat' dir='ltr'><strong>omni</strong></span> <span class='ocrx_word' id='word_1_478' title='bbox 3129 3153 3195 3193; x_wconf 82' lang='lat' dir='ltr'><strong>ex</strong></span> <span class='ocrx_word' id='word_1_479' title='bbox 3224 3146 3373 3209; x_wconf 89' lang='lat' dir='ltr'><strong>parte</strong></span> <span class='ocrx_word' id='word_1_480' title='bbox 3402 3149 3461 3195; x_wconf 81' lang='lat' dir='ltr'><strong>et</strong></span> 
     </span>
    </p>
   </div>
   <div class='ocr_carea' id='block_1_63' title="bbox 179 3230 1771 3299">
    <p class='ocr_par' dir='ltr' id='par_1_63' title="bbox 179 3230 1771 3299">
     <span class='ocr_line' id='line_1_63' title="bbox 179 3230 1771 3299; baseline 0.003 -15"><span class='ocrx_word' id='word_1_481' title='bbox 179 3230 230 3284; x_wconf 90' lang='lat' dir='ltr'><strong>in</strong></span> <span class='ocrx_word' id='word_1_482' title='bbox 255 3230 476 3285; x_wconf 85' lang='lat' dir='ltr'><strong>tristitia</strong></span> <span class='ocrx_word' id='word_1_483' title='bbox 508 3231 683 3299; x_wconf 85' lang='lat' dir='ltr'><strong>paries</strong></span> <span class='ocrx_word' id='word_1_484' title='bbox 715 3230 875 3292; x_wconf 87' lang='lat' dir='ltr'><strong>filios,</strong></span> <span class='ocrx_word' id='word_1_485' title='bbox 906 3230 1100 3285; x_wconf 86' lang='lat' dir='ltr'><strong>deinde</strong></span> <span class='ocrx_word' id='word_1_486' title='bbox 1128 3230 1366 3285; x_wconf 89' lang='lat' dir='ltr'><strong>addidit:</strong></span> <span class='ocrx_word' id='word_1_487' title='bbox 1418 3232 1482 3287; x_wconf 88' lang='lat' dir='ltr'><strong>Et</strong></span> <span class='ocrx_word' id='word_1_488' title='bbox 1511 3232 1579 3288; x_wconf 90' lang='lat' dir='ltr'><strong>ad</strong></span> <span class='ocrx_word' id='word_1_489' title='bbox 1602 3234 1771 3288; x_wconf 88' lang='lat' dir='ltr'><strong>virum</strong></span> 
     </span>
    </p>
   </div>
   <div class='ocr_carea' id='block_1_64' title="bbox 180 3323 1774 3395">
    <p class='ocr_par' dir='ltr' id='par_1_64' title="bbox 180 3323 1774 3395">
     <span class='ocr_line' id='line_1_64' title="bbox 180 3323 1774 3395; baseline 0.004 -21"><span class='ocrx_word' id='word_1_490' title='bbox 180 3331 323 3376; x_wconf 89' lang='lat' dir='ltr'><strong>tuum</strong></span> <span class='ocrx_word' id='word_1_491' title='bbox 351 3323 644 3377; x_wconf 79' lang='lat' dir='ltr'><strong>conversio</strong></span> <span class='ocrx_word' id='word_1_492' title='bbox 684 3332 803 3388; x_wconf 86' lang='lat' dir='ltr'><strong>tua,</strong></span> <span class='ocrx_word' id='word_1_493' title='bbox 843 3334 898 3378; x_wconf 90' lang='lat' dir='ltr'><strong>et</strong></span> <span class='ocrx_word' id='word_1_494' title='bbox 925 3323 1042 3392; x_wconf 88' lang='lat' dir='ltr'><strong>ipse</strong></span> <span class='ocrx_word' id='word_1_495' title='bbox 1084 3325 1155 3378; x_wconf 92' lang='lat' dir='ltr'><strong>tui</strong></span> <span class='ocrx_word' id='word_1_496' title='bbox 1199 3324 1582 3381; x_wconf 87' lang='lat' dir='ltr'><strong>dominabitur.</strong></span> <span class='ocrx_word' id='word_1_497' title='bbox 1622 3326 1774 3395; x_wconf 83' lang='lat' dir='ltr'><strong>Quod</strong></span> 
     </span>
    </p>
   </div>
   <div class='ocr_carea' id='block_1_65' title="bbox 181 3412 1775 3484">
    <p class='ocr_par' dir='ltr' id='par_1_65' title="bbox 181 3412 1775 3484">
     <span class='ocr_line' id='line_1_65' title="bbox 181 3412 1775 3484; baseline 0.004 -18"><span class='ocrx_word' id='word_1_498' title='bbox 181 3412 377 3468; x_wconf 90' lang='lat' dir='ltr'><strong>dictum</strong></span> <span class='ocrx_word' id='word_1_499' title='bbox 410 3422 499 3468; x_wconf 88' lang='lat' dir='ltr'><strong>est</strong></span> <span class='ocrx_word' id='word_1_500' title='bbox 525 3413 591 3467; x_wconf 89' lang='lat' dir='ltr'><strong>ad</strong></span> <span class='ocrx_word' id='word_1_501' title='bbox 638 3413 768 3468; x_wconf 89' lang='lat' dir='ltr'><strong>Cain</strong></span> <span class='ocrx_word' id='word_1_502' title='bbox 816 3414 885 3469; x_wconf 91' lang='lat' dir='ltr'><strong>de</strong></span> <span class='ocrx_word' id='word_1_503' title='bbox 916 3423 1137 3484; x_wconf 88' lang='lat' dir='ltr'><strong>peccato</strong></span> <span class='ocrx_word' id='word_1_504' title='bbox 1166 3416 1250 3470; x_wconf 91' lang='lat' dir='ltr'><strong>vel</strong></span> <span class='ocrx_word' id='word_1_505' title='bbox 1284 3416 1351 3471; x_wconf 91' lang='lat' dir='ltr'><strong>de</strong></span> <span class='ocrx_word' id='word_1_506' title='bbox 1381 3417 1570 3472; x_wconf 90' lang='lat' dir='ltr'><strong>vitiosa</strong></span> <span class='ocrx_word' id='word_1_507' title='bbox 1598 3421 1775 3475; x_wconf 89' lang='lat' dir='ltr'><strong>carnis</strong></span> 
     </span>
    </p>
   </div>
   <div class='ocr_carea' id='block_1_66' title="bbox 182 3494 1770 3576">
    <p class='ocr_par' dir='ltr' id='par_1_66' title="bbox 182 3494 1770 3576">
     <span class='ocr_line' id='line_1_66' title="bbox 182 3494 1770 3576; baseline 0.003 -17"><span class='ocrx_word' id='word_1_508' title='bbox 182 3506 625 3576; x_wconf 85' lang='lat' dir='ltr'><strong>concupiscentia</strong></span> <span class='ocrx_word' id='word_1_509' title='bbox 652 3546 670 3573; x_wconf 92' lang='lat'><strong>,</strong></span> <span class='ocrx_word' id='word_1_510' title='bbox 706 3508 807 3561; x_wconf 89' lang='lat' dir='ltr'><strong>hoc</strong></span> <span class='ocrx_word' id='word_1_511' title='bbox 836 3506 940 3561; x_wconf 90' lang='lat' dir='ltr'><strong>isto</strong></span> <span class='ocrx_word' id='word_1_512' title='bbox 971 3506 1090 3561; x_wconf 90' lang='lat' dir='ltr'><strong>loco</strong></span> <span class='ocrx_word' id='word_1_513' title='bbox 1129 3494 1194 3560; x_wconf 78' lang='lat' dir='ltr'><strong>de</strong></span> <span class='ocrx_word' id='word_1_514' title='bbox 1228 3510 1527 3575; x_wconf 89' lang='lat' dir='ltr'><strong>peccatricc</strong></span> <span class='ocrx_word' id='word_1_515' title='bbox 1560 3509 1770 3564; x_wconf 85' lang='lat' dir='ltr'><strong>femina.</strong></span> 
     </span>
    </p>
   </div>
   <div class='ocr_carea' id='block_1_67' title="bbox 182 3597 1773 3669">
    <p class='ocr_par' dir='ltr' id='par_1_67' title="bbox 182 3597 1773 3669">
     <span class='ocr_line' id='line_1_67' title="bbox 182 3597 1773 3669; baseline 0.001 -16"><span class='ocrx_word' id='word_1_516' title='bbox 182 3597 281 3653; x_wconf 82' lang='lat' dir='ltr'><strong>Ubi</strong></span> <span class='ocrx_word' id='word_1_517' title='bbox 317 3597 732 3667; x_wconf 80' lang='lat' dir='ltr'><strong>intelligendum</strong></span> <span class='ocrx_word' id='word_1_518' title='bbox 776 3607 858 3652; x_wconf 86' lang='lat' dir='ltr'><strong>est</strong></span> <span class='ocrx_word' id='word_1_519' title='bbox 894 3600 1064 3652; x_wconf 86' lang='lat' dir='ltr'><strong>virum</strong></span> <span class='ocrx_word' id='word_1_520' title='bbox 1115 3598 1180 3652; x_wconf 93' lang='lat' dir='ltr'><strong>ad</strong></span> <span class='ocrx_word' id='word_1_521' title='bbox 1231 3599 1517 3669; x_wconf 85' lang='lat' dir='ltr'><strong>regendam</strong></span> <span class='ocrx_word' id='word_1_522' title='bbox 1549 3614 1773 3654; x_wconf 83' lang='lat' dir='ltr'><strong>uxorem</strong></span> 
     </span>
    </p>
   </div>
   <div class='ocr_carea' id='block_1_68' title="bbox 186 3690 1775 3763">
    <p class='ocr_par' dir='ltr' id='par_1_68' title="bbox 186 3690 1775 3763">
     <span class='ocr_line' id='line_1_68' title="bbox 186 3690 1775 3763; baseline 0.001 -18"><span class='ocrx_word' id='word_1_523' title='bbox 186 3693 365 3745; x_wconf 87' lang='lat' dir='ltr'><strong>animo</strong></span> <span class='ocrx_word' id='word_1_524' title='bbox 378 3706 609 3745; x_wconf 89' lang='lat' dir='ltr'><strong>carnem</strong></span> <span class='ocrx_word' id='word_1_525' title='bbox 635 3691 839 3759; x_wconf 88' lang='lat' dir='ltr'><strong>regenti</strong></span> <span class='ocrx_word' id='word_1_526' title='bbox 857 3690 1085 3745; x_wconf 89' lang='lat' dir='ltr'><strong>similem</strong></span> <span class='ocrx_word' id='word_1_527' title='bbox 1104 3706 1226 3746; x_wconf 90' lang='lat' dir='ltr'><strong>esse</strong></span> <span class='ocrx_word' id='word_1_528' title='bbox 1252 3701 1532 3762; x_wconf 88' lang='lat' dir='ltr'><strong>oportere;</strong></span> <span class='ocrx_word' id='word_1_529' title='bbox 1559 3703 1775 3763; x_wconf 90' lang='lat' dir='ltr'><strong>propter</strong></span> 
     </span>
    </p>
   </div>
   <div class='ocr_carea' id='block_1_69' title="bbox 184 3781 1774 3852">
    <p class='ocr_par' dir='ltr' id='par_1_69' title="bbox 184 3781 1774 3852">
     <span class='ocr_line' id='line_1_69' title="bbox 184 3781 1774 3852; baseline 0.004 -20"><span class='ocrx_word' id='word_1_530' title='bbox 184 3783 319 3851; x_wconf 89' lang='lat' dir='ltr'><strong>quod</strong></span> <span class='ocrx_word' id='word_1_531' title='bbox 348 3783 487 3837; x_wconf 80' lang='lat' dir='ltr'><strong>dicit</strong></span> <span class='ocrx_word' id='word_1_532' title='bbox 530 3783 816 3851; x_wconf 75' lang='lat' dir='ltr'><strong>Apostolus</strong></span> <span class='ocrx_word' id='word_1_533' title='bbox 843 3800 856 3836; x_wconf 90' lang='lat'><strong>:</strong></span> <span class='ocrx_word' id='word_1_534' title='bbox 888 3781 987 3849; x_wconf 91' lang='lat' dir='ltr'><strong>Qui</strong></span> <span class='ocrx_word' id='word_1_535' title='bbox 1016 3781 1187 3852; x_wconf 89' lang='lat' dir='ltr'><strong>diligit</strong></span> <span class='ocrx_word' id='word_1_536' title='bbox 1217 3797 1437 3837; x_wconf 79' lang='lat' dir='ltr'><strong>uxorem</strong></span> <span class='ocrx_word' id='word_1_537' title='bbox 1466 3797 1651 3850; x_wconf 86' lang='lat' dir='ltr'><strong>suam,</strong></span> <span class='ocrx_word' id='word_1_538' title='bbox 1686 3798 1774 3838; x_wconf 89' lang='lat' dir='ltr'><strong>se-</strong></span> 
     </span>
    </p>
   </div>
   <div class='ocr_carea' id='block_1_70' title="bbox 184 3873 1775 3942">
    <p class='ocr_par' dir='ltr' id='par_1_70' title="bbox 184 3873 1775 3942">
     <span class='ocr_line' id='line_1_70' title="bbox 184 3873 1775 3942; baseline 0 -15"><span class='ocrx_word' id='word_1_539' title='bbox 184 3874 352 3940; x_wconf 89' lang='lat' dir='ltr'><strong>ipsum</strong></span> <span class='ocrx_word' id='word_1_540' title='bbox 384 3874 589 3942; x_wconf 89' lang='lat' dir='ltr'><strong>diligit,</strong></span> <span class='ocrx_word' id='word_1_541' title='bbox 620 3888 778 3928; x_wconf 90' lang='lat' dir='ltr'><strong>nemo</strong></span> <span class='ocrx_word' id='word_1_542' title='bbox 800 3873 941 3928; x_wconf 91' lang='lat' dir='ltr'><strong>enim</strong></span> <span class='ocrx_word' id='word_1_543' title='bbox 974 3888 1203 3941; x_wconf 90' lang='lat' dir='ltr'><strong>unquam</strong></span> <span class='ocrx_word' id='word_1_544' title='bbox 1234 3888 1450 3928; x_wconf 88' lang='lat' dir='ltr'><strong>carnem</strong></span> <span class='ocrx_word' id='word_1_545' title='bbox 1479 3888 1628 3928; x_wconf 90' lang='lat' dir='ltr'><strong>suam</strong></span> <span class='ocrx_word' id='word_1_546' title='bbox 1649 3874 1775 3928; x_wconf 87' lang='lat' dir='ltr'><strong>odio</strong></span> 
     </span>
    </p>
   </div>
   <div class='ocr_carea' id='block_1_71' title="bbox 185 3965 1771 4031">
    <p class='ocr_par' dir='ltr' id='par_1_71' title="bbox 185 3965 1771 4031">
     <span class='ocr_line' id='line_1_71' title="bbox 185 3965 1771 4031; baseline 0 -13"><span class='ocrx_word' id='word_1_547' title='bbox 185 3965 386 4020; x_wconf 88' lang='lat' dir='ltr'><strong>habuit.</strong></span> <span class='ocrx_word' id='word_1_548' title='bbox 422 3965 673 4021; x_wconf 84' lang='lat' dir='ltr'><strong>Sananda</strong></span> <span class='ocrx_word' id='word_1_549' title='bbox 722 3965 866 4019; x_wconf 91' lang='lat' dir='ltr'><strong>enim</strong></span> <span class='ocrx_word' id='word_1_550' title='bbox 915 3976 1043 4021; x_wconf 85' lang='lat' dir='ltr'><strong>sunt</strong></span> <span class='ocrx_word' id='word_1_551' title='bbox 1087 3966 1205 4020; x_wconf 62' lang='lat' dir='ltr'><strong>haec</strong></span> <span class='ocrx_word' id='word_1_552' title='bbox 1247 3965 1389 4020; x_wconf 88' lang='lat' dir='ltr'><strong>sicut</strong></span> <span class='ocrx_word' id='word_1_553' title='bbox 1428 3976 1629 4031; x_wconf 91' lang='lat' dir='ltr'><strong>nostra,</strong></span> <span class='ocrx_word' id='word_1_554' title='bbox 1665 3981 1771 4019; x_wconf 92' lang='lat' dir='ltr'><strong>non</strong></span> 
     </span>
    </p>
   </div>
   <div class='ocr_carea' id='block_1_72' title="bbox 182 4058 1770 4129">
    <p class='ocr_par' dir='ltr' id='par_1_72' title="bbox 182 4058 1770 4129">
     <span class='ocr_line' id='line_1_72' title="bbox 182 4058 1770 4129; baseline 0.002 -18"><span class='ocrx_word' id='word_1_555' title='bbox 182 4060 318 4113; x_wconf 90' lang='lat' dir='ltr'><strong>sicut</strong></span> <span class='ocrx_word' id='word_1_556' title='bbox 361 4060 536 4113; x_wconf 87' lang='lat' dir='ltr'><strong>aliena</strong></span> <span class='ocrx_word' id='word_1_557' title='bbox 586 4058 911 4113; x_wconf 86' lang='lat' dir='ltr'><strong>damnanda.</strong></span> <span class='ocrx_word' id='word_1_558' title='bbox 980 4059 1087 4113; x_wconf 90' lang='lat' dir='ltr'><strong>Sed</strong></span> <span class='ocrx_word' id='word_1_559' title='bbox 1127 4058 1254 4112; x_wconf 91' lang='lat' dir='ltr'><strong>illud</strong></span> <span class='ocrx_word' id='word_1_560' title='bbox 1306 4059 1399 4114; x_wconf 88' lang='lat' dir='ltr'><strong>Dei</strong></span> <span class='ocrx_word' id='word_1_561' title='bbox 1449 4068 1770 4129; x_wconf 68' lang='lat' dir='ltr'><strong>praeceptum</strong></span> 
     </span>
    </p>
   </div>
   <div class='ocr_carea' id='block_1_73' title="bbox 182 4149 1773 4221">
    <p class='ocr_par' dir='ltr' id='par_1_73' title="bbox 182 4149 1773 4221">
     <span class='ocr_line' id='line_1_73' title="bbox 182 4149 1773 4221; baseline 0.001 -18"><span class='ocrx_word' id='word_1_562' title='bbox 182 4149 310 4203; x_wconf 85' lang='lat' dir='ltr'><strong>Cain</strong></span> <span class='ocrx_word' id='word_1_563' title='bbox 342 4152 484 4205; x_wconf 87' lang='lat' dir='ltr'><strong>sicut</strong></span> <span class='ocrx_word' id='word_1_564' title='bbox 513 4151 893 4220; x_wconf 71' lang='lat' dir='ltr'><strong>prmvaricator</strong></span> <span class='ocrx_word' id='word_1_565' title='bbox 917 4152 1126 4218; x_wconf 89' lang='lat' dir='ltr'><strong>accepit</strong></span> <span class='ocrx_word' id='word_1_566' title='bbox 1149 4167 1163 4204; x_wconf 87' lang='lat'><strong>:</strong></span> <span class='ocrx_word' id='word_1_567' title='bbox 1185 4150 1551 4205; x_wconf 88' lang='lat' dir='ltr'><strong>invalescente</strong></span> <span class='ocrx_word' id='word_1_568' title='bbox 1573 4151 1773 4221; x_wconf 89' lang='lat' dir='ltr'><strong>quippe</strong></span> 
     </span>
    </p>
   </div>
   <div class='ocr_carea' id='block_1_74' title="bbox 185 4226 1777 4303">
    <p class='ocr_par' dir='ltr' id='par_1_74' title="bbox 185 4226 1777 4303">
     <span class='ocr_line' id='line_1_74' title="bbox 185 4226 1777 4303; baseline 0.001 -8"><span class='ocrx_word' id='word_1_569' title='bbox 185 4241 491 4296; x_wconf 65' lang='lat' dir='ltr'><strong>invidentia:</strong></span> <span class='ocrx_word' id='word_1_570' title='bbox 518 4241 667 4303; x_wconf 87' lang='lat' dir='ltr'><strong>vitio,</strong></span> <span class='ocrx_word' id='word_1_571' title='bbox 692 4240 906 4294; x_wconf 89' lang='lat' dir='ltr'><strong>fratrem</strong></span> <span class='ocrx_word' id='word_1_572' title='bbox 937 4241 1215 4295; x_wconf 87' lang='lat' dir='ltr'><strong>insidiatus</strong></span> <span class='ocrx_word' id='word_1_573' title='bbox 1238 4242 1452 4295; x_wconf 88' lang='lat' dir='ltr'><strong>occidit.</strong></span> <span class='ocrx_word' id='word_1_574' title='bbox 1470 4226 1634 4295; x_wconf 53' lang='lat' dir='ltr'><strong>&#39;Talis</strong></span> <span class='ocrx_word' id='word_1_575' title='bbox 1661 4250 1777 4296; x_wconf 86' lang='lat' dir='ltr'><strong>erat</strong></span> 
     </span>
    </p>
   </div>
   <div class='ocr_carea' id='block_1_75' title="bbox 182 4332 1775 4399">
    <p class='ocr_par' dir='ltr' id='par_1_75' title="bbox 182 4332 1775 4399">
     <span class='ocr_line' id='line_1_75' title="bbox 182 4332 1775 4399; baseline 0 -12"><span class='ocrx_word' id='word_1_576' title='bbox 182 4341 414 4387; x_wconf 71' lang='lat' dir='ltr'><strong>terrente</strong></span> <span class='ocrx_word' id='word_1_577' title='bbox 439 4332 684 4386; x_wconf 92' lang='lat' dir='ltr'><strong>conditor</strong></span> <span class='ocrx_word' id='word_1_578' title='bbox 706 4333 953 4386; x_wconf 89' lang='lat' dir='ltr'><strong>civitatis.</strong></span> <span class='ocrx_word' id='word_1_579' title='bbox 989 4332 1266 4397; x_wconf 86' lang='lat' dir='ltr'><strong>Quomodo</strong></span> <span class='ocrx_word' id='word_1_580' title='bbox 1291 4341 1468 4385; x_wconf 90' lang='lat' dir='ltr'><strong>autem</strong></span> <span class='ocrx_word' id='word_1_581' title='bbox 1498 4332 1775 4399; x_wconf 74' lang='lat' dir='ltr'><strong>signiﬁca-</strong></span> 
     </span>
    </p>
   </div>
   <div class='ocr_carea' id='block_1_76' title="bbox 182 4422 1777 4492">
    <p class='ocr_par' dir='ltr' id='par_1_76' title="bbox 182 4422 1777 4492">
     <span class='ocr_line' id='line_1_76' title="bbox 182 4422 1777 4492; baseline -0.001 -14"><span class='ocrx_word' id='word_1_582' title='bbox 182 4426 321 4478; x_wconf 86' lang='lat' dir='ltr'><strong>verit</strong></span> <span class='ocrx_word' id='word_1_583' title='bbox 346 4426 508 4479; x_wconf 87' lang='lat' dir='ltr'><strong>etiam</strong></span> <span class='ocrx_word' id='word_1_584' title='bbox 533 4422 748 4477; x_wconf 71' lang='lat' dir='ltr'><strong>Judteos</strong></span> <span class='ocrx_word' id='word_1_585' title='bbox 775 4437 803 4475; x_wconf 93' lang='lat' dir='ltr'><strong>a</strong></span> <span class='ocrx_word' id='word_1_586' title='bbox 829 4422 1021 4492; x_wconf 90' lang='lat' dir='ltr'><strong>quibus</strong></span> <span class='ocrx_word' id='word_1_587' title='bbox 1041 4422 1288 4476; x_wconf 68' lang='lat' dir='ltr'><strong>Christus</strong></span> <span class='ocrx_word' id='word_1_588' title='bbox 1318 4424 1524 4476; x_wconf 90' lang='lat' dir='ltr'><strong>occisus</strong></span> <span class='ocrx_word' id='word_1_589' title='bbox 1549 4431 1632 4477; x_wconf 89' lang='lat' dir='ltr'><strong>est</strong></span> <span class='ocrx_word' id='word_1_590' title='bbox 1658 4438 1777 4492; x_wconf 80' lang='lat' dir='ltr'><strong>pas-</strong></span> 
     </span>
    </p>
   </div>
   <div class='ocr_carea' id='block_1_77' title="bbox 1878 3225 3455 3302">
    <p class='ocr_par' dir='ltr' id='par_1_77' title="bbox 1878 3225 3455 3302">
     <span class='ocr_line' id='line_1_77' title="bbox 1878 3225 3455 3302; baseline 0.005 -24"><span class='ocrx_word' id='word_1_591' title='bbox 1878 3225 2099 3294; x_wconf 87' lang='lat' dir='ltr'><strong>spiritus</strong></span> <span class='ocrx_word' id='word_1_592' title='bbox 2124 3234 2179 3279; x_wconf 87' lang='lat' dir='ltr'><strong>et</strong></span> <span class='ocrx_word' id='word_1_593' title='bbox 2206 3227 2449 3293; x_wconf 89' lang='lat' dir='ltr'><strong>corporis</strong></span> <span class='ocrx_word' id='word_1_594' title='bbox 2478 3228 2709 3301; x_wconf 76' lang='lat' dir='ltr'><strong>perfecta</strong></span> <span class='ocrx_word' id='word_1_595' title='bbox 2737 3227 3024 3284; x_wconf 88' lang='lat' dir='ltr'><strong>immortali</strong></span> <span class='ocrx_word' id='word_1_596' title='bbox 3054 3229 3455 3302; x_wconf 83' lang='lat' dir='ltr'><strong>[immortalita-</strong></span> 
     </span>
    </p>
   </div>
   <div class='ocr_carea' id='block_1_78' title="bbox 1879 3315 3454 3392">
    <p class='ocr_par' dir='ltr' id='par_1_78' title="bbox 1879 3315 3454 3392">
     <span class='ocr_line' id='line_1_78' title="bbox 1879 3315 3454 3392; baseline 0.004 -22"><span class='ocrx_word' id='word_1_597' title='bbox 1879 3315 1969 3387; x_wconf 86' lang='lat' dir='ltr'><strong>tis]</strong></span> <span class='ocrx_word' id='word_1_598' title='bbox 2008 3318 2182 3371; x_wconf 90' lang='lat' dir='ltr'><strong>salute</strong></span> <span class='ocrx_word' id='word_1_599' title='bbox 2232 3326 2544 3371; x_wconf 86' lang='lat' dir='ltr'><strong>renovatum</strong></span> <span class='ocrx_word' id='word_1_600' title='bbox 2591 3316 2645 3372; x_wconf 91' lang='lat' dir='ltr'><strong>in</strong></span> <span class='ocrx_word' id='word_1_601' title='bbox 2702 3326 2917 3375; x_wconf 64' lang='lat' dir='ltr'><strong>aeterna:</strong></span> <span class='ocrx_word' id='word_1_602' title='bbox 2958 3320 3080 3375; x_wconf 67' lang='lat' dir='ltr'><strong>vitae</strong></span> <span class='ocrx_word' id='word_1_603' title='bbox 3121 3320 3232 3392; x_wconf 61' lang='grc'>49</span> <span class='ocrx_word' id='word_1_604' title='bbox 3260 3334 3454 3376; x_wconf 85' lang='lat' dir='ltr'><strong>munus</strong></span> 
     </span>
    </p>
   </div>
   <div class='ocr_carea' id='block_1_79' title="bbox 1877 3410 3461 3483">
    <p class='ocr_par' dir='ltr' id='par_1_79' title="bbox 1877 3410 3461 3483">
     <span class='ocr_line' id='line_1_79' title="bbox 1877 3410 3461 3483; baseline 0.005 -20"><span class='ocrx_word' id='word_1_605' title='bbox 1877 3410 2134 3479; x_wconf 84' lang='lat' dir='ltr'><strong>assumit)</strong></span> <span class='ocrx_word' id='word_1_606' title='bbox 2158 3425 2171 3475; x_wconf 93' lang='lat'><strong>;</strong></span> <span class='ocrx_word' id='word_1_607' title='bbox 2201 3410 2322 3479; x_wconf 89' lang='lat' dir='ltr'><strong>quia</strong></span> <span class='ocrx_word' id='word_1_608' title='bbox 2350 3424 2478 3480; x_wconf 88' lang='lat' dir='ltr'><strong>ergo</strong></span> <span class='ocrx_word' id='word_1_609' title='bbox 2506 3412 2731 3481; x_wconf 87' lang='lat' dir='ltr'><strong>septima</strong></span> <span class='ocrx_word' id='word_1_610' title='bbox 2762 3414 2971 3483; x_wconf 89' lang='lat' dir='ltr'><strong>requies</strong></span> <span class='ocrx_word' id='word_1_611' title='bbox 2998 3429 3117 3469; x_wconf 92' lang='lat' dir='ltr'><strong>cum</strong></span> <span class='ocrx_word' id='word_1_612' title='bbox 3145 3425 3330 3470; x_wconf 83' lang='lat' dir='ltr'><strong>octava</strong></span> <span class='ocrx_word' id='word_1_613' title='bbox 3372 3430 3461 3471; x_wconf 87' lang='lat' dir='ltr'><strong>re-</strong></span> 
     </span>
    </p>
   </div>
   <div class='ocr_carea' id='block_1_80' title="bbox 1876 3500 3461 3579">
    <p class='ocr_par' dir='ltr' id='par_1_80' title="bbox 1876 3500 3461 3579">
     <span class='ocr_line' id='line_1_80' title="bbox 1876 3500 3461 3579; baseline 0.005 -24"><span class='ocrx_word' id='word_1_614' title='bbox 1876 3500 2212 3555; x_wconf 82' lang='lat' dir='ltr'><strong>surrectione</strong></span> <span class='ocrx_word' id='word_1_615' title='bbox 2241 3500 2582 3571; x_wconf 89' lang='lat' dir='ltr'><strong>conjungitur</strong></span> <span class='ocrx_word' id='word_1_616' title='bbox 2601 3543 2615 3568; x_wconf 89' lang='lat'><strong>,</strong></span> <span class='ocrx_word' id='word_1_617' title='bbox 2642 3513 2695 3558; x_wconf 90' lang='lat' dir='ltr'><strong>et</strong></span> <span class='ocrx_word' id='word_1_618' title='bbox 2738 3505 2838 3560; x_wconf 91' lang='lat' dir='ltr'><strong>hoc</strong></span> <span class='ocrx_word' id='word_1_619' title='bbox 2868 3506 2919 3560; x_wconf 92' lang='lat' dir='ltr'><strong>in</strong></span> <span class='ocrx_word' id='word_1_620' title='bbox 2943 3516 3278 3562; x_wconf 88' lang='lat' dir='ltr'><strong>sacramento</strong></span> <span class='ocrx_word' id='word_1_621' title='bbox 3303 3522 3461 3579; x_wconf 86' lang='lat' dir='ltr'><strong>rege-</strong></span> 
     </span>
    </p>
   </div>
   <div class='ocr_carea' id='block_1_81' title="bbox 1879 3592 3464 3667">
    <p class='ocr_par' dir='ltr' id='par_1_81' title="bbox 1879 3592 3464 3667">
     <span class='ocr_line' id='line_1_81' title="bbox 1879 3592 3464 3667; baseline 0.006 -23"><span class='ocrx_word' id='word_1_622' title='bbox 1879 3592 2176 3647; x_wconf 89' lang='lat' dir='ltr'><strong>nerationis</strong></span> <span class='ocrx_word' id='word_1_623' title='bbox 2208 3603 2426 3659; x_wconf 70' lang='lat' dir='ltr'><strong>nostrae,</strong></span> <span class='ocrx_word' id='word_1_624' title='bbox 2459 3594 2509 3648; x_wconf 91' lang='lat' dir='ltr'><strong>id</strong></span> <span class='ocrx_word' id='word_1_625' title='bbox 2535 3608 2617 3649; x_wconf 90' lang='lat' dir='ltr'><strong>est</strong></span> <span class='ocrx_word' id='word_1_626' title='bbox 2647 3595 2698 3650; x_wconf 92' lang='lat' dir='ltr'><strong>in</strong></span> <span class='ocrx_word' id='word_1_627' title='bbox 2746 3596 3008 3667; x_wconf 86' lang='lat' dir='ltr'><strong>baptismo</strong></span> <span class='ocrx_word' id='word_1_628' title='bbox 3033 3597 3197 3651; x_wconf 86' lang='lat' dir='ltr'><strong>altum</strong></span> <span class='ocrx_word' id='word_1_629' title='bbox 3242 3598 3464 3667; x_wconf 85' lang='lat' dir='ltr'><strong>profun-</strong></span> 
     </span>
    </p>
   </div>
   <div class='ocr_carea' id='block_1_82' title="bbox 1877 3681 3462 3759">
    <p class='ocr_par' dir='ltr' id='par_1_82' title="bbox 1877 3681 3462 3759">
     <span class='ocr_line' id='line_1_82' title="bbox 1877 3681 3462 3759; baseline 0.006 -24"><span class='ocrx_word' id='word_1_630' title='bbox 1877 3681 2113 3753; x_wconf 88' lang='lat' dir='ltr'><strong>dumque</strong></span> <span class='ocrx_word' id='word_1_631' title='bbox 2143 3687 2457 3755; x_wconf 86' lang='lat' dir='ltr'><strong>mysterium</strong></span> <span class='ocrx_word' id='word_1_632' title='bbox 2488 3695 2603 3742; x_wconf 87' lang='lat' dir='ltr'><strong>est:</strong></span> <span class='ocrx_word' id='word_1_633' title='bbox 2635 3688 2936 3758; x_wconf 90' lang='lat' dir='ltr'><strong>quindecim</strong></span> <span class='ocrx_word' id='word_1_634' title='bbox 2963 3688 3156 3742; x_wconf 88' lang='lat' dir='ltr'><strong>cubitis</strong></span> <span class='ocrx_word' id='word_1_635' title='bbox 3181 3704 3462 3759; x_wconf 88' lang='lat' dir='ltr'><strong>supercre-</strong></span> 
     </span>
    </p>
   </div>
   <div class='ocr_carea' id='block_1_83' title="bbox 1880 3774 3462 3846">
    <p class='ocr_par' dir='ltr' id='par_1_83' title="bbox 1880 3774 3462 3846">
     <span class='ocr_line' id='line_1_83' title="bbox 1880 3774 3462 3846; baseline 0.008 -20"><span class='ocrx_word' id='word_1_636' title='bbox 1880 3774 1960 3827; x_wconf 86' lang='lat' dir='ltr'><strong>vit</strong></span> <span class='ocrx_word' id='word_1_637' title='bbox 1981 3789 2115 3844; x_wconf 88' lang='lat' dir='ltr'><strong>aqua</strong></span> <span class='ocrx_word' id='word_1_638' title='bbox 2144 3776 2411 3831; x_wconf 82' lang='lat' dir='ltr'><strong>excedens</strong></span> <span class='ocrx_word' id='word_1_639' title='bbox 2452 3779 2784 3833; x_wconf 85' lang='lat' dir='ltr'><strong>altitudinem</strong></span> <span class='ocrx_word' id='word_1_640' title='bbox 2832 3779 3093 3834; x_wconf 89' lang='lat' dir='ltr'><strong>montium</strong></span> <span class='ocrx_word' id='word_1_641' title='bbox 3114 3819 3127 3846; x_wconf 93' lang='lat'><strong>,</strong></span> <span class='ocrx_word' id='word_1_642' title='bbox 3161 3780 3215 3833; x_wconf 90' lang='lat' dir='ltr'><strong>id</strong></span> <span class='ocrx_word' id='word_1_643' title='bbox 3247 3790 3329 3836; x_wconf 88' lang='lat' dir='ltr'><strong>est</strong></span> <span class='ocrx_word' id='word_1_644' title='bbox 3361 3781 3462 3838; x_wconf 91' lang='lat' dir='ltr'><strong>hoc</strong></span> 
     </span>
    </p>
   </div>
   <div class='ocr_carea' id='block_1_84' title="bbox 1877 3868 3461 3939">
    <p class='ocr_par' dir='ltr' id='par_1_84' title="bbox 1877 3868 3461 3939">
     <span class='ocr_line' id='line_1_84' title="bbox 1877 3868 3461 3939; baseline 0.006 -22"><span class='ocrx_word' id='word_1_645' title='bbox 1877 3873 2272 3920; x_wconf 86' lang='lat' dir='ltr'><strong>sacramentum</strong></span> <span class='ocrx_word' id='word_1_646' title='bbox 2319 3868 2651 3921; x_wconf 85' lang='lat' dir='ltr'><strong>transcendit</strong></span> <span class='ocrx_word' id='word_1_647' title='bbox 2680 3883 2892 3923; x_wconf 90' lang='lat' dir='ltr'><strong>omnem</strong></span> <span class='ocrx_word' id='word_1_648' title='bbox 2923 3870 3238 3938; x_wconf 90' lang='lat' dir='ltr'><strong>sapientiam</strong></span> <span class='ocrx_word' id='word_1_649' title='bbox 3265 3886 3461 3939; x_wconf 90' lang='lat' dir='ltr'><strong>super-</strong></span> 
     </span>
    </p>
   </div>
   <div class='ocr_carea' id='block_1_85' title="bbox 1880 3954 3458 4031">
    <p class='ocr_par' dir='ltr' id='par_1_85' title="bbox 1880 3954 3458 4031">
     <span class='ocr_line' id='line_1_85' title="bbox 1880 3954 3458 4031; baseline 0.006 -22"><span class='ocrx_word' id='word_1_650' title='bbox 1880 3954 2092 4009; x_wconf 91' lang='lat' dir='ltr'><strong>borum.</strong></span> <span class='ocrx_word' id='word_1_651' title='bbox 2123 3956 2341 4026; x_wconf 84' lang='lat' dir='ltr'><strong>Septem</strong></span> <span class='ocrx_word' id='word_1_652' title='bbox 2371 3958 2566 4028; x_wconf 87' lang='lat' dir='ltr'><strong>quippe</strong></span> <span class='ocrx_word' id='word_1_653' title='bbox 2594 3968 2649 4013; x_wconf 89' lang='lat' dir='ltr'><strong>et</strong></span> <span class='ocrx_word' id='word_1_654' title='bbox 2689 3967 2812 4014; x_wconf 79' lang='lat' dir='ltr'><strong>octo</strong></span> <span class='ocrx_word' id='word_1_655' title='bbox 2851 3959 3132 4030; x_wconf 85' lang='lat' dir='ltr'><strong>conjuncta</strong></span> <span class='ocrx_word' id='word_1_656' title='bbox 3156 3963 3458 4031; x_wconf 89' lang='lat' dir='ltr'><strong>quindecim</strong></span> 
     </span>
    </p>
   </div>
   <div class='ocr_carea' id='block_1_86' title="bbox 1881 4047 3455 4125">
    <p class='ocr_par' dir='ltr' id='par_1_86' title="bbox 1881 4047 3455 4125">
     <span class='ocr_line' id='line_1_86' title="bbox 1881 4047 3455 4125; baseline 0.006 -24"><span class='ocrx_word' id='word_1_657' title='bbox 1881 4047 2043 4114; x_wconf 88' lang='lat' dir='ltr'><strong>ﬁunt,</strong></span> <span class='ocrx_word' id='word_1_658' title='bbox 2074 4057 2129 4103; x_wconf 90' lang='lat' dir='ltr'><strong>et</strong></span> <span class='ocrx_word' id='word_1_659' title='bbox 2156 4050 2276 4118; x_wconf 88' lang='lat' dir='ltr'><strong>quia</strong></span> <span class='ocrx_word' id='word_1_660' title='bbox 2305 4052 2637 4121; x_wconf 81' lang='lat' dir='ltr'><strong>septuaginta</strong></span> <span class='ocrx_word' id='word_1_661' title='bbox 2678 4066 2707 4105; x_wconf 87' lang='lat' dir='ltr'><strong>a</strong></span> <span class='ocrx_word' id='word_1_662' title='bbox 2736 4064 2938 4122; x_wconf 87' lang='lat' dir='ltr'><strong>septem</strong></span> <span class='ocrx_word' id='word_1_663' title='bbox 2965 4095 2980 4119; x_wconf 96' lang='lat'><strong>,</strong></span> <span class='ocrx_word' id='word_1_664' title='bbox 3010 4061 3065 4109; x_wconf 89' lang='lat' dir='ltr'><strong>et</strong></span> <span class='ocrx_word' id='word_1_665' title='bbox 3088 4058 3355 4125; x_wconf 84' lang='lat' dir='ltr'><strong>octoginta</strong></span> <span class='ocrx_word' id='word_1_666' title='bbox 3386 4057 3455 4111; x_wconf 88' lang='lat' dir='ltr'><strong>ab</strong></span> 
     </span>
    </p>
   </div>
   <div class='ocr_carea' id='block_1_87' title="bbox 1878 4139 3456 4214">
    <p class='ocr_par' dir='ltr' id='par_1_87' title="bbox 1878 4139 3456 4214">
     <span class='ocr_line' id='line_1_87' title="bbox 1878 4139 3456 4214; baseline 0.004 -21"><span class='ocrx_word' id='word_1_667' title='bbox 1878 4148 2000 4193; x_wconf 91' lang='lat' dir='ltr'><strong>octo</strong></span> <span class='ocrx_word' id='word_1_668' title='bbox 2035 4139 2469 4208; x_wconf 90' lang='lat' dir='ltr'><strong>denominantur,</strong></span> <span class='ocrx_word' id='word_1_669' title='bbox 2501 4142 2785 4211; x_wconf 89' lang='lat' dir='ltr'><strong>conjuncto</strong></span> <span class='ocrx_word' id='word_1_670' title='bbox 2817 4155 3043 4214; x_wconf 82' lang='lat' dir='ltr'><strong>utroque</strong></span> <span class='ocrx_word' id='word_1_671' title='bbox 3072 4160 3296 4200; x_wconf 89' lang='lat' dir='ltr'><strong>numero</strong></span> <span class='ocrx_word' id='word_1_672' title='bbox 3325 4160 3456 4200; x_wconf 82' lang='lat' dir='ltr'><strong>cen-</strong></span> 
     </span>
    </p>
   </div>
   <div class='ocr_carea' id='block_1_88' title="bbox 1882 4232 3533 4309">
    <p class='ocr_par' dir='ltr' id='par_1_88' title="bbox 1882 4232 3533 4309">
     <span class='ocr_line' id='line_1_88' title="bbox 1882 4232 3533 4309; baseline 0.006 -24"><span class='ocrx_word' id='word_1_673' title='bbox 1882 4240 1992 4286; x_wconf 90' lang='lat' dir='ltr'><strong>tum</strong></span> <span class='ocrx_word' id='word_1_674' title='bbox 2040 4232 2417 4303; x_wconf 87' lang='lat' dir='ltr'><strong>quinquaginta</strong></span> <span class='ocrx_word' id='word_1_675' title='bbox 2456 4235 2645 4291; x_wconf 91' lang='lat' dir='ltr'><strong>diebus</strong></span> <span class='ocrx_word' id='word_1_676' title='bbox 2688 4238 2920 4293; x_wconf 76' lang='lat' dir='ltr'><strong>exaltata</strong></span> <span class='ocrx_word' id='word_1_677' title='bbox 2971 4248 3055 4294; x_wconf 84' lang='lat' dir='ltr'><strong>est</strong></span> <span class='ocrx_word' id='word_1_678' title='bbox 3104 4253 3271 4309; x_wconf 86' lang='lat' dir='ltr'><strong>aqua,</strong></span> <span class='ocrx_word' id='word_1_679' title='bbox 3310 4254 3460 4294; x_wconf 85' lang='lat' dir='ltr'><strong>eatn-</strong></span> <span class='ocrx_word' id='word_1_680' title='bbox 3530 4249 3533 4252; x_wconf 77' lang='lat'><strong><em>&#39;</em></strong></span> 
     </span>
    </p>
   </div>
   <div class='ocr_carea' id='block_1_89' title="bbox 1884 4328 3461 4403">
    <p class='ocr_par' dir='ltr' id='par_1_89' title="bbox 1884 4328 3461 4403">
     <span class='ocr_line' id='line_1_89' title="bbox 1884 4328 3461 4403; baseline 0.005 -23"><span class='ocrx_word' id='word_1_681' title='bbox 1884 4328 2006 4382; x_wconf 89' lang='lat' dir='ltr'><strong>dcm</strong></span> <span class='ocrx_word' id='word_1_682' title='bbox 2050 4330 2201 4385; x_wconf 91' lang='lat' dir='ltr'><strong>nobis</strong></span> <span class='ocrx_word' id='word_1_683' title='bbox 2242 4332 2625 4388; x_wconf 88' lang='lat' dir='ltr'><strong>commendans</strong></span> <span class='ocrx_word' id='word_1_684' title='bbox 2664 4343 2825 4403; x_wconf 90' lang='lat' dir='ltr'><strong>atque</strong></span> <span class='ocrx_word' id='word_1_685' title='bbox 2864 4334 3187 4390; x_wconf 86' lang='lat' dir='ltr'><strong>confirmans</strong></span> <span class='ocrx_word' id='word_1_686' title='bbox 3218 4335 3461 4390; x_wconf 76' lang='lat' dir='ltr'><strong>altitudi-</strong></span> 
     </span>
    </p>
   </div>
   <div class='ocr_carea' id='block_1_90' title="bbox 1884 4420 3461 4489">
    <p class='ocr_par' dir='ltr' id='par_1_90' title="bbox 1884 4420 3461 4489">
     <span class='ocr_line' id='line_1_90' title="bbox 1884 4420 3461 4489; baseline 0.004 -18"><span class='ocrx_word' id='word_1_687' title='bbox 1884 4434 2004 4472; x_wconf 85' lang='lat' dir='ltr'><strong>nem</strong></span> <span class='ocrx_word' id='word_1_688' title='bbox 2053 4420 2301 4489; x_wconf 83' lang='lat' dir='ltr'><strong>baptismi</strong></span> <span class='ocrx_word' id='word_1_689' title='bbox 2333 4422 2386 4476; x_wconf 95' lang='lat' dir='ltr'><strong>in</strong></span> <span class='ocrx_word' id='word_1_690' title='bbox 2418 4424 2785 4480; x_wconf 86' lang='lat' dir='ltr'><strong>consecrando</strong></span> <span class='ocrx_word' id='word_1_691' title='bbox 2824 4440 2966 4480; x_wconf 91' lang='lat' dir='ltr'><strong>novo</strong></span> <span class='ocrx_word' id='word_1_692' title='bbox 3019 4425 3251 4486; x_wconf 88' lang='lat' dir='ltr'><strong>homine,</strong></span> <span class='ocrx_word' id='word_1_693' title='bbox 3281 4424 3347 4478; x_wconf 84' lang='lat' dir='ltr'><strong>ad</strong></span> <span class='ocrx_word' id='word_1_694' title='bbox 3380 4432 3461 4478; x_wconf 85' lang='lat' dir='ltr'><strong>te-</strong></span> 
     </span>
    </p>
   </div>
   <div class='ocr_carea' id='block_1_91' title="bbox 183 4509 3463 4585">
    <p class='ocr_par' dir='ltr' id='par_1_91' title="bbox 183 4509 3463 4585">
     <span class='ocr_line' id='line_1_91' title="bbox 183 4509 3463 4585; baseline 0.001 -17"><span class='ocrx_word' id='word_1_695' title='bbox 183 4523 266 4570; x_wconf 91' lang='lat' dir='ltr'><strong>tor</strong></span> <span class='ocrx_word' id='word_1_696' title='bbox 296 4515 539 4569; x_wconf 81' lang='lat' dir='ltr'><strong>omnium</strong></span> <span class='ocrx_word' id='word_1_697' title='bbox 573 4514 845 4568; x_wconf 90' lang='lat' dir='ltr'><strong>hominum</strong></span> <span class='ocrx_word' id='word_1_698' title='bbox 871 4555 887 4582; x_wconf 93' lang='lat'><strong>,</strong></span> <span class='ocrx_word' id='word_1_699' title='bbox 916 4529 1074 4584; x_wconf 88' lang='lat' dir='ltr'><strong>quem</strong></span> <span class='ocrx_word' id='word_1_700' title='bbox 1107 4522 1290 4582; x_wconf 80' lang='lat' dir='ltr'><strong>pastor</strong></span> <span class='ocrx_word' id='word_1_701' title='bbox 1315 4514 1493 4568; x_wconf 86' lang='lat' dir='ltr'><strong>ovium</strong></span> <span class='ocrx_word' id='word_1_702' title='bbox 1526 4530 1774 4583; x_wconf 83' lang='lat' dir='ltr'><strong>pecorum</strong></span> <span class='ocrx_word' id='word_1_703' title='bbox 1808 4518 1859 4576; x_wconf 91' lang='lat' dir='ltr'><strong>D</strong></span> <span class='ocrx_word' id='word_1_704' title='bbox 1884 4509 2111 4564; x_wconf 80' lang='lat' dir='ltr'><strong>nendam</strong></span> <span class='ocrx_word' id='word_1_705' title='bbox 2151 4512 2344 4581; x_wconf 83' lang='lat' dir='ltr'><strong>quietis</strong></span> <span class='ocrx_word' id='word_1_706' title='bbox 2372 4522 2426 4568; x_wconf 88' lang='lat' dir='ltr'><strong>et</strong></span> <span class='ocrx_word' id='word_1_707' title='bbox 2470 4516 2880 4571; x_wconf 84' lang='lat' dir='ltr'><strong>resurrectionis</strong></span> <span class='ocrx_word' id='word_1_708' title='bbox 2926 4516 3108 4571; x_wconf 74' lang='lat' dir='ltr'><strong>ﬁdem.</strong></span> <span class='ocrx_word' id='word_1_709' title='bbox 3149 4516 3298 4583; x_wconf 87' lang='lat' dir='ltr'><strong>Quod</strong></span> <span class='ocrx_word' id='word_1_710' title='bbox 3345 4525 3463 4585; x_wconf 89' lang='lat' dir='ltr'><strong>post</strong></span> 
     </span>
    </p>
   </div>
   <div class='ocr_carea' id='block_1_92' title="bbox 181 4606 1777 4679">
    <p class='ocr_par' dir='ltr' id='par_1_92' title="bbox 181 4606 1777 4679">
     <span class='ocr_line' id='line_1_92' title="bbox 181 4606 1777 4679; baseline 0 -16"><span class='ocrx_word' id='word_1_711' title='bbox 181 4607 567 4679; x_wconf 68' lang='lat' dir='ltr'><strong>prazﬁgurabat</strong></span> <span class='ocrx_word' id='word_1_712' title='bbox 596 4607 725 4661; x_wconf 81' lang='lat' dir='ltr'><strong>Abel</strong></span> <span class='ocrx_word' id='word_1_713' title='bbox 753 4647 769 4670; x_wconf 98' lang='lat'><strong>,</strong></span> <span class='ocrx_word' id='word_1_714' title='bbox 796 4609 923 4676; x_wconf 84' lang='lat' dir='ltr'><strong>quia</strong></span> <span class='ocrx_word' id='word_1_715' title='bbox 955 4607 1006 4661; x_wconf 89' lang='lat' dir='ltr'><strong>in</strong></span> <span class='ocrx_word' id='word_1_716' title='bbox 1038 4606 1290 4676; x_wconf 88' lang='lat' dir='ltr'><strong>allegoria</strong></span> <span class='ocrx_word' id='word_1_717' title='bbox 1340 4606 1647 4675; x_wconf 89' lang='lat' dir='ltr'><strong>prophetica</strong></span> <span class='ocrx_word' id='word_1_718' title='bbox 1692 4623 1777 4663; x_wconf 89' lang='lat' dir='ltr'><strong>res</strong></span> 
     </span>
    </p>
   </div>
   <div class='ocr_carea' id='block_1_93' title="bbox 180 4704 1777 4776">
    <p class='ocr_par' dir='ltr' id='par_1_93' title="bbox 180 4704 1777 4776">
     <span class='ocr_line' id='line_1_93' title="bbox 180 4704 1777 4776; baseline 0 -14"><span class='ocrx_word' id='word_1_719' title='bbox 180 4718 283 4772; x_wconf 79' lang='lat' dir='ltr'><strong>est,</strong></span> <span class='ocrx_word' id='word_1_720' title='bbox 332 4722 497 4776; x_wconf 82' lang='lat' dir='ltr'><strong>pareo</strong></span> <span class='ocrx_word' id='word_1_721' title='bbox 542 4720 685 4760; x_wconf 91' lang='lat' dir='ltr'><strong>nunc</strong></span> <span class='ocrx_word' id='word_1_722' title='bbox 715 4705 931 4768; x_wconf 88' lang='lat' dir='ltr'><strong>dicere,</strong></span> <span class='ocrx_word' id='word_1_723' title='bbox 965 4714 1019 4759; x_wconf 91' lang='lat' dir='ltr'><strong>et</strong></span> <span class='ocrx_word' id='word_1_724' title='bbox 1061 4704 1305 4774; x_wconf 65' lang='lat' dir='ltr'><strong>quaedam</strong></span> <span class='ocrx_word' id='word_1_725' title='bbox 1352 4704 1477 4760; x_wconf 90' lang='lat' dir='ltr'><strong>hinc</strong></span> <span class='ocrx_word' id='word_1_726' title='bbox 1520 4706 1777 4762; x_wconf 82' lang='lat' dir='ltr'><strong>adversus</strong></span> 
     </span>
    </p>
   </div>
   <div class='ocr_carea' id='block_1_94' title="bbox 180 4796 1776 4868">
    <p class='ocr_par' dir='ltr' id='par_1_94' title="bbox 180 4796 1776 4868">
     <span class='ocr_line' id='line_1_94' title="bbox 180 4796 1776 4868; baseline -0.001 -16"><span class='ocrx_word' id='word_1_727' title='bbox 180 4798 439 4853; x_wconf 84' lang='lat' dir='ltr'><strong>Faustum</strong></span> <span class='ocrx_word' id='word_1_728' title='bbox 471 4798 823 4851; x_wconf 77' lang='lat' dir='ltr'><strong>Manichzeum</strong></span> <span class='ocrx_word' id='word_1_729' title='bbox 847 4798 1044 4851; x_wconf 80' lang='lat' dir='ltr'><strong>dixisse</strong></span> <span class='ocrx_word' id='word_1_730' title='bbox 1068 4812 1153 4851; x_wconf 88' lang='lat' dir='ltr'><strong>me</strong></span> <span class='ocrx_word' id='word_1_731' title='bbox 1183 4797 1362 4851; x_wconf 86' lang='lat' dir='ltr'><strong>recolo</strong></span> <span class='ocrx_word' id='word_1_732' title='bbox 1392 4796 1607 4868; x_wconf 87' lang='lat' dir='ltr'><strong>(Contra</strong></span> <span class='ocrx_word' id='word_1_733' title='bbox 1634 4797 1776 4851; x_wconf 84' lang='lat' dir='ltr'><strong>Fau-</strong></span> 
     </span>
    </p>
   </div>
   <div class='ocr_carea' id='block_1_95' title="bbox 176 4889 1774 4959">
    <p class='ocr_par' dir='ltr' id='par_1_95' title="bbox 176 4889 1774 4959">
     <span class='ocr_line' id='line_1_95' title="bbox 176 4889 1774 4959; baseline -0.001 -15"><span class='ocrx_word' id='word_1_734' title='bbox 176 4904 335 4953; x_wconf 73' lang='lat' dir='ltr'><strong>stum,</strong></span> <span class='ocrx_word' id='word_1_735' title='bbox 365 4890 462 4943; x_wconf 70' lang='lat' dir='ltr'><strong>lLb.</strong></span> <span class='ocrx_word' id='word_1_736' title='bbox 496 4890 617 4957; x_wconf 80' lang='lat' dir='ltr'><strong>xu),</strong></span> <span class='ocrx_word' id='word_1_737' title='bbox 648 4889 787 4957; x_wconf 64' lang='lat' dir='ltr'><strong>quod</strong></span> <span class='ocrx_word' id='word_1_738' title='bbox 819 4899 937 4958; x_wconf 88' lang='lat' dir='ltr'><strong>post</strong></span> <span class='ocrx_word' id='word_1_739' title='bbox 963 4898 1168 4956; x_wconf 88' lang='lat' dir='ltr'><strong>septem</strong></span> <span class='ocrx_word' id='word_1_740' title='bbox 1200 4890 1315 4942; x_wconf 88' lang='lat' dir='ltr'><strong>dies</strong></span> <span class='ocrx_word' id='word_1_741' title='bbox 1341 4903 1409 4942; x_wconf 80' lang='lat' dir='ltr'><strong>ex</strong></span> <span class='ocrx_word' id='word_1_742' title='bbox 1440 4904 1545 4956; x_wconf 88' lang='lat' dir='ltr'><strong>quo</strong></span> <span class='ocrx_word' id='word_1_743' title='bbox 1574 4890 1774 4959; x_wconf 83' lang='lat' dir='ltr'><strong>ingres—</strong></span> 
     </span>
    </p>
   </div>
   <div class='ocr_carea' id='block_1_96' title="bbox 177 4980 1774 5051">
    <p class='ocr_par' dir='ltr' id='par_1_96' title="bbox 177 4980 1774 5051">
     <span class='ocr_line' id='line_1_96' title="bbox 177 4980 1774 5051; baseline 0 -14"><span class='ocrx_word' id='word_1_744' title='bbox 177 4999 269 5037; x_wconf 81' lang='lat' dir='ltr'><strong>sus</strong></span> <span class='ocrx_word' id='word_1_745' title='bbox 303 4982 417 5036; x_wconf 84' lang='lat' dir='ltr'><strong>Noe</strong></span> <span class='ocrx_word' id='word_1_746' title='bbox 448 4985 498 5035; x_wconf 90' lang='lat' dir='ltr'><strong>in</strong></span> <span class='ocrx_word' id='word_1_747' title='bbox 528 4998 707 5036; x_wconf 62' lang='lat' dir='ltr'><strong>arcim</strong></span> <span class='ocrx_word' id='word_1_748' title='bbox 758 4980 953 5037; x_wconf 85' lang='lat' dir='ltr'><strong>factum</strong></span> <span class='ocrx_word' id='word_1_749' title='bbox 987 4991 1071 5036; x_wconf 91' lang='lat' dir='ltr'><strong>est</strong></span> <span class='ocrx_word' id='word_1_750' title='bbox 1108 4981 1398 5047; x_wconf 88' lang='lat' dir='ltr'><strong>diluvium,</strong></span> <span class='ocrx_word' id='word_1_751' title='bbox 1445 4980 1564 5051; x_wconf 87' lang='lat' dir='ltr'><strong>quia</strong></span> <span class='ocrx_word' id='word_1_752' title='bbox 1596 4982 1651 5036; x_wconf 90' lang='lat' dir='ltr'><strong>in</strong></span> <span class='ocrx_word' id='word_1_753' title='bbox 1681 4997 1774 5050; x_wconf 84' lang='lat' dir='ltr'><strong>spe</strong></span> 
     </span>
    </p>
   </div>
   <div class='ocr_carea' id='block_1_97' title="bbox 176 5070 1774 5143">
    <p class='ocr_par' dir='ltr' id='par_1_97' title="bbox 176 5070 1774 5143">
     <span class='ocr_line' id='line_1_97' title="bbox 176 5070 1774 5143; baseline 0.002 -20"><span class='ocrx_word' id='word_1_754' title='bbox 176 5071 370 5125; x_wconf 73' lang='lat' dir='ltr'><strong>futura:</strong></span> <span class='ocrx_word' id='word_1_755' title='bbox 413 5072 607 5141; x_wconf 89' lang='lat' dir='ltr'><strong>quietis</strong></span> <span class='ocrx_word' id='word_1_756' title='bbox 643 5071 764 5143; x_wconf 73' lang='lat' dir='ltr'><strong>[spe</strong></span> <span class='ocrx_word' id='word_1_757' title='bbox 794 5072 989 5126; x_wconf 70' lang='lat' dir='ltr'><strong>futura:</strong></span> <span class='ocrx_word' id='word_1_758' title='bbox 1018 5070 1239 5142; x_wconf 80' lang='lat' dir='ltr'><strong>quietis]</strong></span> <span class='ocrx_word' id='word_1_759' title='bbox 1288 5086 1407 5139; x_wconf 82' lang='lat' dir='ltr'><strong>quae</strong></span> <span class='ocrx_word' id='word_1_760' title='bbox 1437 5071 1666 5139; x_wconf 87' lang='lat' dir='ltr'><strong>septimo</strong></span> <span class='ocrx_word' id='word_1_761' title='bbox 1688 5073 1774 5126; x_wconf 89' lang='lat' dir='ltr'><strong>die</strong></span> 
     </span>
    </p>
   </div>
   <div class='ocr_carea' id='block_1_98' title="bbox 175 5163 1772 5233">
    <p class='ocr_par' dir='ltr' id='par_1_98' title="bbox 175 5163 1772 5233">
     <span class='ocr_line' id='line_1_98' title="bbox 175 5163 1772 5233; baseline 0.003 -18"><span class='ocrx_word' id='word_1_762' title='bbox 175 5163 476 5233; x_wconf 87' lang='lat' dir='ltr'><strong>signiﬁcata</strong></span> <span class='ocrx_word' id='word_1_763' title='bbox 501 5174 583 5217; x_wconf 82' lang='lat' dir='ltr'><strong>est</strong></span> <span class='ocrx_word' id='word_1_764' title='bbox 616 5164 967 5231; x_wconf 78' lang='lat' dir='ltr'><strong>baptiznmur;</strong></span> <span class='ocrx_word' id='word_1_765' title='bbox 1000 5164 1139 5233; x_wconf 91' lang='lat' dir='ltr'><strong>quod</strong></span> <span class='ocrx_word' id='word_1_766' title='bbox 1174 5170 1368 5229; x_wconf 66' lang='lat' dir='ltr'><strong>praeter</strong></span> <span class='ocrx_word' id='word_1_767' title='bbox 1396 5176 1570 5215; x_wconf 87' lang='lat' dir='ltr'><strong>arcam</strong></span> <span class='ocrx_word' id='word_1_768' title='bbox 1597 5165 1772 5219; x_wconf 87' lang='lat' dir='ltr'><strong>omnis</strong></span> 
     </span>
    </p>
   </div>
   <div class='ocr_carea' id='block_1_99' title="bbox 175 5254 1772 5326">
    <p class='ocr_par' dir='ltr' id='par_1_99' title="bbox 175 5254 1772 5326">
     <span class='ocr_line' id='line_1_99' title="bbox 175 5254 1772 5326; baseline 0 -18"><span class='ocrx_word' id='word_1_769' title='bbox 175 5269 303 5308; x_wconf 85' lang='lat' dir='ltr'><strong>caro</strong></span> <span class='ocrx_word' id='word_1_770' title='bbox 324 5272 485 5324; x_wconf 85' lang='lat' dir='ltr'><strong>quam</strong></span> <span class='ocrx_word' id='word_1_771' title='bbox 519 5267 658 5310; x_wconf 91' lang='lat' dir='ltr'><strong>terra</strong></span> <span class='ocrx_word' id='word_1_772' title='bbox 688 5254 1242 5310; x_wconf 82' lang='lat' dir='ltr'><strong>sustentabatdiluvio</strong></span> <span class='ocrx_word' id='word_1_773' title='bbox 1274 5264 1587 5322; x_wconf 74' lang='lat' dir='ltr'><strong>coitsumpta</strong></span> <span class='ocrx_word' id='word_1_774' title='bbox 1620 5254 1772 5326; x_wconf 80' lang='lat' dir='ltr'><strong>[con-</strong></span> 
     </span>
    </p>
   </div>
   <div class='ocr_carea' id='block_1_100' title="bbox 174 5344 1769 5421">
    <p class='ocr_par' dir='ltr' id='par_1_100' title="bbox 174 5344 1769 5421">
     <span class='ocr_line' id='line_1_100' title="bbox 174 5344 1769 5421; baseline 0.003 -23"><span class='ocrx_word' id='word_1_775' title='bbox 174 5346 466 5421; x_wconf 88' lang='lat' dir='ltr'><strong>suntmata]</strong></span> <span class='ocrx_word' id='word_1_776' title='bbox 499 5358 601 5411; x_wconf 91' lang='lat' dir='ltr'><strong>est,</strong></span> <span class='ocrx_word' id='word_1_777' title='bbox 631 5348 753 5419; x_wconf 90' lang='lat' dir='ltr'><strong>quia</strong></span> <span class='ocrx_word' id='word_1_778' title='bbox 790 5357 985 5416; x_wconf 72' lang='lat' dir='ltr'><strong>przeter</strong></span> <span class='ocrx_word' id='word_1_779' title='bbox 1016 5345 1273 5401; x_wconf 66' lang='lat' dir='ltr'><strong>Ecclesia:</strong></span> <span class='ocrx_word' id='word_1_780' title='bbox 1304 5344 1609 5398; x_wconf 82' lang='lat' dir='ltr'><strong>societatem</strong></span> <span class='ocrx_word' id='word_1_781' title='bbox 1634 5363 1769 5415; x_wconf 88' lang='lat' dir='ltr'><strong>aqua</strong></span> 
     </span>
    </p>
   </div>
   <div class='ocr_carea' id='block_1_101' title="bbox 174 5434 1768 5506">
    <p class='ocr_par' dir='ltr' id='par_1_101' title="bbox 174 5434 1768 5506">
     <span class='ocr_line' id='line_1_101' title="bbox 174 5434 1768 5506; baseline 0 -17"><span class='ocrx_word' id='word_1_782' title='bbox 174 5435 451 5506; x_wconf 78' lang='lat' dir='ltr'><strong>baptismi,</strong></span> <span class='ocrx_word' id='word_1_783' title='bbox 480 5440 728 5506; x_wconf 80' lang='lat' dir='ltr'><strong>quamvis</strong></span> <span class='ocrx_word' id='word_1_784' title='bbox 756 5437 945 5491; x_wconf 83' lang='lat' dir='ltr'><strong>eadem</strong></span> <span class='ocrx_word' id='word_1_785' title='bbox 968 5437 1057 5497; x_wconf 91' lang='lat' dir='ltr'><strong>sit,</strong></span> <span class='ocrx_word' id='word_1_786' title='bbox 1083 5449 1186 5488; x_wconf 92' lang='lat' dir='ltr'><strong>non</strong></span> <span class='ocrx_word' id='word_1_787' title='bbox 1211 5436 1379 5487; x_wconf 90' lang='lat' dir='ltr'><strong>solum</strong></span> <span class='ocrx_word' id='word_1_788' title='bbox 1409 5449 1513 5489; x_wconf 92' lang='lat' dir='ltr'><strong>non</strong></span> <span class='ocrx_word' id='word_1_789' title='bbox 1539 5435 1677 5488; x_wconf 87' lang='lat' dir='ltr'><strong>valet</strong></span> <span class='ocrx_word' id='word_1_790' title='bbox 1703 5434 1768 5489; x_wconf 90' lang='lat' dir='ltr'><strong>ad</strong></span> 
     </span>
    </p>
   </div>
   <div class='ocr_carea' id='block_1_102' title="bbox 174 5525 1769 5596">
    <p class='ocr_par' dir='ltr' id='par_1_102' title="bbox 174 5525 1769 5596">
     <span class='ocr_line' id='line_1_102' title="bbox 174 5525 1769 5596; baseline -0.003 -14"><span class='ocrx_word' id='word_1_791' title='bbox 174 5531 400 5583; x_wconf 85' lang='lat' dir='ltr'><strong>salutem</strong></span> <span class='ocrx_word' id='word_1_792' title='bbox 425 5570 440 5594; x_wconf 93' lang='lat'><strong>,</strong></span> <span class='ocrx_word' id='word_1_793' title='bbox 474 5531 568 5584; x_wconf 87' lang='lat' dir='ltr'><strong>sed</strong></span> <span class='ocrx_word' id='word_1_794' title='bbox 600 5530 743 5583; x_wconf 88' lang='lat' dir='ltr'><strong>valet</strong></span> <span class='ocrx_word' id='word_1_795' title='bbox 784 5530 958 5596; x_wconf 89' lang='lat' dir='ltr'><strong>potius</strong></span> <span class='ocrx_word' id='word_1_796' title='bbox 988 5526 1054 5580; x_wconf 89' lang='lat' dir='ltr'><strong>ad</strong></span> <span class='ocrx_word' id='word_1_797' title='bbox 1103 5526 1424 5594; x_wconf 89' lang='lat' dir='ltr'><strong>perniciem;</strong></span> <span class='ocrx_word' id='word_1_798' title='bbox 1469 5525 1609 5593; x_wconf 90' lang='lat' dir='ltr'><strong>quod</strong></span> <span class='ocrx_word' id='word_1_799' title='bbox 1638 5540 1769 5594; x_wconf 89' lang='lat' dir='ltr'><strong>qua-</strong></span> 
     </span>
    </p>
   </div>
   <div class='ocr_carea' id='block_1_103' title="bbox 174 5612 1766 5689">
    <p class='ocr_par' dir='ltr' id='par_1_103' title="bbox 174 5612 1766 5689">
     <span class='ocr_line' id='line_1_103' title="bbox 174 5612 1766 5689; baseline -0.004 -17"><span class='ocrx_word' id='word_1_800' title='bbox 174 5618 417 5689; x_wconf 85' lang='lat' dir='ltr'><strong>draginta</strong></span> <span class='ocrx_word' id='word_1_801' title='bbox 449 5620 643 5674; x_wconf 87' lang='lat' dir='ltr'><strong>diebus</strong></span> <span class='ocrx_word' id='word_1_802' title='bbox 688 5628 739 5672; x_wconf 89' lang='lat' dir='ltr'><strong>et</strong></span> <span class='ocrx_word' id='word_1_803' title='bbox 770 5617 1115 5687; x_wconf 87' lang='lat' dir='ltr'><strong>quadraginta</strong></span> <span class='ocrx_word' id='word_1_804' title='bbox 1165 5612 1410 5667; x_wconf 85' lang='lat' dir='ltr'><strong>noctibus</strong></span> <span class='ocrx_word' id='word_1_805' title='bbox 1449 5612 1604 5680; x_wconf 88' lang='lat' dir='ltr'><strong>pluit,</strong></span> <span class='ocrx_word' id='word_1_806' title='bbox 1643 5614 1766 5681; x_wconf 78' lang='lat' dir='ltr'><strong>quia</strong></span> 
     </span>
    </p>
   </div>
   <div class='ocr_carea' id='block_1_104' title="bbox 174 5701 1765 5779">
    <p class='ocr_par' dir='ltr' id='par_1_104' title="bbox 174 5701 1765 5779">
     <span class='ocr_line' id='line_1_104' title="bbox 174 5701 1765 5779; baseline -0.006 -12"><span class='ocrx_word' id='word_1_807' title='bbox 174 5710 349 5767; x_wconf 82' lang='lat' dir='ltr'><strong>Omnis</strong></span> <span class='ocrx_word' id='word_1_808' title='bbox 369 5719 553 5767; x_wconf 88' lang='lat' dir='ltr'><strong>reatus</strong></span> <span class='ocrx_word' id='word_1_809' title='bbox 583 5718 921 5779; x_wconf 74' lang='lat' dir='ltr'><strong>peccatorum</strong></span> <span class='ocrx_word' id='word_1_810' title='bbox 945 5706 1034 5779; x_wconf 87' lang='lat' dir='ltr'><strong>qui</strong></span> <span class='ocrx_word' id='word_1_811' title='bbox 1066 5706 1120 5761; x_wconf 89' lang='lat' dir='ltr'><strong>in</strong></span> <span class='ocrx_word' id='word_1_812' title='bbox 1149 5704 1333 5761; x_wconf 89' lang='lat' dir='ltr'><strong>decem</strong></span> <span class='ocrx_word' id='word_1_813' title='bbox 1365 5701 1653 5773; x_wconf 70' lang='lat' dir='ltr'><strong>praeceptis</strong></span> <span class='ocrx_word' id='word_1_814' title='bbox 1688 5703 1765 5759; x_wconf 90' lang='lat' dir='ltr'><strong>lc-</strong></span> 
     </span>
    </p>
   </div>
   <div class='ocr_carea' id='block_1_105' title="bbox 1884 4600 3463 4674">
    <p class='ocr_par' dir='ltr' id='par_1_105' title="bbox 1884 4600 3463 4674">
     <span class='ocr_line' id='line_1_105' title="bbox 1884 4600 3463 4674; baseline 0.006 -21"><span class='ocrx_word' id='word_1_815' title='bbox 1884 4600 2001 4654; x_wconf 84' lang='lat' dir='ltr'><strong>dies</strong></span> <span class='ocrx_word' id='word_1_816' title='bbox 2029 4601 2374 4673; x_wconf 87' lang='lat' dir='ltr'><strong>quadraginta</strong></span> <span class='ocrx_word' id='word_1_817' title='bbox 2406 4605 2639 4660; x_wconf 88' lang='lat' dir='ltr'><strong>emissus</strong></span> <span class='ocrx_word' id='word_1_818' title='bbox 2660 4620 2857 4662; x_wconf 91' lang='lat' dir='ltr'><strong>corvus</strong></span> <span class='ocrx_word' id='word_1_819' title='bbox 2882 4647 2898 4674; x_wconf 92' lang='lat'><strong>,</strong></span> <span class='ocrx_word' id='word_1_820' title='bbox 2927 4622 3033 4661; x_wconf 90' lang='lat' dir='ltr'><strong>non</strong></span> <span class='ocrx_word' id='word_1_821' title='bbox 3061 4618 3139 4661; x_wconf 87' lang='lat' dir='ltr'><strong>est</strong></span> <span class='ocrx_word' id='word_1_822' title='bbox 3169 4621 3418 4662; x_wconf 66' lang='lat' dir='ltr'><strong>reversus</strong></span> <span class='ocrx_word' id='word_1_823' title='bbox 3444 4647 3463 4674; x_wconf 91' lang='lat'><strong>,</strong></span> 
     </span>
    </p>
   </div>
   <div class='ocr_carea' id='block_1_106' title="bbox 1883 4696 3459 4770">
    <p class='ocr_par' dir='ltr' id='par_1_106' title="bbox 1883 4696 3459 4770">
     <span class='ocr_line' id='line_1_106' title="bbox 1883 4696 3459 4770; baseline 0.005 -24"><span class='ocrx_word' id='word_1_824' title='bbox 1883 4703 1977 4748; x_wconf 92' lang='lat' dir='ltr'><strong>aut</strong></span> <span class='ocrx_word' id='word_1_825' title='bbox 2014 4696 2166 4764; x_wconf 90' lang='lat' dir='ltr'><strong>aquis</strong></span> <span class='ocrx_word' id='word_1_826' title='bbox 2198 4698 2383 4766; x_wconf 87' lang='lat' dir='ltr'><strong>utique</strong></span> <span class='ocrx_word' id='word_1_827' title='bbox 2421 4699 2753 4769; x_wconf 87' lang='lat' dir='ltr'><strong>interceptus</strong></span> <span class='ocrx_word' id='word_1_828' title='bbox 2778 4742 2793 4764; x_wconf 90' lang='lat'><strong>,</strong></span> <span class='ocrx_word' id='word_1_829' title='bbox 2844 4709 2935 4755; x_wconf 90' lang='lat' dir='ltr'><strong>aut</strong></span> <span class='ocrx_word' id='word_1_830' title='bbox 2973 4700 3147 4770; x_wconf 88' lang='lat' dir='ltr'><strong>aliquo</strong></span> <span class='ocrx_word' id='word_1_831' title='bbox 3189 4715 3459 4770; x_wconf 89' lang='lat' dir='ltr'><strong>superna-</strong></span> 
     </span>
    </p>
   </div>
   <div class='ocr_carea' id='block_1_107' title="bbox 1885 4787 3465 4859">
    <p class='ocr_par' dir='ltr' id='par_1_107' title="bbox 1885 4787 3465 4859">
     <span class='ocr_line' id='line_1_107' title="bbox 1885 4787 3465 4859; baseline 0.008 -24"><span class='ocrx_word' id='word_1_832' title='bbox 1885 4791 2033 4840; x_wconf 89' lang='lat' dir='ltr'><strong>tante</strong></span> <span class='ocrx_word' id='word_1_833' title='bbox 2070 4787 2329 4844; x_wconf 83' lang='lat' dir='ltr'><strong>cadavere</strong></span> <span class='ocrx_word' id='word_1_834' title='bbox 2362 4790 2604 4855; x_wconf 81' lang='lat' dir='ltr'><strong>illectus,</strong></span> <span class='ocrx_word' id='word_1_835' title='bbox 2648 4791 2910 4859; x_wconf 85' lang='lat' dir='ltr'><strong>signiﬁcat</strong></span> <span class='ocrx_word' id='word_1_836' title='bbox 2946 4791 3191 4846; x_wconf 86' lang='lat' dir='ltr'><strong>homines</strong></span> <span class='ocrx_word' id='word_1_837' title='bbox 3230 4793 3465 4847; x_wconf 87' lang='lat' dir='ltr'><strong>immun-</strong></span> 
     </span>
    </p>
   </div>
   <div class='ocr_carea' id='block_1_108' title="bbox 1883 4879 3464 4955">
    <p class='ocr_par' dir='ltr' id='par_1_108' title="bbox 1883 4879 3464 4955">
     <span class='ocr_line' id='line_1_108' title="bbox 1883 4879 3464 4955; baseline 0.004 -22"><span class='ocrx_word' id='word_1_838' title='bbox 1883 4879 2011 4933; x_wconf 90' lang='lat' dir='ltr'><strong>ditia</strong></span> <span class='ocrx_word' id='word_1_839' title='bbox 2041 4882 2347 4951; x_wconf 87' lang='lat' dir='ltr'><strong>cupiditatis</strong></span> <span class='ocrx_word' id='word_1_840' title='bbox 2392 4885 2694 4937; x_wconf 89' lang='lat' dir='ltr'><strong>teterrimos</strong></span> <span class='ocrx_word' id='word_1_841' title='bbox 2720 4923 2735 4947; x_wconf 94' lang='lat'><strong>,</strong></span> <span class='ocrx_word' id='word_1_842' title='bbox 2767 4892 2819 4938; x_wconf 91' lang='lat' dir='ltr'><strong>et</strong></span> <span class='ocrx_word' id='word_1_843' title='bbox 2858 4884 2932 4939; x_wconf 70' lang='lat' dir='ltr'><strong>ob</strong></span> <span class='ocrx_word' id='word_1_844' title='bbox 2985 4884 3086 4939; x_wconf 88' lang='lat' dir='ltr'><strong>hoc</strong></span> <span class='ocrx_word' id='word_1_845' title='bbox 3114 4884 3178 4938; x_wconf 89' lang='lat' dir='ltr'><strong>ad</strong></span> <span class='ocrx_word' id='word_1_846' title='bbox 3230 4897 3295 4940; x_wconf 88' lang='lat' dir='ltr'><strong>ea</strong></span> <span class='ocrx_word' id='word_1_847' title='bbox 3341 4900 3464 4955; x_wconf 69' lang='lat' dir='ltr'><strong>quae</strong></span> 
     </span>
    </p>
   </div>
   <div class='ocr_carea' id='block_1_109' title="bbox 1882 4970 3462 5041">
    <p class='ocr_par' dir='ltr' id='par_1_109' title="bbox 1882 4970 3462 5041">
     <span class='ocr_line' id='line_1_109' title="bbox 1882 4970 3462 5041; baseline 0.004 -17"><span class='ocrx_word' id='word_1_848' title='bbox 1882 4970 2010 5025; x_wconf 90' lang='lat' dir='ltr'><strong>foris</strong></span> <span class='ocrx_word' id='word_1_849' title='bbox 2038 4981 2164 5027; x_wconf 90' lang='lat' dir='ltr'><strong>sunt</strong></span> <span class='ocrx_word' id='word_1_850' title='bbox 2209 4973 2262 5027; x_wconf 93' lang='lat' dir='ltr'><strong>in</strong></span> <span class='ocrx_word' id='word_1_851' title='bbox 2294 4973 2394 5028; x_wconf 91' lang='lat' dir='ltr'><strong>hoc</strong></span> <span class='ocrx_word' id='word_1_852' title='bbox 2442 4973 2641 5029; x_wconf 90' lang='lat' dir='ltr'><strong>mundo</strong></span> <span class='ocrx_word' id='word_1_853' title='bbox 2686 4975 2842 5029; x_wconf 86' lang='lat' dir='ltr'><strong>nimis</strong></span> <span class='ocrx_word' id='word_1_854' title='bbox 2870 4974 3104 5029; x_wconf 78' lang='lat' dir='ltr'><strong>intentos</strong></span> <span class='ocrx_word' id='word_1_855' title='bbox 3136 5017 3151 5041; x_wconf 95' lang='lat'><strong>,</strong></span> <span class='ocrx_word' id='word_1_856' title='bbox 3182 4985 3274 5030; x_wconf 89' lang='lat' dir='ltr'><strong>aut</strong></span> <span class='ocrx_word' id='word_1_857' title='bbox 3301 4977 3462 5029; x_wconf 87' lang='lat' dir='ltr'><strong>reba-</strong></span> 
     </span>
    </p>
   </div>
   <div class='ocr_carea' id='block_1_110' title="bbox 1880 5065 3461 5136">
    <p class='ocr_par' dir='ltr' id='par_1_110' title="bbox 1880 5065 3461 5136">
     <span class='ocr_line' id='line_1_110' title="bbox 1880 5065 3461 5136; baseline 0.001 -18"><span class='ocrx_word' id='word_1_858' title='bbox 1880 5065 2092 5134; x_wconf 83' lang='lat' dir='ltr'><strong>ptizati,</strong></span> <span class='ocrx_word' id='word_1_859' title='bbox 2124 5074 2215 5120; x_wconf 89' lang='lat' dir='ltr'><strong>aut</strong></span> <span class='ocrx_word' id='word_1_860' title='bbox 2244 5066 2313 5120; x_wconf 85' lang='lat' dir='ltr'><strong>ab</strong></span> <span class='ocrx_word' id='word_1_861' title='bbox 2340 5067 2422 5121; x_wconf 92' lang='lat' dir='ltr'><strong>his</strong></span> <span class='ocrx_word' id='word_1_862' title='bbox 2451 5083 2587 5136; x_wconf 88' lang='lat' dir='ltr'><strong>quos</strong></span> <span class='ocrx_word' id='word_1_863' title='bbox 2618 5076 2810 5135; x_wconf 73' lang='lat' dir='ltr'><strong>pneter</strong></span> <span class='ocrx_word' id='word_1_864' title='bbox 2833 5082 3040 5132; x_wconf 88' lang='lat' dir='ltr'><strong>arcam,</strong></span> <span class='ocrx_word' id='word_1_865' title='bbox 3070 5068 3124 5123; x_wconf 92' lang='lat' dir='ltr'><strong>id</strong></span> <span class='ocrx_word' id='word_1_866' title='bbox 3153 5078 3234 5123; x_wconf 85' lang='lat' dir='ltr'><strong>est</strong></span> <span class='ocrx_word' id='word_1_867' title='bbox 3266 5076 3461 5136; x_wconf 71' lang='lat' dir='ltr'><strong>praeter</strong></span> 
     </span>
    </p>
   </div>
   <div class='ocr_carea' id='block_1_111' title="bbox 1880 5157 3450 5229">
    <p class='ocr_par' dir='ltr' id='par_1_111' title="bbox 1880 5157 3450 5229">
     <span class='ocr_line' id='line_1_111' title="bbox 1880 5157 3450 5229; baseline 0 -18"><span class='ocrx_word' id='word_1_868' title='bbox 1880 5157 2173 5213; x_wconf 86' lang='lat' dir='ltr'><strong>Eeclesiam</strong></span> <span class='ocrx_word' id='word_1_869' title='bbox 2208 5159 2502 5229; x_wconf 88' lang='lat' dir='ltr'><strong>baptismus</strong></span> <span class='ocrx_word' id='word_1_870' title='bbox 2542 5163 2757 5227; x_wconf 84' lang='lat' dir='ltr'><strong>occidit,</strong></span> <span class='ocrx_word' id='word_1_871' title='bbox 2788 5162 2968 5217; x_wconf 88' lang='lat' dir='ltr'><strong>seduci</strong></span> <span class='ocrx_word' id='word_1_872' title='bbox 2996 5170 3053 5217; x_wconf 80' lang='lat' dir='ltr'><strong>et</strong></span> <span class='ocrx_word' id='word_1_873' title='bbox 3082 5162 3268 5216; x_wconf 88' lang='lat' dir='ltr'><strong>teneri.</strong></span> <span class='ocrx_word' id='word_1_874' title='bbox 3301 5160 3450 5226; x_wconf 90' lang='lat' dir='ltr'><strong>Quod</strong></span> 
     </span>
    </p>
   </div>
   <div class='ocr_carea' id='block_1_112' title="bbox 1874 5248 3455 5322">
    <p class='ocr_par' dir='ltr' id='par_1_112' title="bbox 1874 5248 3455 5322">
     <span class='ocr_line' id='line_1_112' title="bbox 1874 5248 3455 5322; baseline 0.001 -22"><span class='ocrx_word' id='word_1_875' title='bbox 1874 5248 2120 5302; x_wconf 87' lang='lat' dir='ltr'><strong>columba</strong></span> <span class='ocrx_word' id='word_1_876' title='bbox 2168 5251 2359 5304; x_wconf 53' lang='lat' dir='ltr'><strong>emirsa</strong></span> <span class='ocrx_word' id='word_1_877' title='bbox 2409 5266 2515 5306; x_wconf 90' lang='lat' dir='ltr'><strong>non</strong></span> <span class='ocrx_word' id='word_1_878' title='bbox 2571 5253 2783 5309; x_wconf 87' lang='lat' dir='ltr'><strong>inventa</strong></span> <span class='ocrx_word' id='word_1_879' title='bbox 2837 5254 3025 5322; x_wconf 89' lang='lat' dir='ltr'><strong>requie</strong></span> <span class='ocrx_word' id='word_1_880' title='bbox 3069 5265 3284 5306; x_wconf 88' lang='lat' dir='ltr'><strong>reversa</strong></span> <span class='ocrx_word' id='word_1_881' title='bbox 3332 5259 3455 5313; x_wconf 89' lang='lat' dir='ltr'><strong>est,</strong></span> 
     </span>
    </p>
   </div>
   <div class='ocr_carea' id='block_1_113' title="bbox 1874 5340 3455 5412">
    <p class='ocr_par' dir='ltr' id='par_1_113' title="bbox 1874 5340 3455 5412">
     <span class='ocr_line' id='line_1_113' title="bbox 1874 5340 3455 5412; baseline 0.001 -19"><span class='ocrx_word' id='word_1_882' title='bbox 1874 5340 2110 5394; x_wconf 90' lang='lat' dir='ltr'><strong>ostendit</strong></span> <span class='ocrx_word' id='word_1_883' title='bbox 2149 5357 2242 5408; x_wconf 90' lang='lat' dir='ltr'><strong>per</strong></span> <span class='ocrx_word' id='word_1_884' title='bbox 2271 5342 2474 5397; x_wconf 85' lang='lat' dir='ltr'><strong>Novum</strong></span> <span class='ocrx_word' id='word_1_885' title='bbox 2507 5344 2907 5400; x_wconf 80' lang='lat' dir='ltr'><strong>TcStamentum</strong></span> <span class='ocrx_word' id='word_1_886' title='bbox 2961 5346 3201 5412; x_wconf 89' lang='lat' dir='ltr'><strong>requiem</strong></span> <span class='ocrx_word' id='word_1_887' title='bbox 3253 5340 3455 5394; x_wconf 89' lang='lat' dir='ltr'><strong>sanctis</strong></span> 
     </span>
    </p>
   </div>
   <div class='ocr_carea' id='block_1_114' title="bbox 1875 5431 3454 5503">
    <p class='ocr_par' dir='ltr' id='par_1_114' title="bbox 1875 5431 3454 5503">
     <span class='ocr_line' id='line_1_114' title="bbox 1875 5431 3454 5503; baseline 0 -18"><span class='ocrx_word' id='word_1_888' title='bbox 1875 5431 1928 5485; x_wconf 86' lang='lat' dir='ltr'><strong>iit</strong></span> <span class='ocrx_word' id='word_1_889' title='bbox 1962 5431 2064 5485; x_wconf 83' lang='lat' dir='ltr'><strong>hoc</strong></span> <span class='ocrx_word' id='word_1_890' title='bbox 2093 5432 2294 5486; x_wconf 91' lang='lat' dir='ltr'><strong>mundo</strong></span> <span class='ocrx_word' id='word_1_891' title='bbox 2321 5448 2424 5488; x_wconf 88' lang='lat' dir='ltr'><strong>non</strong></span> <span class='ocrx_word' id='word_1_892' title='bbox 2453 5440 2573 5489; x_wconf 84' lang='lat' dir='ltr'><strong>esse</strong></span> <span class='ocrx_word' id='word_1_893' title='bbox 2597 5438 2933 5503; x_wconf 87' lang='lat' dir='ltr'><strong>promissam,</strong></span> <span class='ocrx_word' id='word_1_894' title='bbox 2956 5442 3075 5503; x_wconf 90' lang='lat' dir='ltr'><strong>post</strong></span> <span class='ocrx_word' id='word_1_895' title='bbox 3105 5431 3454 5500; x_wconf 85' lang='lat' dir='ltr'><strong>quadraginta</strong></span> 
     </span>
    </p>
   </div>
   <div class='ocr_carea' id='block_1_115' title="bbox 1879 5520 3453 5593">
    <p class='ocr_par' dir='ltr' id='par_1_115' title="bbox 1879 5520 3453 5593">
     <span class='ocr_line' id='line_1_115' title="bbox 1879 5520 3453 5593; baseline 0.002 -19"><span class='ocrx_word' id='word_1_896' title='bbox 1879 5520 2023 5575; x_wconf 92' lang='lat' dir='ltr'><strong>enim</strong></span> <span class='ocrx_word' id='word_1_897' title='bbox 2053 5522 2168 5576; x_wconf 85' lang='lat' dir='ltr'><strong>dies</strong></span> <span class='ocrx_word' id='word_1_898' title='bbox 2188 5524 2379 5578; x_wconf 86' lang='lat' dir='ltr'><strong>emissa</strong></span> <span class='ocrx_word' id='word_1_899' title='bbox 2401 5533 2504 5589; x_wconf 91' lang='lat' dir='ltr'><strong>est,</strong></span> <span class='ocrx_word' id='word_1_900' title='bbox 2537 5524 2625 5593; x_wconf 87' lang='lat' dir='ltr'><strong>qui</strong></span> <span class='ocrx_word' id='word_1_901' title='bbox 2656 5538 2907 5578; x_wconf 86' lang='lat' dir='ltr'><strong>numerus</strong></span> <span class='ocrx_word' id='word_1_902' title='bbox 2936 5524 3099 5576; x_wconf 84' lang='lat' dir='ltr'><strong>vitam</strong></span> <span class='ocrx_word' id='word_1_903' title='bbox 3122 5534 3242 5591; x_wconf 72' lang='lat' dir='ltr'><strong>qua:</strong></span> <span class='ocrx_word' id='word_1_904' title='bbox 3273 5522 3326 5576; x_wconf 90' lang='lat' dir='ltr'><strong>in</strong></span> <span class='ocrx_word' id='word_1_905' title='bbox 3351 5521 3453 5577; x_wconf 90' lang='lat' dir='ltr'><strong>hoc</strong></span> 
     </span>
    </p>
   </div>
   <div class='ocr_carea' id='block_1_116' title="bbox 1877 5615 3439 5686">
    <p class='ocr_par' dir='ltr' id='par_1_116' title="bbox 1877 5615 3439 5686">
     <span class='ocr_line' id='line_1_116' title="bbox 1877 5615 3439 5686; baseline 0.002 -18"><span class='ocrx_word' id='word_1_906' title='bbox 1877 5615 2075 5669; x_wconf 89' lang='lat' dir='ltr'><strong>mundo</strong></span> <span class='ocrx_word' id='word_1_907' title='bbox 2102 5616 2274 5686; x_wconf 87' lang='lat' dir='ltr'><strong>agitur</strong></span> <span class='ocrx_word' id='word_1_908' title='bbox 2305 5618 2609 5686; x_wconf 89' lang='lat' dir='ltr'><strong>signiﬁcat;</strong></span> <span class='ocrx_word' id='word_1_909' title='bbox 2643 5616 2870 5685; x_wconf 89' lang='lat' dir='ltr'><strong>denique</strong></span> <span class='ocrx_word' id='word_1_910' title='bbox 2916 5625 3034 5684; x_wconf 82' lang='lat' dir='ltr'><strong>post</strong></span> <span class='ocrx_word' id='word_1_911' title='bbox 3072 5626 3277 5686; x_wconf 89' lang='lat' dir='ltr'><strong>septem</strong></span> <span class='ocrx_word' id='word_1_912' title='bbox 3323 5616 3439 5671; x_wconf 88' lang='lat' dir='ltr'><strong>dies</strong></span> 
     </span>
    </p>
   </div>
   <div class='ocr_carea' id='block_1_117' title="bbox 1876 5707 3434 5780">
    <p class='ocr_par' dir='ltr' id='par_1_117' title="bbox 1876 5707 3434 5780">
     <span class='ocr_line' id='line_1_117' title="bbox 1876 5707 3434 5780; baseline -0.002 -18"><span class='ocrx_word' id='word_1_913' title='bbox 1876 5707 2123 5777; x_wconf 90' lang='lat' dir='ltr'><strong>dimissa,</strong></span> <span class='ocrx_word' id='word_1_914' title='bbox 2199 5717 2414 5780; x_wconf 85' lang='lat' dir='ltr'><strong>propter</strong></span> <span class='ocrx_word' id='word_1_915' title='bbox 2464 5708 2608 5764; x_wconf 89' lang='lat' dir='ltr'><strong>illam</strong></span> <span class='ocrx_word' id='word_1_916' title='bbox 2662 5707 3017 5776; x_wconf 80' lang='lat' dir='ltr'><strong>septenariam</strong></span> <span class='ocrx_word' id='word_1_917' title='bbox 3071 5709 3434 5779; x_wconf 84' lang='lat' dir='ltr'><strong>operationem</strong></span> 
     </span>
    </p>
   </div>
  </div>
