3990 6180
584 290 691 347 675

1665 290 1727 343 Ι).
1770 288 2092 344 EUGYPPII
2131 291 2160 341 Α

2269 289 2422 345 ΛΤΙΒ
2459 289 2787 343 AFRICANI
3755 286 3844 343 (376

589 408 912 479 spiritalem,
943 407 1100 463 olivae
1142 408 1467 463 fructuosum
1509 407 1780 461 surculum
1824 405 2031 469 retulit,
2061 419 2167 474 quo
2197 407 2245 464 Α
2274 404 2539 459 credidit.~
2571 405 2715 458 Vidit
2761 403 3054 458 nuditatem
3096 403 3284 472 patris,
3331 404 3454 474 quia
3489 406 3762 460 consensit
3800 410 3850 461 in

589 500 909 569 significaret
953 500 1239 553 nonnullos
1267 500 1426 555 etiam
1474 506 1631 552 extra
1664 497 1960 550 Ecclesiam
1995 495 2167 563 bapti-

586 602 755 659 zatos,
786 593 829 646 si
860 591 939 644 eis
968 591 1233 659 pinguedo
1264 606 1369 642 non
1400 587 1637 642 defuerit
1662 585 1963 650 charitatis,
1991 593 2169 654 poste-

585 684 730 737 riore
762 694 1035 751 tempore,
1067 680 1219 749 quasi
1254 694 1494 747 vespere,
1526 679 1579 732 in
1621 693 1714 731 ore
1756 676 2020 731 columba:
2049 684 2170 729 tan-

582 789 745 844 quam
775 775 828 827 in
858 772 1040 827 osculo
1069 772 1213 840 pacis
1238 810 1255 836 ,
1303 770 1372 825 ad
1413 770 1630 823 unitatis
1660 768 1971 822 societatem
2013 780 2172 835 posse

586 863 805 932 perduci
822 880 840 927 ς
864 863 1005 931 quod
1023 872 1141 930 post
1170 861 1302 914 alios
1333 870 1543 928 septem
1572 858 1690 912 dies
1709 857 1929 911 dimissa
1956 870 2171 911 reversa

583 968 693 1005 non
724 961 842 1015 est,
875 950 1139 1019 signiﬁcat
1161 949 1317 1003 finem
1344 949 1549 1011 saeculi,
1574 946 1789 1015 quando
1816 945 1919 1000 erit
1950 952 2171 999 sancto-

581 1057 700 1095 rum
734 1042 943 1109 requies
976 1061 987 1093 :
1024 1057 1129 1094 non
1162 1043 1338 1095 adhuc
1367 1042 1418 1094 in
1452 1050 1793 1095 sacramento
1823 1038 1935 1108 Spei
1965 1054 2073 1107 quo
2115 1037 2169 1091 in

583 1133 688 1186 hoc
721 1142 962 1201 tempore
1007 1133 1350 1186 consociatnr
1396 1132 1634 1185 Ecclesia
1659 1172 1675 1197 ,
1706 1130 1943 1200 quandiu
1975 1129 2172 1183 bibitur

583 1221 727 1289 quod
757 1220 823 1274 de
846 1221 1046 1274 Christi
1080 1222 1247 1274 latere
1276 1223 1534 1286 manavit,
1564 1220 1656 1274 sed
1684 1219 1794 1288 jam
1821 1221 1871 1272 in
1903 1219 2017 1287 ipsa
2047 1234 2171 1288 per-

584 1312 815 1367 fectione
859 1312 1046 1365 salutis
1080 1323 1331 1375 auertite,
1365 1326 1489 1365 cum
1538 1312 1779 1364 tradetur
1809 1324 2030 1378 regnum
2064 1310 2171 1363 Deo

582 1416 637 1460 et
667 1404 839 1467 Patri,
876 1412 933 1456 ut
965 1405 1015 1456 in
1048 1404 1137 1457 illa
1168 1404 1447 1472 perSpieua
1476 1400 1930 1469 contemplatione
1961 1402 2171 1456 incom-

586 1494 857 1549 mutabilis
912 1495 1198 1561 veritatis,
1259 1496 1421 1550 nullis
1470 1494 1742 1565 mysteriis
1799 1494 2173 1564 corporalibus

586 1597 861 1655 egeamus.

1166 1715 1392 1774 CAPUT
1432 1706 1572 1775 LXI.

583 1808 663 1864 De
705 1810 967 1864 mandatis
1018 1810 1114 1883 Dei
1164 1813 1231 1863 ad
1277 1813 1391 1866 Noe
1426 1824 1538 1883 post
1576 1813 1847 1880 diluvium,
1887 1830 1950 1867 ea:
1993 1815 2172 1868 eodem

1014 1881 1143 1935 libro
1167 1897 1237 1935 xu
1267 1881 1448 1936 contra
1471 1882 1750 1938 Faustum.

656 1994 764 2049 Cur
790 1993 1040 2048 animalia
1082 1996 1324 2064 quamvis
1350 2006 1418 2064 ,et
1457 1995 1658 2050 mttnda
1712 2006 1765 2051 et
1814 1995 2084 2051 immunda
2116 1996 2171 2049 in

581 2099 708 2139 arca
732 2085 948 2151 fuerint,
974 2093 1151 2140 tamen
1172 2095 1291 2154 post
1316 2101 1595 2157 egressum
1625 2088 1693 2142 de
1723 2103 1848 2143 arca
1890 2104 1996 2146 non
2035 2089 2169 2143 olfe-

580 2184 770 2231 rantur
789 2177 896 2231 Deo
918 2181 968 2231 in
988 2177 1309 2233 sacriﬁcium
1329 2180 1430 2234 nisi
1450 2180 1678 2235 munda?
1695 2180 1833 2248 Quid
1851 2181 1950 2235 sibi
1974 2180 2171 2237 deinde

579 2268 713 2321 velit
732 2267 840 2322 Deo
859 2268 1110 2336 loquente
1127 2268 1191 2323 ad
1216 2269 1347 2336 Noe,
1372 2278 1427 2324 et
1443 2280 1691 2341 tanquam
1715 2286 1901 2327 rursus
1923 2271 1992 2326 ab
2012 2286 2172 2331 exor-

580 2358 671 2414 dio
698 2398 713 2421 ,
759 2362 882 2427 quia
923 2358 1105 2414 multis
1142 2359 1316 2413 modis
1347 2360 1540 2416 eadem
1570 2361 1858 2431 signiﬁcari
1887 2363 2172 2432 oportebat

582 2448 807 2518 ﬁguram
835 2449 1106 2515 Ecclesiae,
1133 2452 1723 2522 commendante,qnod
1750 2455 2030 2525 progenies
2051 2455 2168 2524 ejus

582 2540 939 2607 benedicitur,
974 2542 1038 2595 ad
1064 2542 1385 2611 implendam
1432 2554 1656 2612 terram,
1688 2546 1829 2616 quod
1860 2548 2054 2601 dantur
2090 2549 2169 2603 eis

580 2632 630 2684 in
657 2647 835 2686 escam
866 2642 1057 2687 cuncta
1092 2635 1366 2700 animalia,
1409 2636 1549 2691 sicut
1585 2637 1637 2692 in
1677 2637 1771 2693 illo
1809 2637 1960 2693 disco
2007 2639 2167 2695 Petro

577 2724 773 2779 dicitur
806 2742 818 2778 :
852 2725 1023 2781 Macta
1050 2734 1104 2781 et
1134 2727 1419 2782 manduca.

1155 2861 1383 2917 CAPUT
1434 2862 1591 2917 LXII.

868 2950 921 3004 Ν
925 2969 951 3005 ρ
970 2967 1087 3006 caro
1107 2967 1220 3004 cum
1242 2955 1496 3023 sanguine
1523 2954 1877 3008 manducetur.

647 3063 804 3129 Quod
829 3064 1003 3132 ejecta
1030 3065 1294 3133 sanguine
1315 3064 1577 3135 jubentur
1605 3067 1949 3133 manducare,
1969 3082 2036 3122 ne
2058 3078 2162 3121 vua

2279 510 2468 550 necem
2491 495 2690 550 Christi
2720 504 2776 549 et
2804 494 3074 549 nuntiavit
3120 494 3267 550 foras
3314 494 3588 549 fratribus.
3616 495 3714 549 Per
3740 511 3853 550 cunt

2273 590 2473 659 quippe
2503 590 2899 643 manifestatum
2927 598 3011 642 est
3034 597 3088 643 et
3116 588 3514 658 quodammodo
3539 588 3855 657 publicatum

2272 680 2415 749 quod
2435 689 2554 735 erat
2582 681 2634 734 in
2658 680 2937 749 prophetia
2986 689 3285 745 secretum,
3338 680 3569 751 ideoque
3602 679 3662 733 ﬁt
3683 695 3860 736 servus

2278 770 2502 824 fratrum
2527 785 2766 825 suorum.
2798 769 2936 836 Quid
2965 781 3051 826 est
3080 772 3226 825 enim
3269 770 3413 824 aliud
3447 770 3718 838 hodieque
3742 787 3863 840 gens

2276 862 2393 930 ipsa
2413 905 2428 929 ,
2462 864 2564 918 nisi
2598 862 2844 932 quaadam
2871 864 3150 918 scriniaria
3175 863 3602 918 Christianorum
3633 865 3863 933 bajulans

2279 954 2475 1023 Legem
2510 965 2562 1008 et
2586 954 2885 1023 PrOphetas
2917 954 2983 1008 ad
3019 952 3380 1009 testimonium
3425 956 3748 1009 assertionis
3780 955 3862 1009 Ec-

2278 1046 2482 1112 clesiae,
2510 1054 2569 1099 ut
2613 1060 2711 1099 nos
2757 1044 3088 1099 honoremus
3140 1061 3238 1115 per
3288 1055 3692 1101 sacramentum
3734 1048 3862 1115 quod

2276 1135 2485 1190 nuntiat
2509 1136 2594 1189 illa
2623 1132 2716 1203 per
2737 1136 3010 1191 litteram?
3038 1136 3209 1203 Quem
3260 1151 3366 1189 non
3416 1146 3597 1191 autem
3643 1138 3861 1193 excitet?

2274 1242 2432 1295 quem
2468 1242 2575 1280 non
2608 1228 2691 1281 vel
2725 1228 2979 1282 informet
3009 1228 3093 1282 vel
3137 1228 3421 1281 confirmet
3447 1228 3502 1282 in
3541 1228 3696 1283 ﬁde?
3725 1229 3860 1296 Quod

2276 1318 2348 1372 ita
2383 1319 2774 1373 benedicuntur
2797 1320 2902 1375 duo
2931 1320 3007 1374 illi
3042 1321 3131 1389 qui
3175 1321 3471 1377 nuditatem
3511 1324 3687 1391 patris
3709 1324 3861 1378 hono-

2275 1420 2549 1475 raverunt,
2584 1412 2828 1480 quamvis
2858 1414 3058 1479 aversi,
3093 1413 3241 1468 velut
3283 1415 3476 1484 quibus
3511 1415 3718 1471 factum
3760 1430 3859 1471 sce-

2277 1504 2461 1558 lerata:
2485 1505 2656 1558 vinea:
2685 1504 3044 1573 displicuerit.
3076 1505 3416 1572 Benedictus,
3463 1508 3660 1575 inquit,
3699 1508 3861 1561 Domi-

2278 1612 2380 1653 nus
2418 1598 2558 1652 Deus
2594 1597 2745 1653 Sem.
2782 1597 3096 1668 Quanquam
3137 1600 3280 1654 enim
3327 1601 3397 1655 sit
3447 1600 3592 1655 Deus
3634 1601 3858 1654 omnium

2278 1690 2547 1755 gentium,
2577 1687 2976 1757 quodammodo
3001 1699 3176 1744 tamen
3224 1690 3447 1760 proprio
3494 1691 3782 1756 vocabulo,
3814 1703 3857 1746 et

2204 1785 2251 1845 Β
2278 1778 2329 1831 in
2361 1777 2491 1847 ipsis
2502 1778 2613 1848 jam
2632 1778 2879 1849 gentibus
2900 1780 3097 1834 dicitur
3120 1781 3258 1836 Deus
3284 1780 3476 1847 Israel;
3512 1790 3569 1836 et
3593 1782 3736 1837 unde
3769 1782 3857 1836 huc

2274 1866 2475 1925 faetum
2523 1878 2628 1936 est,
2660 1871 2762 1925 nisi
2796 1887 2863 1926 ex
2904 1872 3281 1928 benedictione
3322 1874 3553 1943 Japhet?
3582 1874 3642 1929 ln
3674 1876 3855 1944 popqu

2272 1961 2415 2015 enim
2447 1963 2689 2032 gentium
2721 1971 2887 2017 totum
2917 1962 3106 2017 orbem
3147 1973 3412 2019 terrarum
3443 1966 3732 2033 occupavit
3764 1966 3852 2019 Ec-

2272 2053 2459 2106 clesia.
2493 2052 2605 2107 Hoc
2633 2067 2858 2122 prorsus
2890 2053 3350 2122 praenuntiabatur
3390 2069 3511 2108 cum
3542 2055 3807 2109 diceretur
3839 2074 3849 2106 :

2271 2146 2536 2203 Ltetiﬁcet
2569 2148 2710 2205 Deus
2737 2148 2955 2221 Japhet,
2986 2158 3040 2205 et
3070 2149 3272 2206 habitet
3293 2150 3346 2204 in
3372 2149 3621 2205 domibus
3650 2150 3789 2205 Scin.

2849 2282 3078 2341 CAPUT
3109 2284 3291 2340 LXlll.

2271 2371 2348 2427 De
2399 2374 2659 2447 Abraham
2701 2384 2913 2431 exeunte
2966 2379 3029 2447 de
3050 2388 3188 2431 terra
3213 2394 3328 2442 sua,
3363 2376 3435 2447 de
3449 2375 3643 2447 Ioseph
3665 2378 3849 2431 vendito

2343 2452 2392 2518 et
2417 2445 2689 2518 honorato,
2731 2450 2793 2500 de
2810 2449 2950 2502 exitu
2992 2446 3204 2503 lsraelis
3248 2465 3314 2502 ea:
3363 2445 3615 2518 zEgypto.
3669 2449 3850 2502 Contra

2341 2510 2595 2568 Faustum
2621 2516 2750 2571 libro
2778 2532 2876 2572 xu.

2345 2606 2623 2662 Christum
2655 2609 2835 2663 dicitis
2856 2608 2925 2662 ab
2976 2608 3284 2666 lsraeliticis
3311 2610 3588 2680 prephetis
3611 2625 3713 2665 non
3739 2625 3851 2665 esse

2270 2697 2608 2765 prmdictum,
2642 2698 2729 2752 cui
2755 2698 3100 2766 praedicendo
3129 2714 3317 2754 omnes
3347 2700 3453 2754 illa:
3483 2701 3687 2769 paginae
3720 2701 3849 2770 vigi-

2270 2788 2400 2853 lant,
2426 2789 2469 2843 si
2501 2804 2590 2844 eas
2620 2791 2953 2859 perscrutari
2980 2791 3201 2860 pietate,
3229 2805 3386 2859 quam
3417 2791 3693 2860 exagitare
3723 2790 3849 2845 levi-

2270 2890 2379 2937 tate
2406 2880 2659 2936 malletis.
2684 2881 2814 2947 Quis
2845 2882 2986 2936 alius
3038 2882 3092 2935 in
3134 2881 3404 2935 Abraham
3450 2882 3581 2936 exiit
3623 2882 3691 2936 de
3718 2891 3847 2935 terra

2267 2988 2362 3027 sua
2391 2983 2446 3028 et
2484 2973 2552 3028 de
2582 2974 2925 3042 cognatione,
2970 2982 3029 3027 ut.
3061 2968 3203 3041 apu'd
3244 2980 3461 3027 exteros
3505 2974 3767 3028 ditaretur
3800 2982 3849 3028 et

2267 3065 2704 3133 loeupletaretur,
2740 3066 2841 3119 nisi
2873 3064 2996 3135 qui,
3031 3067 3216 3120 relicta
3260 3074 3402 3119 terra
3441 3074 3496 3121 et
3536 3068 3849 3136 cegnatione

579 3154 801 3222 pristina
831 3156 981 3222 quasi
1014 3156 1271 3210 suffocata
1303 3158 1354 3210 in
1407 3158 1739 3212 conscientia
1780 3169 2045 3224 teneatur,
2070 3160 2164 3215 sed
2190 3144 2236 3205 C
2267 3156 2576 3212 Judzeorum
2601 3198 2617 3223 ,
2648 3156 2790 3210 unde
2817 3156 3110 3210 secundum
3144 3171 3360 3210 carnem
3399 3169 3553 3211 natus
3579 3168 3684 3223 est,
3717 3160 3848 3227 apud

579 3241 779 3295 habeat
811 3252 1061 3311 tanquam
1091 3244 1410 3300 effusionem
1439 3261 1534 3315 per
1569 3248 1984 3303 confessionem.
2013 3250 2164 3316 Quod

576 3341 954 3386 testamentum
986 3335 1166 3403 posuit
1194 3337 1331 3391 Deus
1355 3338 1495 3392 inter
1520 3354 1580 3392 se
1622 3349 1678 3394 et
1706 3340 1971 3407 homines,
2004 3354 2166 3412 atque

575 3439 792 3478 omnem
820 3428 1053 3480 animam
1084 3428 1257 3482 vivam
1288 3444 1355 3483 ne
1383 3430 1571 3498 perdat
1601 3446 1719 3486 eam
1740 3433 2161 3502 diluvio,arcnm

574 3518 667 3585 qui
692 3528 913 3586 apparet
933 3520 987 3573 in
1008 3522 1259 3590 nubibus,
1291 3525 1379 3592 qui
1406 3540 1675 3594 nunquam
1705 3529 1805 3581 nisi
1826 3529 1893 3582 de
1927 3530 2043 3585 sole
2073 3548 2162 3587 re-

575 3611 849 3678 splendet.
904 3614 981 3667 Illi
1026 3615 1167 3669 cnitn
1200 3633 1308 3670 non
1334 3629 1563 3686 pereunt
1592 3619 1800 3674 diluvio
1833 3624 2063 3690 separati
2093 3625 2161 3679 ab

579 3703 835 3769 Ecclesia,
868 3706 959 3774 qui
992 3707 1043 3760 in
1077 3706 1361 3777 Pruplietis
1392 3721 1446 3764 et
1498 3712 1748 3767 omnibus
1786 3713 1980 3768 divinis
2018 3715 2163 3771 Scri-

577 3795 747 3861 ptnris
800 3804 1049 3865 tanquam
1106 3799 1157 3852 in
1214 3798 1307 3854 Dei
1356 3801 1587 3855 nubibus
1626 3816 1924 3873 agnoscunt
1962 3806 2161 3861 Christi

575 3885 824 3953 gloriam,
853 3902 956 3940 non
990 3898 1237 3957 quaerunt
1268 3905 1441 3945 suam.
1485 3891 1685 3947 Verum
1733 3908 1806 3948 ne
1847 3894 2160 3952 adoratores

576 3975 734 4043 hujus
764 3977 891 4031 solis
912 3980 1538 4049 ampliusintutnescant,
1559 3984 1736 4038 sciant
1762 3986 1834 4039 ita
1863 3987 2158 4056 signiﬁcari

572 4068 845 4121 Christum
868 4070 1156 4138 aliquando
1186 4088 1280 4142 per
1307 4074 1500 4139 solem,
1522 4075 1658 4129 sicut
1690 4090 1782 4143 per
1808 4076 2040 4143 lennem,
2062 4093 2159 4146 per

573 4172 790 4226 agnum,
819 4175 912 4227 per
942 4161 1196 4231 lapidem,
1226 4164 1509 4232 cujusdam
1562 4167 1933 4221 similitudinis
1966 4183 2154 4239 causa,

571 4264 678 4304 non
710 4254 1049 4321 proprietatis
1077 4256 1402 4311 substantia.
1438 4258 1555 4313 Jam
1598 4275 1728 4315 vero
1758 4261 1886 4315 illud
1918 4263 2060 4331 quod
2088 4263 2156 4319 de

571 4340 723 4395 vinea
749 4358 907 4411 quam
949 4347 1208 4414 plantavit
1241 4348 1538 4405 inebriatus
1576 4350 1713 4417 Noe,
1739 4352 1968 4407 nudatus
1995 4362 2077 4408 est
2099 4353 2153 4409 in

571 4433 734 4489 domo
769 4451 885 4501 sua,
920 4440 1006 4494 cui
1044 4455 1152 4495 non
1192 4452 1448 4511 appareat
1485 4440 1731 4499 Christus
1769 4446 1821 4499 in
1858 4455 2019 4515 gente
2056 4462 2150 4502 sua

2269 3259 2459 3320 gentes
2502 3250 2577 3304 ita
2623 3248 2904 3319 praepollet
2936 3258 2993 3303 et
3025 3249 3281 3318 prtevalet
3315 3257 3376 3305 ut
3412 3250 3692 3304 videmus?
3728 3250 3850 3317 Quis

2268 3342 2403 3395 alius
2434 3343 2484 3394 in
2511 3340 2655 3395 Isaac
2682 3340 2882 3410 lignum
2910 3340 3012 3394 sibi
3034 3347 3276 3408 portaret
3300 3338 3592 3410 [portabat]
3618 3340 3687 3394 ad
3705 3341 3848 3394 victi-

2270 3448 2435 3497 mam,
2470 3432 2570 3485 nisi
2602 3432 2694 3501 qui
2724 3445 2938 3485 crucem
2969 3431 3073 3485 sibi
3103 3430 3169 3485 ad
3204 3432 3505 3499 passionem
3529 3431 3649 3500 ipse
3680 3443 3849 3501 porta-

2266 3524 2375 3576 vit?
2406 3523 2536 3590 Quis
2565 3524 2702 3577 alius
2728 3523 2872 3578 aries
2912 3524 3278 3577 immolandas
3325 3524 3378 3577 in
3414 3539 3578 3594 vepre
3602 3527 3847 3580 cornibus

2264 3614 2592 3680 adhaerebat,
2626 3615 2730 3668 nisi
2763 3615 2851 3683 qui
2882 3615 3063 3669 crucis
3116 3614 3354 3682 patibulo
3400 3632 3496 3683 pro
3538 3616 3700 3670 nobis
3727 3618 3845 3670 offe-

2265 3705 2464 3760 rendus
2485 3704 2836 3775 aftigebatur?
2877 3705 3007 3771 Quis
3054 3706 3191 3759 alius
3221 3707 3271 3759 in
3304 3708 3494 3776 angelo
3527 3722 3651 3762 cum
3696 3708 3845 3763 Jacob

2264 3795 2515 3865 luctatus,
2549 3812 2670 3852 cum
2689 3796 2790 3852 sibi
2818 3798 3191 3865 praevalentem
3216 3799 3367 3867 quasi
3398 3799 3673 3855 fortiorem
3706 3802 3844 3855 inﬁr-

2264 3890 2403 3942 mior
2454 3892 2733 3957 victusque
2780 3890 3061 3953 victorem,
3097 3890 3291 3959 partim
3341 3891 3630 3958 benedicit,
3666 3894 3846 3961 partim

2266 3980 2605 4036 latitudinem
2631 3981 2848 4035 femoris
2871 3983 2986 4050 ejus
3002 3982 3247 4035 claudam
3272 3981 3473 4047 reddit,
3493 3984 3591 4037 nisi
3610 3986 3703 4053 qui
3724 4000 3847 4053 pra:—

2261 4076 2441 4131 valere
2468 4076 2749 4130 adversum
2782 4090 2842 4129 se
2874 4090 3062 4143 passus
3093 4076 3349 4144 populum
3383 4076 3547 4131 Israel
3589 4079 3845 4146 quosdam

2259 4168 2349 4235 qui
2372 4167 2725 4222 crediderunt
2760 4166 3033 4221 benedixit
3060 4167 3111 4220 in
3157 4167 3258 4234 eis,
3299 4167 3519 4221 latitudo
3558 4180 3740 4222 autem
3775 4171 3848 4223 fe-

2260 4260 2426 4312 ruoris
2464 4257 2633 4312 Jacob
2664 4258 2717 4311 in
2749 4256 3085 4311 multitudine
3111 4257 3343 4311 carnalis
3374 4259 3555 4327 populi
3578 4261 3845 4313 claudita-

2260 4351 2370 4405 vit‘l
2394 4352 2527 4418 Quis
2550 4351 2691 4408 alius
2717 4351 2855 4420 lapis
2878 4352 3081 4421 positus
3111 4350 3178 4405 ad
3208 4362 3364 4420 caput
3394 4352 3562 4406 Jacob
3590 4362 3651 4406 ut
3684 4354 3848 4408 nomi-

2259 4447 2427 4499 natim
2455 4444 2855 4515 quodammodo
2886 4444 3280 4511 exprimeretur
3307 4444 3469 4499 etiam
3507 4454 3707 4498 unctus
3735 4454 3847 4511 est,

575 4525 977 4589 passusl-Tunc
998 4530 1141 4584 enim
1168 4532 1367 4587 nudata
1391 4541 1475 4589 est
1502 4535 1795 4589 mortalitas
1812 4537 1990 4591 carnis
2009 4536 2146 4605 ejus,
2180 4518 2232 4578 Ῑ)
2264 4536 2540 4605 n‘sicaput
2569 4536 2672 4591 viri
2691 4534 2972 4590 Christus?
3001 4533 3133 4600 Quis
3176 4538 3320 4589 enim
3368 4534 3646 4589 Christum
3681 4538 3848 4591 nescit

569 4614 773 4671 Jndmis
808 4622 1152 4689 scandalum,
1194 4626 1443 4693 gentibus
1494 4627 1753 4695 stultitia,
1805 4629 1934 4698 ipsis
1979 4640 2154 4684 autem

572 4715 775 4763 vocatis
806 4711 1006 4768 .lndaeis
1037 4725 1091 4769 et
1116 4716 1389 4785 gentibus,
1424 4726 1674 4788 tanquam
1708 4720 1833 4775 Sem
1858 4731 1910 4774 et
1940 4719 2153 4790 Japhet,

573 4796 664 4848 1)νί
691 4800 852 4852 virtus
875 4813 929 4856 et
946 4803 1040 4859 Dei
1067 4807 1354 4875 sapientia,
1372 4807 1495 4877 quia
1522 4810 1661 4877 quod
1684 4810 1902 4864 stultum
1925 4821 2011 4866 est
2036 4813 2151 4878 Dei,

569 4887 867 4949 sapientius
898 4902 1164 4963 estquam
1195 4897 1461 4965 homines,
1496 4907 1551 4954 et
1579 4900 1722 4968 quod
1772 4901 2040 4956 inﬁrmant
2068 4912 2152 4959 est

573 4975 685 5036 Dei,
717 4976 906 5032 fortius
931 4992 1015 5037 est
1052 4999 1210 5054 quam
1255 4987 1521 5045 homines.
1569 4990 1801 5047 Proinde
1841 4992 1894 5047 in
1940 4994 2151 5050 duobus

571 5065 692 5119 filiis
721 5069 954 5124 maxime
976 5082 1029 5125 et
1050 5076 1293 5144 minimo,
1329 5080 1438 5133 duo
1494 5082 1672 5151 populi
1728 5085 1957 5154 figurati,
1988 5100 2147 5139 unam

570 5169 771 5213 vestem
801 5176 827 5211 a
856 5172 1002 5232 tergo
1032 5175 1330 5235 portantes,
1372 5184 1768 5231 sacramentum
1802 5176 2009 5232 scilicet
2031 5177 2142 5245 jam

569 5255 853 5318 praeteritae
880 5266 1041 5325 atque
1065 5267 1348 5315 transacta:
1372 5264 1657 5321 dominica:
1679 5269 1965 5337 passionis,
1993 5270 2145 5323 nudi-

569 5356 729 5398 tatem
756 5348 922 5414 patris
946 5364 1118 5417 neque
1146 5352 1439 5420 intuentur,
1473 5358 1596 5425 quia
1630 5360 1680 5421 in
1721 5357 1919 5413 Christi
1961 5375 2146 5414 necem

567 5450 671 5489 non
701 5439 1071 5508 consentiunt;
1118 5451 1171 5496 et
1201 5452 1376 5497 tamen
1410 5445 1671 5500 honorant
1696 5449 2000 5503 velamento
2032 5460 2148 5502 tan-

566 5542 722 5591 quam
753 5530 984 5585 scientes
1011 5532 1153 5587 unde
1181 5535 1289 5587 sint
1319 5535 1447 5587 nati.
1500 5537 1706 5591 Medius
1748 5549 1925 5594 autent
1979 5541 2139 5605 ﬁlius,

567 5616 619 5670 id
646 5630 725 5672 est
756 5624 980 5691 populus
1003 5623 1334 5694 Judteorum,
1368 5627 1487 5682 ideo
1516 5630 1748 5700 medius,
1772 5632 1891 5699 quia
1919 5647 2015 5687 nec
2039 5634 2145 5702 pri-

559 5728 760 5774 malum
784 5730 1147 5794 alios’olortlm
1184 5721 1353 5778 tenuit
1375 5762 1394 5792 ,
1427 5738 1525 5780 nec
1554 5725 1774 5784 ultimus
1806 5728 1858 5783 in
1890 5728 2138 5799 gentibus

2264 4629 2333 4683 ab
2360 4631 2614 4683 unctione
2635 4626 2933 4698 appellari?
2954 4625 3054 4692 Qui
3076 4628 3237 4680 etiam
3263 4626 3363 4681 hoc
3385 4627 3562 4696 ipsum
3596 4630 3649 4681 in
3680 4629 3847 4683 Evan-

2263 4720 2405 4789 gelio
2432 4730 2886 4783 commemorans,
2923 4726 2979 4771 et
3004 4716 3071 4771 de
3113 4731 3174 4772 se
3200 4717 3482 4787 ﬁguratum
3512 4721 3849 4786 apertissime

2264 4810 2581 4876 testificans,
2609 4823 2731 4863 cum
2758 4809 3042 4877 quemdam
3066 4808 3451 4864 Nathanaelem
3476 4811 3704 4867 dixisset
3726 4830 3849 4868 vere

2254 4903 2549 4957 lsraelitam
2583 4902 2633 4955 in
2664 4915 2771 4969 quo
2798 4900 2953 4956 dolus
2983 4916 3089 4955 non
3121 4911 3298 4968 esset,
3333 4912 3387 4957 et
3416 4918 3537 4958 cum
3570 4904 3695 4969 ille,
3735 4917 3846 4959 tan-

2252 5013 2410 5067 quam
2441 4996 2672 5065 lapidem
2704 4996 2850 5051 illum
2879 4996 3084 5052 habens
3105 4998 3172 5052 ad
3199 5009 3382 5068 caput,
3406 5002 3692 5057 confessus
3720 5020 3839 5058 eum

2251 5103 2372 5144 esse
2389 5088 2480 5162 [1³.
2506 5088 2670 5159 esset]
2696 5089 2887 5143 Filium
2909 5090 3000 5143 Dei
3024 5099 3078 5145 et
3098 5107 3276 5160 regem
3299 5093 3480 5160 Israel,
3505 5094 3607 5147 ista
3626 5097 3840 5150 confes-

2250 5182 2402 5235 sione
2426 5182 2821 5250 quodammodo
2844 5198 3048 5253 ungens
3073 5183 3327 5251 lapidem,
3352 5185 3404 5239 id
3426 5195 3510 5239 est
3526 5187 3703 5257 ipsum
3724 5204 3841 5243 esse

2252 5275 2515 5328 confitens
2531 5275 2823 5335 Christum,
2842 5274 2913 5329 ibi
2937 5285 3239 5344 opportune
3255 5275 3513 5331 Dominus
3526 5281 3693 5333 etiam
3713 5280 3841 5335 illud

2254 5368 2848 5436 commemoravitquud
2865 5368 2997 5422 vidit
3011 5368 3176 5423 Jacob
3194 5371 3280 5439 qui
3298 5385 3394 5438 per
3406 5372 3840 5427 benedictionem

2258 5460 2560 5527 appellatus
2571 5459 2852 5513 estlsrael.
2868 5459 3038 5515 Amen
3054 5461 3175 5515 dico
3188 5462 3362 5525 vobis,
3383 5464 3577 5532 inquit,
3591 5465 3841 5520 videbitis

2251 5552 2444 5605 cmlum
2463 5560 2704 5621 apertum
2727 5561 2776 5605 et
2801 5552 3021 5619 angelos
3048 5553 3138 5606 Dei
3158 5554 3513 5609 asrendentes
3531 5566 3587 5609 et
3613 5558 3842 5611 descen-

2250 5641 2437 5695 dentes
2453 5657 2614 5710 super
2637 5640 2826 5693 Ftliutn
2854 5640 3105 5696 hominis.
3132 5643 3238 5713 50
3271 5643 3377 5697 lloc
3399 5646 3542 5698 enim
3570 5646 3731 5700 Israel
3756 5647 3841 5701 vi-

2248 5733 2421 5800 derat,
2452 5748 2573 5789 cum
2597 5732 2747 5788 illum
2769 5732 2998 5804 lapidem
3021 5734 3087 5792 ad
3117 5744 3274 5806 caput
3305 5735 3535 5794 habebat
3557 5754 3587 5794 a
3612 5751 3750 5797 terra
3785 5742 3837 5797 in
