3990 6180
164 293 272 350 677

1381 296 1820 355 TIIESAURUS.
1861 298 2015 353 CAP.
2049 298 2231 355 LXIII.

3343 308 3451 364 678

160 413 386 479 emtum,
409 415 585 469 scalas
616 428 713 484 per
738 428 871 485 quas
894 412 1258 470 ascendebant
1278 425 1334 469 et
1357 412 1764 469 descendebant
1790 420 1842 476 Α
1873 416 2183 483 revertitur,
2218 414 2307 470 ubi
2350 429 2443 484 per
2487 415 2612 472 vita:
2650 416 3047 487 reparationem
3100 428 3272 473 morte
3318 434 3454 475 con-

159 508 343 577 angeli
369 508 489 574 Dei,
517 510 567 562 in
586 509 786 579 quibus
807 507 1095 578 signiﬁcati
1116 518 1242 562 sunt
1260 507 1604 577 evangelistze
1626 522 1765 577 prte-

161 601 438 655 dicatores
468 598 692 655 Christi.
712 600 1085 656 Ascendentes
1117 600 1299 671 utique
1328 616 1450 655 cum
1471 601 1538 655 ad
1567 602 1765 656 intelli-

162 690 396 760 gendam
422 692 541 759 ejus
569 691 1215 759 supereminentissimam
1236 690 1573 746 divinitatem
1596 706 1762 746 exce-

162 785 300 838 dunt
318 784 632 838 universam
651 792 980 850 creaturam,
1010 793 1071 838 ut
1087 799 1207 839 eum
1233 784 1530 853 inveniant,
1549 786 1599 839 in
1623 787 1764 854 prin-

162 875 304 944 cipio
339 875 510 928 Deum
543 876 681 943 apud
710 875 900 940 Deum,
931 890 1029 945 per
1055 891 1213 945 quem
1242 877 1378 930 facta
1404 887 1530 932 sunt
1560 882 1760 932 omnia.

163 965 577 1021 Descendentes
596 976 797 1032 autem,
820 976 878 1020 ut
900 981 1021 1021 eum
1048 968 1321 1021 inveniant
1346 970 1539 1023 factum
1564 984 1627 1022 ex
1650 984 1766 1021 mu-

164 1059 319 1123 liere,
350 1060 553 1113 factum
579 1060 679 1113 sub
707 1061 847 1129 lege,
877 1070 934 1114 ut
959 1076 1051 1115 eos
1070 1064 1159 1131 qui
1182 1064 1283 1116 sub
1308 1064 1421 1132 lege
1448 1074 1602 1117 erant
1625 1064 1767 1118 redi-

166 1159 375 1215 meret;
403 1150 459 1204 in
484 1150 580 1203 illo
602 1152 743 1204 enim
767 1152 910 1205 scala
932 1166 959 1204 a
982 1142 1121 1206 terra
1147 1168 1312 1223 usque
1332 1155 1383 1206 in
1410 1153 1523 1225 [ad]
1547 1156 1763 1219 caelum,

170 1256 202 1295 a
246 1256 411 1296 cirne
443 1240 660 1312 [usque]
704 1242 770 1295 ad
811 1243 1079 1311 Spiritum,
1128 1246 1252 1314 quia
1294 1244 1345 1298 in
1391 1244 1483 1299 illo
1527 1249 1769 1301 carnales

172 1334 513 1401 proftriendo
562 1334 711 1389 velut
768 1335 1110 1390 ascendendo
1160 1337 1427 1405 spiritales
1476 1338 1625 1392 fiunt.
1687 1339 1768 1394 Ad

164 1441 306 1496 quos
334 1428 471 1480 lacte
498 1426 811 1481 nutriendos
832 1429 991 1481 etiam
1022 1427 1122 1496 ipsi
1150 1428 1417 1497 spiritales
1440 1430 1770 1485 descendunt

165 1516 576 1585 quodammodo
606 1531 725 1571 cum
759 1518 837 1572 eis
877 1533 983 1571 non
1034 1530 1255 1586 possunt
1285 1512 1451 1587 loqui,
1481 1522 1630 1589 quasi
1658 1524 1769 1587 spi-

164 1607 425 1660 ritalibus
458 1607 553 1660 sed
601 1609 751 1675 quasi
800 1607 1144 1662 carnalibus:
1175 1610 1254 1664 sic
1289 1616 1343 1662 et
1379 1610 1687 1665 ascenditur
1715 1621 1770 1666 et

163 1696 523 1751 descenditur
555 1712 715 1766 super
738 1696 931 1752 Filium
964 1698 1218 1753 hominis.
1241 1700 1405 1755 Filius
1427 1702 1568 1755 enim
1597 1701 1770 1757 homi-

1867 516 2080 576 sumpta
2108 508 2263 562 'nihil
2305 510 2575 578 serpentis
2604 518 2847 579 apparet.
2877 509 2984 565 Nos
3016 524 3228 581 quoque
3253 526 3451 581 corpus

1868 598 1985 664 ejus
2003 597 2054 650 in
2078 597 2265 652 eadem
2290 601 2613 654 mortalitate
2634 616 2728 669 per
2751 600 2951 655 lubrica
2976 609 3272 670 temporum
3289 604 3457 657 volvi-

1867 704 2009 753 mur,
2040 689 2136 745 sed
2169 691 2273 745 line
2304 690 2593 747 novissimo
2618 693 2764 747 velut
2788 694 2959 748 cauda
2991 694 3177 748 saeculi
3210 709 3303 763 per
3333 709 3454 750 ma-

1868 797 2018 847 num,
2035 782 2085 836 id
2104 791 2188 837 est
2209 798 2303 853 per
2316 793 2633 853 potestatem
2647 786 2859 854 judicii,
2876 801 2944 842 ne
2960 786 3100 842 ultra
3115 788 3448 857 prolabatur,

1868 875 2204 942 apprehensa
2225 876 2614 942 reparabimur,
2639 886 2694 931 et
2716 878 3006 931 novissima
3036 877 3248 933 inimica
3275 889 3451 933 morte

1868 964 2138 1018 deSIructa
2190 976 2533 1033 resurgentes
2578 968 2629 1020 in
2669 968 2852 1022 dextra
2890 968 3133 1038 [dextera
3161 968 3277 1041 Dei]
3307 971 3451 1039 virga

1870 1055 2020 1122 regni
2052 1056 2274 1109 erimus.
2301 1056 2418 1110 Jam
2472 1057 2538 1111 de
2567 1058 2710 1111 exitu
2762 1058 2921 1112 Israel
2962 1074 3025 1112 ex
3058 1059 3311 1129 Egypto,
3344 1077 3452 1115 non
3542 1078 3548 1089 '

1870 1161 1971 1214 ego
1995 1148 2087 1199 sed
2114 1149 2405 1215 ApoSIolus
2429 1150 2685 1217 loquitur:
2709 1149 2841 1204 Nulo
2870 1159 3045 1205 autem
3069 1167 3162 1205 vos
3186 1154 3449 1221 ignorare,

1872 1235 2088 1303 fratres,
2110 1238 2231 1304 quia
2257 1237 2556 1308 [quoniam]
2588 1249 2766 1308 patres
2797 1242 2964 1294 nostri
2988 1257 3174 1296 omnes
3193 1249 3294 1296 sub
3312 1246 3452 1297 nube

1870 1324 2108 1393 fuerunt,
2142 1338 2196 1380 et
2226 1342 2415 1382 omnes
2447 1345 2541 1398 per
2584 1346 2730 1385 mare
2765 1334 3113 1397 transierunt,
3162 1343 3216 1388 et
3262 1349 3451 1388 omnes

1870 1416 1923 1469 in
1947 1416 2091 1470 Mose
2133 1418 2382 1485 baptizati
2411 1422 2614 1475 suntin
2651 1422 2793 1476 nube
2838 1432 2893 1476 et
2921 1423 2972 1476 in
3007 1424 3160 1489 mari,
3187 1434 3239 1478 et
3266 1438 3453 1479 omnes

1869 1508 2114 1563 eamdem
2143 1524 2320 1565 escam
2344 1512 2639 1580 spiritalem
2678 1514 3151 1581 manducaverunt,
3181 1525 3236 1570 et
3264 1532 3451 1571 omnes

1869 1602 2119 1654 eumdem
2139 1611 2321 1668 putum
2352 1602 2647 1671 spiritalem
2675 1604 2919 1659 biberunt
2954 1625 2966 1657 :
2999 1606 3249 1662 bibebant
3271 1616 3449 1662 autem

1867 1690 1935 1744 dc
1964 1691 2184 1759 spiritali
2218 1684 2478 1759 sequente
2526 1693 2932 1766 [consequente]
2973 1707 3149 1765 petra,
3183 1710 3332 1769 petra
3356 1716 3449 1754 au-

162 1789 245 1840 nis
274 1801 495 1840 sursum
523 1787 575 1840 in
593 1788 766 1855 capite
797 1796 1008 1855 nostro.
1039 1789 1179 1858 quod
1206 1799 1291 1844 est
1333 1790 1448 1858 ipse
1474 1790 1751 1858 Salvator,
1787 1802 1834 1860 Β
1868 1790 1973 1835 tem
1998 1794 2113 1836 erat
2136 1784 2401 1840 Christus.
2436 1787 2766 1854 Exponenda
2811 1805 2995 1855 unum,
3031 1791 3082 1843 in
3131 1800 3327 1845 οωιθηι
3353 1792 3438 1845 itt-

160 1887 215 1931 et
248 1876 397 1931 filius
424 1877 666 1931 hominis
694 1877 947 1932 deorsum
989 1879 1042 1933 in
1088 1894 1317 1948 corpore
1353 1894 1470 1948 suo,
1510 1880 1650 1951 quod
1678 1890 1762 1936 est

164 1969 435 2023 Ecclesia.
459 1967 635 2037 Ipsum
657 1977 709 2023 et
733 1969 908 2023 scalas
926 1970 1294 2039 intelligimus,
1313 1970 1436 2040 quia
1456 1971 1571 2039 ipse
1591 1972 1758 2027 dixit:

165 2058 275 2123 Ego
297 2073 420 2112 sum
455 2060 563 2113 via.
584 2058 664 2112 Ad
689 2059 861 2128 ipsum
889 2074 1016 2129 ergo
1039 2059 1345 2115 ascenditur
1369 2068 1426 2114 ut
1456 2062 1509 2114 in
1536 2060 1765 2117 excelsis

168 2152 528 2220 intelligatur,
565 2162 619 2206 et
649 2151 711 2204 ad
744 2153 913 2221 ipsum
948 2152 1315 2217 descenditur,
1344 2161 1402 2206 ut
1426 2153 1478 2205 in
1509 2152 1764 2208 membris

169 2244 278 2295 Suis
306 2243 549 2309 parvulis
577 2243 845 2296 nutriatur
869 2242 951 2313 [ut
980 2243 1032 2296 in
1062 2244 1315 2297 membris
1342 2249 1420 2297 sui
1447 2242 1649 2311 parvuli
1670 2259 1767 2298 nu-

168 2332 423 2402 triantur]
454 2349 469 2397 ;
504 2341 557 2386 et
596 2347 691 2402 per
745 2333 895 2386 ill'tm
937 2333 1247 2387 ascenditur
1285 2342 1339 2388 et
1378 2333 1765 2389 descenditur:

176 2425 496 2493 exemplum
528 2426 726 2494 quippe
754 2424 871 2493 ejus
903 2433 1187 2493 sequentes
1218 2423 1600 2493 prtedicatores
1624 2425 1762 2493 ejus,

170 2534 275 2570 non
309 2518 491 2570 solum
524 2532 583 2570 se
628 2516 840 2584 erigunt
890 2526 947 2569 ut
992 2530 1114 2570 eum
1170 2515 1471 2570 sublimiter
1520 2524 1769 2584 spectent

165 2605 551 2679 lexspectenl],
584 2608 678 2662 sed
704 2608 862 2661 etiam
895 2607 1197 2672 humiliant,
1227 2616 1283 2662 ut
1314 2622 1435 2661 eum
1460 2616 1765 2674 temperan-

168 2706 247 2751 ter
298 2699 652 2752 :tnnuntient.
714 2698 904 2752 Videte
958 2698 1275 2766 Apostolum
1315 2698 1695 2753 ascendentem
1750 2715 1763 2750 :

167 2788 290 2843 Sive
312 2830 329 2854 ,
363 2789 578 2856 inquit,
622 2797 801 2843 mente
827 2788 1157 2842 excessimus
1209 2788 1336 2849 Deo,
1367 2797 1418 2842 et
1450 2786 1626 2842 videte
1668 2787 1766 2843 de-

166 2880 521 2934 scendentem
548 2897 562 2933 :
589 2878 737 2946 Sive,
772 2880 965 2947 inquit,
998 2889 1363 2946 temperantes
1385 2892 1573 2933 sumus
1592 2878 1767 2934 vobis.

167 2971 322 3023 Dicat
351 2986 454 3039 per
483 2984 642 3038 quem
676 2970 984 3024 ascenderit
1012 2979 1066 3024 et
1092 2969 1454 3027 descenderit.
1490 2969 1757 3036 Charitas,

171 3065 365 3131 inquit,
393 3063 596 3117 Christi
621 3064 899 3132 compellit
926 3063 1339 3131 nosjudicantes
1374 3065 1767 3134 hoc,qnoniam

1867 1872 2105 1927 troduxit
2133 1874 2485 1930 intellectum.
2517 1877 2572 1932 Si
2601 1880 2743 1933 enim
2778 1887 2925 1948 petra
2956 1878 3203 1935 Christus
3231 1894 3450 1950 propter

1866 1964 2202 2033 ﬁrmitatem,
2228 1982 2324 2022 cur
2346 1983 2452 2022 non
2482 1976 2537 2022 et
2563 1984 2755 2023 manna
2788 1969 3055 2036 Christus,
3086 1980 3330 2041 tanquam
3357 1989 3449 2041 pa-

1868 2056 1952 2108 nis
1978 2054 2153 2121 vivus,
2184 2058 2273 2126 qui
2304 2058 2371 2112 de
2428 2059 2567 2114 (telo
2612 2060 2925 2115 descendit?
2956 2077 3061 2131 quo
3091 2078 3217 2117 vere
3246 2063 3334 2133 qui
3362 2079 3450 2118 ve-

1866 2154 2094 2199 ειιιιιιιιτ
2119 2146 2437 2214 spiritaliter
2468 2150 2651 2203 vivunt
2676 2166 2691 2202 :
2724 2165 2844 2205 nam
2867 2150 2944 2205 illi
2968 2161 3203 2207 veterem
3231 2154 3451 2222 figuram

1867 2236 2157 2291 earnaliter
2210 2240 2538 2308 accipientes
2586 2242 2783 2295 mortui
2832 2251 2976 2296 sunt.
3033 2241 3139 2297 Sed
3167 2258 3288 2297 cum
3321 2244 3452 2298 dicit

1869 2330 2183 2398 Apostolus,
2234 2333 2483 2386 eumdem
2525 2334 2702 2387 cibum
2752 2333 3046 2402 spiritalem
3097 2337 3453 2392 manducare-

1868 2431 2016 2483 runt,
2044 2422 2281 2475 ostendit
2310 2434 2363 2475 et
2388 2422 2518 2477 illud
2553 2424 2867 2492 spiritaliter
2892 2424 3113 2493 intelligi
3142 2426 3193 2479 itt
3215 2426 3453 2494 Christo,

1869 2514 2010 2569 sicut
2039 2524 2093 2567 et
2125 2522 2330 2580 potum,
2363 2530 2461 2569 cur
2493 2515 2790 2583 Spiritaletu
2828 2514 3071 2581 dixisset,
3095 2518 3301 2585 aperuit
3329 2532 3452 2572 cum

1870 2606 2152 2675 subjunxit
2179 2647 2194 2672 ,
2230 2608 2385 2662 Petra
2425 2617 2603 2662 autem
2638 2616 2756 2663 erat
2803 2608 3078 2666 Christus:
3119 2624 3224 2677 (tuo
3265 2618 3452 2675 aperto

1870 2709 2063 2751 cuncta
2092 2698 2377 2753 fulserunt.
2406 2698 2514 2752 Cur
2549 2714 2653 2753 non
2686 2714 2815 2769 ergo
2842 2709 2895 2753 et
2928 2699 3095 2754 nubes
3122 2699 3366 2754 Christus
3397 2708 3453 2754 et

1870 2788 2144 2855 columna,
2177 2789 2301 2856 quia
2336 2798 2539 2855 rectus,
2572 2799 2626 2843 et
2650 2791 2855 2856 firmus,
2885 2800 2937 2843 et
2966 2790 3191 2845 fulciens
3230 2791 3453 2845 inlirmi«

1871 2887 2036 2933 tatem
2071 2888 2329 2944 nostram,
2359 2895 2454 2949 per
2505 2890 2717 2933 noctem
2774 2880 2983 2949 lucens,
3032 2895 3129 2949 per
3158 2880 3297 2935 diem
3345 2897 3452 2936 non

1871 2971 2080 3039 lucens,
2110 2981 2164 3026 ut
2191 2972 2280 3042 qui
2313 2988 2417 3026 non
2448 2972 2629 3028 vident
2656 2972 2893 3037 videant,
2924 2980 2980 3027 et
3005 2974 3095 3043 qui
3124 2974 3303 3028 vident
3325 2975 3453 3029 caeci

1876 3064 2040 3119 fiant?
2084 3065 2254 3119 Ruhet
2297 3063 2518 3136 |Nubes]
2564 3074 2618 3119 et
2654 3080 2800 3120 mare
2846 3052 3118 3132 Rubrum,
3152 3066 3449 3135 baptismus

171 3159 213 3212 si
242 3173 382 3213 unus
409 3172 508 3225 pro
532 3156 787 3209 omnibus
817 3164 1059 3208 mortuus
1083 3166 1187 3221 est,
1211 3170 1338 3225 ergo
1358 3170 1547 3211 omnes
1570 3156 1764 3209 mortui
1796 3177 1840 3239 ρ
1875 3158 2060 3227 utique
2091 3157 2289 3212 Christi
2316 3159 2576 3228 sanguine
2598 3168 2965 3225 consecratus,
2994 3159 3176 3214 hostes
3220 3175 3453 3229 sequen-

173 3258 312 3313 sunt,
344 3258 401 3302 et
429 3262 528 3315 pro
554 3245 800 3300 omnibus
834 3256 1075 3299 mortuus
1098 3258 1201 3309 cSt,
1234 3255 1293 3299 ut
1314 3247 1403 3315 qtti
1436 3246 1765 3315 vivunt,jam

175 3356 273 3393 non
302 3340 407 3394 sibi
444 3339 647 3403 vivant,
674 3337 770 3391 sed
800 3336 848 3389 ei
873 3336 961 3404 qui
993 3352 1087 3405 pro
1112 3336 1189 3391 eis
1218 3349 1460 3391 mortuus
1494 3346 1577 3391 est
1603 3346 1656 3392 et
1684 3352 1771 3392 re-

176 3432 434 3484 surrexit.
464 3429 589 3482 lltec
613 3430 665 3481 in
692 3428 983 3495 Scripturis
1017 3427 1216 3482 sanctis
1246 3436 1431 3482 sancta
1462 3426 1769 3497 spectacula

177 3539 330 3590 quem
368 3538 478 3576 non
512 3524 803 3587 delectant,
838 3538 1020 3577 sanam
1062 3522 1363 3576 doctrinam
1415 3538 1519 3577 non
1543 3522 1773 3576 sustinet

179 3612 525 3684 [sustinens],
562 3613 625 3668 ad
662 3614 866 3669 fabulas
908 3616 1259 3679 convertitur,
1310 3623 1362 3669 et
1411 3614 1515 3668 illa:
1555 3615 1770 3684 quidem

181 3708 367 3759 fabula:
403 3706 619 3759 animos
667 3705 915 3777 [animas]
960 3707 1010 3759 itt
1061 3707 1297 3777 qualibet
1336 3710 1580 3775 corporis
1614 3715 1775 3761 aetate

183 3801 418 3869 pueriles
454 3800 598 3853 varia
631 3800 858 3868 quadam
916 3799 1274 3854 delectatione
1318 3799 1625 3853 sollicitant.
1669 3799 1773 3853 Sed

182 3909 271 3947 nas
291 3894 404 3960 jam
439 3907 637 3959 corpus
666 3892 862 3946 Chri~ti
891 3892 1233 3961 agnoscimus
1275 3890 1695 3965 [agnoscamus],
1720 3891 1771 3945 in

183 3984 394 4038 I‘salmo
424 3998 612 4037 vocem
639 3995 901 4051 nostram,
934 3991 993 4037 ut
1022 3983 1264 4037 dicamus
1296 3984 1342 4037 ei
1371 4002 1383 4035 :
1415 3983 1777 4036 Narravernnt

182 4075 309 4128 mihi
334 4074 518 4141 iniusti
551 4074 959 4141 delectationes,
995 4074 1087 4129 sed
1124 4090 1228 4127 non
1257 4075 1395 4128 sicut
1419 4074 1500 4128 lex
1530 4082 1640 4137 tua,
1676 4072 1779 4126 Do-

182 4166 350 4219 ntine.
375 4163 626 4218 Christus
649 4163 779 4217 mihi
802 4162 1002 4232 ubique
1029 4162 1242 4218 illorum
1268 4162 1547 4229 librorum,
1575 4161 1777 4231 ubique

181 4258 393 4312 illarum
424 4256 829 4324 Scripturarum
859 4256 1167 4325 peragranti
1217 4262 1273 4310 et
1306 4254 1584 4309 anhelanti
1615 4254 1665 4307 in
1690 4268 1781 4307 su-

182 4349 317 4404 dore
344 4348 441 4401 illo
467 4345 830 4401 damnationis
860 4345 1126 4411 humanae,
1165 4344 1285 4400 sive
1325 4360 1392 4399 ex
1420 4355 1633 4413 aperto,
1662 4343 1779 4399 sive

182 4459 244 4499 ex
274 4443 491 4498 occulto
518 4440 758 4496 occurrit
788 4447 844 4494 et
871 4440 1066 4494 reficit.
1101 4438 1219 4506 Ipse
1255 4436 1387 4492 mihi
1437 4446 1491 4492 et
1531 4452 1597 4491 ex
1646 4452 1780 4490 non-

1873 3256 1953 3301 tes
1976 3263 2003 3299 a
2031 3256 2180 3317 tergo
2212 3248 2531 3313 moriuntur,
2555 3258 2767 3316 peccata
2788 3249 3077 3318 praeterita.
3106 3249 3324 3303 Ducitur
3359 3268 3455 3319 po-

1871 3339 2030 3406 pulus
2062 3352 2158 3406 per
2194 3337 2509 3393 desertum:
2542 3338 2794 3407 baptizati
2837 3354 3027 3395 omnes
3070 3341 3302 3395 nondum
3336 3358 3456 3411 pcr~

1872 3428 2111 3483 fruentes
2142 3431 2409 3498 promissa
2448 3431 2647 3499 patria,
2700 3431 2796 3485 Sed
2821 3432 2961 3501 quod
2992 3446 3097 3486 non
3129 3433 3313 3488 vidi-nt
3336 3450 3458 3501 Spe-

1875 3519 2043 3573 rando
2075 3528 2128 3573 et
2158 3533 2255 3588 per
2310 3520 2618 3588 patientiam
2675 3521 3059 3589 exspectando,
3109 3531 3356 3591 tanquam
3404 3527 3455 3578 itt

1878 3612 2094 3665 deserto
2117 3622 2264 3677 sunt,
2294 3622 2349 3667 et
2374 3613 2484 3667 illic
2514 3612 2785 3667 laboriose
2813 3622 2873 3667 ct.
2894 3614 3192 3681 periculose
3214 3616 3460 3670 tentatio-

1877 3719 1973 3759 nes
1993 3720 2059 3758 ne
2084 3715 2424 3759 revertantur
2450 3706 2611 3760 corde
2637 3707 2685 3759 in
2716 3703 3028 3774 Egyptum,
3064 3722 3159 3759 nec
3187 3707 3255 3760 ibi
3285 3718 3461 3761 tamen

1876 3795 2124 3851 Christus
2171 3797 2394 3859 deserit,
2428 3812 2549 3851 nam
2582 3806 2635 3850 et
2683 3797 2769 3849 ilia
2813 3798 3057 3849 columna
3091 3814 3194 3850 non
3236 3802 3459 3855 recedit.

1878 3885 2155 3940 Etamarte
2178 3902 2328 3953 aqua:
2351 3888 2492 3955 ligno
2513 3888 2861 3953 dulcescunt,
2888 3892 3011 3959 quia
3033 3891 3230 3946 inimici
3256 3896 3462 3962 populi,

1879 3976 2031 4046 signo
2060 3976 2234 4030 crucis
2290 3975 2492 4031 Christi
2542 3978 2917 4046 bonorilicato,
2971 3993 3370 4047 mansuescunt,
3412 3995 3463 4038 et

1878 4069 2162 4128 duodecim
2186 4067 2382 4133 fontes,
2412 4071 2746 4140 septuaginta
2771 4071 2962 4139 palmae
2985 4074 3205 4127 arbores
3229 4073 3458 4144 irrigan-

1880 4169 1962 4216 tes
1988 4160 2342 4230 apostolicam
2367 4163 2592 4232 gratiam
2613 4162 2953 4231 praeﬁgurant
2974 4164 3197 4232 populus
3220 4165 3270 4218 in
3288 4177 3465 4234 septe-

1880 4252 2035 4306 nario
2059 4266 2284 4306 nnmero
2313 4252 2599 4320 decuplato
2628 4252 2911 4320 rigentem,
2942 4263 2998 4307 ut
3020 4270 3116 4324 per
3136 4257 3469 4324 septiformis

1881 4344 2101 4413 spiritus
2132 4344 2329 4399 donum
2362 4344 2494 4414 legis
2526 4344 2820 4415 Decalogus
2870 4344 3179 4416 impleatur.
3208 4349 3269 4403 Et
3297 4350 3468 4404 hostis

1889 4434 2249 4490 intercludere
2292 4436 2509 4490 molitus
2538 4436 2676 4490 viam
2701 4479 2715 4502 ,
2742 4438 2970 4492 extentis
3001 4437 3158 4492 Mosis
3192 4439 3463 4505 manibus,

182 4537 334 4591 nulla
369 4534 681 4589 difficultate
710 4530 1031 4586 inventionis
1068 4546 1181 4585 sua:
1206 4529 1533 4585 desiderium
1562 4526 1773 4581 inﬂam-
1806 4547 1858 4606 Ι)
1882 4527 2035 4594 signo
2064 4526 2238 4580 crucis
2266 4527 2553 4581 dominicae
2601 4539 2882 4596 superatur
2908 4546 2923 4593 ;
2955 4538 3007 4584 et
3037 4544 3247 4585 morsus
3275 4534 3465 4586 morti-

182 4639 320 4694 mat,
357 4636 417 4681 ut
448 4626 591 4695 quod
617 4625 749 4697 [quo
779 4623 829 4677 id
858 4622 1023 4692 quod]
1052 4624 1307 4677 invenero
1336 4621 1492 4676 avide
1522 4620 1773 4674 sorbeam

184 4722 547 4789 medullisque
575 4718 912 4773 reconditum
945 4716 1234 4770 salubriter
1254 4724 1482 4769 teneam.
1512 4714 1629 4781 Ipse
1649 4711 1780 4765 mihi

185 4817 235 4870 in
258 4814 465 4883 Ioseph
492 4809 989 4879 innuit[innuitur],
1006 4809 1097 4878 qui
1119 4808 1562 4877 persequentibus
1578 4816 1631 4860 et
1654 4820 1782 4859 ven-

186 4909 443 4963 dentibus
470 4906 726 4960 fratribus
752 4906 805 4957 in
830 4904 1059 4974 [Egypto
1083 4912 1203 4970 post
1226 4901 1437 4956 labores
1462 4900 1774 4953 honoratur.

185 5002 487 5057 Didicimus
536 4999 679 5053 enim
722 4999 934 5052 labores
985 4994 1181 5049 Christi
1234 4996 1287 5048 in
1339 4995 1470 5049 orbe
1506 4994 1777 5063 gentium,

185 5110 348 5162 quem
399 5091 740 5161 significabat
793 5090 1093 5159 Egyptus,
1137 5102 1234 5154 per
1272 5087 1449 5138 varias
1500 5084 1780 5154 passiones

185 5196 522 5256 martyrum,
547 5192 599 5236 et
632 5196 773 5235 nunc
799 5182 1043 5234 videmus
1074 5178 1336 5232 honorem
1369 5175 1569 5228 Christi
1609 5175 1659 5227 iu
1692 5188 1785 5227 eo-

184 5280 309 5331 dem
327 5280 462 5329 orbe
485 5284 753 5328 terrarum
784 5269 1095 5339 erogatione
1113 5264 1365 5321 frumenti
1388 5265 1466 5319 sui
1490 5264 1591 5318 sibi
1608 5264 1787 5317 omnia

186 5368 551 5438 sttbjugantis.
570 5364 690 5431 Ipse
714 5362 842 5415 mihi
874 5359 1043 5413 innuit
1073 5354 1354 5429 [innuitttr]
1385 5356 1437 5409 in
1460 5357 1606 5424 virga
1628 5354 1786 5421 Mosi,

186 5480 334 5532 quas,
367 5462 420 5514 in
455 5470 598 5511 terra
631 5468 857 5523 serpens
885 5452 1097 5518 effecta,
1122 5452 1239 5519 ejus
1272 5458 1501 5503 mortem
1528 5448 1780 5517 figuravit

189 5569 217 5605 a
252 5559 513 5619 serpente
543 5549 881 5609 venientem;
915 5543 1007 5598 sed
1040 5543 1178 5613 quod
1220 5541 1553 5611 apprehensa
1593 5540 1785 5604 cauda,

190 5644 463 5713 significat
514 5640 806 5707 posterius,
858 5637 1091 5706 peractis
1140 5634 1249 5703 jam
1295 5634 1542 5689 omnibus
1586 5632 1638 5685 in
1681 5632 1784 5686 ﬁne

191 5737 500 5791 actionibus
529 5730 836 5806 [actionis],
869 5729 932 5784 ad
975 5728 1025 5783 id
1058 5728 1199 5798 quod
1241 5726 1417 5783 fuerat
1455 5724 1783 5795 resurgendo

1884 4618 1982 4672 feri
2009 4629 2338 4687 serpentum,
2386 4619 2616 4673 exaltato
2657 4630 2708 4672 et
2748 4628 2988 4685 reSpecto
3017 4634 3168 4672 aeneo
3210 4631 3463 4689 serpente

1887 4720 2103 4764 sanatur
2133 4708 2465 4781 [sanantur],
2499 4708 2636 4779 quod
2671 4708 2845 4763 verbis
2879 4707 3085 4761 Domini
3119 4709 3464 4764 declaratur:

1891 4800 2045 4855 Sicut
2075 4800 2361 4864 exaltavit,
2398 4800 2594 4867 inquit,
2642 4799 2818 4853 Moses
2860 4806 3162 4866 serpentem
3196 4800 3247 4853 in
3266 4815 3469 4867 eremo,

1888 4892 1967 4946 sic
1988 4901 2206 4961 oportet
2228 4893 2449 4947 exaltari
2475 4891 2666 4945 Filium
2692 4889 2947 4955 hominis,
2971 4900 3027 4943 ut
3048 4892 3225 4945 omnis
3248 4896 3334 4962 qtti
3359 4909 3471 4948 cre-

1889 4987 1967 5040 dit
1997 4987 2050 5041 in
2094 5001 2215 5041 cum
2245 5000 2350 5039 non
2381 4993 2590 5053 pereat,
2641 4983 2735 5037 sed
2776 4983 2971 5038 habeat
3001 4984 3162 5037 vitam
3194 4996 3471 5040 aeternam.

1892 5076 2040 5131 Itane
2073 5076 2233 5130 etiam
2265 5077 2363 5131 ista
2410 5091 2513 5128 non
2554 5074 2821 5129 clamant?
2860 5083 3079 5130 tantane
3101 5084 3185 5130 est
3212 5078 3474 5130 surditas?

1847 5237 1858 5250 .
1890 5169 1979 5223 Fit
2010 5168 2209 5236 pascha
2249 5168 2301 5221 in
2353 5166 2620 5220 occisione
2658 5165 2800 5232 ovis,
2840 5165 3104 5221 occiditur
3135 5168 3381 5221 Christus
3408 5167 3472 5220 de

1892 5275 1997 5330 quo
2034 5260 2086 5313 in
2119 5259 2408 5328 Evangelio
2448 5258 2651 5331 [dicitur
2680 5276 2693 5313 :
2723 5258 2860 5314 Ecce
2890 5273 3059 5329 agnus
3091 5259 3208 5325 Dei,
3234 5274 3359 5314 ecce
3384 5260 3471 5326 qui

1892 5352 2037 5406 tollit
2066 5360 2286 5421 peccata
2312 5350 2519 5404 mundi.
2546 5350 2906 5406 Prultihentur
2937 5352 3024 5420 qui
3050 5350 3243 5419 pascha
3277 5350 3471 5405 faciunt

1886 5459 2009 5499 ossa
2035 5445 2303 5515 frangere,
2329 5458 2431 5496 non
2459 5443 2770 5512 franguntur
2803 5443 2852 5495 in
2887 5455 3047 5495 cruce
3068 5456 3187 5494 ossa
3223 5441 3429 5494 Domini
3455 5458 3471 5506 ;

1893 5545 2173 5592 attestatur
2201 5536 2533 5607 evangelista
2563 5536 2687 5590 hinc
2715 5550 2835 5589 esse
2864 5534 3060 5588 dictum
3096 5549 3111 5586 :
3138 5534 3209 5588 Os
3230 5534 3345 5603 ejus
3368 5548 3474 5589 nou

1894 5631 2293 5687 comminuetis.
2326 5630 2597 5699 Sanguine
2641 5628 2937 5683 illiniuntur
2976 5638 3176 5693 poStes,
3210 5638 3265 5679 ut
3294 5626 3473 5695 perni-

1894 5725 2004 5782 cies
2033 5724 2360 5795 depellatur:
2393 5724 2674 5793 signantur
2705 5722 2859 5789 signo
2890 5718 3179 5775 dominica:
3212 5720 3475 5790 passionis
