3974 6184
526 246 628 304 679

1596 239 1657 292 Ι).
1690 235 2011 291 EUGYPPH
2043 234 2328 290 ABBATIS
2358 236 2680 291 AFRICANI

3685 236 3799 293 680

526 360 864 417 iu'l‘rontibtts
887 356 1087 427 populi,
1118 356 1184 410 ad
1209 354 1427 410 tutelam
1446 353 1654 407 salutis.
1678 351 1844 405 Datur
1864 351 1931 404 ibi
1965 351 2046 403 lex
2076 367 2104 403 ι,
2138 355 2179 408 Α
2214 351 2440 419 probato
2472 361 2673 413 vetere,
2702 348 2841 419 quod
2874 349 3057 403 umbra
3084 356 3205 403 erat
3252 348 3452 418 futuri,
3486 349 3539 404 in
3573 348 3803 405 Domino

527 455 614 509 die
640 463 760 523 post
785 459 957 505 artum
990 451 1208 519 pascha,
1239 446 1389 502 venit
1433 445 1667 513 Spiritus
1694 451 1915 496 sanctus
1967 459 1996 495 L
2027 441 2116 495 die

529 556 653 615 post
681 544 896 599 Domini
928 543 1255 611 passionem.
1305 538 1509 591 Dicitur
1551 536 1663 588 illic
1692 536 1890 603 scripta
1920 534 2006 587 lex
2035 532 2117 586 di-

530 640 642 706 gito
665 624 781 701 Dei,
797 636 924 689 dicit
949 633 1206 687 Dominus
1231 629 1297 685 de
1317 630 1519 697 Spiritu
1544 635 1733 682 saneto
1760 644 1772 679 :
1796 626 1850 680 Si
1876 625 1928 679 in
1953 622 2118 693 digito

534 726 630 779 Dei
663 726 820 791 ejicio
849 721 1133 776 daemonia.
1168 720 1233 773 Et
1260 718 1453 772 clamat
1482 717 1742 781 Faustus,
1773 715 1943 769 oculis
1972 714 2121 769 clau-

535 818 633 883 sis,
666 812 796 868 nihil
826 827 883 867 se
912 812 964 864 in
993 810 1099 865 illis
1127 808 1322 863 litteris
1352 806 1622 862 invenisse
1654 804 1795 874 quod
1824 805 1888 858 ad
1916 803 2115 857 Christi

534 904 1046 975 praznuntiationem
1089 898 1392 970 pertineat!
1425 899 1560 965 Quid
1592 907 1772 952 autem
1803 899 1995 951 mirum
2018 940 2032 963 ,
2073 896 2120 949 si

539 997 729 1052 oculos
761 995 954 1048 habeat
977 993 1043 1047 ad
1075 989 1379 1062 legendum,
1405 1000 1460 1045 et
1502 1005 1595 1043 cor
1620 989 1686 1043 ad
1720 988 2121 1056 intelligendum

539 1102 642 1141 non
676 1085 888 1151 habeat,
913 1084 998 1153 qui
1032 1083 1239 1150 positus
1269 1091 1395 1135 ante
1434 1081 1630 1134 osdum
1671 1080 1911 1133 clausum
1954 1077 2121 1132 divini

536 1178 755 1241 secreti,
791 1192 895 1230 non
923 1176 1027 1231 ﬁde
1058 1175 1273 1242 pietatis
1307 1175 1501 1243 pulsat,
1534 1173 1629 1227 sed
1670 1172 1901 1226 elatione
1932 1172 2119 1239 impie-

544 1269 673 1321 tatis
701 1264 966 1320 insultat?
996 1265 1155 1333 plane
1180 1266 1248 1316 ita
1278 1264 1455 1325 sit,ita
1489 1263 1597 1315 ﬁat.
1631 1261 1839 1315 .lusmm
1874 1270 1956 1313 est
1976 1261 2120 1314 enim

542 1356 825 1412 claudatur
852 1354 1098 1425 superbis
1126 1354 1292 1423 janua
1324 1353 1552 1416 salutis;
1582 1363 1764 1405 veniat
1813 1360 2125 1405 mansuetus

543 1464 698 1516 quem
726 1449 884 1501 docet
925 1446 1183 1500 Dominus
1230 1447 1342 1500 vias
1392 1459 1536 1498 suas.
1584 1443 1770 1498 Videat
1798 1453 1850 1498 et
1880 1444 1993 1498 haec
2020 1444 2127 1497 illis

544 1541 597 1593 in
624 1538 797 1602 libris,
826 1547 880 1591 et
909 1546 1123 1601 caetera,
1158 1536 1243 1589 vel
1293 1536 1497 1600 omnia,
1556 1536 1635 1588 vel
1677 1535 1917 1604 qumdam
1950 1535 2124 1603 qualia

547 1631 732 1684 credat
754 1630 805 1683 in
828 1628 1111 1693 omnibus;
1136 1626 1315 1680 videat
1344 1625 1770 1680 introducentem
1795 1625 2048 1694 populum
2073 1625 2126 1678 iu

544 1734 744 1777 terram
776 1720 1171 1789 promiss‘ouis.
1201 1718 1381 1787 Neque
1400 1719 1544 1772 enim
1571 1718 1673 1773 hoc
1700 1727 1906 1773 temere
1928 1719 1994 1772 ab
2018 1719 2121 1771 ini-

548 1816 630 1868 tio
652 1812 970 1877 vocabatur,
1004 1812 1096 1865 sed
1120 1825 1185 1864 ex
1218 1813 1329 1880 ipsa
1355 1810 1754 1878 dispensatione
1771 1812 1986 1864 nomine
2010 1792 2130 1863 mit-

550 1915 660 1958 tato
699 1905 855 1958 Jesus
902 1902 1204 1972 appellatus
1245 1909 1348 1955 est.
1398 1901 1585 1955 Videat
1634 1900 1843 1955 betrum
1879 1900 1950 1955 de
1991 1911 2130 1954 terra

550 1992 925 2063 promissionis
957 1992 1007 2043 in
1038 1990 1184 2060 ligno
1228 1990 1569 2059 pendentem.
1604 1989 1792 2044 Videat
1823 1990 1875 2044 in
1917 1989 2132 2044 Jericho

551 2096 801 2150 tanquam
860 2082 910 2136 iu
964 2083 1064 2136 hoc
1117 2082 1325 2137 mortali
1386 2081 1583 2137 szeculo
1635 2084 2013 2149 meretricem,
2065 2083 2132 2138 de

551 2176 797 2246 qualibus
827 2176 897 2229 ait
945 2174 1200 2229 Dominus
1244 2174 1385 2244 quod
1430 2176 1735 2243 praecedant
1784 2176 2045 2245 superbos
2078 2176 2131 2230 in

553 2284 720 2337 regno
748 2268 1030 2331 ctelortim,
1064 2282 1158 2336 per
1190 2266 1476 2322 fenestram
1509 2271 1698 2322 domus
1726 2281 1839 2322 suae
1879 2275 2131 2338 tauquam

554 2377 651 2431 per
680 2377 741 2416 os
769 2362 1013 2430 corporis
1040 2362 1119 2413 sui
1151 2373 1370 2414 coccum
1402 2359 1727 2425 mittentem,
1758 2358 1898 2428 quod
1926 2368 2008 2413 est
2030 2361 2134 2412 uti-

553 2468 658 2523 que
686 2451 961 2520 sanguinis
991 2452 1199 2519 signum
1228 2460 1448 2520 propter
1490 2451 1865 2505 remissionem
1892 2460 2135 2519 peccato-

553 2556 670 2602 rum
698 2543 939 2597 conﬁteri
970 2542 1036 2597 ad
1067 2541 1317 2596 salutem.
1373 2539 1563 2595 Videat
1608 2555 1791 2594 muros
1814 2540 1981 2609 ipsius
2001 2540 2142 2595 civi-

553 2634 707 2698 tatis,
753 2642 1005 2702 tauquam
1054 2634 1380 2687 munitiones
1427 2632 1666 2686 mortalis
1710 2630 1893 2687 saculi
1937 2630 2134 2701 septies

554 2727 875 2782 circumacta
906 2725 1237 2780 Testamenti
1290 2738 1437 2787 arca,
1477 2723 1760 2789 cecidisse,
1809 2723 1950 2776 sicut
1997 2736 2139 2777 nunc

554 2834 652 2888 per
690 2827 930 2886 tempora
984 2831 1104 2883 qua:
1154 2824 1358 2884 septem
1404 2814 1610 2869 dierum
1654 2813 2020 2868 vicissitudine
2056 2811 2139 2867 di-

556 2909 826 2977 labuntur,
879 2908 1282 2962 Testamentum
1331 2905 1423 2960 Dei
1479 2906 1675 2961 circuit
1726 2912 1896 2959 totum
1951 2904 2137 2959 orbem

560 3012 828 3055 terrarum
858 3041 874 3067 ,
922 3006 982 3051 ut
1033 3000 1085 3051 in
1141 2997 1247 3052 ﬁne
1296 3004 1596 3065 temporum
1652 3008 1800 3049 mors
1848 2993 2139 3048 novissima

557 3093 661 3168 51
694 3093 903 3147 inimica
946 3091 1274 3154 destruatur,
1306 3097 1359 3144 et
1398 3103 1466 3142 ex
1516 3086 1802 3156 impiorum
1836 3085 2136 3155 perditione
2164 3074 2209 3137 C

561 3188 718 3239 unica
774 3185 998 3244 domus,
1051 3192 1300 3249 tanquam
1352 3180 1505 3232 unica
1549 3177 1817 3243 Ecclesia,
1863 3177 2139 3244 liberetur,

569 3273 825 3328 mundata
855 3270 1185 3340 turpitudine
1210 3267 1570 3324 foinit'atioiis
1591 3281 1681 3337 per
1700 3266 1987 3322 fenestram
2017 3279 2145 3320 eon-

562 3364 814 3418 lessionis
858 3362 911 3416 in
953 3361 1210 3430 sanguine
1264 3358 1616 3413 remissionis.
1661 3357 1852 3411 Videat
1902 3368 2141 3427 tempora

564 3456 739 3525 primo
766 3453 1035 3519 Judicum,
1084 3459 1272 3521 postea
1302 3449 1528 3519 Regum,
1559 3449 1696 3503 sit-ut
1734 3449 1838 3505 erit
1867 3450 2040 3517 primo
2058 3448 2144 3518 ju-

566 3545 795 3609 dicium,
829 3551 1012 3612 postea
1036 3556 1282 3609 regnum,
1316 3542 1478 3610 inque
1500 3542 1627 3608 ipsis
1652 3540 1980 3608 temporibus
2002 3541 2144 3609 judi-

564 3651 687 3689 cum
718 3643 773 3690 et
800 3649 1021 3703 regnum
1055 3633 1248 3687 iurum
1277 3642 1435 3702 atque
1465 3632 1654 3686 iterum
1687 3631 1869 3687 multis
1897 3639 1953 3687 et
1982 3632 2142 3687 variis

567 3726 741 3782 modis
767 3725 1039 3781 Christum
1090 3724 1493 3793 Ecclesiamque
1525 3722 1760 3793 ﬁgurari.
1787 3723 1917 3791 Quis
1945 3732 2061 3778 erat
2088 3723 2141 3778 in

566 3817 792 3872 Samson
814 3815 1028 3870 obvium
1053 3815 1259 3869 leonem
1284 3829 1502 3879 necans,
1525 3829 1666 3879 cum,
1697 3813 1937 3883 petenda:
1963 3817 2143 3870 uxoris

565 3921 745 3972 causa,
790 3906 857 3959 ad
888 3905 1217 3976 alienigenas
1268 3904 1549 3970 tenderet,
1579 3903 1802 3975 nisiqui
1844 3905 2139 3960 Ecclesiam

565 4010 848 4055 vocaturus
878 4015 944 4053 ex
972 4000 1217 4069 gentibus
1248 3999 1386 4054 dixit
1411 4017 1422 4053 :
1466 3998 1725 4067 Gaudete,
1756 3999 1879 4068 quia
1909 4012 2008 4068 ego
2038 3998 2139 4053 vici

564 4093 819 4147 saeculum
847 4092 870 4145 ?
900 4092 1033 4158 Quid
1065 4092 1166 4146 sibi
1195 4091 1307 4146 vult
1336 4092 1387 4145 in
1415 4106 1510 4146 ore
1556 4090 1722 4160 ipsius
1768 4091 1938 4145 leonis
1976 4090 2139 4146 occisi

565 4184 715 4239 favus
746 4194 1025 4239 extructus
1052 4228 1067 4248 ,
1101 4182 1202 4237 nisi
1248 4183 1373 4253 quia
1414 4197 1541 4239 ecce
1590 4181 1949 4253 conspicimus
1996 4184 2140 4255 leges

565 4274 711 4345 ipsas
754 4277 903 4345 regni
948 4276 1188 4340 terreni,
1233 4290 1353 4345 quae.
1401 4275 1659 4330 adversus
1706 4274 1977 4331 Christum
2017 4286 2142 4331 ante

566 4368 915 4433 fremuerant,
963 4382 1102 4422 nuwc
1141 4367 1249 4436 jam
1294 4376 1566 4437 perempta
1613 4366 1823 4422 feritate
1868 4366 2137 4422 dulcedini

565 4456 887 4525 evangelieze
922 4457 1274 4524 praedicandae
1302 4459 1463 4512 etiam
1494 4457 1821 4512 munimenta
1854 4457 2095 4527 praebere
2120 4457 2145 4511 ἲ

565 4546 702 4614 Quid
729 4546 901 4619 [Qum]
934 4555 1016 4601 est
1046 4547 1137 4601 illa
1159 4548 1350 4602 mulier
1377 4550 1533 4617 plena
1558 4548 1786 4613 ﬁduciae,
1811 4549 1979 4604 hostis
2004 4558 2144 4604 tem-

562 4651 699 4706 pora
729 4638 872 4705 ligno
895 4638 1232 4707 transﬁgens,
1257 4640 1358 4693 nisi
1383 4639 1515 4694 ﬁdes
1536 4641 1788 4696 Ecclesia:
1809 4655 1965 4696 cruce
1988 4641 2144 4696 Chri-

571 4730 638 4783 sti
668 4743 831 4797 regna
874 4729 1072 4784 diaboli
1107 4731 1417 4798 perimens?
1447 4731 1583 4797 Quid
1614 4731 1782 4786 vellus
1811 4732 2138 4802 eomplutum

566 4833 695 4872 area
737 4820 898 4884 sicca,
947 4830 1001 4874 et
1029 4829 1207 4889 postea
1246 4822 1514 4891 compluta
1544 4837 1665 4877 area
1717 4824 1862 4878 sicco
1906 4825 2141 4891 vellere,

569 4909 670 4963 nisi
701 4910 874 4977 primo
913 4925 1015 4963 una
1062 4926 1191 4979 gens
1238 4912 1578 4966 Hebraeorum
1610 4912 1811 4968 habens
1839 4914 2049 4970 occulte
2088 4917 2142 4970 in

569 5004 768 5053 sanctis
796 5002 1109 5070 mysterium
1142 5004 1235 5058 Dei
1258 5003 1398 5072 quod
1421 5011 1505 5057 est
1529 5002 1792 5070 Christus,
1819 5020 1926 5075 quo
1942 5015 2147 5076 myste-

567 5094 648 5145 rio
682 5101 822 5147 totus
851 5094 993 5147 orbis
1022 5110 1218 5150 vacuus
1245 5096 1402 5151 erat?
1430 5096 1581 5152 Nunc
1609 5106 1785 5152 autem
1815 5098 1867 5151 in
1915 5098 2142 5155 manife-

566 5182 817 5249 statione,
860 5193 939 5238 tot
976 5200 1003 5239 s
1032 5187 1177 5241 orbis
1206 5187 1255 5241 id
1289 5187 1471 5255 habet,
1505 5188 1589 5242 illa
1621 5198 1843 5243 vacuata
1872 5201 1974 5245 est.
2006 5192 2143 5259 Quid

564 5272 671 5343 jam
705 5289 884 5344 regum
915 5278 1264 5346 temporibus,
1290 5288 1346 5332 ut
1374 5279 1501 5333 inde
1524 5293 1688 5348 pauca
1715 5284 2141 5338 commemorer?

568 5383 745 5422 nonne
769 5369 845 5423 'ab
878 5369 991 5438 ipso
1033 5370 1254 5424 exordio
1280 5381 1663 5427 commutatum
1698 5375 2053 5429 sacerdotium
2085 5376 2139 5430 in

566 5460 869 5513 Samuelem
901 5462 1187 5530 reprobato
1218 5462 1356 5527 Heli,
1386 5474 1442 5518 et
1478 5474 1865 5519 commutatum
1912 5482 2132 5537 regnum

568 5551 620 5603 in
646 5550 807 5604 David
834 5552 1113 5619 reprobate
1134 5552 1318 5618 Saule,
1342 5555 1537 5609 clamat
1555 5558 1958 5625 prmnuntiatori
1982 5558 2140 5631 [prte-

570 5643 823 5712 nunttaril
853 5660 1044 5698 novum
1075 5646 1432 5703 sacerdotium
1477 5662 1777 5719 novumque
1802 5665 2022 5723 regnum
2048 5668 2138 5711 re-

2220 453 2405 497 nostro
2443 444 2567 497 .lesu
2600 444 2811 497 Christo
2862 450 3148 496 venturum
3180 442 3427 514 [regnum
3470 454 3526 499 et
3554 446 3806 498 sacerdo-

2220 533 2414 605 tium]?
2444 532 2632 590 Nonne
2679 536 2792 603 ipse
2826 534 3024 598 David,
3055 550 3175 588 cum
3218 549 3383 605 panes
3426 537 3808 604 propositionis

2218 625 2582 692 manducavit,
2607 618 2747 693 quod
2781 641 2886 679 non
2919 625 3113 681 licebat
3141 625 3466 680 manducare
3495 626 3594 680 nisi
3625 641 3811 681 sacer-

2220 720 2456 786 dotibus,
2487 720 2538 773 in
2571 733 2675 772 una
2698 733 2925 789 persona
2960 730 3245 787 utrumque
3276 718 3533 783 futurum,
3562 718 3611 772 id
3642 730 3729 771 est
3759 721 3811 772 in

2220 825 2328 866 uno
2360 809 2573 864 Christo
2600 812 2727 866 Jesu
2769 825 2992 881 regnum
3023 822 3076 865 et
3113 809 3469 864 sacerdotium
3518 810 3810 880 ﬁguravit?

2220 902 2410 956 Nonne
2437 917 2556 957 cum
2588 902 2772 958 decem
2802 904 2975 957 tribus
3000 918 3029 956 a
3076 904 3274 972 templo
3320 914 3581 972 separata:
3610 913 3740 957 sunt
3763 913 3816 958 et

2221 993 2341 1048 dure
2371 993 2667 1057 derelictat,
2702 994 2831 1047 satis
2865 993 3063 1047 iudicat
3089 994 3233 1062 quod
3263 994 3329 1047 de
3360 1002 3467 1047 tota
3506 994 3617 1060 ipsa
3649 1003 3816 1061 gente

2225 1087 2517 1155 Apostolus
2542 1088 2615 1139 ait
2638 1104 2652 1139 :
2688 1086 2943 1155 Reliquiae
2969 1102 3067 1155 per
3094 1086 3412 1140 electionem
3437 1088 3622 1153 gratia:
3644 1088 3817 1139 3:1le

2226 1179 2379 1233 facta:
2419 1181 2581 1233 sunt?
2615 1179 2856 1233 Pascitur
2898 1179 3045 1233 Elias
3088 1188 3331 1247 tempore
3381 1180 3534 1233 [amis
3565 1193 3593 1230 a
3633 1180 3818 1232 corvis

2227 1287 2384 1326 mane
2415 1272 2765 1327 adorentibus
2800 1288 2988 1339 panem
3018 1282 3072 1326 et
3112 1272 3176 1325 ad
3205 1286 3485 1340 vesperam
3515 1286 3736 1337 carnes,
3766 1279 3819 1325 et

2225 1360 2501 1414 Manichmi
2540 1376 2642 1414 non
2674 1362 2976 1430 intelligunt
3008 1363 3060 1415 in
3094 1362 3198 1415 illis
3229 1362 3377 1415 libris
3399 1362 3702 1425 Christum,
3733 1363 3817 1415 cui

2227 1450 2620 1518 quodammodo
2652 1451 2876 1505 salutem
2910 1462 3146 1504 nostram
3187 1450 3447 1509 esurienti
3488 1450 3819 1505 conﬁtentur

2230 1552 2537 1610 peccatores
2568 1541 2724 1595 ﬁdem
2758 1541 3020 1610 primitias
3052 1542 3272 1611 spiritus
3315 1557 3455 1596 nunc
3502 1544 3815 1605 habentem,

2231 1632 2281 1686 in
2316 1632 2419 1688 ﬁne
2444 1641 2622 1687 autem
2656 1632 2803 1687 velut
2832 1632 2895 1685 ad
2926 1647 3200 1699 vesperam
3232 1633 3414 1686 sreculi
3443 1633 3607 1685 etiam
3641 1634 3821 1686 carnis

2154 1711 2202 1769 Β
2230 1724 2698 1778 resurrectionem.
2744 1723 2970 1776 Mittitur
3001 1723 3143 1776 Elius
3184 1724 3484 1791 pascendus
3523 1724 3588 1777 ad
3628 1724 3822 1777 alicui-

2233 1828 2423 1883 genam
2450 1813 2663 1867 viduam
2690 1829 2809 1883 qute
2832 1813 3041 1868 volebat
3066 1813 3171 1868 duo
3198 1815 3339 1881 ligna
3361 1815 3616 1882 colligere
3646 1818 3821 1882 prius-

2234 1919 2391 1973 quam
2441 1913 2770 1959 moreretur:
2816 1920 2923 1958 non
2956 1904 3042 1959 hic
3089 1904 3204 1959 solo
3248 1904 3377 1974 ligni
3426 1906 3670 1970 nomine,
3725 1906 3819 1959 sed

2234 1994 2392 2049 etiam
2423 2009 2647 2048 numero
2690 1996 2955 2064 lignorum
2997 1996 3205 2065 signum
3235 1996 3411 2050 crucis
3453 1998 3819 2065 exprimitur;

2236 2087 2569 2141 benedicitur
2600 2087 2766 2141 farina
2791 2087 2908 2157 ejus
2938 2097 2992 2141 et
3017 2089 3216 2153 oleum,
3250 2088 3452 2141 fructus
3485 2097 3539 2143 et
3580 2088 3821 2141 hilaritas

2234 2178 2534 2245 charitatis,
2554 2195 2670 2249 qua:
2695 2180 3039 2249 impenditur,
3068 2195 3171 2234 non
3194 2180 3395 2234 deﬁcit.
3424 2180 3654 2234 Hilarem
3681 2197 3821 2233 enm

2236 2272 2476 2325 datorem
2524 2271 2700 2341 diligit
2746 2272 2904 2326 Deus.
2943 2272 3119 2325 Eliseo
3165 2286 3359 2339 pueros
3390 2272 3739 2335 insultantes,
3773 2280 3823 2325 et

2237 2363 2534 2417 clamantes
2557 2404 2574 2431 ,
2612 2361 2809 2429 Calve,
2840 2363 3023 2418 calve!
3055 2361 3237 2417 bestiae
3275 2362 3596 2416 comedunt:
3631 2362 3823 2429 puerili

2236 2455 2457 2509 stultitia
2488 2454 2823 2521 perridentes
2852 2453 3124 2509 Christum
3158 2453 3209 2506 in
3261 2452 3380 2507 loco
3405 2452 3670 2506 Calvaria:
3710 2468 3824 2506 cru-

2237 2548 2451 2603 ciﬁxum
2494 2545 2665 2601 invasi
2692 2562 2719 2600 a
2746 2546 3079 2601 dmmonibus
3124 2555 3370 2615 pereunt.
3413 2545 3572 2599 Mittit
3618 2545 3825 2598 Eliseus

2238 2654 2335 2710 per
2365 2654 2583 2694 servum
2629 2640 2875 2695 baculum
2904 2653 3063 2708 super
3112 2650 3403 2707 mortuum,
3446 2648 3503 2693 et
3531 2653 3636 2693 non
3684 2638 3826 2693 revi-

2239 2733 2413 2795 viseit.
2446 2732 2596 2787 venit
2625 2734 2761 2802 ipse,
2799 2731 3076 2802 conjungit
3098 2742 3152 2786 et
3173 2740 3388 2800 coaptat
3412 2745 3472 2785 se
3496 2730 3656 2785 morti
3687 2731 3827 2799 ejus,

2240 2837 2292 2880 et
2342 2826 2613 2880 reviviscit
2646 2843 2660 2881 :
2692 2825 2842 2881 misit
2883 2841 3065 2880 sermo
3106 2825 3199 2879 Dei
3246 2826 3416 2895 legem
3468 2839 3562 2892 per
3609 2838 3827 2878 servum

2240 2935 2417 2987 suum,
2446 2936 2545 2975 nec
2566 2921 2764 2991 prol‘uit
2786 2919 2838 2973 in
2865 2917 3098 2989 peccatis
3122 2927 3334 2973 mortuo
3356 2917 3537 2989 generi
3568 2916 3827 2983 humano,

2243 3028 2364 3084 qua:
2400 3026 2576 3067 tamen
2605 3026 2710 3065 uou
2743 3012 2862 3065 sine
2887 3009 3230 3065 causa'missa
3253 3017 3352 3063 est.
3388 3007 3481 3061 Ille
3509 3008 3651 3062 enim
3687 3008 3827 3061 misit

2240 3107 2333 3176 qui
2373 3106 2535 3161 sciret
2577 3119 2696 3159 eam
2736 3105 2883 3172 prius
2920 3116 3041 3157 esse
3095 3100 3430 3155 mittendam.
3485 3098 3644 3153 Venit
3689 3099 3822 3167 ipse,

2242 3196 2599 3252 conformavit
2626 3210 2687 3251 se
2711 3193 2867 3250 nobis
2894 3192 3065 3247 factus
3098 3191 3363 3261 particeps
3390 3191 3578 3245 mortis
3607 3199 3824 3254 nostrm,

2241 3297 2298 3345 et
2322 3287 2571 3343 viviﬁcati
2597 3300 2801 3342 sumus.
2828 3285 2961 3339 Cum
2989 3284 3267 3339 securibus
3301 3282 3439 3351 ligna
3463 3281 3823 3344 caederentur,

2243 3381 2309 3435 de
2336 3380 2481 3448 ligno
2507 3378 2705 3434 ferrum
2722 3376 2978 3432 exsiliens
3007 3376 3057 3430 in
3087 3372 3403 3444 profundum
3425 3371 3667 3426 ﬂuminis
3688 3388 3822 3425 mer-

2242 3488 2359 3528 sum
2383 3483 2486 3539 est,
2512 3482 2670 3541 atque
2690 3471 2745 3526 iu
2769 3471 2966 3542 lignum
2988 3471 3218 3539 desuper
3237 3468 3306 3523 ab
3329 3469 3505 3522 Eliseo
3528 3466 3823 3536 projectum

2244 3580 2521 3620 reversum
2569 3572 2671 3618 est.
2709 3563 2784 3617 lta
2830 3577 2951 3616 cum
2997 3562 3189 3628 impios
3236 3559 3450 3615 Iudaeos
3487 3574 3584 3628 per
3633 3572 3824 3627 corpus

2243 3666 2461 3724 Operata
2500 3653 2784 3725 pra-seutia
2813 3652 3012 3708 Christi
3046 3661 3295 3719 tanquam
3335 3649 3700 3704 inlructuosas
3738 3664 3822 3701 ar-

2243 3750 2403 3804 bores
2432 3747 2694 3814 ca'deret,
2747 3748 2879 3815 quia
2905 3744 3080 3799 dcillo
3130 3744 3363 3799 Joannes
3407 3743 3654 3812 dixerat,
3692 3744 3825 3797 Ecce

2243 3841 2447 3895 securis
2473 3839 2541 3893 ad
2584 3838 2792 3893 radices
2833 3838 3086 3892 arborum
3118 3839 3289 3906 posita
3320 3846 3424 3903 est,
3456 3836 3525 3891 ab
3554 3838 3634 3890 eis
3665 3836 3827 3891 inter-

2243 3931 2494 3986 veniente
2521 3930 2770 3999 passione
2798 3943 2994 3999 corpus
3045 3929 3217 3997 ipsum
3262 3929 3502 3983 deseruit
3548 3928 3603 3982 in
3636 3928 3827 3982 inferni

2244 4020 2503 4091 profunda
2533 4018 2888 4082 descendens,
2914 4033 3020 4088 quo
3048 4019 3101 4072 in
3147 4019 3416 4086 sepultura
3466 4017 3703 4086 desuper
3732 4033 3828 4086 po-

2243 4110 2368 4177 sito,
2407 4121 2657 4178 tanquam
2698 4108 2765 4163 ad
2796 4108 3131 4162 manubrium
3164 4121 3319 4161 suum
3351 4108 3539 4177 spiritu
3568 4107 3830 4161 redeunte

2243 4206 2495 4260 surrexit.
2524 4202 2694 4270 Quam
2726 4202 2894 4256 multa
2921 4209 3258 4271 praeteream,
3288 4199 3565 4254 brevitatis
3593 4201 3832 4255 necessi-

2244 4305 2354 4352 tate
2379 4297 2723 4361 constrictus,
2753 4302 2952 4348 norunt
2990 4294 3079 4363 qui
3110 4293 3310 4361 legunt.
3338 4291 3455 4346 Jam
3487 4293 3601 4360 ipsa
3633 4295 3683 4345 in
3738 4293 3833 4345 Ba-

2246 4388 2516 4460 byloniam
2551 4387 2968 4457 transmigratio,
3001 4401 3107 4455 quo
3136 4387 3298 4440 etiam
3341 4385 3562 4453 spiritus
3593 4383 3684 4438 Dei
3743 4398 3833 4451 per

2249 4480 2541 4536 .leremiam
2585 4480 2897 4549 prophetam
2922 4477 3075 4547 jubet
3115 4486 3172 4531 ut
3210 4487 3433 4547 pergant
3458 4486 3513 4531 et
3540 4485 3698 4531 orent
3738 4491 3833 4544 pro

2250 4572 2328 4625 eis
2358 4571 2508 4639 ipsis,
2560 4571 2624 4623 in
2651 4585 2878 4638 quorum
2926 4584 3091 4639 regno
3121 4567 3549 4638 peregrinantur,
3580 4568 3730 4634 quod
3781 4568 3833 4620 iu

2252 4664 2463 4719 illorum
2492 4677 2625 4733 pace
2653 4663 2816 4718 etiam
2844 4677 2945 4731 pax
2975 4670 3118 4717 esset
3146 4661 3388 4729 istorum,
3422 4668 3475 4715 et
3500 4660 3832 4714 mdiﬁcarent

2250 4754 2471 4819 domos,
2507 4764 2561 4808 et
2587 4752 2924 4808 novellarent
2952 4754 3153 4818 vineas,
3186 4761 3239 4807 et
3276 4753 3583 4823 plantarent
3622 4753 3831 4815 hortos,

2252 4846 2371 4916 quis
2399 4861 2505 4900 non
2534 4854 2794 4913 agnoscat
2824 4844 2948 4914 quid
2974 4844 3393 4914 praeﬁguravcrit
3420 4844 3507 4914 qui
3536 4845 3835 4898 attenderit

2248 4951 2405 4991 veros
2433 4936 2723 4999 lsraelitas,
2750 4937 2802 4990 in
2824 4937 3019 5005 quibus
3047 4936 3202 4990 dolus
3228 4950 3333 4989 non
3364 4946 3467 5003 est,
3498 4950 3593 5004 per
3615 4947 3834 5005 aposto-

2250 5028 2410 5083 licam
2459 5027 2917 5097 dispensationem
2967 5043 3089 5082 cum
3140 5026 3447 5096 evangelica
3492 5036 3836 5081 Sacramento

2251 5120 2317 5174 ad
2341 5136 2565 5191 regnum
2592 5120 2828 5190 gentium
2862 5122 3284 5191 trausmigrasse.
3317 5120 3468 5176 Unde
3496 5121 3655 5173 nobis
3686 5123 3834 5189 Apo-

2249 5212 2440 5277 stolus,
2466 5220 2716 5282 tanquam
2733 5213 3020 5268 Jeremiam
3046 5213 3333 5281 replicans,
3356 5213 3518 5267 dicit:
3545 5213 3683 5269 Volo
3704 5229 3835 5283 ergo

2251 5305 2481 5369 primum
2512 5302 2732 5375 [primo]
2755 5306 2994 5358 omnium
3026 5304 3140 5359 ﬁeri
3167 5304 3594 5373 deprecationes,
3629 5306 3833 5375 gratia-

2248 5408 2366 5447 rum
2394 5396 2633 5449 actiones
2662 5411 2756 5464 pro
2777 5395 3022 5449 omnibus
3055 5395 3381 5459 hominibus,
3416 5410 3512 5465 pro
3540 5396 3759 5465 regibus
3782 5405 3836 5452 et

2252 5484 2334 5537 his
2362 5485 2451 5554 qui
2480 5485 2532 5539 iu
2578 5489 2901 5555 sublimitate
2928 5497 3075 5555 sunt,
3116 5489 3192 5542 uti
3221 5490 3452 5560 quietam
3484 5500 3539 5546 et
3569 5492 3835 5561 tranquil-

2248 5575 2355 5630 lam
2385 5577 2548 5631 vitam
2580 5594 2800 5648 agamus
2833 5582 2882 5633 in
2915 5581 3060 5635 omni
3093 5583 3293 5652 pietate
3327 5592 3380 5638 et
3405 5584 3687 5640 charitate.
3722 5586 3837 5640 Hoc

2248 5665 2389 5722 enim
2416 5667 2611 5723 bonum
2640 5678 2691 5724 et
2719 5681 2996 5742 acceptum
3019 5682 3101 5729 est
3129 5688 3312 5731 coram
3337 5674 3616 5735 Salvatore
3648 5688 3837 5735 nostro
