3990 6180
270 319 366 375 681

1523 317 1955 380 ἩΙΕδΑυῐὶυΞ.
1998 320 2149 381 CAP.
2194 318 2374 381 LXIV.

3424 341 3529 398 602

264 436 394 501 Deo,
419 435 508 503 qui
542 448 726 489 omnes
755 433 998 488 homines
1028 434 1136 487 vult
1167 434 1341 488 salvos
1372 435 1509 499 ﬁeri,
1542 448 1587 487 oi
1619 435 1671 487 in
1696 437 1843 502 agui-
1874 442 1916 498 Α
1952 450 2226 507 peccatum
2258 441 2466 498 dicitur.
2510 440 2625 495 Non
2657 442 2780 512 quia
2813 453 2997 514 peccat
3024 446 3183 503 homo
3213 449 3339 507 dum
3369 459 3533 509 mori-

261 529 463 583 tiouetn
510 527 677 581 verita
706 527 749 580 is
800 522 1001 580 venire.
1036 528 1110 582 Ex
1158 526 1257 581 hc
1299 528 1495 596 quippe
1542 529 1701 583 etiam
1747 531 1849 583 iliis

258 615 611 672 credentibus
639 624 943 670 constructa
972 626 1096 669 sunt
1125 615 1392 670 domicilia
1418 618 1591 686 pacis;
1618 618 1850 673 basilicm

256 708 689 763 Christianorum
732 706 1224 776 congregationum,
1270 718 1323 762 et
1356 709 1638 763 novellam:
1683 708 1850 765 vineae

257 799 443 869 populi
492 798 730 853 ﬁdelium
772 797 1115 866 et'plantatio
1164 797 1324 864 horti,
1371 799 1457 851 ubi
1506 803 1668 854 et‘am
1711 801 1850 855 inter

260 892 444 946 omnia
473 891 623 945 olera
666 897 888 960 grandm
922 889 1051 944 illud
1089 889 1292 959 sinapis
1324 900 1532 961 regnat,
1560 892 1661 946 sub
1698 891 1849 962 Cujus

258 983 589 1038 umbraculis
634 982 791 1052 longe
820 982 1034 1051 lateque
1080 984 1365 1053 porrectis,
1398 982 1559 1038 etiam
1593 985 1847 1053 altipetax

258 1072 514 1140 superbia
539 1072 803 1141 gentium,
850 1078 1100 1139 tanquam
1133 1072 1188 1126 in
1218 1073 1339 1127 caeli
1374 1067 1676 1127 volatilibus
1722 1080 1849 1126 con-

260 1165 511 1234 Iugiendo
533 1164 843 1234 requiescit.
865 1162 995 1218 Nam
1024 1164 1166 1234 quod
1188 1165 1351 1219 etiam
1382 1176 1500 1235 post
1516 1166 1847 1235 septuaginta

261 1270 432 1310 annos
452 1255 748 1311 secundum
769 1255 816 1325 ej
826 1255 1008 1311 tndem
1026 1255 1272 1311 Jeremize
1288 1258 1622 1327 prophetiam
1645 1258 1851 1313 reditur

258 1364 318 1402 cx
336 1347 669 1417 captivitate,
682 1348 1004 1416 ettemplum
1020 1358 1331 1415 renovatur,
1346 1350 1467 1420 quis
1488 1350 1660 1406 tidelis
1680 1351 1837 1405 Chri—

255 1439 466 1493 stianus
484 1455 589 1493 non
615 1439 874 1509 intelligat
889 1447 1007 1509 post
1025 1441 1236 1495 evoluta
1258 1448 1520 1512 tempora,
1536 1458 1653 1513 qua:
1668 1453 1849 1512 septe-

254 1533 393 1586 narii
427 1532 636 1586 dierum
664 1532 873 1586 numeri
905 1532 1224 1602 repetitione
1266 1535 1839 1596 transcurrunt,etiam

253 1623 435 1690 nobis,
466 1623 520 1678 id
552 1631 637 1678 est
667 1623 920 1679 Ecclesiae
953 1623 1078 1688 Dei,
1111 1623 1176 1677 ad
1209 1623 1354 1679 illam
1387 1626 1661 1681 ctelestem
1694 1626 1851 1681 .lrru-

253 1717 420 1767 salem
467 1726 538 1769 ex
588 1714 747 1781 hujus
784 1713 968 1768 sa~cuIi
1014 1716 1443 1784 peregrinatione
1471 1716 1848 1771 redeundum?

1959 538 2063 595 tur,
2088 532 2181 586 sed
2208 533 2329 598 quia
2357 549 2419 589 ex
2447 544 2663 602 peccato
2687 536 2879 591 factum
2905 548 2988 593 est
3016 548 3070 593 nt
3100 542 3374 610 moriatur,
3397 546 3535 602 sicut

1954 618 2059 703 alio
2081 622 2239 676 modo
2266 623 2463 677 dicitur
2490 624 2662 693 lingua
2693 624 2799 697 52
2830 628 3044 697 proprie
3070 645 3217 696 caro,
3249 648 3368 703 qua:
3396 636 3534 691 intra

1952 702 2138 764 dentes
2167 712 2266 765 sub
2296 713 2470 780 palato
2501 723 2764 783 movetur,
2793 726 2848 772 et
2878 717 2984 772 alio
3017 721 3176 776 modo
3206 702 3404 780 dicitur
3434 727 3537 781 lin-
3602 732 3608 737 ’

1952 815 2050 867 gua
2099 802 2238 871 quod
2286 819 2380 872 per
2407 794 2638 875 linguam
2670 800 2748 873 lit,
2771 810 3063 866 secundum
3108 816 3265 882 quem
3317 817 3534 873 modum

1952 888 2150 948 dicitur
2171 890 2271 948 alia
2298 896 2471 967 Iil'glla
2504 888 2710 965 Grzeca,
2741 900 2843 955 alia
2876 900 3081 958 Latina.
3114 906 3176 961 Et
3208 922 3397 965 manus
3426 912 3537 967 alio

1955 982 2114 1037 modo
2152 984 2401 1039 dicuntur
2457 987 2629 1056 ipsum
2682 990 2894 1059 proprie
2940 994 3181 1063 corporis
3235 998 3535 1055 membrum

1954 1071 2095 1139 quod
2147 1088 2421 1128 movemus
2448 1076 2513 1128 ad
2548 1078 2899 1147 operandam,
2934 1088 2990 1135 et
3025 1083 3132 1137 alio
3161 1085 3319 1141 modo
3348 1104 3538 1145 manus

1953 1160 2083 1216 dicit
2108 1163 2351 1236 [dicitur]
2379 1166 2663 1236 SCriptnra,
2696 1182 2817 1237 quae
2840 1169 2898 1224 Iit
2920 1185 3015 1239 per
3044 1188 3276 1231 manum.
3303 1176 3539 1235 Dicimds

1953 1253 2095 1305 enim
2124 1252 2346 1322 probata
2367 1266 2449 1309 est
2481 1270 2670 1309 manus
2697 1256 2835 1326 ejus,
2866 1256 3000 1313 lecta
3031 1273 3110 1314 est
3134 1257 3392 1320 adversus
3416 1279 3539 1322 eum

1954 1356 2143 1395 manus
2164 1343 2298 1412 ejus,
2326 1344 2494 1399 habeo
2513 1361 2725 1400 manum
2747 1356 2914 1417 tuam,
2943 1352 3118 1420 recipe
3137 1368 3350 1409 manum
3374 1365 3538 1413 tuam.

1954 1432 2137 1488 Manus
2169 1434 2350 1505 utique
2399 1438 2614 1506 proprie
2663 1440 2962 1494 membrum
3012 1451 3098 1497 est
3139 1442 3390 1501 hominis.
3422 1440 3538 1503 Non

1954 1535 2131 1578 autem
2163 1527 2355 1595 opinor
2379 1526 2524 1581 illam
2550 1527 2868 1598 scripturam
2899 1530 3195 1588 membrum
3222 1548 3344 1592 esse
3367 1532 3542 1593 homi—

1955 1616 2054 1679 nis,
2088 1625 2140 1671 et
2173 1624 2349 1671 tamen
2380 1617 2572 1673 dicitur
2598 1634 2789 1674 manus
2816 1636 2881 1676 eo
2904 1624 3044 1692 quod
3077 1640 3233 1680 manu
3261 1626 3397 1682 facta
3427 1630 3496 1683 sit
3523 1648 3535 1681 :

1956 1703 2033 1758 sic
2061 1715 2114 1759 et
2138 1717 2435 1774 peccatum,
2459 1723 2562 1762 non
2590 1718 2792 1764 tantum
2823 1712 2993 1781 ipsum
3018 1729 3153 1783 opus
3177 1716 3375 1771 malum
3396 1721 3540 1789 quod

253 1819 350 1874 per
382 1821 567 1874 quem,
596 1804 700 1859 nisi
727 1819 821 1874 per
852 1803 1031 1859 Jesum
1056 1805 1327 1859 Christum
1352 1820 1477 1860 vere
1502 1807 1839 1861 sacerdotem

1954 1807 2109 1863 poena
2138 1796 2357 1865 dignum
2387 1809 2489 1867 est,
2522 1800 2615 1853 sed
2659 1800 2822 1854 etiam
2860 1802 2971 1870 ipsa
3003 1818 3145 1858 mors
3173 1820 3293 1875 qua:
3320 1820 3540 1877 peccato

254 1912 516 1966 magnum
544 1937 560 1962 ,
592 1896 744 1965 cujus
778 1896 1000 1965 ligaram
1031 1896 1251 1966 gerebat
1283 1896 1372 1951 ille
1400 1897 1558 1952 Jesus
1587 1898 1842 1953 sacerdos

252 1998 482 2059 magnus
513 1985 658 2042 illius
690 1989 945 2058 temporis
974 2003 1080 2059 quo
1111 1989 1370 2059 templum
1402 1988 1728 2045 aediﬁcatum
1759 2000 1848 2045 est

253 2087 377 2149 post
402 2080 792 2148 captivitatem.
830 2094 987 2148 quem
1021 2077 1281 2148 proliheta
1311 2078 1598 2134 Zacharias
1632 2079 1763 2134 vidit
1790 2079 1842 2135 in

254 2173 473 2229 sordido
506 2174 716 2239 habitu,
740 2173 1055 2243 dcvictoque
1085 2172 1320 2240 diabolo,
1341 2173 1431 2242 qui
1458 2172 1524 2229 ad
1549 2172 1663 2243 ejus
1685 2187 1843 2229 accu~

252 2266 525 2321 sationem
571 2265 780 2331 stabat,
808 2262 1040 2318 ablatam
1092 2263 1168 2318 illi
1212 2262 1484 2317 sordidam
1529 2275 1756 2329 vestem,
1788 2273 1846 2318 et

254 2357 437 2411 datum
472 2355 850 2411 indumentum
886 2354 1105 2409 honoris
1132 2363 1188 2410 et
1215 2354 1439 2423 gloriae:
1483 2354 1621 2410 sicut
1652 2370 1847 2425 corpus

254 2446 374 2502 Iesu
396 2444 600 2500 Christi
625 2444 766 2517 quod
788 2454 866 2500 est
889 2445 1150 2509 Ecclesia,
1173 2444 1485 2500 adversario
1508 2446 1560 2499 in
1584 2444 1688 2500 line
1711 2453 1847 2501 tem-

253 2554 444 2607 porum
473 2553 572 2607 per
588 2536 847 2608 judicium
878 2545 1152 2607 superato,
1174 2552 1204 2591 a
1228 2536 1371 2592 luctu
1396 2538 1845 2608 peregrinationis

252 2649 299 2685 ιιι
323 2630 561 2702 gloriam
587 2630 927 2699 sempiternae
955 2628 1144 2684 salutis
1164 2627 1474 2695 assumitur,
1507 2628 1649 2699 quod
1679 2630 1841 2684 etiam

253 2726 302 2777 in
334 2722 551 2792 psalmo
580 2718 938 2775 dedicationis
990 2719 1186 2774 Domus
1216 2718 1552 2789 apertissime
1592 2722 1838 2776 canitur:

255 2813 586 2869 Cont‘ertisti
634 2814 832 2869 luctum
886 2829 1063 2868 meum
1115 2812 1168 2867 in
1218 2811 1469 2881 gaudium
1517 2811 1681 2878 mihi,
1713 2828 1844 2868 con-

255 2905 425 2960 tidisti
452 2920 670 2960 saccum
704 2921 903 2971 meum,
930 2913 985 2959 et
1011 2898 1287 2959 accinsisti
1317 2918 1402 2957 me
1429 2901 1612 2957 ltetitia
1643 2908 1701 2958 ut
1720 2918 1850 2959 can.

256 3007 322 3053 tet
355 2999 451 3053 tibi
481 2998 653 3068 gloria
684 3015 822 3063 mea,
849 3005 905 3051 et
934 3011 1040 3052 non
1065 3007 1418 3065 compungar.

821 3110 1049 3167 CAPUT
1092 3107 1281 3167 LXIII.

257 3224 512 3291 Quadam
551 3230 756 3291 peccata
787 3222 1055 3291 manifesta
1092 3234 1157 3275 ex
1198 3233 1348 3285 pruna
1392 3220 1562 3274 uenire
1603 3232 1846 3283 quorum-

320 3297 442 3348 dam
462 3294 781 3347 occultorum
804 3291 1096 3363 comprobat
1128 3300 1485 3361 peccatorum:
1507 3307 1568 3346 ex
1599 3291 1729 3345 libro
1754 3305 1844 3344 χιιι

321 3377 505 3420 contra
535 3362 808 3417 Faustum.

321 3458 467 3524 Quid
502 3472 635 3527 ergo
665 3463 1022 3525 peccaverunt
1062 3452 1234 3509 Judazi
1266 3454 1309 3508 si
1344 3452 1483 3508 Deus
1510 3453 1629 3507 illos
1664 3467 1842 3508 excre-

258 3549 418 3613 carit,
455 3563 525 3601 ne
551 3547 821 3601 Christum
855 3553 1228 3614 agnoscerent,
1254 3552 1511 3614 quantum
1542 3550 1845 3613 possemus,

259 3638 550 3707 imbuendo
580 3634 696 3690 rudi
740 3635 943 3689 homini
977 3635 1386 3691 ostenderemus
1411 3651 1478 3692 ex
1517 3637 1636 3691 aliis
1664 3638 1848 3691 occul-

259 3730 322 3781 tis
345 3728 588 3797 peccatis
617 3726 726 3781 Deo
751 3726 979 3797 cognitis
1007 3726 1190 3781 venire
1212 3727 1413 3796 justam
1446 3741 1658 3798 pinnam
1691 3728 1849 3798 hujus

260 3822 545 3887 caecitatis,
570 3821 711 3890 quod
742 3836 848 3875 non
869 3820 1041 3875 solum
1064 3821 1264 3876 dixisse
1287 3822 1601 3891 Apostoluni
1630 3808 1705 3877 de
1728 3825 1846 3890 qui-

260 3912 482 3968 husdam
513 3929 526 3964 :
562 3910 793 3980 Propter
832 3911 932 3966 hoc
962 3910 1185 3966 tradidit
1232 3912 1352 3967 illos
1392 3912 1533 3967 Deus
1562 3912 1614 3966 in
1650 3926 1848 3966 concu-

260 4006 523 4075 piscentia
545 4004 728 4060 cordis
767 4019 972 4069 eorum,
1008 4004 1090 4060 vel
1120 4006 1171 4060 in
1203 4005 1490 4075 reprobum
1523 4020 1761 4068 semitm,
1794 4015 1851 4060 ut

261 4098 460 4153 iaciant
503 4112 626 4167 qua:
676 4111 783 4152 non
837 4097 1197 4162 conveniunt,
1246 4098 1517 4152 volentem
1566 4097 1851 4151 ostendere

260 4189 505 4258 quaedam
536 4196 754 4256 peccata
806 4188 1081 4243 manifesta
1110 4202 1175 4243 ex
1206 4202 1365 4256 ptena
1392 4187 1577 4243 venire
1602 4202 1852 4255 quorum-

261 4277 383 4333 dam
416 4278 783 4342 occultorum,
813 4276 908 4332 sed
934 4291 1031 4332 nec
1059 4276 1205 4346 ipsos
1237 4276 1340 4330 hoc
1363 4276 1592 4330 tacuisse
1623 4277 1852 4345 prephe-

262 4380 341 4425 tas
370 4370 893 4426 demonstraremus.
921 4368 1053 4423 Nam
1086 4384 1153 4424 ne
1182 4382 1399 4438 pergam
1441 4367 1670 4439 longius,
1712 4369 1850 4423 idem

260 4461 521 4516 Ieremias
551 4476 618 4516 eo
651 4463 767 4531 ipso
798 4461 918 4515 loco
950 4461 1037 4515 ubi
1067 4460 1180 4516 ait:
1218 4461 1280 4515 Et
1311 4462 1473 4516 homo
1499 4473 1578 4516 est
1603 4501 1617 4526 ,
1654 4470 1708 4516 et
1736 4460 1856 4531 quis

1955 1885 2091 1937 facta
2121 1893 2223 1950 est,
2250 1894 2525 1953 peccatum
2556 1888 2821 1955 appellata
2852 1899 2954 1943 εει.
2986 1890 3115 1945 Illud
3150 1893 3328 1964 itaque
3350 1910 3538 1965 pecca-

1954 1983 2064 2030 tum
2095 1989 2201 2045 quo
2248 1992 2371 2031 rens
2412 1988 2556 2034 esset
2587 1979 2775 2033 mortis
2815 1996 2919 2035 non
2953 1985 3222 2039 commisit
3267 1986 3536 2055 Christus,

1951 2066 1965 2118 i
1990 2064 2079 2119 lud
2111 2076 2290 2120 autem
2324 2067 2574 2134 alterum,
2608 2070 2658 2123 id
2689 2077 2773 2125 est
2803 2081 3029 2128 mortem
3059 2088 3179 2143 qua:
3207 2089 3423 2145 peccato
3453 2081 3539 2134 in-

1951 2156 2090 2213 llicta
2112 2168 2197 2214 est
2219 2160 2469 2215 humana:
2488 2171 2693 2218 natura
2714 2168 2952 2234 suscepit
2975 2182 3069 2235 pro
3094 2170 3249 2225 nobis
3266 2163 3399 2227 .Iloc
3422 2188 3541 2231 sus-

1952 2254 2136 2324 pendit
2165 2254 2218 2310 iu
2250 2256 2425 2326 ligno,
2460 2258 2560 2312 hoc
2588 2256 2930 2314 maledictum
2960 2271 3043 2317 est
3073 2277 3167 2333 per
3200 2266 3416 2337 Moyeen
3448 2268 3539 2324 ubi

1953 2358 2100 2403 mors
2139 2348 2390 2403 damnata
2435 2359 2514 2405 est
2542 2367 2608 2405 ne
2638 2363 2907 2421 regnaret,
2937 2363 2991 2409 et
3030 2354 3310 2413 maledicta
3352 2371 3432 2415 est
3481 2372 3539 2417 ut

1952 2439 2173 2508 periret.
2193 2440 2531 2511 Quapropter
2550 2454 2643 2512 per
2661 2435 2860 2499 Christi
2884 2445 2986 2501 tale
3006 2452 3284 2515 peccatum
3304 2442 3531 2507 damna-

1942 2537 2062 2591 .tum
2087 2539 2250 2587 estet
2277 2542 2522 2588 nostrum
2552 2543 2828 2602 peccatum
2855 2544 2913 2590 ut
2938 2551 3034 2593 nos
3065 2537 3436 2608 liberaremur,
3470 2560 3539 2598 ne

1952 2632 2213 2693 regnante
2255 2634 2477 2694 peccato
2512 2642 2611 2682 nos
2656 2626 2893 2685 damnati
2944 2646 3363 2690 remaneremus.
3399 2637 3537 2704 Quid

1953 2728 2081 2784 ergo
2116 2715 2343 2772 miratur
2385 2715 2615 2773 Faustus
2662 2718 3004 2775 maledictum
3048 2737 3169 2779 esse
3217 2737 3492 2793 peccatum
3518 2769 3533 2794 ,

1953 2805 2292 2862 maledictam
2322 2821 2445 2864 esse
2476 2819 2726 2878 mortem,
2778 2810 3113 2868 maledicum
3145 2827 3265 2871 esse
3295 2820 3533 2873 mortali-

1953 2906 2117 2951 tatem
2157 2898 2337 2954 carnis
2362 2884 2480 2954 sine
2509 2907 2732 2968 peccato
2765 2901 2985 2970 Christi,
3024 2918 3089 2958 ex
3120 2916 3335 2973 peccato
3357 2916 3535 2964 tamen

1954 2986 2187 3045 heminis
2213 2989 2375 3046 eiiam
2410 2988 2463 3045 in
2494 2990 2711 3046 Christo
2740 2990 2980 3048 factam?
3010 3008 3080 3048 ex
3128 2994 3296 3051 Adam
3342 2999 3537 3070 quippe

1955 3097 2151 3152 corpus
2172 3083 2621 3154 assumpsit,quia
2647 3098 2709 3139 ex
2732 3082 2901 3140 Adam
2931 3077 3093 3156 Virgo
3119 3079 3278 3143 Maria
3301 3105 3420 3160 qua:
3446 3108 3537 3156 pe—

1876 3170 1921 3230 C
1952 3179 2089 3245 perit
2114 3168 2403 3231 Christum.
2428 3177 2647 3232 Dixerat
2668 3184 2847 3233 autem
2878 3178 3020 3235 Deus
3045 3182 3096 3234 in
3127 3182 3395 3251 paradiso,
3414 3184 3527 3251 Οιιί

1952 3269 2039 3323 die
2067 3267 2370 3339 tetigeritis,
2396 3276 2571 3322 morte
2594 3269 2921 3325 moriemini.
2950 3264 3062 3325 Iloc
3085 3281 3167 3327 est
3195 3266 3534 3329 maledictum

1953 3360 2093 3431 quod
2126 3358 2383 3430 pependit
2412 3360 2465 3414 in
2498 3360 2659 3430 ligno.
2689 3356 2785 3416 Ille
2814 3372 2969 3430 neget
2997 3358 3271 3418 Christum
3321 3364 3537 3420 maledi-

1951 3460 2121 3517 ctum,
2150 3451 2241 3521 qui
2288 3458 2449 3521 negat
2490 3458 2545 3506 et
2584 3460 2874 3519 mortuum,
2906 3453 2996 3523 qui
3040 3463 3217 3510 autem
3255 3458 3538 3512 conlitetnr

1953 3552 2247 3607 mortuum,
2275 3551 2332 3600 et
2376 3558 2578 3615 negare
2619 3558 2724 3598 non
2755 3554 2929 3614 potest
2958 3561 3074 3600 mor
3099 3562 3183 3601 em
3222 3547 3290 3603 de
3321 3561 3539 3616 peccatu

1951 3650 2094 3700 esse,
2122 3643 2177 3690 et
2206 3626 2278 3689 ob
2300 3633 2403 3690 hoc
2426 3623 2592 3690 etiam
2623 3634 2791 3705 ipsam
2822 3640 3098 3704 peccatum
3122 3640 3322 3694 vocari.
3349 3642 3539 3696 Audiat

1950 3729 1991 3782 Α
2002 3728 2268 3796 postolum
2282 3725 2551 3782 dicentem
2566 3727 2817 3797 quoniam
2838 3728 2988 3782 vetus
3006 3724 3166 3783 homo
3180 3740 3365 3786 noster
3379 3733 3535 3787 simul

1951 3834 2073 3874 cum
2101 3820 2196 3875 illo
2216 3817 2507 3873 crucifixus
2527 3826 2631 3885 est,
2650 3827 2705 3873 et
2732 3818 2986 3889 intelligat
3010 3832 3168 3890 quem
3196 3814 3536 3877 maledirttnn

1952 3907 2163 3982 Moyses
2201 3910 2424 3966 dixerit.
2479 3906 2713 3978 Ideoque
2761 3920 2977 3965 secutus
3018 3911 3307 3979 Apostolus
3352 3910 3426 3966 ait
3472 3915 3541 3967 de

1952 4000 2195 4067 Christo,
2230 4000 2423 4057 Factus
2450 4015 2546 4069 pro
2578 4000 2731 4055 nobis
2760 3996 3127 4065 maledictum,
3159 4000 3297 4056 sicut
3328 4016 3432 4056 non
3466 4005 3535 4057 ti-

1952 4092 2088 4148 muit
2119 4086 2301 4147 dicere
2322 4091 2427 4146 Pro
2453 4084 2701 4145 omnibus
2726 4098 2968 4144 mortuus
2997 4098 3098 4144 est.
3128 4086 3238 4145 lloc
3262 4102 3344 4146 est
3370 4094 3537 4157 enim,

1955 4192 2195 4238 mortuus
2216 4192 2299 4237 est
2322 4181 2463 4252 quod
2502 4180 2838 4246 ntaledictus,
2870 4182 2991 4248 quia
3022 4196 3167 4237 mors
3190 4182 3302 4252 ipsa
3332 4198 3397 4237 ex
3426 4199 3539 4237 ma-

1954 4277 2148 4330 ledicto
2195 4282 2299 4340 est,
2331 4283 2386 4329 et
2416 4272 2762 4328 maledictum
2794 4280 2878 4326 est
2906 4285 3068 4327 omne
3097 4283 3395 4343 peccatum,
3428 4275 3540 4329 sive

1956 4370 2128 4437 ipsum
2142 4367 2283 4439 quod
2303 4365 2361 4421 ﬁt
2378 4375 2434 4420 ut
2453 4374 2709 4435 sequatur
2726 4365 3071 4433 supplicium,
3086 4368 3200 4422 sive
3223 4367 3394 4437 ipsum
3414 4385 3540 4438 sup-

1959 4461 2178 4527 plicium
2200 4458 2343 4529 quod
2366 4457 2474 4511 alio
2495 4455 2656 4511 modo
2679 4463 2903 4510 vocatur
2925 4468 3227 4526 peccatum,
3251 4460 3375 4527 quia
3400 4458 3454 4511 lit
3473 4473 3539 4512 ex

259 4562 520 4621 agnoscet
561 4552 731 4607 eum?
760 4568 828 4607 ne
872 4553 1023 4620 quasi
1075 4552 1176 4606 hoc
1221 4552 1339 4622 ipso
1386 4553 1623 4606 excusati
1672 4560 1857 4606 essent
1886 4535 1934 4592 D
1963 4544 3536 4621 peccato.SuscepitautemChristussinereatusupplicium

258 4640 433 4699 ειυόωὶ
469 4642 596 4710 quia
624 4656 730 4696 non
761 4651 1129 4710 cognoverunt
1153 4656 1167 4705 ;
1198 4642 1243 4695 si
1272 4642 1416 4696 enim
1444 4640 1855 4708 cognovissent,

261 4735 404 4787 sicut
456 4731 752 4801 Apostolus
797 4733 960 4798 dicit,
1004 4746 1277 4799 nunquam
1335 4730 1617 4785 Dominum
1673 4731 1859 4800 gloria:

260 4822 701 4885 crncilixissent;
732 4823 1005 4891 sequitur:
1029 4822 1096 4875 Et
1114 4820 1351 4875 ostendit
1377 4820 1518 4875 oculi
1542 4835 1726 4874 eorum
1746 4836 1855 4876 me-

262 4915 348 4967 riti
380 4913 547 4968 fuisse
572 4913 790 4984 [occulti
834 4928 1021 4968 eorum
1056 4914 1231 4967 meriti
1261 4912 1447 4984 fuisse]
1475 4922 1657 4967 utnon
1689 4928 1855 4983 agno-

261 5014 501 5058 scerent.
536 5004 627 5057 Ait
654 5006 833 5057 enim:
865 5003 979 5073 Ego
1012 5001 1271 5058 Dominus
1300 5003 1640 5072 interrogans
1666 5003 1851 5069 corda,

264 5095 504 5164 probans
566 5111 727 5151 renes
772 5107 828 5150 ut
870 5098 991 5151 dem
1047 5096 1330 5165 unicuique
1374 5098 1668 5151 secundum
1717 5099 1854 5151 viam

263 5188 407 5254 ejus,
439 5195 496 5241 et
519 5188 813 5242 secundum
844 5186 1073 5243 fructum
1102 5188 1399 5243 studiorum
1432 5187 1571 5255 ejus.

845 5298 1071 5354 CAPUT
1110 5298 1294 5353 LXIV.

264 5389 345 5442 De
375 5406 436 5444 eo
456 5392 595 5456 quod
623 5393 867 5474 scriptum
898 5405 971 5447 est
993 5392 1345 5474 :‘Maledictm
1378 5393 1538 5446 omnis
1558 5394 1645 5463 qui
1670 5395 1858 5463 pauch

723 5462 776 5516 in
806 5464 963 5535 ligno.
992 5465 1181 5518 Contra
1214 5462 1397 5517 Faust.

341 5552 637 5609 Videamus
668 5570 730 5609 ex
764 5557 1046 5611 occasione
1088 5555 1852 5610 calumniantium,hrrctico-

269 5656 393 5695 rum
439 5644 713 5712 quomodo
732 5646 869 5700 illud
901 5655 1291 5700 sacramentum
1340 5646 1582 5699 lidelihus
1614 5661 1849 5713 expona-

268 5742 381 5789 ιω.
412 5735 555 5791 Mors
586 5736 819 5791 hominis
840 5753 903 5790 ex
931 5753 1087 5805 poena
1124 5740 1323 5808 peccati
1356 5749 1457 5805 est,
1495 5740 1632 5792 unde
1657 5749 1707 5791 et
1743 5736 1853 5806 ipsa

520 5871 790 5931 ΡΑτιιοι..
825 5870 1016 5931 LXII.

1962 4654 2203 4698 nostrum
2232 4651 2289 4695 ut
2315 4641 2438 4693 inde
2464 4638 2699 4693 solveret
2724 4647 2928 4692 reatum
2979 4648 3251 4704 nostrum,
3282 4649 3335 4693 et
3366 4639 3543 4695 finiret

1960 4737 2120 4790 etiam
2150 4732 2468 4802 supplicium
2492 4738 2757 4785 nostrum.
2776 4728 2851 4782 Ex
2886 4726 3100 4799 ingenio
3124 4728 3362 4807 meojsta
3386 4731 3541 4786 dixe-

1964 4831 2089 4890 rint,
2109 4825 2154 4879 si
2178 4838 2281 4878 non
2297 4822 2585 4893 Apostolus
2609 4820 2766 4874 toties
2780 4819 2881 4873 hoc
2896 4820 3126 4873 inculcat
3139 4827 3256 4873 utet
3268 4819 3543 4876 dormien-

1963 4927 2044 4972 tes
2065 4916 2260 4971 excitet
2280 4921 2335 4967 et
2357 4912 2744 4967 calumniantes
2758 4908 3002 4964 sull'ocet.
3018 4909 3331 4970 MisitDeus.
3348 4911 3541 4979 inquit,

1966 5007 2157 5061 Filium
2181 5020 2335 5059 suum
2349 5003 2403 5058 in
2422 4997 2824 5057 similitudinem
2836 4997 3014 5054 carnis
3027 5001 3252 5068 peccati,
3270 5010 3323 5054 ut
3337 5001 3404 5057 de
3418 5017 3543 5070 pec-

1960 5108 2081 5154 catu
2110 5099 2388 5151 danmaret
2418 5101 2689 5163 peccatum
2715 5092 2765 5145 in
2791 5107 2974 5147 carne.
3001 5091 3117 5147 Non
3147 5104 3260 5149 erat
3292 5096 3380 5148 illa
3412 5111 3542 5163 ergo

1965 5206 2091 5245 caro
2114 5187 2336 5256 peccati,
2359 5185 2481 5256 quia
2510 5200 2615 5238 non
2637 5184 2706 5238 tle
2730 5183 2949 5239 traduce
2979 5185 3316 5239 mortalitatis
3346 5184 3397 5237 in
3425 5186 3508 5237 Ma
3538 5223 3542 5227 ε
3596 5198 3603 5213 ί

1967 5284 2099 5335 riam
2124 5294 2217 5349 per
2234 5279 2527 5332 masculum
2550 5286 2789 5343 venerat,
2805 5276 2897 5329 sed
2913 5286 3089 5330 tamen
3103 5276 3224 5344 quia
3238 5274 3305 5329 de
3320 5284 3543 5344 peccazo

1968 5380 2051 5425 est
2079 5384 2243 5423 mors.
2279 5368 2366 5422 Illa
2398 5378 2575 5421 autem
2607 5381 2734 5422 caro
2757 5366 2999 5437 quamvis
3028 5382 3096 5420 ex
3124 5364 3334 5433 Virgine
3361 5373 3540 5418 tamen

1958 5463 2202 5520 mortalis
2220 5462 2337 5527 fuit,
2366 5476 2430 5515 eo
2453 5460 2571 5529 ipso
2598 5475 2705 5531 quo
2723 5458 2961 5514 mortalis
2977 5467 3114 5521 erat,
3138 5455 3536 5510 similitudinem

1961 5556 2193 5609 habebat
2229 5553 2410 5606 carnis
2433 5553 2657 5619 peccati.
2685 5551 2795 5605 lloc
2817 5549 3048 5619 appellat
3070 5548 3227 5601 etiam
3262 5556 3535 5613 peccatum

1964 5644 2351 5714 consequenter
2363 5644 2567 5706 dicens,
2584 5642 2731 5697 Utdc
2745 5649 2961 5707 peccato
2972 5639 3250 5692 damnaret
3264 5648 3537 5706 peccatum

1967 5740 2017 5793 in
2047 5752 2228 5794 carne.
2253 5738 2380 5792 Item
2404 5736 2507 5791 alio
2535 5736 2684 5790 loco:
2716 5731 2871 5799 Eum,
2899 5731 3088 5801 inquit,
3114 5731 3204 5801 qui
3236 5747 3339 5787 non
3370 5748 3540 5787 nove.

3108 5868 3187 5928 22
