3974 6184
497 326 602 399 683

1565 344 1630 398 Ι).
1661 340 1978 398 EUGYPPII
2018 341 2086 397 Al

2186 340 2306 399 ms
2335 339 2657 397 aerucam
2786 410 2792 415 _
3210 368 3219 379 η
3618 347 3704 402 aet

500 465 585 513 rat
605 467 901 528 peccatum,
928 468 1201 530 peccatum
1228 472 1323 529 pro
1350 458 1501 511 nobis
1532 457 1675 524 fecit,
1696 466 1750 511 ut
1780 472 1876 511 nos
1902 457 2070 511 simus
2097 462 2147 519 Α
2174 458 2226 511 in
2250 471 2406 527 poena
2437 454 2673 525 peccati;
2711 454 2753 508 si
2782 464 2959 510 autem
2988 466 3139 525 optas
3162 454 3288 511 inde
3318 456 3540 525 lilerari,
3568 462 3705 518 crede

497 548 701 619 iustitia
735 548 826 603 Dei
860 551 912 605 irt
948 552 1082 620 ipso.
1116 551 1222 604 Cur
1252 563 1378 618 ergo
1402 549 1612 603 timeret
1635 549 1862 619 Moyses,
1894 549 2073 601 dicere

497 640 861 702 maledictum,
882 642 1019 711 quod
1045 642 1238 696 Paulus
1262 654 1364 695 non
1382 642 1555 694 timuit
1576 640 1757 695 dicere
1773 636 2075 709 peccatum?

501 731 662 787 Plane
694 733 791 785 hoc
823 732 1081 800 Propheta
1108 741 1160 785 et
1194 731 1486 799 praevidere
1506 731 1759 784 debuitel
1786 730 2074 797 praedicere

500 836 715 893 paratus
740 827 806 879 ab
831 827 1095 880 lrmrelicis
1118 841 1237 880 cum
1274 826 1525 893 Apostolo
1556 823 1899 894 reprehendi.
1921 823 2077 890 Quis-

498 916 617 984 quis
652 916 791 968 enim
825 916 1230 984 reprehenderit
1256 916 1576 986 PrOphetam
1609 915 1808 969 dixisse
1852 914 2075 967 maledi-

504 1015 646 1059 ctum
667 1046 681 1071 ,
714 1007 923 1076 cegitur
954 1007 1354 1075 reprehendere
1386 1006 1693 1076 Apostolum
1727 1004 1927 1059 dixisse
1954 1018 2075 1072 pec-

500 1108 699 1153 Catum.
742 1099 870 1154 Nam
912 1099 1091 1170 utique
1134 1100 1471 1155 maledictum
1504 1114 1685 1153 comes
1728 1100 1926 1167 peccati
1968 1106 2071 1161 est,

502 1205 601 1245 nec
631 1192 751 1245 ideo
802 1192 971 1260 major
1020 1192 1218 1246 invidia
1252 1203 1354 1259 est,
1384 1176 1523 1261 quod
1556 1190 1819 1245 addiderit
1866 1190 1975 1243 Deo
2022 1198 2077 1243 ut

502 1281 741 1335 diceret:
772 1280 1080 1337 Maledictus
1106 1284 1211 1337 Deo
1234 1284 1406 1336 omnis
1436 1282 1523 1350 qui
1556 1280 1803 1350 pependit
1837 1281 1887 1333 in
1913 1281 2074 1347 ligno.

501 1371 617 1427 Nisi
648 1374 789 1427 enim
820 1374 958 1428 Deus
989 1375 1190 1429 odisset
1214 1383 1485 1443 peccatum
1516 1382 1570 1427 et
1591 1387 1814 1426 mortem
1842 1382 2075 1425 nostram

505 1480 613 1518 non
646 1465 710 1519 ad
757 1467 1143 1535 suscipiendam
1172 1478 1331 1536 atque
1376 1466 1656 1521 delendam
1689 1464 1876 1518 Filium
1922 1479 2076 1518 suum

508 1558 762 1623 mitteret.
779 1557 913 1625 Quid
935 1574 1060 1626 ergo
1077 1558 1268 1611 mirum
1284 1554 1327 1611 si
1343 1558 1481 1611 male
1495 1557 1695 1611 dictum
1715 1564 1795 1610 cst
1814 1556 1925 1610 Deo
1937 1554 2079 1624 quod

504 1648 611 1701 odi;
647 1649 825 1704 Deus?
855 1649 1025 1703 Tanto
1054 1652 1195 1705 enim
1230 1648 1479 1704 libentius
1508 1650 1659 1703 nobis
1682 1650 1841 1703 donat
1863 1648 2080 1702 immor-

506 1737 788 1803 talitatem,
822 1754 941 1806 qua:
974 1739 1144 1791 futura
1186 1746 1269 1791 est
1313 1737 1528 1790 Christo
1580 1736 1846 1800 veniente,
1877 1745 2077 1804 quanto

2178 564 2273 618 per
2297 549 2492 604 divinae
2530 548 2809 604 sententiae
2845 549 3102 617 justitiam
3138 564 3203 605 ex
3242 548 3595 606 maledictione
3629 570 3706 608 ve-

2178 643 2340 694 nisse.
2361 640 2628 695 Conﬁtere
2647 655 2776 709 ergo
2794 640 3132 694 maledictum
3158 642 3450 708 suscepisse
3467 658 3553 711 pro
3578 646 3707 699 nobis

2176 748 2333 799 quem
2362 732 2635 785 conﬁteris
2672 740 2939 784 mortuum
2973 746 3091 784 esse
3131 748 3229 801 pro
3260 731 3427 797 nobis,
3457 748 3549 788 nec
3588 738 3707 789 aliud

2176 826 2479 891 signiﬁcare
2520 823 2751 876 voluisse
2777 822 2959 875 Mosen
2999 836 3117 875 cum
3150 821 3355 876 diceret
3391 840 3401 873 :
3433 823 3709 879 Maledictns

2175 915 2346 967 omnis
2369 913 2456 983 qui
2476 914 2524 967 in
2540 913 2680 984 ligno
2696 914 2961 983 pependit.
2982 912 3195 968 Poterat
3210 914 3350 969 enim
3368 914 3558 983 dicere,
3576 918 3710 973 male-

2175 1006 2345 1060 dictus
2362 1008 2533 1060 omnis
2559 1006 2819 1070 mortalis,
2838 1015 2931 1060 aut
2956 1004 3273 1059 maledictus
3294 1007 3461 1059 omnis
3487 1011 3707 1073 moriens,

2177 1097 2269 1151 sed
2290 1100 2389 1151 hoc
2408 1106 2490 1151 est
2510 1096 2647 1166 quod
2666 1097 2855 1149 asserit
2871 1095 3171 1163 prophetia,
3198 1096 3317 1165 quia
3337 1094 3710 1152 sciebathristi

2178 1196 2402 1240 mortem
2433 1187 2483 1240 irt
2511 1202 2668 1241 cruce
2701 1201 3009 1253 pensuram,
3043 1196 3095 1240 et
3124 1186 3332 1241 futuros
3359 1185 3618 1241 Ita-retices
3639 1192 3710 1256 qtti

2177 1271 2416 1332 dicerent
2446 1295 2457 1329 :
2495 1277 2753 1345 Pcpeudit
2777 1276 2989 1345 quidem
3023 1278 3073 1331 in
3110 1278 3273 1346 ligno,
3306 1277 3397 1331 sed
3419 1279 3584 1347 specie
3602 1296 3711 1349 qua.

2177 1372 2322 1439 dam,
2344 1388 2446 1427 non
2474 1384 2529 1428 ut
2556 1388 2682 1427 vere
2711 1382 3030 1428 moreretur.
3060 1374 3352 1429 Clamaudo
3376 1392 3496 1446 ergo
3521 1378 3709 1432 Maledi.

2178 1474 2313 1532 ctus,
2343 1465 2472 1519 nihil
2500 1465 2641 1520 aliud
2669 1466 2937 1530 clamavit,
2964 1466 3064 1521 nisi
3091 1467 3215 1537 quia
3241 1483 3361 1522 vere
3383 1479 3604 1525 mortuus
3623 1483 3710 1536 est,

2178 1559 2355 1612 sciens
2386 1566 2611 1613 mortem
2643 1557 2876 1611 hominis
2900 1560 3218 1627 peccatoris,
3245 1574 3397 1628 quam
3426 1562 3532 1614 sine
3553 1576 3711 1629 pecca-

2179 1659 2235 1702 to
2264 1650 2375 1717 ipse
2406 1649 2659 1715 susc-pit,
2690 1646 2759 1703 de
2800 1648 2891 1702 illo
2935 1650 3222 1703 maledicto
3261 1652 3547 1705 venientem
3588 1653 3706 1719 quod

2180 1736 2377 1791 dictum
2408 1748 2489 1792 est
2523 1755 2533 1788 :
2567 1738 2621 1791 Si
2655 1738 2959 1807 tetigeritis,
2994 1749 3166 1793 morte
3194 1740 3503 1793 moriemini.
3535 1741 3607 1793 Ad
3630 1742 3710 1796 huc

504 1827 902 1881 misericordius
925 1829 1038 1882 odit
1068 1837 1292 1882 mortem
1323 1837 1557 1881 nostram
1580 1843 1698 1896 qua:
1732 1829 1781 1881 in
1812 1828 1954 1897 ligno
1985 1842 2073 1896 pe—
2104 1820 2152 1881 B
2184 1830 2409 1896 pertinet
2437 1837 2490 1881 et
2516 1841 2737 1895 serpens
2769 1828 2856 1882 ilfe
2888 1829 2936 1880 in
2957 1828 3096 1896 ligno
3125 1842 3434 1896 suspensus,
3461 1844 3559 1898 quo
3576 1830 3709 1895 εἱειιί-

504 1918 686 1987 pendit
714 1919 929 1973 Christo
957 1920 1236 1973 moriente.
1269 1918 1418 1985 Quod
1456 1929 1631 1973 autem
1676 1917 1912 1972 additum
1955 1928 2073 1982 est,

509 2008 684 2060 omnis
711 2050 723 2073 ,
768 2018 824 2061 ut
854 2008 1123 2063 diceretur
1152 2008 1464 2062 Maledictus
1494 2010 1668 2063 omnis
1730 2009 1819 2077 qui
1854 2009 1904 2063 in
1936 2009 2078 2080 ligno

508 2098 759 2167 pependit
785 2097 1179 2171 [pependerit],
1212 2114 1314 2152 non
1355 2114 1487 2153 sane
1533 2099 1707 2153 Moses
1740 2099 1915 2154 minus
1945 2114 2080 2168 prte-

505 2187 635 2240 vidit
666 2187 823 2240 etiam
852 2186 1026 2256 justos
1066 2187 1117 2240 in
1149 2203 1304 2242 cruce
1335 2186 1574 2253 futuros,
1602 2188 1692 2243 sed
1728 2188 1865 2244 bene
1892 2188 2080 2259 praevi-

507 2281 585 2336 dit
614 2282 898 2337 haereticos
942 2294 1121 2336 veram
1154 2294 1381 2337 mortem
1435 2283 1642 2336 Domini
1692 2292 1995 2354 negaturos,
2025 2291 2082 2338 et

509 2374 631 2429 ideo
659 2374 894 2429 volentes
938 2374 1004 2429 ab
1037 2375 1135 2429 hoc
1173 2374 1457 2429 maledicto
1480 2375 1750 2429 Christum
1777 2374 2077 2445 sejungere,

510 2476 566 2521 ut
596 2482 625 2520 a
655 2465 842 2519 mortis
865 2464 1024 2520 etiam
1053 2467 1277 2521 veritate
1308 2466 1671 2537 sejungerent.
1697 2466 1751 2520 Si
1783 2465 1925 2521 enim
1957 2480 2081 2519 vera

508 2558 593 2613 illa
622 2572 766 2612 mors
797 2572 900 2612 non
930 2566 1062 2622 erat,
1095 2558 1297 2611 nullum
1341 2557 1681 2612 maledictum
1709 2556 1922 2611 Christo
1952 2572 2079 2611 cru-

508 2651 663 2707 ciﬁxo
690 2650 941 2720 pependit
963 2651 1013 2704 in
1048 2651 1209 2718 ligno,
1234 2651 1355 2719 quia
1386 2666 1486 2705 nec
1510 2665 1635 2705 vere
1662 2650 1951 2705 cruciﬁxus
1976 2660 2077 2705 est.

508 2743 612 2799 Sed
643 2752 829 2797 contra
860 2743 1014 2813 longe
1054 2740 1259 2796 futuros
1299 2741 1577 2797 haereticos
1626 2756 1783 2808 quam
1829 2742 1896 2796 de
1926 2741 2083 2811 longe

507 2832 706 2889 clamat
731 2833 925 2898 Moses,
959 2834 1073 2888 sine
1095 2848 1251 2888 causa
1286 2832 1734 2902 tergiversamiui,
1761 2830 1951 2900 quibus
1973 2831 2082 2885 dis-

513 2924 675 2993 plicet
692 2922 889 2978 veritas
906 2923 1092 2977 mortis
1107 2922 1333 2977 Christi:
1355 2922 1661 2977 Maledictus
1679 2921 1856 2977 omnis
1879 2922 1970 2991 qui
1992 2935 2083 2991 pe-

504 3014 694 3085 pendit
718 3013 773 3068 in
794 3013 937 3084 ligno
964 3030 977 3067 :
1009 3029 1112 3067 non
1142 3013 1232 3067 ille
1260 3022 1351 3068 aut
1376 3013 1483 3078 ille,
1508 3016 1599 3067 sed
1632 3012 1805 3067 omnis
1831 3012 2079 3066 omnino!

509 3105 759 3161 Etiamne
787 3114 842 3161 et
870 3105 1039 3159 Filius
1070 3104 1161 3157 D.-i
1189 3105 1211 3157 ?
1246 3105 1403 3159 etiam
1435 3119 1673 3174 prorsus.
1704 3103 1837 3158 Nam
1870 3104 1970 3158 hoc
2001 3110 2085 3158 est

512 3196 654 3267 quod
688 3212 792 3252 non
826 3196 983 3253 vultis
1009 3212 1024 3249 :
1058 3194 1183 3249 inde
1211 3195 1473 3264 satagitis,
1506 3195 1629 3248 inde
1659 3193 1934 3249 seducitis.
1963 3194 2079 3249 Dis-
2106 3187 2152 3252 C

511 3289 677 3357 plicet
699 3288 839 3344 enim
862 3287 1013 3341 vobis
1035 3286 1348 3340 maledictus
1373 3300 1469 3356 pro
1493 3284 1664 3353 nobis,
1691 3286 1812 3355 quia
1838 3285 2083 3353 d‘splicet

512 3386 752 3433 mortuus
804 3392 898 3444 pro
944 3375 1120 3430 nobis.
1172 3374 1321 3428 Tunc
1349 3374 1489 3429 enim
1541 3385 1689 3428 extra
1741 3374 2081 3429 maled'ctum

512 3470 655 3525 illius
683 3470 848 3524 Adam
877 3469 921 3522 si
951 3477 1102 3522 extra
1130 3468 1271 3521 illius
1294 3475 1538 3521 mortem.
1572 3467 1705 3521 Cum
1740 3481 1866 3520 vero
1891 3482 1954 3520 ex
1990 3465 2085 3520 ho-

513 3562 658 3615 mine
679 3568 733 3614 et
764 3574 859 3629 pro
884 3558 1102 3613 homine
1133 3566 1355 3612 mortem
1405 3559 1638 3625 suscepit
1678 3574 1743 3611 ex
1770 3558 1863 3612 illo
1911 3565 1963 3611 et
1988 3571 2086 3626 pro

514 3650 629 3716 illo,
658 3649 815 3704 etiam
842 3647 1205 3712 maledictum,
1232 3647 1371 3717 quod
1401 3648 1555 3702 morti
1586 3649 1889 3712 comitatur,
1917 3647 2086 3701 susci-

516 3760 643 3815 pere
666 3760 768 3799 non
790 3744 1110 3813 dedignatus
1130 3752 1229 3804 est.
1251 3744 1409 3796 etiam
1434 3740 1521 3796 ille
1549 3756 1787 3809 prorsus,
1814 3740 1973 3794 etiam
1999 3738 2086 3793 ille

516 3835 685 3891 Filius
712 3835 805 3891 Dei
835 3850 1049 3903 semper
1079 3834 1229 3888 vivus
1256 3832 1308 3887 in
1353 3848 1446 3887 sua
1467 3833 1695 3901 justitia,
1732 3842 1973 3886 mortuus
1994 3846 2087 3885 au-

517 3935 620 3981 tem
654 3934 870 3995 propter
896 3924 1086 3979 delicta
1119 3932 1319 3986 nostra,
1348 3923 1399 3976 in
1423 3938 1586 3978 carne
1604 3930 1858 3991 suscepta
1885 3940 1947 3977 ex
1977 3938 2089 3991 po:-

516 4036 584 4076 na
616 4030 817 4083 nostra,
851 4033 912 4072 ac
942 4034 1033 4089 per
1067 4020 1165 4072 hoc
1195 4017 1429 4071 additum
1462 4028 1564 4081 est,
1610 4016 1808 4083 omnis,
1843 4031 1909 4070 ne
1936 4014 2090 4070 Chri-

518 4126 630 4170 stus
662 4113 726 4167 ad
758 4128 937 4167 veram
972 4120 1193 4167 mortem
1226 4126 1329 4164 non
1364 4109 1629 4179 pertinere
1667 4108 1953 4171 diceretur,
1988 4107 2030 4160 si
2060 4114 2088 4159 a

518 4205 823 4271 maledicto,
873 4204 1009 4275 quod
1057 4203 1212 4257 morti
1259 4200 1601 4271 coniunctum
1654 4212 1769 4265 esr,
1824 4199 2090 4268 insipienti

518 4301 924 4357 honoriﬁcentia
966 4306 1327 4366 separaretur.
1366 4294 1496 4360 Quia
1544 4301 1718 4345 autem
1765 4306 1829 4346 ex
1869 4290 2093 4343 veritate

519 4391 822 4461 evangelica
879 4387 1048 4441 ﬁdelis
1088 4396 1169 4440 est
1196 4425 1209 4449 ,
1252 4384 1498 4454 intelligit
1530 4392 1634 4436 tam
1678 4397 1782 4435 non
1811 4393 1931 4435 esse
1962 4395 2091 4433 crn-

520 4483 790 4539 tumeliam
811 4481 1007 4535 Christi
1032 4495 1096 4531 ex
1120 4493 1211 4531 ore
1234 4476 1389 4542 Mosi,
1416 4492 1536 4529 cum
1566 4490 1685 4529 eum
1711 4474 1844 4527 dixit
1868 4471 2091 4525 maledi-

520 4586 659 4630 ctum
688 4590 795 4628 non
825 4588 888 4627 ex
923 4571 1203 4624 divinitate
1250 4568 1541 4636 majestatis
1585 4580 1718 4633 suat,
1757 4565 1849 4618 sed
1882 4580 1944 4617 ex
1975 4579 2097 4616 cnn-

523 4667 722 4720 ditione
746 4679 913 4733 [tCPllIB
944 4671 1161 4725 nostrae,
1189 4675 1254 4715 ex
1282 4674 1383 4728 qua
1414 4660 1464 4711 in
1499 4658 1639 4727 ligno
1670 4669 1959 4725 suspensus
1975 4663 2090 4718 est;

2181 1918 2447 1983 ﬁearetur,
2482 1934 2583 1972 non
2612 1918 2793 1973 falsam
2829 1928 3051 1973 martem
3080 1917 3348 1974 Christum
3392 1922 3607 1985 ﬁnxisse,
3632 1923 3708 1977 sed

2181 2011 2326 2064 illam
2371 2026 2549 2064 veram
2596 2012 2649 2067 in
2705 2013 2849 2080 ligno
2900 2013 3162 2081 passionis
3217 2026 3324 2067 suae
3375 2013 3707 2081 suspendisse,

2181 2101 2233 2155 in
2263 2117 2420 2172 quam
2446 2118 2668 2171 serpens
2692 2104 2781 2157 ille
2809 2105 3073 2158 hominem
3103 2105 3507 2159 malesuadendo
3529 2105 3706 2174 deiecit.

2179 2194 2348 2260 Quam
2379 2209 2556 2249 veram
2602 2208 2825 2249 mortem
2860 2196 3045 2249 uolunt
3075 2197 3159 2249 isti
3189 2196 3511 2265 conSpicere,
3540 2208 3587 2251 et
3612 2199 3708 2249 ideo

2182 2302 2286 2339 non
2311 2295 2564 2340 sanantur
2592 2302 2618 2339 a
2642 2301 2849 2341 veneno
2870 2288 3161 2355 serpentis,
3194 2286 3330 2340 sicut
3357 2287 3405 2340 in
3428 2302 3591 2340 eremo
3611 2287 3707 2355 qui-

2182 2392 2390 2445 cunque
2415 2377 2559 2431 illttm
2579 2377 2878 2431 attonderet
2898 2377 3210 2432 sanabatur.
3238 2379 3414 2448 Itaque
3440 2378 3641 2431 fatemur
3656 2378 3708 2431 ab

2183 2468 2446 2537 imperitis
2462 2468 2564 2523 dici
2586 2468 2727 2522 aliud
2744 2483 2862 2523 esse
2886 2467 3024 2539 afﬁgi
3046 2470 3061 2522 ι
3086 2485 3215 2539 gno,
3229 2470 3367 2524 aliud
3392 2470 3438 2523 in
3464 2472 3589 2537 ligno
3606 2486 3708 2537 pen-

2184 2558 2332 2613 dere.
2358 2558 2452 2613 Sic
2478 2559 2616 2614 enim
2643 2560 2856 2629 quidam
2893 2570 3079 2629 putant
3109 2562 3416 2616 solvendam
3448 2578 3556 2617 8:50
3585 2563 3707 2616 istam

2183 2653 2561 2723 qumstionem,
2599 2662 2655 2707 ut
2693 2652 2880 2707 Judam
2929 2654 3107 2708 dicant
3134 2670 3166 2707 a
3199 2654 3346 2710 Mose
3382 2655 3707 2718 maledictum,

2183 2744 2273 2811 qui
2298 2742 2489 2813 laqueo
2516 2758 2573 2797 se
2603 2746 2901 2812 suspendit,
2924 2745 3072 2813 quasi
3098 2745 3273 2814 primo
3298 2743 3554 2816 [primum]
3578 2760 3708 2798 nuvc~

2185 2836 2292 2890 rint
2317 2836 2493 2889 utrum
2518 2851 2582 2890 ex
2607 2835 2748 2905 ligno
2787 2849 2853 2889 an
2892 2850 2958 2890 ex
2989 2834 3168 2905 lapide
3209 2850 3267 2890 se
3292 2836 3377 2891 ille
3401 2836 3705 2905 suspenderit.

2186 2926 2293 2983 Sed
2323 2942 2507 2982 verum
2530 2936 2614 2982 est
2637 2926 2777 2997 quod
2806 2936 2861 2983 et
2882 2926 3110 2981 Faustus
3131 2928 3551 2981 commemoravit
3570 2927 3708 2991 Apos-

2189 3023 2358 3077 tolurn
2383 3036 2490 3076 non
2524 3020 2706 3075 sinere
2732 3018 2879 3073 aliud
2912 3019 3222 3089 intelligere
3248 3032 3405 3087 quam
3436 3016 3498 3071 de
3524 3013 3707 3070 Christo

2184 3128 2307 3168 esse
2340 3111 2662 3181 praedictum
2695 3126 2709 3163 :
2750 3110 2849 3165 sed
2884 3110 3007 3164 talis
3050 3110 3327 3178 imperitia
3362 3107 3706 3162 nonnullorum

2184 3203 2578 3260 catholicorum
2601 3200 2819 3256 venatio
2843 3199 3271 3255 Manichaeorum
3295 3210 3399 3254 est.
3421 3198 3567 3251 Tales
3585 3194 3707 3249 enim

2184 3295 2289 3366 53
2312 3295 2487 3350 solent
2508 3293 2784 3355 insectari,
2813 3292 2935 3346 talis
2956 3291 3071 3345 suis
3092 3289 3326 3346 fallaciis
3350 3288 3570 3345 irretire,
3600 3284 3710 3337 tales

2184 3390 2239 3442 in
2273 3402 2367 3441 eos
2416 3386 2816 3450 cecideramus,
2864 3384 3002 3438 tales
3054 3384 3408 3447 haeseramus,
3456 3379 3577 3433 tales
3620 3389 3707 3428 non

2186 3481 2401 3537 viribus
2428 3478 2650 3535 nosnis.
2679 3477 2774 3532 sed
2803 3477 2897 3531 Dei
2938 3476 3317 3530 misericordia
3354 3474 3488 3527 eruti
3524 3482 3707 3525 sumus.

2767 3581 2987 3635 CAPUT
3026 3579 3189 3632 LXV.

2190 3677 2265 3731 De
2301 3692 2357 3731 eo
2393 3674 2531 3745 quod
2570 3675 2641 3726 ait
2683 3672 2869 3745 Moses,
2896 3670 3113 3745 _VideLis
3164 3671 3482 3745 ciant-tuam
3524 3663 3710 3745 penden-

2260 3758 2378 3810 tem,
2406 3739 2456 3797 et
2503 3760 2602 3796 non
2646 3744 2817 3796 credes
2860 3742 2973 3794 vita:
3021 3750 3149 3805 tum,
3183 3756 3245 3792 ex
3287 3739 3411 3791 libro
3452 3750 3531 3789 xvt
3570 3744 3714 3785 contra

2262 3816 2531 3869 Faustum.

2261 3906 2423 3973 Quasi
2450 3918 2577 3958 vero
2594 3903 2878 3972 quidquam
2906 3901 2974 3955 sit
3003 3900 3155 3969 pejus
3184 3901 3322 3953 inter
3348 3895 3603 3951 maledicta
3622 3904 3717 3960 que

2191 4000 2391 4057 Iudaeis
2433 4013 2527 4067 pro
2570 3998 2760 4051 merito
2805 3994 3047 4063 superba:
3089 3993 3378 4060 impietatis
3420 3987 3719 4044 acciderunt,

2193 4108 2352 4161 quam
2384 4090 2565 4144 videre
2599 4078 2756 4140 vitam
2786 4098 2959 4150 suam,
2992 4085 3042 4139 id
3066 4092 3151 4139 est
3176 4085 3367 4138 Filium
3401 4082 3488 4135 Dei
3518 4077 3720 4147 penden-

2194 4192 2325 4248 tem,
2359 4192 2413 4236 et
2442 4196 2547 4234 non
2576 4179 2795 4233 credere
2824 4178 2945 4232 vita:
2972 4192 3100 4229 sure.
3143 4173 3423 4230 Maledicta
3462 4171 3588 4225 enim
3623 4178 3721 4220 cum

2196 4288 2259 4327 ex
2291 4270 2565 4340 praphetia
2593 4268 2861 4332 dicuntur,
2894 4278 3000 4320 neu
3041 4275 3166 4319 sunt
3212 4267 3281 4318 de
3321 4264 3456 4317 malo
3496 4268 3607 4313 voto
3643 4258 3723 4307 iut-

2197 4361 2488 4432 precantis,
2518 4360 2614 4414 sed
2642 4359 2865 4427 prmscio
2894 4356 3485 4425 spiritutwnuntiantis.
3513 4349 3627 4403 Nam
3653 4346 3723 4397 illa

2197 4468 2315 4522 qua:
2361 4452 2429 4506 de
2472 4451 2614 4504 malo
2655 4458 2781 4502 voto
2823 4456 2946 4501 sunt
2988 4446 3340 4515 prohibentur
3368 4459 3483 4498 cum
3528 4440 3721 4492 dicitur:

2124 4559 2175 4618 Ι)
2203 4544 2505 4600 Benedicite
2550 4553 2604 4597 et
2650 4542 2812 4595 nolite
2852 4539 3193 4592 maledicere.
3241 4538 3359 4592 Haec
3403 4546 3567 4588 autem
3607 4537 3725 4593 sape

2200 4638 2544 4692 inveniuntur
2574 4636 2626 4688 in
2654 4646 2901 4686 sermone
2945 4638 3283 4694 sanctorum,
3321 4629 3455 4681 sicut
3494 4618 3725 4690 apostolus

2202 4728 2395 4782 Paulus
2426 4744 2440 4779 :
2465 4722 2787 4788 Menander,
2813 4722 3005 4791 inquit,
3034 4719 3254 4774 aerarius
3286 4718 3442 4772 multa
3466 4713 3593 4769 mala
3622 4705 3726 4760 mihi

524 4772 681 4829 quam
715 4769 819 4808 non
852 4763 934 4811 est
958 4754 1071 4805 laus
1094 4750 1289 4804 Christi
1314 4765 1376 4803 ex
1404 4764 1495 4803 ore
1517 4747 1949 4812 Manichazorum,
1975 4759 2093 4798 cum

524 4864 641 4903 eum
686 4854 941 4915 negarent
971 4840 1209 4915 [negant]
1246 4856 1461 4895 carnem
1503 4839 1758 4892 habuisse
1795 4836 2093 4899 mortalem,

524 4940 575 4992 in
619 4952 720 5007 qua
753 4949 937 4989 veram
988 4944 1211 4987 mortem
1254 4929 1562 5001 pateretur?
1591 4928 1712 4996 quia
1743 4942 1808 4981 ex
1852 4926 1944 4979 illo
1974 4939 2098 4994 pro-

524 5030 739 5101 phetico
778 5025 1065 5080 maledicto
1105 5026 1218 5078 laus
1263 5022 1580 5091 intelligitur
1629 5018 1978 5086 humilitatis,
2031 5032 2094 5070 ex

527 5122 626 5177 isto
650 5118 902 5173 haeretica
925 5116 1074 5185 quasi
1106 5115 1308 5168 honore
1334 5113 1539 5166 crimen
1559 5109 1801 5176 obiicitur
1827 5105 2093 5160 falsitatis.

527 5213 578 5266 Si
613 5226 740 5279 ergo
771 5222 930 5277 negas
962 5206 1325 5266 maledictum,
1359 5218 1486 5269 nega
1529 5210 1829 5261 mortuum;
1862 5198 1903 5249 si
1939 5210 2099 5263 negas

529 5315 813 5366 mortuum,
841 5316 945 5355 non
968 5300 1073 5367 jam
1103 5305 1289 5351 contra
1308 5292 1518 5356 Mosm,
1544 5293 1635 5347 sed
1667 5302 1848 5344 contra
1874 5290 2101 5357 Aposto-

530 5400 606 5452 lns
635 5393 877 5446 dimicas.
910 5388 966 5443 Si
1000 5398 1175 5441 autem
1207 5382 1479 5437 conﬁteris
1511 5390 1776 5434 mortuum
1797 5420 1811 5443 ,
1847 5378 2102 5433 conﬁtere

527 5485 827 5552 Suscepisse
860 5493 1069 5547 poenam
1102 5472 1301 5545 peccati
1326 5470 1494 5525 nostri
1522 5473 1634 5524 sine
1650 5479 1868 5539 peccato
1898 5476 2101 5521 nostro.

530 5574 646 5630 lam
674 5587 803 5625 vero
839 5571 927 5623 ubi
972 5567 1122 5620 audis
1155 5578 1362 5633 poenam
1400 5561 1620 5628 peccati,
1668 5568 1755 5612 aut
1784 5575 1847 5611 ex
1889 5556 2109 5610 benedi-

528 5667 704 5716 ctione
732 5661 893 5715 crede
923 5659 1250 5719 venientem,
1280 5663 1369 5708 aut
1402 5668 1465 5707 (-x
1514 5648 1908 5705 maledictione.
1951 5647 2006 5701 Si
2043 5662 2107 5700 ex

535 5752 899 5807 benedic'ione
932 5751 1073 5805 venit
1122 5756 1272 5819 paena
1310 5746 1534 5818 pecczti,
1561 5754 1681 5813 opta
1730 5757 1851 5798 esse
1898 5756 2110 5809 semper

2203 4818 2456 4884 ostendit,
2476 4816 2670 4871 reddet
2713 4814 2786 4868 illi
2832 4813 3089 4868 Dominus
3133 4812 3419 4868 secundum
3448 4819 3596 4876 opera
3630 4813 3726 4854 sua.

2204 4910 2335 4967 Nam
2384 4918 2440 4964 et
2482 4908 2609 4961 illud
2656 4917 2908 4976 tanquam
2952 4907 3314 4961 stomachatus
3352 4912 3405 4958 et
3445 4900 3726 4967 indignam.

2207 5004 2367 5054 etiarn
2412 5000 2547 5053 male
2578 5008 2793 5065 optasse
2842 4999 3048 5051 videtur
3091 4997 3373 5066 Apostolus
3402 5011 3414 5047 :
3441 4992 3630 5045 Utinam
3656 4982 3727 5035 ab-

2207 5091 2514 5146 scindautur
2567 5091 2655 5157 qui
2714 5102 2811 5143 vos
2854 5088 3205 5143 conturbant!
3255 5085 3403 5153 Quod
3443 5082 3650 5149 utique.
3693 5071 3729 5124 Si

2208 5184 2512 5238 consideres
2556 5196 2836 5251 personam
2878 5180 3181 5244 scribentis,
3215 5178 3379 5246 magis
3404 5188 3516 5229 eum
3550 5170 3729 5233 elegan-

2210 5276 2417 5330 tissimo
2453 5274 2699 5342 ambiguo
2738 5274 2873 5326 bene
2905 5279 3118 5339 optasse
3165 5267 3439 5335 intelliges.
3469 5264 3592 5317 Sunt
3613 5254 3729 5310 enim

2138 5384 2141 5389 '
2211 5368 2475 5436 spadones
2515 5366 2604 5435 qui
2635 5379 2695 5418 se
2725 5366 2867 5433 ipsos
2911 5362 3253 5417 absciderunt
3292 5365 3501 5427 propter
3544 5356 3730 5416 regnum

2210 5462 2485 5513 castorum.
2536 5455 2687 5522 Quod
2740 5456 2790 5507 in
2836 5454 2918 5507 itis
2964 5468 3174 5521 quoque
3218 5450 3394 5504 verbis
3436 5444 3639 5499 Faustus
3663 5447 3732 5486 sa-

2212 5554 2449 5621 puisset,
2479 5551 2523 5605 si
2556 5550 2699 5621 pium
2730 5548 2965 5617 palatum
2996 5546 3061 5599 ad
3106 5554 3258 5601 escas
3298 5541 3579 5597 dominicas
3618 5538 3733 5584 attu-

2213 5646 2387 5709 lisset,
2433 5645 2509 5698 sic
2536 5645 2676 5697 enim
2722 5642 2899 5695 sonuit
2930 5637 3157 5694 fortasse
3187 5635 3388 5692 ludazis
3416 5629 3546 5701 quod
3574 5626 3743 5679 dictum

2214 5749 2315 5804 εει,
2346 5735 2559 5790 Videbis
2602 5736 2763 5789 vitam
2801 5744 2944 5788 tuam
2990 5730 3335 5801 pendentem,
3366 5732 3413 5781 et
3448 5736 3544 5777 non
3582 5710 3739 5771 credes
