3974 6184
278 281 384 337 685

1452 280 1890 337 THESAURUS.
1935 282 2084 337 CAP.
2128 282 2335 339 LXVII.

3437 280 3542 335 683

280 397 402 448 vitae
430 403 557 460 tum,
592 402 647 448 ιιι
689 393 829 448 inter
856 395 1031 449 minas
1073 403 1126 449 et
1172 394 1325 449 dolos
1368 393 1600 450 hostium
1644 408 1861 447 suorum
1891 397 1939 455 Α
1970 410 2349 465 resurgemus,
2400 411 2504 450 non
2554 406 2729 459 tamen
2780 411 2970 453 omnes
3009 396 3442 463 immutabimur,
3491 398 3545 453 in

277 485 441 537 vitam
491 499 642 541 suam
688 485 928 538 videntes
968 500 1031 539 ex
1078 485 1282 541 incerto
1326 485 1596 557 pendere,
1631 485 1862 539 victores

278 591 404 631 esse
434 591 542 630 non
574 577 878 631 crederent.
906 577 1011 631 Sed
1055 578 1194 631 lilius
1226 577 1494 646 Evangelii
1524 591 1644 633 cum
1677 576 1861 641 audit,

276 667 375 723 lle
421 670 566 722 enim
606 667 674 723 de
722 683 807 723 me
851 668 1089 735 scripsit,
1121 669 1171 721 in
1220 669 1318 722 hac
1360 667 1476 736 ipsa
1519 666 1866 736 ambiguitate

276 760 568 815 sententia:
591 760 737 814 videt
757 758 885 828 quid
911 759 1187 827 propheta:
1213 758 1388 826 porcis
1413 755 1719 828 projiciant,
1739 754 1866 825 quid

280 850 593 903 hominibus
621 850 864 914 innuant,
889 849 1177 918 statimque
1206 849 1278 901 illi
1307 849 1543 903 occurrit
1563 848 1673 901 vita
1693 846 1867 901 homi-

279 958 409 995 num
440 942 685 999 Christus
714 941 951 1010 pendens
976 981 991 1007 ,
1024 942 1181 1011 eique
1230 956 1336 994 non
1366 940 1648 995 credentes
1696 937 1864 993 Judaei

276 1034 346 1085 oh
389 1031 492 1087 hoc
519 1033 689 1098 ipsum
722 1032 841 1100 quia
892 1031 1216 1098 pendentem
1249 1032 1448 1086 vident.
1482 1031 1545 1085 Et
1573 1030 1706 1084 alius
1749 1029 1869 1098 qni-

279 1125 403 1179 dem
425 1124 617 1192 aliquis
636 1124 742 1177 cito
758 1124 961 1179 diceret
982 1125 1119 1178 inter
1135 1131 1327 1179 cetera
1343 1122 1648 1187 maledicta,
1668 1136 1788 1189 qua:
1812 1121 1865 1174 in

283 1213 515 1267 lectione
539 1212 605 1267 ad
625 1210 821 1280 aliquid
852 1213 917 1267 de
940 1212 1153 1267 Christo
1178 1210 1575 1277 intelligendum
1609 1225 1711 1262 non
1742 1223 1866 1276 per-

284 1306 475 1365 tinent,
508 1304 611 1358 hoc
635 1304 806 1358 solum
834 1304 903 1358 ibi
937 1318 1056 1358 esse
1091 1304 1159 1359 de
1186 1304 1398 1357 Christo
1431 1301 1570 1373 quod
1612 1301 1868 1371 scriptum

283 1406 364 1447 est
394 1413 407 1445 :
437 1393 649 1448 Videbis
693 1395 853 1447 vitam
903 1401 1045 1449 tuam
1080 1392 1421 1462 pendentem,
1451 1402 1506 1446 et
1545 1407 1649 1447 non
1680 1391 1869 1445 credes

281 1487 408 1538 vitm
438 1493 564 1539 tute.
597 1484 776 1553 Neque
804 1485 944 1538 enim
994 1484 1106 1543 ﬁeri
1150 1498 1253 1538 non
1302 1491 1485 1551 posset
1518 1492 1572 1535 ut
1616 1484 1754 1537 inter
1783 1481 1868 1535 di-

281 1592 439 1632 versa
490 1576 768 1631 maledicta
802 1590 921 1646 qua:
963 1576 1125 1645 impio
1167 1577 1363 1645 popqu
1395 1574 1705 1644 prophetice
1733 1588 1871 1642 pri!!-

282 1667 692 1736 nuntiabantur,
720 1668 817 1719 hoc
849 1682 1059 1735 quoque
1089 1676 1400 1739 poneretur.
1428 1666 1535 1721 Sed
1568 1680 1665 1734 ego
1696 1674 1749 1720 et
1776 1665 1867 1733 qui

280 1771 495 1813 mecum
517 1757 785 1826 aliquanto
804 1758 1055 1812 attentius
1077 1759 1313 1829 cogitant
1335 1758 1698 1826 evangelicam
1720 1756 1863 1809 illam
1900 1783 1943 1842 Β

282 1847 716 1917 dominicamque
760 1850 1078 1903 sententiam
1109 1864 1210 1918 qua
1250 1863 1354 1901 non
1386 1850 1497 1915 ait;
1527 1848 1617 1901 Ille
1645 1848 1785 1901 enim
1815 1856 1870 1901 et

284 1940 353 1992 de
388 1954 475 1994 me
507 1940 743 2008 scripsit.
778 1950 832 1993 ut
860 1950 911 1993 et
937 1942 1042 1993 alia
1065 1958 1180 2009 qua:
1209 1943 1271 1995 ad
1304 1942 1569 1995 Christum
1605 1954 1709 1992 non
1753 1954 1869 2007 per-

287 2030 462 2081 tinent
506 2029 785 2097 scripsisse
825 2030 1173 2094 crederetur,
1223 2030 1315 2083 sed
1361 2029 1435 2082 ait
1480 2070 1493 2093 ,
1535 2028 1610 2082 De
1655 2043 1740 2080 me
1782 2027 1870 2079 ille

287 2122 555 2190 scripsit,
612 2129 669 2175 ut
716 2137 926 2175 omnem
982 2122 1275 2190 Scriptura:
1336 2122 1474 2175 illius
1523 2119 1870 2175 intentionem

284 2212 507 2266 nonnisi
558 2214 622 2264 ad
666 2214 1062 2284 intelligendam
1110 2212 1306 2267 Chriin
1352 2213 1575 2281 gratiam
1619 2226 1868 2280 perscruo

286 2300 453 2356 tando
482 2303 916 2369 consuleremus;
956 2305 1116 2358 etiam
1166 2313 1354 2358 caetera
1399 2304 1453 2356 in
1498 2303 1596 2356 ista
1645 2303 1873 2356 lectione

288 2394 574 2451 maledicta
602 2406 820 2465 promer
841 2398 1111 2451 Christum
1141 2398 1387 2466 prmdicta
1412 2395 1798 2465 cognoscimus.

864 2506 1087 2563 CAPUT
1126 2505 1310 2562 LXVI.

294 2598 633 2669 Quarerquies
660 2597 854 2650 sabbati
884 2601 1035 2650 etiam
1059 2600 1106 2650 in
1138 2597 1399 2669 sepultura
1434 2594 1688 2669 dominica
1717 2593 1875 2669 possit

363 2668 616 2736 intelligi,
654 2678 703 2720 et
747 2669 906 2720 octavi
955 2670 1053 2721 diei
1099 2664 1418 2721 circumcisio
1458 2664 1875 2735 exspoliatiouem

360 2739 615 2857 sfigniﬁcst
661 2740 1021 2805 mortalitatis,
1060 2755 1125 2795 ea:
1160 2739 1336 2793 eodem
1386 2737 1515 2793 libro
1562 2750 1655 2795 xvi
1698 2743 1876 2797 contra

424 2820 647 2862 austum.
1682 2838 1689 2845 -

364 2899 497 2953 Illud
528 2902 803 2957 sabbatum
835 2902 975 2972 quod
1018 2902 1264 2969 imperite
1294 2909 1452 2970 atque
1481 2898 1641 2969 impie
1667 2897 1878 2953 deride-

291 2991 382 3052 tis,
417 2990 517 3045 nisi
559 3001 612 3046 et
664 2992 838 3058 ipsum
891 2994 1030 3047 inter
1072 2991 1382 3061 prophetias
1424 3006 1545 3061 quae
1573 2990 1640 3045 de
1669 2988 1877 3047 Christo

293 3081 508 3149 scriptae
547 3090 672 3134 sunt
720 3080 942 3135 haberet
989 3081 1338 3146 intellectum,
1374 3096 1479 3137 non
1529 3081 1578 3134 ei
1628 3079 1876 3145 Christus

295 3174 375 3226 sic
421 3180 800 3226 attestaretur:
851 3175 940 3240 qui
988 3186 1109 3225 cum
1162 3172 1374 3240 propria
1407 3172 1703 3234 voluntate,
1737 3168 1876 3223 sicut
1907 3159 1952 3221 C

296 3264 414 3332 ipse
441 3262 493 3317 in
522 3262 639 3330 ejus
682 3262 835 3316 laude
866 3262 1107 3329 posuisti,
1136 3272 1435 3330 pateretur,
1468 3261 1693 3329 ideoque
1740 3270 1870 3313 temo

297 3369 425 3421 puni
470 3352 729 3420 passionis
767 3360 820 3405 et
849 3352 1253 3406 resurrectionis
1282 3366 1391 3404 sue
1432 3351 1654 3404 haberet
1686 3352 1737 3403 in
1773 3364 1872 3417 po-

300 3453 493 3498 testate
518 3483 534 3510 ,
580 3442 633 3496 id
658 3442 804 3512 egit,
848 3453 902 3495 ut
934 3458 1058 3497 caro
1099 3442 1219 3511 ejus
1265 3442 1314 3494 in
1346 3441 1614 3509 sepultura
1660 3439 1883 3494 sabbato

300 3536 663 3602 requiesceret
706 3533 771 3586 ab
814 3534 1062 3589 omnibus
1103 3533 1355 3601 cperibus
1402 3536 1551 3594 suis,
1586 3544 1639 3587 ut
1668 3573 1684 3597 ,
1719 3531 1879 3587 tertio

300 3627 387 3679 die
420 3640 705 3695 resurgens
728 3666 744 3686 .
787 3640 941 3695 quem
972 3624 1297 3679 den-.inicum
1329 3625 1556 3678 dicimus
1579 3661 1597 3689 ,
1630 3625 1717 3692 qui
1764 3631 1887 3692 post

301 3707 581 3771 sabbatum
625 3727 950 3780 numeratur,
984 3725 1205 3770 octavus
1237 3715 1396 3769 etiam
1425 3714 1883 3767 circumcisionem

305 3807 477 3860 octavi
506 3807 612 3860 diei
638 3806 703 3860 ad
733 3821 791 3860 se
818 3805 1241 3875 prophetandum
1272 3804 1539 3872 pertinere
1566 3802 1883 3856 declararet.

306 3899 442 3964 Quid
486 3899 631 3957 enim
680 3898 951 3968 signiﬁcat
994 3900 1331 3951 circumcisio
1379 3895 1595 3948 carnis?
1621 3891 1746 3960 quid
1786 3890 1885 3943 nisi

305 3990 748 4059 exSpoliationem
779 3989 1118 4044 mortalitatis
1143 4002 1299 4055 quam
1328 3987 1395 4039 de
1420 3982 1621 4040 carnali
1665 3995 1887 4050 genera-

307 4082 449 4133 tione
468 4080 778 4148 ponamus?
806 4079 1026 4147 Propter
1057 4079 1158 4131 hoc
1187 4077 1319 4130 dicit
1350 4073 1633 4143 Apostolus
1673 4071 1888 4147 exuisse

310 4182 498 4233 carne,
525 4167 852 4237 principatus
880 4174 936 4223 et
963 4174 1254 4236 potestates
1282 4161 1604 4231 exemplavit
1632 4159 1889 4213 liduciali-

264 4238 389 4313 'ter
418 4260 750 4325 triumphans
790 4274 885 4315 eos
935 4262 984 4313 in
1037 4257 1353 4326 semetipso.
1388 4254 1538 4323 Quod
1579 4251 1718 4306 enim
1762 4251 1889 4303 dicit

309 4352 523 4406 exuisse
543 4366 790 4418 comem,
820 4366 887 4405 eo
918 4351 1036 4405 loco
1060 4364 1275 4404 carnem
1302 4346 1679 4402 mortalitatem
1712 4339 1890 4395 carnis

312 4442 676 4511 intelligimus,
711 4440 1005 4496 secundum
1039 4455 1196 4507 quam
1231 4435 1445 4506 proprie
1468 4449 1593 4487 caro
1621 4430 1885 4500 appellata

1967 490 2167 550 atomo,
2197 485 2247 538 in
2279 485 2385 540 ictu
2415 486 2575 551 oculi,
2604 488 2659 539 in
2703 487 2994 542 novissima
3031 486 3175 545 tuba.
3207 484 3375 538 Canet
3400 484 3543 539 enim

1970 576 2117 637 tuba,
2146 584 2200 628 et
2226 576 2419 629 mortui
2448 585 2727 646 resurgant
2748 577 3063 644 incorrupti,
3094 586 3145 631 et
3168 590 3267 633 nos
3297 572 3545 633 immuta-

1970 663 2188 730 bimur;
2261 677 2471 735 oportet
2538 668 2682 723 enim
2744 669 3090 738 corruptibile
3155 670 3257 721 hoc
3320 665 3544 719 induere

1970 752 2521 824 incorruptionem,et
2571 758 2794 823 mortale
2844 758 2945 813 hoc
2988 757 3210 813 induere
3264 756 3542 820 immorta—

1970 844 2195 901 litatem.
2270 845 2339 901 Ut
2401 862 2528 920 ergo
2579 848 2830 905 induatur
2885 848 3332 911 immortalitate,
3390 844 3541 899 exui-

1971 944 2057 990 tur
2088 937 2432 993 mortalitate.
2478 940 2590 1003 lloc
2634 948 2717 993 est
2764 939 3186 1001 circumcisionis
3233 937 3540 1009 mysterium

1969 1048 2087 1103 quae
2117 1042 2300 1099 octava
2347 1032 2433 1085 die
2464 1031 2577 1086 ﬁeri
2604 1031 2752 1102 jussa
2799 1041 2911 1099 est,
2940 1040 2996 1085 et
3022 1045 3205 1091 ocava
3247 1030 3353 1094 die,
3387 1028 3437 1083 id
3463 1038 3545 1082 est

1969 1122 2233 1176 dominica
2283 1130 2398 1189 post
2447 1120 2724 1177 sabbatum
2753 1121 2860 1188 jam
2904 1121 2956 1176 in
3001 1121 3220 1175 veritate
3261 1136 3290 1173 a
3321 1120 3547 1173 Domino

1970 1213 2205 1281 impleta,
2232 1211 2371 1265 unde
2399 1212 2613 1279 dicitur,
2637 1225 2838 1269 exuens
2868 1226 2925 1269 se
2945 1226 3184 1276 carnem,
3214 1210 3539 1279 principatus

1969 1313 2024 1360 et
2054 1312 2343 1373 potestates
2386 1305 2726 1372 esemplavit.
2761 1304 2862 1359 Per
2894 1305 3030 1365 hanc
3060 1303 3199 1357 enim
3244 1301 3542 1357 mortalita-

1970 1405 2076 1451 tem
2126 1397 2282 1459 nobis
2312 1396 2510 1457 invida:
2558 1395 2840 1451 diabolica:
2880 1404 3169 1464 potestates
3198 1394 3550 1449 dominaban-

1972 1493 2091 1550 tur,
2138 1501 2268 1556 quas
2321 1486 2661 1553 exemplasse
2705 1486 2879 1545 dictus
2928 1494 3051 1554 est,
3099 1485 3221 1554 quia
3269 1485 3320 1539 in
3372 1484 3550 1554 seipso

1969 1578 2146 1644 capite
2183 1587 2365 1647 nostro
2402 1577 2626 1646 prmbuit
2656 1577 2981 1645 exemplum,
3012 1575 3152 1643 quod
3197 1576 3247 1630 in
3284 1583 3394 1629 toto
3432 1574 3548 1643 ejus

1970 1680 2217 1737 corpore,
2252 1666 2302 1721 id
2332 1677 2414 1722 est
2461 1666 2722 1735 Ecclesia,
2750 1682 2815 1720 ex
2864 1664 3062 1719 diaboli
3112 1672 3373 1735 potesmte
3422 1665 3549 1719 libe-

1970 1758 2159 1824 randa,
2194 1758 2244 1810 in
2275 1758 2459 1811 ultima
2491 1757 2884 1813 resurrectione
2909 1757 3284 1827 eomplebitur.
3314 1756 3438 1810 llaec
3468 1765 3547 1810 est

1974 1851 2106 1905 ﬁdes
2136 1860 2336 1905 nostra.
2373 1844 2440 1903 Et
2477 1849 2729 1917 quoniam
2764 1849 2902 1903 sicut
2932 1848 3290 1903 testimonium
3321 1848 3547 1915 prophe-

1976 1945 2135 1997 ticum
2169 1942 2359 1999 Paulus
2385 1947 2788 2001 commemorat,
2823 1939 3003 1992 Justus
3028 1953 3093 1991 ex
3130 1938 3231 1991 (ide
3257 1938 3408 2005 vivit,
3432 1936 3549 1991 [nec

1974 2034 2382 2103 cstjustlﬁeatio
2413 2042 2615 2085 nostra.
2669 2030 2929 2083 Mor-tuum
2976 2029 3175 2097 quippe
3205 2026 3471 2081 Christum
3496 2036 3550 2082 et

1975 2129 2162 2196 pagani
2186 2127 2428 2188 credunt,
2462 2123 2822 2177 resurrexisse
2841 2130 3017 2191 autem
3042 2121 3312 2175 Christum
3334 2121 3551 2193 propria

1976 2221 2113 2290 fides
2162 2231 2246 2274 est
2289 2218 2737 2273 Christianorum.
2788 2215 2842 2268 Si
2897 2215 3037 2268 enim
3088 2214 3425 2273 cenﬁtcaris.
3480 2213 3559 2265 ait

1975 2311 2286 2382 Apostolus,
2320 2310 2370 2362 in
2422 2323 2517 2363 ore
2570 2314 2679 2367 tuo,
2725 2304 2845 2374 quia
2894 2305 3145 2365 Dominus
3173 2304 3326 2360 Jesus
3365 2313 3466 2369 est,
3500 2314 3559 2359 et

1977 2402 2272 2458 credideris
2296 2403 2347 2455 in
2370 2398 2535 2455 corde
2560 2409 2647 2452 tuo
2666 2398 2791 2467 quia
2816 2397 2954 2467 Deus
2972 2394 3553 2467 exeitavit[suscitavit]

1977 2494 2123 2561 illum
2140 2508 2168 2548 a
2188 2492 2433 2556 mortuis,
2452 2490 2629 2544 salvus
2666 2489 2793 2543 eris.
2809 2476 2943 2555 Quia
2963 2501 3089 2559 ergo
3103 2502 3167 2541 ex
3190 2486 3289 2539 ista
3306 2500 3520 2549 resurre
3536 2515 3548 2523 -

1977 2586 2171 2647 ctionis
2219 2585 2322 2640 ﬁde
2365 2582 2758 2655 justiticamur,
2810 2581 2931 2641 ideo
2976 2590 3028 2634 et
3074 2578 3203 2637 illud
3228 2578 3300 2643 de
3339 2578 3552 2633 Christo

1978 2680 2323 2748 apostolicum
2368 2687 2480 2743 est,
2514 2676 2635 2743 quia
2684 2682 2926 2739 mortuus
2975 2681 3055 2730 est
3104 2680 3317 2747 propter
3359 2670 3552 2747 delicta

1979 2778 2183 2835 nostra,
2199 2779 2251 2829 et
2273 2768 2562 2835 resurrexit
2586 2775 2801 2837 propter
2818 2762 3253 2833 justilicationem
3286 2771 3547 2827 nostram.

1982 2863 2047 2916 Et
2069 2863 2187 2931 quia
2210 2863 2305 2916 ista
2334 2860 2655 2915 resurrectio
2672 2872 2797 2929 qua:
2821 2856 3019 2911 credita
3046 2869 3142 2909 nos
3161 2854 3437 2923 justiﬁcat,
3463 2855 3551 2908 illa

1980 2954 2153 3008 octavi
2200 2952 2288 3007 dei
2332 2950 2742 3006 circumcisione
2775 2950 2994 3016 ﬁgurata
3041 2956 3144 3011 est,
3182 2956 3458 3015 propterea
3489 2945 3555 2999 de

1980 3044 2250 3099 Abraham
2281 3044 2365 3097 cui
2401 3042 2629 3110 primum
2657 3038 2847 3093 tradita
2876 3047 2958 3091 est
2987 3036 3116 3091 dicit
3141 3038 3425 3105 Apostolus
3451 3055 3463 3089 :
3491 3037 3552 3090 Et

1981 3136 2191 3204 signum
2238 3133 2444 3203 accepit
2491 3128 2915 3186 circumcisionis
2959 3128 3288 3197 signaculum
3332 3127 3555 3198 justititn

1983 3226 2126 3282 ﬁdei.
2158 3227 2294 3295 Ergo
2318 3234 2372 3281 et
2403 3226 2556 3278 istam
2589 3221 3052 3279 circumeisionem
3098 3220 3232 3273 inter
3261 3220 3392 3274 alias
3429 3223 3556 3288 ligu-

1982 3336 2071 3376 ras
2096 3321 2434 3389 propheticas
2461 3319 2528 3373 de
2542 3317 2753 3372 Christo
2774 3312 3194 3384 scripsitbloses,
3220 3313 3285 3368 de
3306 3329 3412 3383 quo
3443 3313 3556 3382 ipse

1984 3411 2146 3467 dicit:
2177 3412 2248 3466 De
2280 3427 2362 3464 me
2392 3412 2532 3465 enim
2564 3409 2656 3463 ille
2689 3408 2922 3476 scripsit.

2544 3543 2770 3607 CAPUT
2807 3538 3008 3597 LXV”.

1986 3638 2112 3695 Non
2155 3639 2317 3692 solum
2359 3637 2534 3692 diebus
2579 3637 2667 3689 sed
2704 3644 2749 3687 et
2799 3634 3050 3689 mensibus
3096 3634 3302 3686 nomina
3352 3634 3559 3687 deorum

2057 3725 2266 3777 suorum
2321 3708 2602 3777 imposuere
2649 3704 2876 3775 pagani,
2921 3719 2985 3757 ea:
3037 3702 3163 3755 libro
3213 3718 3335 3756 xvttl
3385 3715 3560 3769 contra

2058 3774 2334 3831 Faustum.

2060 3885 2255 3939 Diebus
2296 3884 2492 3953 quippe
2540 3881 2657 3935 istis
2696 3895 2920 3951 quorum
2950 3880 3279 3948 septenarius
3309 3894 3562 3933 numerus

1991 3978 2045 4031 in
2075 3976 2258 4030 orbem
2291 3974 2448 4037 redit,
2474 3973 2697 4026 deorum
2731 3985 2947 4025 suorum
2995 3972 3210 4024 nomina
3252 3981 3435 4039 gentes
3462 3970 3562 4023 im-

1993 4073 2309 4135 posuerunt.
2344 4063 2417 4117 De
2456 4061 2649 4131 quibus
2688 4062 2762 4113 ait
2801 4059 3088 4130 Apostolus
3116 4058 3259 4127 quod
3287 4060 3565 4112 coluerunt

1992 4165 2045 4211 et
2073 4156 2372 4210 servierunt
2416 4161 2675 4206 creatura:
2706 4150 2883 4220 potius
2924 4164 3080 4217 quam
3129 4148 3389 4201 Creatori.
3422 4148 3565 4211 Quos

1992 4248 2046 4301 in
2078 4248 2175 4317 hac
2206 4254 2354 4315 parte
2384 4243 2546 4297 etiam
2577 4256 2672 4296 vos
2704 4239 3013 4303 imitamini,
3049 4240 3146 4293 nisi
3177 4239 3316 4307 quod
3342 4256 3459 4293 cum
3487 4242 3566 4294 eis

1994 4336 2247 4389 lucidiora
2276 4334 2382 4386 duo
2410 4332 2713 4396 luminaria,
2735 4338 2927 4382 cmtera
2961 4343 3089 4381 vero
3119 4330 3289 4382 sidera
3315 4345 3417 4383 non
3443 4343 3562 4383 cum

1994 4429 2074 4482 eis
2104 4426 2356 4480 adoratis.
2389 4422 2496 4479 Sed
2535 4432 2587 4477 et
2635 4419 2905 4475 mensibus
2951 4420 3315 4488 imposuerunt
3356 4420 3567 4485 nomina

310 4510 553 4600 e~t,quia
579 4533 629 4586 in
653 4532 741 4585 illa
771 4529 1175 4587 resurrectionis
1206 4526 1606 4583 immortalitate
1629 4538 1732 4575 non
1763 4520 1882 4574 erit.
1917 4514 1969 4573 D
1996 4519 2217 4572 deorum
2248 4530 2487 4580 suorum,
2524 4522 2743 4583 propter
2795 4512 3049 4565 honorem
3097 4511 3291 4593 quippe
3335 4510 3568 4576 Romuli,

313 4623 598 4690 Propterea
627 4622 882 4689 scriptum
910 4632 1021 4689 est,
1052 4620 1190 4675 Caro
1219 4627 1273 4674 et
1295 4619 1510 4688 sanguis
1536 4631 1755 4687 regnum
1793 4612 1886 4666 Dei

314 4728 420 4766 non
454 4712 818 4781 possidebunt,
838 4712 905 4767 de
934 4712 1123 4781 quibus
1150 4710 1330 4764 verbis
1360 4709 1546 4762 soletis
1576 4703 1887 4765 calumniari

315 4803 435 4857 ﬁdei
478 4814 674 4856 nostra:
721 4816 821 4871 qua
863 4802 1129 4856 credimus
1175 4800 1335 4869 hujus
1379 4798 1618 4867 corporis
1661 4793 1887 4848 futuram

314 4895 757 4949 resurrectionem
789 4910 906 4965 quae
937 4895 987 4947 in
1032 4895 1149 4963 ipso
1180 4892 1402 4947 Domino
1439 4891 1550 4960 jam
1598 4888 1889 4958 prarcessit,

314 4984 712 5039 dassimulantes
759 5000 819 5038 ea
848 5001 978 5053 qua:
1020 4994 1341 5051 sequuntur,
1372 4982 1423 5036 iu
1473 4980 1666 5050 quibus
1711 4987 1891 5047 aperte

316 5074 603 5137 Apostolus
633 5074 757 5143 quid
782 5075 921 5128 dicat
948 5076 1161 5143 exponit
1188 5090 1202 5137 ;
1230 5074 1412 5129 volens
1436 5072 1575 5124 enim
1606 5068 1892 5121 ostendere

319 5167 438 5234 quid
457 5180 523 5219 eo
549 5164 666 5219 loco
689 5166 885 5219 dixerit
906 5181 1143 5229 carnem,
1162 5165 1415 5219 continuo
1437 5161 1683 5230 subjecit:
1714 5160 1893 5227 Neque

318 5258 585 5324 corruptio
616 5256 1062 5325 incorruptionem
1093 5253 1408 5325 possidebit.
1442 5252 1561 5311 lloi:
1604 5253 1742 5304 enim
1775 5265 1894 5302 cor-

319 5363 413 5416 pus
443 5348 585 5417 quod
628 5359 846 5417 propter
883 5348 1261 5401 mortalitatem
1296 5344 1507 5414 proprie
1553 5357 1679 5395 caro
1728 5340 1896 5393 nomi-

323 5449 478 5491 natur
525 5439 721 5491 mutari
770 5438 900 5491 dicit
940 5438 991 5491 in
1020 5436 1441 5497 resurreclione,
1472 5444 1527 5485 ut
1553 5432 1659 5501 jam
1693 5446 1795 5484 non
1830 5429 1900 5481 sit

320 5530 665 5596 corruptibile
696 5536 856 5599 atque
888 5530 1133 5583 mortale.
1166 5528 1318 5594 Quod
1368 5541 1435 5579 ne
1473 5534 1685 5593 putetur
1715 5531 1896 5575 nostra

321 5619 622 5687 suspicione
645 5620 773 5686 dici,
792 5622 900 5690 ipsa
924 5621 1038 5689 ejus
1062 5634 1178 5688 quae
1202 5624 1495 5686 sequuntur
1523 5614 1683 5666 verba
1708 5626 1898 5666 consu-

324 5706 433 5763 lite.
470 5710 628 5776 lﬂcce,
656 5711 845 5780 inquit,
881 5712 1189 5783 mysterium
1234 5710 1386 5764 dico:
1410 5705 1609 5761 Omnes
1638 5699 1901 5776 [quidem]

1988 4611 2108 4681 quia
2136 4624 2256 4663 eum
2285 4607 2464 4661 Martis
2496 4605 2659 4657 lilium
2690 4603 3050 4665 crediderunt,
3078 4601 3301 4667 primum
3329 4614 3567 4655 mensem

1992 4700 2143 4755 Marti
2172 4700 2411 4753 dicautes
2442 4696 2684 4750 Martium
2715 4700 3061 4751 vocaverunt.
3098 4702 3152 4745 et
3184 4691 3304 4744 inde
3334 4691 3568 4756 Aprilem

1992 4808 2020 4847 a
2049 4791 2193 4846 nullo
2216 4790 2298 4843 dei
2330 4789 2409 4842 sui
2444 4789 2681 4849 nomine,
2708 4784 2803 4838 sed
2830 4798 2858 4837 a
2892 4799 2949 4837 re
2978 4784 3112 4851 ipsa,
3141 4783 3291 4851 quasi
3313 4784 3567 4850 aperilem

1993 4884 2135 4954 quod
2183 4893 2305 4937 tunc
2350 4877 2623 4951 [primum]
2666 4877 2949 4946 plurimum
2995 4874 3254 4943 germinis
3298 4876 3571 4943 aperiatur

2000 4977 2052 5029 in
2077 4976 2281 5027 ﬂorem.
2314 4970 2442 5025 lude
2461 4972 2669 5023 tertium
2695 4982 2930 5023 mensem
2957 4966 3329 5035 Maium,quod
3355 4966 3569 5031 Maiam,

2004 5064 2247 5119 Mercurii
2292 5070 2534 5124 matxem,
2569 5058 2721 5113 deam
2756 5059 2934 5111 colunt
2965 5055 3220 5131 [colant];
3253 5057 3376 5111 inde
3418 5073 3575 5123 quar-

2004 5166 2112 5209 tum
2141 5156 2351 5208 Junium
2377 5168 2402 5203 a
2422 5150 2787 5227 lunone,inde
2816 5161 3041 5205 caeteros
3071 5165 3236 5220 usque
3264 5151 3328 5203 ad
3355 5150 3576 5202 Decem-

2004 5246 2149 5299 brem
2174 5261 2201 5297 a
2232 5244 2465 5297 numeris
2510 5243 2888 5295 nominarunt:
2916 5241 3006 5293 sed
3030 5257 3100 5305 ex
3131 5242 3207 5294 eis
3231 5237 3477 5304 Quintilis
3514 5250 3577 5290 ac

2006 5335 2220 5389 Sextilis
2251 5334 2428 5386 nomin
2456 5333 2551 5385 bus
2581 5331 2856 5384 hominum
2890 5331 3081 5399 quibus
3107 5329 3314 5383 divinos
3345 5327 3577 5379 honores

2003 5429 2353 5484 decreverunt
2399 5420 2804 5496 [decreverant]
2850 5421 3100 5492 appellati
3150 5429 3273 5474 sunt
3314 5418 3485 5473 Julius
3527 5428 3579 5472 et

2005 5523 2291 5587 Augustus.
2337 5516 2466 5569 Nam
2507 5511 2806 5590 [septimus]
2844 5511 3161 5581 September
3194 5520 3249 5565 et
3289 5508 3489 5574 caateri,
3525 5520 3581 5563 nt

2005 5611 2132 5673 disi,
2155 5622 2322 5677 usque
2341 5608 2405 5661 ad
2434 5607 2778 5662 Decembrem
2803 5617 3148 5657 numerorum
3173 5616 3235 5655 ex
3266 5600 3372 5672 54
3390 5600 3580 5655 ordine

2006 5700 2308 5757 nominibus
2337 5698 2697 5755 enuntiantur.
2746 5693 2911 5748 Porro
2940 5690 3221 5748 Ianuarius
3257 5680 3286 5748 a
3318 5690 3451 5747 Jano
3480 5707 3581 5761 ap-
