3990 6180
423 295 524 351 657
1139 308 1176 351 ἢ

1479 298 1537 351 Ι).
1584 296 1899 353 ΕΠΟῩΡΡΗ
1934 298 2224 357 ΛΒΒΛΤΙῦ
2266 298 2587 357 AFRICANI

3578 300 3685 356 633

423 407 650 475 pcllatus
695 412 796 473 est,
828 404 1148 460 Februarius
1188 420 1217 460 a
1256 406 1483 462 Februis
1525 410 1690 462 sacris
1729 408 1997 476 Luperco-
2031 420 2073 475 Λ
2104 424 2153 466 et
2184 424 2363 469 nostra
2386 413 2640 467 divinitus
2658 413 3014 470 dimittantur.
3048 412 3201 482 Quod
3228 423 3407 468 autem
3435 413 3687 482 debetur,

423 488 755 554 rumaVultis
783 514 911 570 ergo
938 508 998 551 ut
1023 508 1075 552 et
1099 514 1191 551 vos
1221 499 1472 554 dicamini
1506 501 1557 555 in
1590 515 1774 556 mense
1806 501 1993 555 Martio

422 592 638 647 Martem
668 590 883 644 colere?
915 590 1007 643 Illo
1034 590 1173 642 enim
1205 604 1388 644 mense
1414 591 1570 645 Bema
1606 602 1841 645 vestrum
1869 607 1992 644 cum

422 697 606 750 magna
637 681 920 735 festivitate
941 679 1240 732 celebratis.
1266 680 1321 733 Si
1347 688 1523 741 autem
1548 680 1699 734 vobis
1726 682 1778 733 in
1810 694 1995 734 mense

422 772 608 826 Martio
635 771 795 825 licere
818 770 1147 824 arbitramini
1172 770 1313 824 aliud
1341 772 1709 840 considerare,
1734 786 1838 825 non
1862 771 1997 825 Mar—

423 877 552 929 tem,
584 881 679 918 cur
721 878 783 918 ex
829 864 915 917 die
960 863 1187 932 septimo
1238 864 1380 933 quod
1426 864 1708 918 sabbatum
1747 878 1776 915 a
1813 862 1996 932 requie

422 957 749 1012 nominatum
776 965 878 1020 est,
911 953 1102 1008 divinis
1138 952 1428 1024 Scripturis
1469 954 1758 1009 Saturnum
1798 952 1999 1021 impor—

420 1058 534 1102 tare
558 1046 854 1109 conamini,
887 1046 1005 1113 quia
1036 1060 1155 1099 eum
1181 1044 1324 1099 diem
1352 1045 1568 1101 Saturni
1600 1054 1785 1115 gentes
1814 1042 1995 1111 appel-

422 1135 912 1205 laverunt?Nempe
934 1134 1043 1205 jam
1073 1134 1269 1189 videtis
1296 1149 1417 1190 cum
1452 1146 1646 1205 quanta
1683 1137 1877 1203 pietate
1902 1135 1999 1189 de-

423 1230 612 1284 liretis.
646 1229 717 1282 De
745 1227 1021 1281 sacriﬁciis
1048 1235 1223 1281 autem
1252 1228 1589 1296 animalium,
1615 1227 1735 1295 quis
1762 1236 2001 1281 nostrum

423 1319 622 1375 nesciat
653 1319 821 1387 magis
849 1331 911 1370 ea
942 1330 1195 1384 perverso
1225 1317 1421 1386 populo
1446 1326 1803 1384 congruenter
1826 1315 1999 1384 impo-

423 1413 541 1476 sita,
573 1424 729 1478 quam
764 1409 870 1461 Deo
894 1405 1219 1460 desideranti
1248 1405 1468 1459 oblata?
1496 1405 1603 1461 Sed
1631 1414 1807 1460 tamen
1838 1405 1997 1459 etiam

422 1503 471 1555 iu
514 1500 593 1554 his
625 1501 803 1569 ﬁgura:
846 1507 1038 1551 nostra:
1075 1497 1306 1564 fuerunt,
1336 1499 1456 1568 quia
1489 1506 1669 1554 nostra
1701 1498 1996 1565 mundatio,

421 1607 467 1647 et
505 1593 595 1647 Dei
631 1590 954 1660 propitiatio,
988 1588 1140 1644 nobis
1166 1590 1283 1643 sine
1312 1588 1570 1659 sanguine
1598 1590 1741 1644 nulla
1768 1597 1871 1651 est.
1902 1587 1997 1641 sed

420 1688 628 1741 illarum
676 1684 959 1751 ﬁgurarum
1011 1682 1208 1735 veritas
1260 1681 1505 1738 Christus
1550 1690 1655 1747 est,
1687 1682 1837 1751 cujus
1879 1694 2002 1734 san-

2099 508 2199 557 etsi
2234 506 2464 571 benigne
2494 507 2812 569 remittitur,
2850 522 2953 560 non
2986 515 3161 559 tamen
3195 506 3374 572 inique
3404 507 3689 575 repetiwr,

2097 594 2189 647 sed
2215 595 2351 647 sicut
2386 594 2436 647 in
2466 594 2714 662 iurando,
2745 595 2905 648 etiam
2951 596 3038 663 qui
3073 610 3256 648 verum
3296 594 3442 663 jurat
3474 596 3693 663 prepiu-

2095 692 2222 752 quat
2266 683 2541 751 perjurio;
2593 685 2733 738 unde
2777 684 2934 753 longe
2979 685 3132 739 abest
3176 686 3264 754 qui
3313 688 3536 738 omnino
3585 700 3695 737 non

2094 774 2264 844 jurat,
2297 784 2351 828 et
2381 775 2624 844 quamvis
2670 792 2773 829 non
2807 786 2993 844 peccet
3034 760 3126 847 qui
3171 792 3353 831 verum
3398 776 3569 845 jurat,
3599 791 3695 829 re-

2100 866 2294 918 ntotior
2317 874 2490 919 tamen
2516 880 2547 919 a
2572 874 2790 935 peccato
2812 875 2897 921 est
2917 868 3005 937 qui
3038 882 3141 921 non
3170 867 3313 934 jurat
3338 883 3352 931 ;
3379 868 3569 920 maluit
3593 882 3698 919 nos

2100 958 2356 1011 Dominus
2386 968 2439 1013 et
2467 975 2569 1013 non
2595 959 2839 1028 jurantes
2867 975 2972 1014 non
3005 962 3259 1015 recedere
3281 976 3310 1014 a
3338 976 3493 1027 vero,
3524 977 3691 1031 quam

2099 1063 2283 1103 verum
2318 1049 2561 1117 jurantes
2593 1050 2954 1118 proninquare
3011 1051 3285 1119 perjurio;
3328 1051 3470 1106 unde
3502 1053 3698 1105 admo-

2102 1142 2234 1195 nitio
2265 1156 2368 1194 non
2394 1139 2607 1209 jurandi
2643 1142 2982 1195 conservatio
3022 1152 3107 1196 est
3148 1158 3176 1195 a
3221 1153 3442 1211 peccato
3473 1142 3697 1212 per-jurii

2104 1233 2174 1286 ita
2205 1247 2325 1286 cum
2359 1240 2543 1301 peccet
2572 1232 2659 1299 qui
2692 1246 2786 1300 per
2820 1231 3319 1286 immoderationem
3351 1233 3548 1301 injuste
3580 1233 3699 1287 vult

2100 1320 2380 1387 vindicari,
2422 1334 2527 1374 non
2571 1331 2762 1389 peccet
2806 1329 2983 1375 autem
3025 1322 3115 1391 qui
3165 1321 3379 1377 modum
3426 1323 3700 1378 adhibens

2098 1411 2242 1482 juste
2272 1414 2385 1465 vult
2414 1411 2707 1475 vindicari,
2738 1413 2997 1466 remotior
3025 1426 3055 1464 a
3086 1421 3307 1481 peccato
3338 1414 3552 1482 injustas
3580 1416 3699 1467 vin-

2112 1504 2271 1556 dictae
2312 1503 2400 1572 qui
2431 1518 2535 1557 non
2584 1504 2697 1557 vult
2725 1504 2947 1557 omnino
2986 1503 3264 1558 vindicati.
3309 1504 3504 1559 Peccat
3548 1506 3695 1560 enim

2103 1595 2192 1664 qui
2241 1595 2415 1663 exigit
2468 1594 2608 1647 ultra
2655 1594 2933 1661 debitum,
2982 1610 3090 1648 non
3138 1604 3326 1663 peccat
3368 1606 3551 1649 autem
3600 1598 3695 1665 qui

2106 1684 2274 1754 exigit
2300 1684 2568 1747 debitum;
2600 1684 2692 1737 sed
2724 1684 2886 1737 tutius
2913 1685 3069 1754 longe
3090 1694 3173 1738 est
3198 1700 3228 1738 a
3256 1694 3475 1752 peccato
3503 1685 3697 1755 injusti

420 1778 577 1845 guine
618 1773 877 1841 redempti
924 1779 978 1827 et
1020 1772 1257 1826 munditi
1300 1787 1505 1827 sumus.
1552 1772 1682 1827 Nam
1722 1771 1774 1826 in
1816 1770 2000 1840 ﬁguris
2032 1779 2076 1838 Β
2106 1773 2379 1828 exactoris
2408 1775 2499 1844 qui
2551 1774 2770 1827 omnino
2808 1791 2915 1828 non
2965 1776 3130 1845 exigit
3168 1776 3431 1843 debitum,
3466 1792 3698 1844 praeser-

421 1867 751 1936 eloquiorum
782 1864 1106 1929 divinorum,
1130 1871 1185 1917 et
1214 1874 1396 1917 taurus
1438 1864 1614 1919 dictus
1643 1872 1751 1929 est,
1784 1873 2000 1933 propter

417 1959 697 2011 veritatem
747 1951 1044 2025 [virtutem]
1076 1953 1271 2019 crucis,
1314 1953 1465 2022 cujus
1512 1953 1765 2009 cornibus
1809 1953 2000 2022 impios

411 2048 712 2112 'veutilavit,
742 2055 796 2100 et
825 2045 965 2100 aries
1013 2054 1232 2115 propter
1270 2046 1586 2101 innocentia:
1618 2045 1998 2117 principatum,

421 2147 476 2195 et
518 2139 696 2192 hircus
720 2177 736 2203 ,
768 2144 984 2207 propter
1026 2136 1429 2191 similitudinem
1469 2138 1644 2192 carnis
1693 2136 1915 2206 peccati,
1945 2144 2003 2190 ut

421 2236 492 2290 tle
540 2242 758 2303 peccato
803 2231 1083 2285 damnaret
1128 2239 1404 2299 peccatum
1442 2247 1454 2283 :
1491 2239 1546 2284 et
1585 2230 1630 2284 si
1669 2230 1811 2300 quod
1858 2228 2000 2284 aliud

417 2322 671 2380 sacriﬁcii
713 2335 881 2392 genus
919 2321 1227 2389 expressius
1266 2321 1801 2387 commemoraveris,
1836 2321 1889 2375 in
1935 2335 2002 2375 eo

419 2429 632 2487 quoque
660 2413 755 2469 tibi
780 2412 1051 2467 Christum
1091 2412 1462 2481 prophetatum
1494 2427 1615 2468 esse
1661 2412 1997 2467 monstrabo.

418 2512 679 2580 Quocirca
713 2507 826 2564 sive
851 2506 1206 2570 circumcisio,
1238 2504 1352 2560 sive
1383 2505 1688 2572 sabbatum,
1714 2506 1826 2560 sive
1850 2503 1948 2559 diﬁ'
1966 2526 2003 2546 --

400 2603 589 2660 ‘ren'ia
616 2601 879 2664 ciborum,
904 2600 1019 2652 sive
1052 2596 1349 2652 immolatio
1387 2596 1794 2662 sacriﬁciorum,
1820 2596 2000 2651 omnia

416 2696 532 2750 h.ec
563 2693 742 2764 ﬁguras
771 2697 971 2746 nostra:
1005 2686 1219 2742 fuerunt
1249 2696 1302 2742 et
1332 2686 1651 2757 prophetize,
1680 2701 1815 2756 quas
1846 2686 2003 2742 Chri-

416 2800 530 2843 stus
561 2802 666 2841 non
714 2783 947 2845 solvere,
983 2779 1077 2836 sed
1114 2779 1405 2849 adimplere
1444 2780 1609 2844 venit,
1638 2792 1761 2834 cum
1789 2792 1851 2833 ea
1878 2791 2001 2848 qua:

418 2882 503 2936 his
534 2873 1026 2950 praenuntiabantur
1051 2869 1308 2941 implevit.

954 3006 1180 3065 CAPUT
1219 3005 1451 3062 LXVIII.

420 3129 573 3198 Quod
613 3126 840 3198 Oculum
881 3139 970 3198 pro
1012 3121 1158 3175 oculo
1198 3119 1406 3198 amisit
1448 3114 1911 3198 contrarium-DQai
1951 3124 1998 3168 te

482 3197 787 3271 percussgit
814 3184 890 3248 ἐπ’
917 3194 1149 3247 dextram
1187 3188 1472 3254 maxillam,
1501 3196 1622 3252 etc.,
1647 3201 1714 3241 ea:
1743 3184 1871 3239 libro
1902 3200 1995 3240 ιιι

491 3265 669 3322 contra
691 3265 963 3319 Faustum.

485 3379 603 3434 Jam
646 3391 774 3431 vero
801 3373 929 3429 illud
956 3369 1096 3441 quod
1139 3370 1374 3439 antiquis
1403 3367 1604 3424 dictum
1633 3377 1740 3433 est,
1767 3366 1997 3423 Oculum

397 3482 516 3539 τρι-ο
543 3465 720 3530 oculo,
746 3463 960 3518 dentem
1002 3476 1099 3530 pro
1139 3459 1322 3526 dente,
1351 3459 1622 3528 quomodo
1667 3468 1993 3514 contranum

412 3557 579 3611 habet
619 3553 759 3624 quod
793 3552 869 3606 ait
901 3551 1177 3613 Dominus,
1211 3549 1322 3619 Ego
1349 3556 1526 3603 autem
1556 3548 1677 3603 dico
1716 3547 1865 3603 vobis
1892 3564 1997 3603 non

416 3649 668 3704 resistere
690 3643 850 3707 malo,
873 3641 965 3696 sed
993 3642 1035 3694 si
1064 3641 1181 3708 quis
1204 3652 1256 3694 te
1285 3638 1614 3710 percusserit
1639 3639 1691 3693 in
1720 3638 1997 3693 maxillam

415 3741 710 3800 dexteram,
743 3732 920 3805 praebe
957 3739 1012 3786 et
1056 3731 1128 3785 illi
1167 3730 1426 3785 alteram:
1476 3729 1906 3800 quandoquidem
1945 3739 2001 3784 et

416 3829 546 3885 illud
595 3826 869 3895 aniiquum
924 3822 990 3877 ad
1036 3820 1404 3889 reprimendas
1459 3821 1706 3875 flammas
1754 3819 1997 3874 odiorum

412 3919 862 3986 stevicntiumque
894 3913 1276 3968 immoderatos
1306 3914 1516 3966 animos
1548 3912 1897 3967 refrenandos
1927 3911 1997 3965 ita

418 4022 742 4086 praeceptum
771 4008 897 4064 est?
929 4008 1058 4075 Quis
1088 4008 1228 4059 enim
1262 4004 1474 4059 tandem
1524 4005 1678 4061 facile
1716 4012 1998 4060 contentus

416 4116 501 4159 est
545 4114 749 4158 tantum
783 4114 1050 4170 reponere
1078 4099 1329 4152 vindicta:
1371 4105 1630 4167 quantum
1664 4098 1872 4165 accepit
1917 4096 1999 4151 in-

410 4197 608 4268 jurim?
639 4196 825 4250 Nonne
852 4192 1093 4246 videmus
1134 4190 1379 4243 homines
1417 4190 1606 4244 leviter
1634 4188 1792 4243 laesos
1823 4189 1999 4244 moliri

412 4290 635 4355 caedem,
669 4286 820 4341 sitire
850 4285 1163 4354 sanguinem
1184 4324 1197 4347 ,
1229 4283 1430 4353 visque
1461 4283 1700 4337 invenire
1741 4284 1794 4337 in
1842 4284 1997 4338 malis

412 4378 615 4434 inimici
647 4376 787 4430 unde
833 4372 1127 4429 satientur?
1164 4372 1293 4439 Quis
1343 4386 1517 4440 pugno
1566 4385 1849 4439 percussus
1892 4387 1997 4426 non

413 4477 502 4521 aut
526 4465 726 4537 judicia
747 4462 979 4518 concitat
1010 4463 1064 4514 in
1089 4460 1486 4514 damnationem
1513 4459 1628 4528 ejus
1653 4461 1741 4530 qui
1775 4475 1995 4529 percus-

2104 1868 2196 1921 tim
2230 1882 2294 1919 ne
2327 1879 2550 1935 cogatur
2592 1873 2649 1919 et
2694 1865 2809 1935 ipse
2856 1866 3082 1921 reddere
3129 1865 3365 1921 debitum
3394 1866 3464 1920 ab
3511 1882 3578 1921 eo
3604 1868 3699 1936 qui

2105 1955 2304 2011 nullum
2335 1955 2497 2010 debet
2527 1954 2788 2011 debitum.

2654 2112 2878 2169 CAPUT
2917 2111 3103 2167 LXIX.

2101 2204 2373 2270 Quomodo
2416 2206 2803 2275 intelligendum
2831 2206 2898 2258 sit
2924 2205 3057 2258 illud
3104 2203 3337 2275 Apostoli
3367 2219 3387 2257 :
3420 2202 3485 2275 In
3513 2205 3702 2273 quibus

2184 2276 2321 2328 Deus
2351 2276 2526 2329 saeculi
2564 2274 2719 2347 Ituju_s
2761 2278 3033 2329 excatcavit
3070 2285 3262 2327 mentes
3291 2274 3608 2342 inﬁdelium,
3642 2292 3708 2326 με

2176 2349 2306 2401 libro
2338 2361 2426 2401 nt
2456 2343 2643 2399 contra
2668 2343 2717 2397 F
2719 2356 2947 2398 austum.

2177 2460 2464 2529 Apostolus
2493 2458 2567 2512 ait
2592 2474 2606 2513 :
2633 2458 2774 2513 Deus
2801 2457 2984 2512 saeculi
3018 2456 3177 2525 hujus
3207 2461 3501 2509 excaecavit
3535 2470 3692 2508 meu-

2104 2561 2185 2610 tes
2230 2552 2547 2608 inﬁdelium.
2595 2551 2764 2618 Quam
2808 2550 3023 2620 quidem
3069 2549 3388 2604 sententiam
3443 2550 3691 2618 plerique

2105 2654 2347 2701 nostrum
2409 2643 2482 2699 ita
2528 2642 2908 2713 distinguunt,
2951 2650 3009 2696 ut
3057 2640 3223 2695 Deum
3272 2655 3459 2695 verum
3508 2640 3694 2695 dicant

2104 2750 2406 2793 excmcasse
2436 2734 2734 2790 inﬁdelium
2766 2742 2994 2789 mentes.
3036 2731 3173 2787 Cum
3205 2732 3349 2788 enim
3381 2733 3610 2801 legerint
3641 2734 3693 2785 in

2105 2825 2299 2899 quibus
2345 2828 2509 2892 Deus,
2552 2825 2885 2897 suspendunt
2913 2824 3402 2895 pronuntiationem
3423 2866 3439 2889 ,
3472 2839 3537 2878 ac
3568 2835 3692 2878 tunc

2107 2923 2361 2989 inferunt,
2387 2920 2568 2977 saiculi
2598 2918 2759 2989 hujus
2788 2919 3080 2972 exoneravit
3110 2926 3319 2971 mentes
3351 2916 3644 2971 inﬁdelium
3673 2934 3688 2971 :

2107 3016 2228 3086 quia
2258 3022 2315 3070 et
2338 3014 2383 3070 si
2414 3013 2485 3070 ita
2523 3026 2627 3066 non
2655 3011 2986 3079 distinguant
3008 3007 3266 3079 [distingu
3290 3006 3375 3077 .s].
3405 3008 3501 3062 sed
3528 3023 3690 3078 expc.

2106 3107 2273 3165 nendi
2301 3104 2468 3178 gratia
2497 3105 2568 3161 ita
2608 3104 2895 3159 verborum
2920 3102 3164 3156 ordinem
3210 3108 3415 3155 mutent
3444 3098 3689 3171 [mutas],

2022 3157 2068 3222 ο
2100 3204 2151 3259 in
2183 3157 2377 3270 quibus
2406 3197 2552 3253 Deus
2593 3194 2881 3251 excaecavit
2927 3203 3133 3248 mentes
3179 3191 3475 3246 inﬁdelium
3504 3192 3689 3246 smculi

2101 3292 2279 3362 hujus,
2310 3291 2452 3347 idem
2493 3289 2584 3360 qui
2635 3291 2689 3343 in
2736 3287 2824 3341 illa
2862 3286 3209 3341 distinctione
3253 3297 3447 3338 sensus
3492 3283 3688 3337 elucet.

2101 3386 2284 3441 Patest
2317 3381 2460 3437 enim
2511 3382 2673 3435 etiam
2735 3377 2855 3431 talis
2900 3373 3146 3445 opt-ratio
3195 3387 3295 3442 qua
3344 3381 3691 3426 excmcantur

2102 3485 2309 3531 mentes
2336 3470 2634 3528 inﬁdelium
2680 3468 2973 3525 secundum
3005 3465 3289 3536 quemdam
3319 3463 3542 3518 modum
3576 3478 3693 3533 per-

2101 3567 2273 3621 tinere
2300 3563 2368 3619 ad
2412 3577 2598 3619 verum
2645 3561 2833 3627 Deum,
2860 3558 3001 3629 quod
3034 3572 3139 3612 non
3172 3556 3296 3609 facit
3343 3553 3567 3618 malitia,
3600 3554 3691 3608 sed

2095 3653 2326 3724 iustitia,
2360 3654 2501 3708 sicut
2531 3650 2671 3706 idem
2714 3648 2910 3704 Paulus
2946 3647 3072 3701 alibi
3108 3645 3275 3700 dicit:
3302 3642 3554 3713 Nunquid
3588 3642 3691 3697 ini-

2101 3757 2241 3813 quus
2287 3743 2449 3807 Deus,
2479 3742 2568 3811 qui
2620 3739 2780 3794 infert
2812 3736 3134 3793 iram?ltem
3177 3734 3322 3788 alibi.
3375 3733 3515 3800 Quid
3565 3749 3693 3803 ergo

2101 3834 2365 3898 dicemus,
2397 3832 2590 3902 inquit,
2609 3829 2856 3899 Nunquid
2889 3826 3140 3896 iniquitas
3162 3820 3288 3898 [est]
3314 3823 3457 3893 apud
3484 3824 3694 3878 Deum?

2101 3926 2274 3981 Absit.
2325 3924 2502 3979 Moses
2549 3922 2696 3977 enim
2745 3919 2877 3974 dicit
2916 3936 2927 3970 :
2969 3916 3261 3972 Miserebor
3302 3914 3387 3970 cui
3438 3914 3692 3968 misertus

2102 4017 2295 4085 fuero,
2340 4026 2394 4071 et
2440 4011 2862 4069 misericordiam
2920 4007 3185 4076 praestabo
3238 4004 3325 4060 cui
3379 4006 3693 4059 misericors

2106 4109 2276 4164 fuero.
2310 4106 2444 4162 Cum
2481 4120 2609 4174 ergo
2654 4100 3003 4172 praemisisset
3042 4096 3184 4167 quod
3216 4098 3537 4151 inconcusse
3570 4097 3691 4149 reti-

2102 4195 2335 4251 nendum
2365 4204 2470 4259 est,
2501 4208 2605 4246 non
2628 4204 2749 4245 esse
2772 4187 3104 4258 iniquitatem
3128 4184 3267 4255 apud
3294 4186 3461 4238 Deum
3482 4225 3496 4247 ,
3534 4184 3691 4251 paulo

2104 4295 2225 4354 post
2252 4283 2467 4339 attende
2488 4281 2612 4352 quid
2640 4279 2814 4333 dicat:
2838 4278 2893 4333 Si
2919 4290 3097 4331 autem
3124 4276 3309 4331 volens
3334 4274 3479 4329 Deus
3505 4286 3689 4328 osten-

2040 4395 2055 4401 '
2101 4378 2230 4431 dere
2276 4376 2433 4443 iram,
2466 4383 2520 4429 et
2562 4373 2937 4427 demonstrare
2986 4372 3280 4437 potentiam
3313 4382 3489 4433 suam,
3515 4367 3689 4420 attulit

2104 4469 2155 4523 in
2188 4467 2348 4522 multa
2400 4462 2651 4533 patientia
2684 4476 2807 4515 vasa
2861 4462 2953 4514 ira:
3003 4475 3124 4528 quae
3177 4458 3409 4527 perfecta
3458 4467 3589 4513 sunt
3633 4460 3685 4512 in

411 4558 576 4614 serit?
605 4566 716 4621 aut,
751 4556 793 4609 si
827 4554 943 4624 ipse
968 4563 1310 4622 repercutere
1337 4552 1495 4614 velit,
1529 4560 1694 4605 totum
1725 4552 1995 4608 hominem
2018 4538 2075 4598 7D
2100 4558 2474 4630 perditionem,
2504 4564 2559 4610 et
2587 4563 2645 4609 ut
2673 4562 2826 4608 notas
2864 4553 3063 4608 faceret
3086 4551 3300 4607 divitias
3329 4549 3517 4620 gloria:
3546 4564 3682 4615 sum,

411 4653 453 4705 si
488 4665 592 4704 non
624 4652 784 4704 etiam
817 4647 922 4702 telo
950 4647 1131 4713 aliquo
1160 4652 1399 4712 arrepto,
1431 4643 1619 4711 pugnis
1647 4643 1991 4713 calcibusque

410 4740 722 4795 contundit?
760 4739 895 4794 lluic
936 4739 1096 4809 igitur
1134 4736 1501 4791 immoderatae
1547 4749 1609 4788 ac
1658 4750 1753 4803 per
1780 4734 1881 4790 hoc
1910 4736 1993 4790 in.

407 4832 566 4901 justa:
597 4829 783 4882 ultioni
810 4829 892 4882 lex
936 4828 1140 4897 justum
1173 4826 1388 4880 modum
1442 4825 1629 4893 ligcns,
1664 4839 1875 4893 ptenam
1908 4836 1991 4878 ta-

408 4920 568 4976 lionis
612 4919 877 4983 instituit,
921 4918 1021 4971 hoc
1069 4927 1150 4971 est
1190 4926 1248 4970 ut
1287 4916 1496 4985 qualem
1546 4916 1771 4984 quisque
1816 4914 1995 4968 intulit

410 5012 655 5084 injuriam
684 5052 697 5075 ,
742 5010 846 5063 tale
886 5009 1203 5079 supplicium
1252 5008 1465 5077 pendat.
1499 5006 1730 5060 Proinde
1776 5007 1988 5060 oeulum

408 5121 506 5178 pro
535 5104 711 5169 oculo,
743 5101 957 5158 dentem
991 5116 1085 5168 pro
1115 5103 1273 5155 dente
1295 5141 1307 5164 ,
1341 5116 1445 5153 non
1478 5100 1669 5164 fomes,
1697 5099 1791 5153 sed
1838 5100 1989 5154 limes

406 5198 605 5256 furoris
630 5203 733 5258 est,
767 5208 870 5247 non
904 5200 959 5246 ut
988 5191 1037 5244 id
1069 5190 1208 5259 quod
1243 5192 1471 5259 sopitum
1492 5200 1615 5245 erat
1646 5192 1767 5246 hinc
1795 5206 1989 5246 accen-

406 5289 641 5348 deretur,
671 5283 766 5339 sed
798 5296 863 5336 ne
907 5281 957 5333 id
1004 5278 1144 5348 quod
1188 5279 1409 5333 ardebat
1438 5281 1572 5333 ultra
1603 5279 1988 5336 cxtenderetur

404 5378 706 5448 impositus.
734 5375 825 5430 Est
846 5374 985 5427 enim
1010 5369 1252 5440 quaedam
1278 5370 1420 5439 justa
1450 5370 1702 5438 vindicta,
1729 5372 1985 5441 justeque

404 5477 629 5532 debetur
668 5471 717 5526 ei
748 5468 835 5539 qui
886 5466 1045 5521 fuerit
1080 5478 1267 5533 passus
1306 5462 1574 5530 iujuriam.
1613 5463 1765 5519 Unde
1795 5466 1981 5534 utique

402 5584 526 5626 cum
559 5563 882 5635 ignoscimus
915 5561 979 5612 de
1019 5566 1204 5611 nostro
1233 5554 1629 5626 quodammodo
1663 5555 1784 5625 jure
1814 5554 1977 5624 largi-

405 5674 552 5720 mur;
583 5655 725 5709 unde
768 5655 925 5707 etiam
967 5650 1140 5705 debita
1182 5649 1461 5711 ἀίετιηιυγ,
1494 5662 1610 5715 qum
1652 5646 1704 5701 in
1736 5649 1977 5702 oratione

398 5745 673 5803 dominica
724 5746 1029 5802 humanitus
1075 5746 1347 5801 dimittere
1388 5758 1702 5812 monemur,
1734 5752 1789 5797 ut
1823 5741 1973 5799 nobis

2100 4650 2153 4704 in
2184 4663 2309 4702 vasa
2342 4645 2721 4702 misericordiae
2748 4660 2867 4714 quae
2898 4643 3287 4713 praeparavitin
3311 4641 3559 4712 gloriam,
3579 4653 3685 4698 etc.

2099 4740 2258 4794 Certe
2290 4738 2375 4792 hic
2426 4737 2571 4790 nullo
2612 4736 2771 4790 modo
2800 4734 2906 4789 dici
2958 4741 3137 4803 potest
3164 4733 3327 4787 alium
3362 4731 3532 4787 Deum
3566 4746 3689 4787 esse

2104 4835 2192 4903 qui
2228 4829 2460 4887 ostendit
2507 4832 2639 4885 iram
2668 4838 2723 4885 et
2751 4829 3088 4884 demonstrat
3115 4826 3407 4896 potentiam
3453 4840 3609 4880 suam
3638 4827 3687 4879 in

2104 4926 2245 4979 vasis
2288 4940 2407 4993 qua:
2456 4922 2687 4992 perfecta
2729 4930 2853 4975 sunt
2897 4919 2963 4974 ad
3012 4918 3398 4988 perditionem,
3427 4927 3483 4972 et
3522 4917 3686 4971 alium

2098 5017 2189 5084 qui
2217 5015 2450 5070 ostendit
2475 5013 2690 5067 divitias
2717 5027 2840 5066 suas
2866 5012 2918 5065 in
2945 5010 3088 5063 vasis
3117 5006 3525 5064 misericordiae.
3551 5007 3685 5063 Nam

2094 5124 2254 5162 unum
2286 5106 2638 5174 eumdemque
2660 5103 2830 5159 Deum
2856 5103 3051 5169 facere,
3079 5110 3363 5171 utrumque
3384 5102 3684 5169 aposmlica

2093 5195 2336 5251 doctrina
2368 5203 2673 5250 attestatur.
2728 5193 2862 5247 llinc
2890 5201 2974 5247 est
3019 5199 3073 5245 et
3100 5190 3229 5245 illud
3259 5207 3270 5241 :
3320 5188 3553 5259 Pr0ptcr
3586 5190 3687 5243 hoc

2092 5289 2307 5343 tradidit
2354 5288 2471 5341 illos
2501 5289 2649 5341 Deus
2681 5286 2732 5339 in
2765 5283 3228 5353 concupiscemias
3258 5281 3439 5338 cordis
3471 5297 3687 5342 eorum,

2093 5369 2143 5432 in
2192 5377 2580 5433 immunditiam
2611 5418 2624 5442 ,
2671 5383 2730 5429 ut
2778 5375 3117 5430 contumeliis
3169 5373 3404 5427 afﬁciant
3452 5388 3683 5441 corpora

2088 5485 2181 5525 sua
2234 5472 2284 5525 in
2324 5470 2658 5539 semetipsis;
2692 5477 2746 5523 et
2795 5467 2952 5536 paulo
2986 5475 3145 5537 post:
3190 5454 3483 5535 PrOpterea
3516 5466 3684 5519 tradi-

2086 5562 2165 5617 dit
2206 5563 2327 5617 illos
2371 5563 2513 5617 Deus
2542 5562 2593 5615 in
2627 5561 2905 5630 passiones
2953 5559 3288 5629 ignominiae;
3339 5559 3467 5611 item
3525 5558 3684 5626 paulo

2084 5668 2203 5725 post
2234 5676 2244 5709 :
2274 5656 2339 5710 Et
2371 5654 2619 5724 quoniam
2655 5668 2758 5707 non
2795 5654 3153 5722 probaverunt
3196 5650 3363 5704 Deum
3394 5650 3598 5705 habere
3627 5651 3677 5703 in

2078 5748 2321 5802 notitiam
2355 5741 2613 5816 [notitia],
2653 5743 2867 5798 tradidit
2922 5742 3038 5798 illos
3091 5742 3228 5797 Deus
3279 5740 3331 5794 in
3384 5743 3676 5809 repreb'im
