3990 6180
324 232 429 287 689

1413 239 1417 242 ’
1509 234 1944 294 TIIESAURUS.
1982 236 2136 293 CAP.
2167 238 2358 294 LXXI.

3499 244 3601 306 (ἱεο

321 361 565 400 sensum.
616 345 752 400 Ecce
800 344 1071 415 quomodo
1104 360 1259 401 verus
1293 347 1429 401 Deus
1458 358 1511 402 et
1534 350 1711 418 justus
1735 364 1909 404 excte-
1938 351 2321 422 Aadjungitur
2364 351 2523 421 hujus
2573 352 2784 418 saeculi,
2848 352 2900 408 id
2952 364 3032 408 est
3083 354 3359 410 boanum
3409 356 3599 425 impio-

320 448 408 493 eat
435 448 648 494 mentes
704 438 1041 495 infidelium?
1079 439 1265 509 Neque
1304 440 1447 495 enim
1481 457 1713 511 unquam
1741 441 1793 496 in
1826 442 1909 495 his

322 535 567 605 Apostoli
598 534 772 591 verbis
792 549 913 605 qua:
939 536 1353 590 commemoravi
1379 576 1394 601 ,
1418 537 1553 591 alius
1583 536 1724 591 Deus
1752 538 1911 592 intel-

322 629 493 682 lectus
518 637 603 682 est
626 643 786 697 quam
815 628 907 682 ille
934 626 1025 697 qui
1049 627 1241 681 Filium
1264 642 1420 682 suum
1444 627 1909 684 misitdicentem:

321 717 375 770 In
402 716 665 786 judicium
691 717 815 773 veni
842 717 895 771 in
925 716 1065 772 hunc
1088 717 1368 785 mundum,
1395 727 1451 772 ut
1473 718 1563 787 qui
1588 733 1695 773 non
1723 718 1912 775 vident

321 810 558 866 videant.
591 818 646 864 et
673 810 766 879 qui
796 808 978 863 vident
1005 808 1135 863 caeci
1167 807 1314 862 fiant.
1364 808 1498 876 Nam
1546 817 1601 864 et
1647 809 1734 864 hic
1780 811 1912 865 satis

318 912 544 969 apparet
589 900 861 956 mentibus
907 900 1167 966 fidelium,
1198 900 1467 970 quomodo
1497 900 1638 956 Deus
1666 909 1908 956 exemcet

320 1001 532 1047 mentes
561 992 883 1047 infidelium.
915 991 1177 1048 Praecedit
1214 994 1357 1047 enim
1403 992 1605 1062 aliquid
1640 993 1910 1048 occule

321 1088 373 1139 iu
402 1086 651 1151 occultis,
682 1085 771 1140 ubi
802 1086 941 1140 Deus
969 1086 1078 1155 agit
1116 1084 1284 1158 [agat]
1306 1085 1662 1155 justissimum
1683 1101 1909 1143 examen

324 1177 501 1246 iudicii
530 1178 638 1245 sui,
665 1185 723 1230 ut
750 1177 1102 1245 quorumdam
1148 1187 1354 1231 mentes
1383 1185 1747 1243 exctccentur,
1776 1193 1908 1247 quo-

325 1268 569 1322 rumdam
626 1267 1013 1331 illuminentur,
1058 1267 1146 1321 cui
1194 1268 1473 1322 verissime
1517 1267 1718 1322 dictum
1771 1277 1906 1324 est:

323 1360 526 1414 Iudicia
560 1368 645 1414 tua
674 1359 899 1430 abyssus
926 1358 1111 1422 multa,
1143 1356 1296 1427 cujus
1323 1358 1702 1426 profunditatis
1740 1359 1907 1428 impe-

325 1450 646 1505 netrabilem
691 1449 1028 1504 altitudinem
1069 1448 1352 1516 Apostolus
1399 1448 1693 1504 admiratus
1730 1451 1907 1505 excla-

324 1556 435 1606 mat
482 1564 495 1597 :
538 1544 585 1599 Ο
622 1543 847 1599 altitudo
891 1542 1194 1597 divitiarum
1237 1544 1518 1612 sapientia:
1565 1553 1618 1598 et
1666 1545 1907 1599 scientia:

327 1636 442 1697 Dei,
474 1652 635 1706 quam
680 1635 1044 1690 inscrutabilia
1087 1645 1213 1690 sunt
1256 1634 1455 1703 judicia
1493 1636 1629 1704 ejus,
1658 1636 1904 1692 clm/Vos

2014 457 2157 507 rutn,
2208 458 2313 497 non
2346 445 2445 498 nisi
2486 445 2538 497 in
2582 443 2683 498 hoc
2723 445 2922 499 saeculo
2966 445 3164 500 florere
3192 447 3488 501 volentium
3518 463 3599 501 se-

2011 533 2245 587 cundum
2275 534 2417 602 quod
2445 534 2659 597 dicitur,
2694 545 2748 588 et
2792 534 2991 588 malum
3032 550 3249 600 secum,
3288 536 3428 589 sicut
3472 537 3600 589 scri-

2017 631 2164 692 ptum
2189 633 2272 679 est
2294 666 2311 690 ,
2341 634 2399 678 ut
2427 625 2692 679 eximeret
2722 640 2820 698 nos
2846 625 2913 680 de
2942 626 3195 694 praesenti
3223 626 3424 681 saeculo
3452 627 3601 680 mali-

2012 727 2138 782 gno.
2190 714 2321 769 Tale
2359 714 2503 769 enim
2539 726 2704 771 estet
2731 715 2860 769 illud
2891 734 2903 768 :
2933 718 3169 783 Quorum
3217 717 3356 772 Deus
3387 726 3599 782 venter,

2014 805 2116 858 nisi
2141 815 2287 861 esset
2313 806 2383 861 ibi
2413 822 2640 877 quorum
2673 809 2816 862 nullo
2851 809 3011 863 modo
3045 809 3270 874 diceret,
3308 811 3448 867 Deus
3472 826 3598 865 ven-

2016 904 2120 960 ter,
2150 910 2249 951 nec
2279 896 2332 950 in
2384 896 2601 951 Psalmo
2640 899 2904 952 daemonia
2949 908 3172 968 possent
3213 900 3284 954 dii
3331 901 3592 970 appellari

2013 985 2117 1041 nisi
2146 986 2438 1041 adderetur
2462 991 2700 1059 gentium
2731 989 3017 1046 daemonia.
3042 991 3133 1047 Sic
3159 993 3302 1046 enim
3332 994 3593 1062 scripturn

2012 1086 2132 1132 est:
2166 1078 2432 1144 Quoniam
2465 1080 2535 1133 dii
2566 1080 2808 1149 gentium
2834 1080 3125 1137 daemonia.
3162 1083 3258 1138 Hic
3287 1096 3465 1138 autem
3495 1100 3595 1139 nec

2013 1168 2156 1224 Deus
2186 1169 2343 1238 hujus
2370 1171 2577 1239 sccculi,
2609 1187 2709 1228 nec
2730 1188 2955 1241 quorum
2990 1174 3131 1229 Deus
3160 1184 3365 1243 venter,
3398 1191 3498 1230 nec
3521 1175 3595 1229 dii

2010 1261 2269 1330 gentium,
2299 1262 2394 1316 sed
2430 1262 2753 1331 simpliciter
2789 1264 3023 1333 positum
3063 1275 3166 1329 est,
3204 1266 3345 1320 Deus
3388 1278 3594 1335 tempe-

2011 1350 2148 1405 ravit
2174 1366 2389 1420 corpus,
2419 1354 2508 1422 qui
2537 1368 2643 1407 non
2673 1363 2849 1423 potest
2876 1355 3100 1425 intelligi
3124 1357 3224 1410 nisi
3251 1355 3391 1411 Deus
3421 1371 3586 1410 verus

2011 1441 2252 1495 omnium
2282 1453 2512 1513 creator.
2546 1443 2636 1497 Illa
2664 1444 2805 1498 enim
2832 1460 2953 1498 cum
2984 1444 3371 1515 vituperatione
3400 1446 3588 1501 dicun-

2013 1541 2118 1595 tur,
2174 1532 2275 1586 hoc
2312 1543 2489 1586 autem
2532 1547 2652 1587 cum
2700 1534 2855 1587 laude
2892 1535 3090 1588 dictum
3141 1544 3256 1597 est;
3304 1537 3403 1588 nisr
3455 1535 3594 1589 forte

2010 1625 2181 1681 Deum
2212 1622 2544 1697 temperasse
2583 1641 2779 1696 corpus
2803 1642 2909 1681 non
2936 1627 3290 1697 dispositione
3319 1629 3591 1683 membro.-

326 1736 502 1780 autem
546 1740 649 1780 non
700 1725 889 1779 valetis
932 1724 1141 1780 discere
1190 1725 1545 1797 [discernere]
1575 1727 1703 1796 quid
1751 1727 1911 1783 faciat
1938 1721 1987 1782 Β
2015 1738 2155 1790 rum,
2198 1725 2298 1777 hoc
2328 1733 2412 1777 est
2460 1722 2769 1777 fabricando
2803 1730 2859 1776 et
2885 1722 3267 1785 construendo,
3316 1721 3411 1776 sed
3452 1724 3589 1775 mix-

327 1820 469 1872 Detts
499 1816 782 1881 beneficio,
813 1816 939 1884 quid
981 1815 1204 1886 judicio,
1235 1816 1360 1887 quia
1401 1827 1458 1871 et
1500 1832 1529 1871 a
1559 1817 1725 1873 corde
1754 1827 1810 1874 et
1838 1819 1907 1873 ab

328 1932 421 1971 ore
451 1926 631 1970 vestro
659 1916 816 1986 longe
843 1925 925 1970 est
953 1914 1262 1984 psalterium
1292 1922 1552 1980 nostrum,
1576 1914 1663 1969 ubi
1694 1914 1903 1971 dicitur:

328 2007 747 2064 Misericordiatn
773 2016 828 2063 et
852 2006 1107 2077 judicium
1138 2007 1364 2062 cantabo
1402 2008 1519 2073 tibi,
1553 2007 1795 2063 Domine.

827 2140 932 2217 55
976 2137 1201 2193 CAPUT
1245 2137 1407 2194 cxx.

332 2232 406 2285 De
437 2246 497 2283 eo
525 2230 664 2300 quod
692 2230 764 2283 ait
792 2231 928 2282 idem
959 2230 1266 2297 Apos'otus,
1298 2229 1436 2300 Deus
1466 2230 1764 2296 temperavit
1794 2245 1910 2284 cur-

400 2312 516 2370 pﬂs,
537 2297 612 2354 ea:
637 2302 811 2354 eodem
841 2300 974 2353 libro
1003 2315 1090 2353 xxt
1122 2309 1297 2352 contra
1322 2297 1592 2354 Faustum.

402 2395 543 2447 Dicit
572 2392 861 2462 Apostolus
894 2410 905 2444 :
944 2392 1082 2447 Deus
1112 2392 1427 2460 temperavit
1454 2406 1669 2460 corpus,
1701 2401 1756 2446 et
1781 2390 1912 2447 dicit

331 2486 436 2539 iste
477 2485 595 2549 ὕλη,
624 2498 728 2538 non
760 2484 922 2539 Deus.
952 2483 1088 2550 Quid
1112 2481 1287 2552 aptius
1311 2481 1591 2555 [apertius]
1622 2483 1705 2539 his
1731 2482 1910 2537 inimi-

327 2576 473 2631 citiis
500 2585 626 2629 ante
653 2574 1060 2628 anathemandis
1090 2587 1248 2641 quam
1280 2572 1553 2629 refellendi
1583 2582 1706 2629 sunt
1729 2574 1910 2645 [quam

328 2663 685 2735 re'ellendis}.
725 2664 988 2734 Numquid
1018 2673 1072 2718 et
1102 2664 1187 2717 hic
1216 2663 1504 2729 Apostolus
1522 2678 1640 2717 cum
1686 2663 1908 2731 diceret,

332 2757 498 2825 Deus,
522 2755 724 2811 addidit
754 2757 914 2823 hujus
943 2753 1164 2809 saeculi?
1195 2753 1295 2808 Ubi
1325 2754 1481 2806 etiam
1505 2752 1551 2806 si
1581 2754 1701 2821 quis
1728 2754 1911 2809 diabo-

329 2849 440 2902 lum
486 2847 811 2903 intellexerit
853 2859 1131 2901 excmcare
1168 2853 1375 2899 mentes
1428 2844 1747 2910 infidelium,
1803 2858 1910 2899 non

328 2953 601 3007 negamus
637 2939 792 2993 malis
837 2936 1195 3002 suasionibus,
1228 2936 1417 3006 quibus
1449 2937 1535 3006 qui
1571 2937 1923 2992 consentiunt

330 3030 552 3099 iustitia:
600 3030 778 3085 lumen
811 3030 1080 3094 amittunt,
1137 3030 1244 3083 Deo
1281 3029 1603 3085 retribuente
1633 3029 1770 3099 quod
1793 3029 1911 3100 jus—

2012 1814 2159 1875 tione
2198 1816 2332 1871 lucis
2375 1831 2487 1870 suae
2532 1817 2757 1870 Faustus
2800 1816 3076 1885 intelligit,
3121 1824 3181 1870 ut
3217 1818 3421 1870 scilicet
3469 1816 3583 1869 ba>c

2014 1908 2251 1961 membra
2274 1906 2341 1959 ita
2369 1906 2617 1960 distincta
2646 1916 2696 1959 et
2728 1906 2898 1961 locata
2930 1907 3040 1960 suis
3063 1905 3280 1960 sedibus
3321 1906 3460 1959 alter
3486 1919 3589 1974 po-

2011 1996 2177 2051 suerit
2214 1997 2303 2066 qui
2335 1996 2434 2052 ltoc
2465 1997 2756 2051 fabricavit.
2807 1999 2947 2052 Deus
2973 2008 3161 2053 autem
3190 1998 3464 2055 miscendo
3496 1998 3590 2052 bo-

2011 2090 2231 2145 nitatem
2263 2105 2434 2156 suam,
2467 2090 2624 2159 hujus
2654 2090 2868 2144 fabrica}
2898 2090 3154 2144 malitiam
3186 2090 3589 2157 temperaverit.

2013 2182 2235 2243 Talibus
2264 2183 2405 2236 enim
2439 2182 2634 2238 fabulis
2673 2182 2904 2251 pueriles
2932 2180 3136 2235 animas
3180 2180 3464 2245 hebetant,
3493 2180 3591 2235 sed

2012 2288 2183 2343 neque
2214 2273 2315 2327 hoc
2338 2288 2431 2328 eos
2459 2273 2737 2342 possidere
2766 2273 2945 2344 [posse
2974 2273 3175 2342 dieerel
3206 2274 3447 2343 permisit
3466 2273 3590 2330 sub-

2012 2366 2233 2419 veniens
2279 2365 2420 2423 Deus
2469 2364 2709 2433 parvulis
2746 2378 2840 2433 per
2886 2378 2978 2417 ora
3029 2372 3359 2418 sanctorum.
3416 2363 3591 2418 Habes

2011 2455 2153 2509 enim
2180 2464 2235 2512 et
2266 2455 2423 2522 paulo
2449 2455 2715 2523 superius,
2754 2455 2890 2508 Deus
2918 2454 3093 2522 posuit
3122 2454 3358 2507 membra
3408 2454 3589 2521 singu-

2012 2546 2120 2600 lum
2160 2544 2410 2614 quodque
2449 2545 2679 2617 [singula
2725 2543 2973 2615 quaeque]
3021 2558 3209 2600 eorum
3259 2544 3313 2597 in
3361 2557 3589 2610 corpore

2012 2647 2172 2709 prout
2200 2640 2388 2692 voluit.
2422 2638 2554 2705 Quis
2580 2639 2689 2707 jam
2723 2652 2827 2691 non
2869 2638 3126 2706 intelligat
3162 2635 3454 2691 secundum
3486 2634 3587 2687 hoc

2011 2732 2213 2787 dictum
2256 2730 2423 2785 Deum
2466 2739 2880 2800 temperatorem
2919 2728 3160 2796 corporis
3189 2727 3311 2791 sui,
3343 2725 3484 2795 quod
3517 2739 3583 2778 ex

2011 2825 2195 2883 multis
2217 2823 2472 2880 membris
2495 2838 2689 2893 corpus
2715 2820 3017 2887 fabricavit,
3047 2818 3587 2876 ofﬁciadiversorum

2011 2935 2232 2991 operum
2264 2921 2316 2975 in
2345 2917 2562 2977 unitatis
2588 2931 2846 2987 compage
2874 2914 3228 2971 servantibus.

2575 3049 2801 3107 CAPUT
2850 3048 3033 3105 LXXI.

330 3128 444 3174 ¹¹⁵¹¹³
472 3130 577 3174 es"
626 3121 749 3175 “ac
776 3120 952 3175 omni"
999 3120 1224 3192 'e‘imus
1263 3120 1315 3211 in
1347 3120 1639 3211 scripturis
1678 3123 1898 3176 sanc‘is'
1932 3100 1979 3163 ϐ
2013 3143 2264 3211 Επεηιριο
2305 3143 2520 3195 Abrahte
2549 3142 2760 3194 celantia
2800 3142 3069 3209 coniugem
3111 3138 3254 3211 d‘ocet
3294 3144 3347 3190 ut
3383 3136 3588 3211 quando

330 3211 464 3265 Nam
497 3221 552 3265 et
592 3212 718 3265 illud
747 3211 948 3265 dictum
989 3222 1071 3265 est
1110 3212 1178 3265 de
1220 3210 1531 3265 seductione
1573 3211 1908 3266 extrinsecus

328 3306 629 3356 veniente:
665 3302 852 3357 Timeo
882 3317 949 3357 ne
978 3303 1114 3357 sicut
1143 3318 1366 3373 serpens
1407 3303 1567 3357 Evam
1606 3303 1818 3358 seduxit
1854 3304 1908 3359 in

298 3393 567 3447 'versutia
588 3409 704 3458 sua,
738 3395 807 3447 ita
836 3405 1246 3461 corrumpantur
1276 3404 1481 3450 mentes
1503 3403 1695 3450 vestra:
1724 3411 1751 3449 a
1782 3396 1910 3451 sim-

327 3484 574 3549 pheitate
614 3493 670 3539 et
694 3485 943 3538 castitate
968 3502 1086 3547 quae
1129 3496 1208 3540 est
1249 3487 1299 3539 in
1330 3486 1560 3541 Christo.
1601 3485 1697 3541 Cui
1734 3487 1910 3541 simile

328 3586 412 3628 est
446 3592 462 3627 :
494 3574 856 3644 Corrumpunt
903 3590 1083 3629 mores
1128 3576 1295 3630 bonos
1334 3578 1597 3645 colloquia
1646 3579 1801 3631 mala.
1847 3576 1912 3631 Et

329 3665 463 3718 illud
490 3666 636 3733 quod
669 3673 724 3718 et
749 3663 848 3718 sibi
892 3666 1115 3734 quisque
1157 3666 1411 3720 seductor
1455 3666 1563 3720 sit:
1591 3668 1688 3734 Qui
1729 3677 1909 3721 autem

324 3766 475 3824 putat
511 3771 635 3809 esse
662 3770 721 3809 se
748 3754 947 3824 aliquid
976 3770 1098 3811 cum
1129 3756 1258 3810 nihil
1291 3760 1381 3822 sit,
1413 3760 1647 3825 seipsum
1679 3758 1910 3821 seducit,

322 3862 377 3905 et
410 3850 543 3905 illud
582 3850 653 3906 de
683 3849 774 3903 Dei
804 3849 1030 3904 vindicta
1061 3850 1199 3919 quod
1241 3866 1396 3920 supra
1427 3852 1909 3906 commemoravit;

326 3944 579 3998 Tradidit
608 3944 731 3997 illos
764 3944 904 3997 Deus
935 3944 986 3997 in
1020 3944 1301 4013 reprobum
1332 3960 1577 4011 sensum,
1631 3954 1687 3998 ut
1715 3945 1915 3999 faciant

327 4051 443 4101 qun
479 4049 588 4086 non
622 4034 986 4087 conveniunt:
1021 4032 1091 4088 ita
1118 4042 1173 4087 et
1210 4033 1262 4087 in
1296 4033 1571 4087 veteribus
1600 4034 1751 4088 libris
1782 4048 1907 4089 cum

324 4123 698 4192 praedixisset,
736 4122 875 4176 Deus
899 4131 1123 4177 mortem
1168 4138 1272 4176 non
1305 4123 1449 4189 fecit,
1480 4138 1579 4177 nec
1619 4124 1832 4177 laetatur
1858 4125 1912 4179 in

326 4216 633 4285 perditione
677 4216 916 4269 vivorum
944 4256 958 4279 ,
1005 4216 1163 4284 paulo
1227 4224 1384 4286 post:
1432 4216 1668 4281 Invidia,
1719 4215 1911 4285 inquit,

324 4308 525 4361 diaboli
558 4320 706 4360 mors
744 4306 961 4359 intravit
991 4308 1044 4360 in
1076 4306 1261 4361 orbem
1292 4314 1549 4362 terrarum
1574 4323 1591 4375 ;
1622 4316 1677 4362 ct
1705 4321 1909 4374 rursus,

326 4396 396 4449 de
430 4400 544 4464 ipsa
571 4403 743 4449 morte
772 4409 840 4449 ne
868 4408 926 4449 se
957 4394 1197 4450 homines
1214 4407 1363 4450 extra
1390 4398 1601 4467 culpam
1625 4406 1910 4467 ponerent.

2082 3207 2229 3268 habet
2260 3215 2407 3267 homo
2435 3214 2570 3279 quod
2605 3213 2759 3281 faciat
2789 3227 2888 3266 non
2931 3207 3083 3264 tentet
3130 3208 3323 3273 Deum,
3361 3223 3423 3261 ex
3461 3207 3589 3260 libro

2085 3300 2198 3341 χιιι
2224 3292 2401 3339 contra
2428 3282 2695 3336 Faustum.

2087 3400 2236 3455 Dicet
2261 3399 2477 3467 aliquis:
2511 3397 2617 3451 Cur
2644 3411 2749 3450 non
2780 3397 2954 3465 potius
2982 3394 3048 3451 de
3078 3396 3187 3449 Deo
3215 3409 3314 3448 suo
3345 3394 3412 3446 ita
3448 3408 3588 3461 prae-

2013 3492 2239 3559 sumpsit
2266 3488 2533 3543 Abraham
2559 3498 2615 3541 ut
2647 3487 2797 3542 fateri
2841 3503 2944 3542 non
2978 3487 3189 3541 timeret
3214 3500 3456 3541 uxorem.
3488 3484 3589 3537 Ne—

2012 3595 2117 3650 que
2147 3577 2439 3651 [nunquid]
2470 3578 2613 3634 enim
2650 3578 2789 3633 Deus
2838 3578 2906 3631 ab
2946 3578 3036 3632 illo
3067 3594 3171 3631 non
3206 3584 3417 3645 poterat
3447 3588 3590 3627 mor-

2014 3681 2121 3727 tem
2152 3670 2416 3740 repellere
2443 3685 2602 3739 quam
2647 3668 2890 3733 timebat,
2940 3684 3169 3735 eumque
3200 3682 3321 3721 cum
3364 3665 3591 3733 conjuge

2013 3781 2108 3821 sua
2153 3766 2222 3820 ab
2260 3765 2406 3817 omni
2438 3762 2673 3829 pernicie
2726 3762 2776 3814 in
2820 3762 2907 3814 illa
2943 3760 3373 3828 peregrinatione
3405 3760 3584 3821 tutari,

2014 3865 2073 3910 ut
2113 3870 2212 3910 nec
2242 3869 2374 3909 uxor
2410 3853 2547 3921 ejus,
2573 3850 2811 3920 quamvis
2839 3860 2981 3905 esset
3010 3850 3388 3917 pulcherrima,
3420 3864 3591 3917 appe-

2016 3959 2128 4003 tere
2154 3963 2217 4001 ur
2245 3947 2311 4001 ab
2332 3945 2530 4014 aliquo,
2563 3958 2663 3997 nec
2695 3954 2910 4011 propter
2938 3943 3102 4005 illam,
3130 3942 3215 3996 ille
3247 3941 3402 4013 [ipse]
3436 3956 3592 3995 neca—

2016 4038 2205 4095 retur?
2233 4038 2450 4091 Poterat
2484 4050 2614 4089 sane
2646 4034 2745 4087 hoc
2781 4035 2836 4087 ef
2844 4034 3005 4087 licere
3036 4034 3198 4087 Deus.
3249 4032 3379 4099 Quis
3422 4034 3490 4085 ita
3521 4032 3592 4085 sit

2014 4129 2235 4184 demens
2267 4136 2325 4181 ut
2355 4127 2453 4181 hoc
2479 4127 2676 4195 neget?
2704 4125 2808 4180 Sed
2839 4125 2882 4179 si
2916 4125 3273 4194 interrogatus
3295 4124 3587 4187 Abraham,

2017 4220 2159 4274 illam
2208 4219 2453 4273 fcminatn
2495 4198 2754 4271 indicaret
2799 4215 3128 4289 [iudicasset]
3178 4229 3419 4280 uxorem,
3462 4214 3591 4266 duas

2018 4327 2105 4367 res
2131 4310 2357 4366 tuendas
2377 4311 2736 4365 committeret
2767 4310 2895 4374 Deo,
2922 4317 2976 4363 et
3002 4322 3152 4362 suam
3177 4310 3358 4370 vitam,
3381 4318 3434 4361 et
3460 4324 3589 4359 con-

2013 4404 2156 4474 jugis
2195 4403 2526 4475 pudicitiam.
2574 4402 2811 4457 Pertinet
2854 4412 3029 4455 autem
3060 4402 3124 4455 ad
3168 4416 3350 4455 sanam
3397 4400 3593 4455 doctri-

327 4486 487 4555 lmpi
518 4494 698 4541 autem
739 4486 988 4541 manibus
1012 4494 1067 4540 et
1093 4486 1290 4552 verbis,
1317 4488 1512 4556 inquit,
1546 4487 1912 4542 accersierunl
1942 4479 1990 4539 Ι)
2016 4511 2139 4549 nam
2171 4505 2228 4549 ut
2256 4494 2469 4562 quando
2498 4493 2656 4548 habet
2683 4494 2823 4562 quod
2868 4494 3024 4547 faciat
3054 4492 3213 4547 homo
3252 4507 3354 4545 non
3387 4500 3594 4543 tentare

327 4579 517 4640 illam,
570 4587 627 4633 et
673 4577 1043 4633 existimantes
1089 4579 1235 4633 illam
1279 4580 1502 4635 amicam
1550 4581 1906 4637 deﬂuxerunt.

328 4670 469 4725 Alibi
496 4678 677 4723 autem
706 4686 720 4724 :
754 4668 898 4724 Bona
929 4678 984 4723 et
1022 4669 1181 4735 mala,
1222 4671 1327 4724 vita
1355 4679 1410 4725 et
1437 4686 1600 4735 mors,
1632 4672 1829 4727 divitia;
1858 4682 1912 4727 et

326 4768 623 4831 paupertas
653 4775 680 4812 a
712 4759 935 4813 Domino
965 4760 1073 4814 Deo
1101 4770 1246 4815 sunt.
1281 4761 1377 4816 Hic
1416 4763 1710 4831 perturbati
1732 4762 1911 4817 homi-

329 4867 428 4906 nes
472 4865 583 4905 non
624 4851 945 4920 intelligunt,
991 4852 1041 4906 in
1087 4868 1193 4907 uno
1231 4855 1530 4926 eodemque
1560 4872 1724 4924 Opere
1770 4859 1911 4913 malo

330 4959 437 4997 non
490 4951 674 5011 postea
717 4953 1080 5013 consequente
1133 4945 1237 4999 alia
1280 4962 1399 5016 qua:
1462 4948 1739 5002 manifesta
1783 4949 1911 5016 erit,

327 5036 423 5088 sed
450 5035 681 5103 quadam
722 5036 978 5090 continuo
1020 5038 1313 5091 comitante
1343 5038 1598 5105 vindicta,
1644 5041 1788 5094 aliud
1820 5056 1911 5095 ve-

330 5130 449 5180 nire
475 5126 546 5181 de
577 5128 774 5181 asmtia
802 5129 1098 5197 suadentis,
1131 5130 1272 5184 aliud
1304 5130 1370 5184 de
1400 5131 1632 5198 nequitia
1661 5130 1910 5198 volentis,

327 5219 476 5272 aliud
518 5218 588 5273 de
628 5219 839 5288 justitia
885 5222 1175 5289 punientis.
1210 5222 1345 5277 Cum
1377 5222 1622 5277 diabolus
1650 5223 1905 5292 suggerit,

329 5309 496 5362 homo
517 5310 807 5377 consentit,
834 5310 974 5367 Deus
995 5311 1216 5368 deserit.
1245 5312 1505 5378 Quocirca
1535 5314 1587 5367 in
1612 5329 1775 5382 opere
1800 5330 1908 5368 ma-

326 5400 409 5463 lo,
453 5401 505 5455 id
549 5408 634 5455 est
660 5404 1021 5458 excmcatione
1050 5404 1377 5470 infidelium,
1424 5405 1467 5460 si
1499 5404 1827 5474 intelligatur
1856 5416 1912 5461 et

322 5490 579 5544 diabolus
604 5502 823 5563 prepter
842 5495 1098 5549 suadendi
1122 5494 1527 5566 malignitatem,
1546 5508 1601 5550 ut
1625 5498 1703 5554 sic
1721 5498 1909 5553 distin-

325 5591 523 5651 guatur
552 5581 696 5638 Deus
725 5584 881 5655 hujus
910 5586 1091 5641 saeculi
1113 5628 1129 5653 ,
1180 5601 1285 5641 nou
1328 5587 1458 5641 mihi
1488 5588 1697 5644 videtur
1724 5589 1913 5644 absur-

324 5670 477 5731 dum.
504 5672 690 5744 Neque
718 5676 859 5731 enim
884 5677 996 5733 sine
1030 5677 1393 5735 additamento
1414 5679 1605 5737 dicitur
1631 5681 1766 5738 Deus
1789 5697 1910 5737 cum

2016 4586 2229 4659 [tentet]
2262 4586 2543 4640 Dominmn
2578 4585 2743 4640 Deum
2786 4601 2959 4639 suum.
3005 4586 3183 4653 Neque
3227 4584 3369 4637 enim
3402 4594 3452 4636 et
3482 4584 3595 4649 ipse

2021 4678 2269 4734 Salvator
2307 4694 2412 4730 non
2461 4685 2668 4746 poterat
2699 4678 2833 4731 tueri
2873 4676 3165 4743 discipulos
3205 4689 3351 4739 suos,
3404 4673 3595 4741 quibus

2016 4778 2193 4823 tamen
2241 4768 2317 4822 ait
2346 4786 2358 4821 :
2394 4769 2449 4822 Si
2483 4782 2577 4821 vos
2610 4769 2871 4835 persecuti
2904 4767 3100 4821 fuerint
3140 4767 3192 4819 in
3224 4781 3326 4819 una
3355 4766 3595 4829 civitate,

2015 4858 2183 4928 fugite
2209 4859 2259 4911 in
2289 4858 2339 4911 al
2363 4874 2444 4911 am
2469 4874 2482 4921 ;
2512 4859 2662 4923 cujus
2694 4857 2768 4912 rei
2819 4857 2965 4926 prior
3003 4855 3313 4925 exemplum
3346 4857 3591 4924 prmbuit.

2019 4949 2150 5005 Nam
2203 4965 2324 5004 cum
2403 4958 2716 5016 po:estatcm
2777 4949 2998 5004 haberet
3066 4949 3298 5019 ponendi
3361 4950 3595 5003 animam

2015 5057 2192 5108 Suam,
2222 5056 2320 5095 nec
2342 5057 2467 5096 eam.
2486 5051 2708 5111 poneret
2734 5042 2834 5095 nisi
2863 5057 2985 5096 cum
3011 5043 3186 5107 vellet,
3221 5044 3275 5095 in
3306 5040 3595 5111 Egyptunt

2018 5143 2193 5188 tamen
2245 5134 2415 5187 infans
2465 5134 2799 5201 portantibus
2863 5134 3173 5203 parentibus
3229 5134 3359 5199 fugit
3390 5150 3402 5184 :
3434 5141 3489 5184 et
3530 5131 3595 5182 ad

2016 5224 2157 5278 diem
2199 5223 2389 5279 festum
2438 5240 2543 5278 non
2578 5226 2876 5291 evidenter,
2927 5226 3020 5280 sed
3062 5226 3287 5279 latenter
3331 5220 3594 5283 ascendit,

2015 5327 2136 5367 cum
2163 5314 2293 5367 alias
2323 5315 2495 5382 palam
2543 5315 2852 5384 loqueretur
2883 5316 3083 5370 Judzeis
3124 5312 3494 5378 irascentibus,
3541 5320 3595 5365 et

2019 5402 2389 5458 inimicissimo
2425 5405 2604 5463 animo
2642 5408 2980 5465 audientibus
3022 5419 3121 5459 nec
3148 5412 3324 5457 tamen
3364 5401 3590 5456 valenti-

2018 5496 2116 5552 bus
2162 5498 2211 5551 in
2255 5512 2376 5552 eum
2418 5500 2629 5553 mittere
2677 5512 2887 5561 manus,
2934 5496 3058 5564 quia
3101 5494 3337 5548 nondum
3376 5503 3594 5550 venerat

2020 5594 2148 5647 hora
2196 5594 2347 5664 ejus,
2394 5612 2499 5649 non
2553 5593 2704 5661 cujus
2752 5594 2896 5645 hora:
2942 5590 3262 5645 necessitate
3311 5600 3595 5660 cogeretur

2019 5687 2172 5751 mori,
2212 5687 2305 5743 sed
2348 5685 2497 5755 cujus
2540 5684 2683 5739 liora:
2722 5681 3117 5753 opportunitate
3159 5680 3467 5753 dignaretur
3504 5694 3595 5743 OG!
