3990 6180
410 264 515 331 69f

1463 270 1525 324 Β.
1569 263 1884 324 ΕῐῖϐἵΡΡῐῐ
1929 259 2213 319 ABBATIS
2254 260 2573 316 AFRICANI

3566 254 3669 311 69?.

407 390 533 445 cidi.
563 390 661 457 Qui
694 404 821 460 ergo
850 389 1023 459 palam
1064 383 1306 443 docendo
1335 394 1390 442 et
1418 382 1692 456 arguendo
1722 384 1777 436 et
1806 381 1982 434 tamen
2015 381 2062 436 Δ
2091 374 2212 446 quis
2251 375 2466 431 tandem
2511 374 2772 431 amaverit
2801 374 2854 429 in
2885 374 3139 445 operibus
3168 372 3388 444 iustitiae
3430 372 3677 428 laborem

410 483 745 536 inimicorum
776 481 977 536 rabiem
1007 480 1191 534 valere
1213 479 1265 533 in
1297 489 1358 533 se
1379 475 1578 546 aliquid
1608 488 1714 529 non
1737 471 1984 537 sinendo,

410 574 502 628 Dei
526 558 925 627 demonstrabat
955 578 1296 641 poteStatem,
1347 570 1488 622 idem
1523 576 1700 621 tamen
1734 562 1987 634 fugiendo

406 675 462 718 et
492 665 703 719 latendo
728 665 758 717 lt
799 664 961 717 minis
989 662 1306 716 ostendebat
1329 657 1672 733 [instruebat]
1705 654 1988 710 infirmita-

406 762 515 808 tem
531 793 544 816 ,
565 766 628 808 rte
654 753 756 826 [ut]
783 755 949 808 Deum
975 761 1184 807 tentare
1203 751 1396 805 audeat
1420 750 1634 819 quando
1663 749 1821 802 habet
1846 746 1987 817 quod

410 844 589 909 faciat,
617 853 675 896 nt
704 843 844 913 quod
874 844 1067 898 cavere
1088 851 1305 912 oportet
1325 840 1535 896 evadat.
1562 839 1744 908 Neque
1768 840 1909 893 enim
1933 845 1989 892 et

402 937 676 1006 apostolus
704 935 901 989 Paulus
932 936 1315 1005 desperaverat
1337 933 1671 1003 adjutorium
1696 930 1989 1001 protectio-

402 1038 632 1095 nemqne
675 1026 930 1093 divinam,
967 1024 1232 1095 iidemque
1280 1024 1583 1094 perdiderat
1627 1024 1846 1093 quando
1894 1034 1991 1093 per

402 1132 614 1170 murum
648 1118 699 1170 in
727 1125 909 1187 sporta
935 1117 1234 1172 submissus
1270 1128 1375 1182 est,
1407 1125 1465 1171 ut
1494 1117 1831 1171 initnicomm
1877 1120 1991 1169 ma-

405 1226 507 1264 nus
547 1211 826 1280 ell'ngeret.
859 1211 977 1266 Non
1010 1222 1140 1281 ergo
1184 1211 1239 1265 in
1274 1211 1442 1266 Deum
1476 1227 1581 1266 non
1613 1210 1885 1267 credendo
1911 1210 1990 1265 sic

403 1303 559 1373 fugit,
609 1306 700 1359 sed
734 1305 898 1359 Deum
953 1315 1162 1361 tentare
1192 1303 1481 1359 metuendo
1511 1303 1703 1377 [Deum
1738 1300 1989 1374 tentaret]

400 1393 451 1447 si
479 1393 660 1464 fugere
688 1394 965 1461 Valuisset,
993 1410 1112 1450 cum
1142 1395 1223 1451 sic
1252 1394 1437 1465 fugere
1468 1395 1747 1465 potuisset.

952 1571 1181 1628 CAPUT
1219 1566 1430 1627 LXXII.

406 1663 544 1728 Quid
564 1679 731 1717 rerum
748 1666 1082 1736 ﬁguraverint
1108 1676 1332 1737 quatuor
1356 1653 1539 1723 uxores
1563 1666 1747 1737 Iacob,
1779 1684 1842 1724 ex
1870 1666 1987 1723 eod.

934 1738 1023 1791 tib.
1054 1748 1231 1792 contra
1259 1736 1450 1793 Faust.

476 1847 726 1902 llefutato
754 1849 980 1903 crimine
1008 1851 1148 1920 quod
1178 1851 1415 1907 nefarius
1465 1868 1620 1908 error
1662 1855 1882 1923 objecit,
1916 1853 1984 1910 de

400 1940 539 1995 libro
582 1952 640 1995 ut
681 1954 961 2011 possumus
1007 1947 1381 2015 mysteriorum
1432 1960 1639 2004 secreta
1694 1952 1978 2020 rimemur,

402 2031 781 2101 pulsemusque
814 2034 934 2088 fidei
966 2037 1193 2113 pietate,
1232 2050 1288 2091 ut
1325 2041 1478 2094 nobis
1505 2042 1777 2110 aperiatur
1807 2061 1833 2094 a
1871 2043 1980 2096 Do-

402 2124 568 2187 mino,
604 2123 727 2188 quid
763 2138 942 2181 rerum
986 2127 1328 2198 figuraverint
1369 2142 1600 2201 quatuor
1638 2136 1755 2190 ialm
1786 2144 1982 2193 uxores

397 2213 583 2279 Jacob,
631 2230 854 2288 quarum
902 2221 1021 2276 duas
1075 2222 1275 2287 liberte,
1323 2224 1442 2279 dua:
1486 2227 1695 2281 ancillae
1745 2227 1978 2285 fuerunt.

398 2307 658 2363 Videmus
699 2311 843 2365 enim
873 2315 1187 2380 Apostoium
1225 2316 1275 2369 in
1312 2317 1476 2372 libera
1504 2329 1556 2374 et
1586 2321 1802 2388 ancilla,
1849 2334 1982 2392 quas

398 2394 589 2452 habuit
619 2399 909 2465 Abraham,
939 2404 1046 2456 duo
1078 2412 1394 2463 testamenta
1427 2410 1741 2480 intelligere.
1772 2411 1875 2469 Sed
1907 2413 1981 2469 ibi

397 2487 452 2541 in
498 2502 603 2543 una
630 2499 685 2544 et
714 2506 817 2545 una
847 2494 1055 2548 facilius
1084 2507 1305 2565 appaict
1330 2500 1471 2568 quod
1505 2501 1721 2568 dicitur,
1764 2503 1851 2559 hic
1881 2518 1978 2559 au-

398 2588 504 2632 tem
526 2580 649 2635 duas
678 2592 803 2636 sunt
831 2591 885 2639 et
911 2585 1049 2649 duze,
1079 2586 1113 2641 d
1153 2588 1276 2644 inde
1299 2590 1367 2643 ibi
1390 2593 1597 2647 ancilla:
1626 2594 1766 2649 lilius
1795 2594 1980 2650 exiite-

397 2671 637 2738 ri-datur,
677 2673 765 2728 hic
797 2688 925 2731 vero
947 2678 1261 2732 ancillarum
1294 2680 1387 2734 lilii
1415 2683 1575 2737 simul
1602 2698 1725 2740 cum
1758 2685 1880 2739 liliis
1909 2685 1979 2739 li-

396 2760 644 2817 berarum
679 2775 875 2819 terram
921 2769 1354 2837 repromissionis
1384 2774 1682 2841 accipiunt,
1714 2776 1860 2830 unde
1893 2776 1981 2831 hie

397 2857 751 2922 proculdubio
800 2860 944 2915 aliud
999 2862 1199 2931 aliquid
1248 2865 1602 2934 signiﬁcatur.
1662 2870 1979 2940 Quanquam

395 2947 538 3001 enim
580 2950 712 3004 duas
751 2951 948 3007 liberas
998 2967 1192 3010 uxores
1232 2956 1400 3013 Jacob
1439 2960 1503 3014 ad
1534 2959 1739 3015 Novum
1787 2962 1979 3017 Testa-

395 3050 660 3111 mentum,
690 3059 796 3113 qno
828 3044 879 3098 in
916 3046 1213 3102 libertatem
1242 3052 1415 3104 vocati
1445 3066 1656 3119 sumus,
1678 3054 1978 3110 existimem

2090 469 2367 523 actionum
2393 478 2552 537 atque
2582 469 2934 539 passionum?
2961 468 3083 539 quis
3112 483 3232 524 eam
3260 470 3420 522 vitam
3457 480 3681 536 propter

2090 561 2321 628 seipsam
2354 561 2691 629 espetiverit,
2732 560 2872 614 sicut
2921 575 3021 615 nec
3050 559 3219 615 Jacob
3256 560 3428 626 Liam,
3472 559 3567 614 sed
3600 570 3681 612 ta-

2095 664 2218 704 men
2246 649 2349 705 sibi
2392 659 2551 704 nocte
2578 654 2911 719 suppositam
2947 650 2998 704 in
3032 664 3184 704 usum
3222 651 3515 720 generandi
3562 665 3682 704 am-

2092 743 2280 810 plexus
2321 750 2380 796 et
2423 741 2801 797 fecunditatem
2838 742 2955 811 ejus
2983 754 3240 812 expertus
3276 751 3379 797 est.
3423 744 3683 798 Dominus

2090 835 2233 889 enim
2263 850 2381 889 eam
2408 835 2528 905 quia
2559 846 2654 905 per
2675 836 2907 902 seipsam
2940 835 3087 904 diligi
3115 851 3223 891 non
3250 846 3476 903 poterat,
3508 837 3683 905 primo

2090 937 2151 981 ut
2195 926 2264 981 ad
2312 927 2514 982 Rachel
2574 929 2951 997 perveniretur
2997 928 3219 982 tolerari
3268 928 3413 983 fecit.
3476 929 3685 983 Deinde

2093 1029 2311 1089 promer
2357 1020 2496 1074 filios
2542 1020 2961 1075 commendavit.
3010 1020 3083 1074 ita
3126 1032 3255 1075 vero
3308 1024 3684 1093 unusquisque

2092 1111 2237 1165 utilis
2272 1111 2364 1166 Dei
2403 1125 2589 1167 servus
2627 1112 2730 1167 sub
2771 1112 3124 1168 dealbationis
3161 1123 3505 1183 peccatorum
3552 1132 3684 1171 suo-

2092 1217 2210 1257 rum
2258 1203 2425 1273 gratia
2466 1203 2823 1270 constitutus,
2869 1205 2995 1273 quid
3040 1205 3183 1261 aliud
3228 1207 3282 1260 in
3312 1222 3409 1261 sua
3450 1220 3688 1264 conver-

2091 1294 2245 1349 sione
2301 1295 2588 1350 meditatus
2636 1296 2759 1349 esti
2809 1297 2937 1365 quid
2995 1297 3139 1351 aliud
3189 1299 3352 1354 corde
3404 1301 3689 1368 gestavit?

2092 1384 2221 1455 quid
2247 1385 2392 1439 aliud
2420 1387 2691 1441 adamavit
2716 1387 2815 1442 nisi
2844 1389 3142 1442 doctrinam
3165 1391 3478 1457 sapientia?
3501 1393 3683 1458 Quam

2094 1475 2339 1545 plerique
2365 1489 2424 1530 se
2448 1477 2740 1545 adepturus
2762 1489 2815 1534 et
2835 1463 3185 1549 pereepturos
3207 1491 3394 1550 putant
3410 1484 3590 1537 statim
3623 1496 3686 1538 ut

2093 1578 2154 1622 se
2180 1568 2231 1621 in
2262 1577 2468 1638 septem
2500 1571 2781 1640 praeceptis
2812 1571 2945 1642 legis
2974 1575 3314 1628 exercuerint
3340 1614 3356 1641 ,
3388 1588 3510 1645 quae
3546 1586 3687 1630 sunt

2093 1657 2164 1713 de
2189 1659 2479 1716 dilectione
2501 1663 2751 1731 proximi,
2779 1678 2845 1718 ne
2874 1665 3121 1734 cuiquam
3151 1667 3353 1721 homini
3388 1680 3679 1736 noceatur,

2022 1752 2069 1813 Β
2097 1752 2149 1806 id
2178 1761 2282 1821 est,
2320 1755 2532 1809 Honora
2568 1765 2769 1824 patrem
2797 1768 2851 1811 et
2874 1768 3120 1822 matrem.
3152 1761 3266 1813 Non
3297 1761 3683 1830 mmcbabrris,

2087 1845 2204 1901 Non
2256 1848 2490 1913 occides,
2532 1848 2647 1903 Non
2694 1849 2974 1915 furaberis,
3029 1848 3144 1905 Non
3204 1852 3394 1908 falsum
3438 1857 3686 1909 testimo-

2087 1952 2121 1990 n
2147 1953 2233 1991 um
2266 1936 2439 2005 dices,
2483 1939 2598 1993 Non
2640 1941 2991 2007 concupisces
3036 1957 3259 1997 uxorem
3301 1945 3535 2012 proximi
3572 1947 3677 2004 tui.

2087 2029 2296 2095 Quibus
2346 2037 2603 2099 quantum
2657 2033 2891 2097 potuerit
2938 2033 3274 2100 observatis,
3328 2045 3680 2105 posteaquam

2089 2120 2413 2188 hominipro
2437 2135 2481 2175 c'
2507 2122 2720 2190 ncupita
2740 2133 2795 2177 et
2816 2136 3027 2190 Sperata
3053 2125 3410 2191 pulcherrima
3435 2127 3683 2182 delecta-

2087 2210 2233 2265 tione
2264 2212 2526 2266 doctrina:
2558 2229 2651 2282 per
2683 2215 3005 2269 tentationes
3035 2217 3233 2279 varias,
3266 2218 3417 2285 quasi
3450 2234 3545 2287 per
3576 2220 3682 2274 hu-

2079 2300 2167 2368 jus
2190 2302 2369 2355 δωριιεί
2397 2313 2630 2367 noctem,
2659 2305 2941 2359 to'erantia
2971 2304 3167 2361 laboris
3191 2306 3500 2374 adhmseiit,
3531 2311 3682 2365 velut

2084 2408 2183 2461 pro
2213 2393 2412 2452 Rachel
2443 2394 2535 2449 Lia
2562 2395 2832 2464 inopinata
2863 2397 3149 2467 conjuncta
3177 2398 3269 2463 sit,
3300 2407 3357 2453 et
3382 2400 3521 2455 hanc
3546 2419 3677 2456 sus-

2084 2486 2219 2539 tinet
2261 2495 2317 2538 ut
2348 2484 2414 2538 ad
2446 2486 2593 2539 illam
2640 2489 2918 2555 perveniat
2954 2489 3007 2542 si-
3049 2502 3462 2558 perseveranter
3506 2504 3677 2557 amat,

2081 2578 2321 2646 acceptis
2351 2578 2476 2632 aliis
2512 2588 2718 2646 septem
2768 2582 3088 2650 praeceptis,
3134 2597 3199 2637 ac
3233 2585 3277 2638 si
3322 2587 3369 2638 ei
3410 2584 3625 2639 dicatur
3660 2605 3677 2640 :

2082 2667 2239 2724 Servi
2267 2669 2400 2723 alios
2432 2680 2637 2739 septem
2671 2686 2843 2726 annos
2884 2686 2980 2741 pro
3010 2671 3214 2728 Rachel
3234 2714 3248 2733 ,
3285 2684 3343 2729 ut
3370 2675 3442 2730 sit
3471 2691 3681 2744 pauper

2081 2762 2295 2832 spiritu,
2323 2763 2494 2828 mitis,
2525 2763 2737 2834 lugens,
2761 2763 3026 2832 esuriens,
3057 2766 3352 2836 sitiensque
3378 2767 3672 2836 justitiam,

2080 2854 2424 2924 misericors,
2480 2854 2666 2908 mundi
2714 2856 2913 2920 cordis,
2969 2856 3243 2925 pacilicus.
3300 2857 3476 2913 Vellet
3526 2860 3673 2914 enim

2082 2944 2267 3012 homo,
2293 2945 2337 2999 si
2365 2944 2477 2998 lieri
2507 2953 2687 3013 posset
2713 2945 2830 2999 sine
2857 2945 2966 2999 ulla
2995 2946 3277 3001 tolerantia
3301 2946 3523 3013 laboris,
3553 2965 3676 3017 qua:

2082 3038 2136 3091 in
2175 3038 2390 3106 agendo
2432 3035 2790 3105 patiendoque
2838 3036 3212 3106 amplectanda
3248 3038 3680 3113 [amplectenda]

394 3134 685 3201 pertinere,
735 3150 838 3189 non
883 3145 1057 3192 tamen
1112 3139 1309 3195 frustra
1342 3142 1461 3197 dua:
1506 3154 1653 3213 sunt,
1697 3146 1798 3201 nisi
1835 3144 1975 3202 lorte

2086 3135 2188 3196 est,
2221 3127 2401 3181 statim
2429 3128 2494 3181 ad
2527 3127 2764 3196 pulchra:
2789 3138 2949 3196 atque
2990 3129 3149 3197 perte.
3169 3138 3237 3183 ta:
3262 3146 3360 3200 sap
3381 3133 3545 3185 entia:
3568 3131 3671 3186 de-

394 3226 536 3292 quod
569 3223 716 3296 [quia
765 3226 817 3281 id
862 3227 1028 3300 quod]
1061 3230 1111 3283 in
1148 3231 1440 3300 Sciipturis
1488 3235 1694 3292 adverti
1736 3246 1791 3293 et
1827 3239 1975 3293 inve-

395 3313 497 3368 niri
530 3323 725 3383 potest,
759 3318 880 3372 dua:
910 3321 1032 3374 vita:
1076 3322 1231 3377 nobis
1263 3325 1313 3378 in
1346 3326 1541 3380 Christi
1575 3343 1802 3398 corpore
1841 3344 1976 3399 prte-

394 3407 681 3463 dicautur:
716 3425 816 3463 una
870 3416 1179 3483 temporalis
1229 3418 1283 3472 in
1331 3435 1435 3488 qua
1485 3420 1828 3489 laboramus;
1873 3424 1975 3479 alia

394 3509 630 3565 aeterna,
683 3501 736 3559 in
790 3519 891 3574 qua
946 3507 1357 3565 delectatione-ii
1416 3512 1509 3566 Dei
1546 3516 1977 3584 contemplamur

397 3594 944 3670 [contemplahimur].
998 3601 1156 3655 Istam
1218 3604 1472 3660 Dominus
1518 3608 1786 3675 passione,
1829 3608 1975 3664 illam

395 3690 788 3746 resurrectione
819 3693 1131 3749 declaravit.
1174 3697 1482 3752 Admonent
1527 3714 1623 3753 nos
1664 3701 1728 3752 ad
1762 3702 1863 3756 hoc
1898 3702 1975 3756 in-

395 3782 741 3850 telligendutn
772 3784 985 3840 illarum
1032 3787 1193 3842 etiam
1234 3791 1448 3844 nomini
1490 3790 1834 3848 feminarum.
1890 3796 1978 3849 Di-

393 3884 524 3927 cunt
564 3875 705 3929 enim
734 3877 876 3946 quod
908 3878 999 3931 Lia
1034 3880 1415 3949 interpretetur
1446 3882 1738 3951 Laborans,
1776 3885 1977 3941 Rachel

393 3976 572 4021 autem
608 3967 791 4022 Visum
824 3969 1174 4040 principium.
1208 3972 1322 4027 sive
1352 3974 1574 4028 verbum
1605 3991 1667 4030 ex
1695 3992 1802 4045 quo
1831 3976 1979 4031 vidc-

393 4069 481 4114 tur
512 4062 852 4131 principium.
899 4064 1055 4117 Actio
1087 4079 1215 4134 ergo
1245 4065 1493 4121 humana:
1530 4069 1979 4139 mortalitatisquo

395 4150 788 4223 [mortalisque]
818 4155 960 4221 vitae,
986 4156 1041 4210 in
1071 4172 1172 4223 qua
1206 4158 1432 4213 vivimus
1464 4175 1532 4214 ex
1577 4161 1679 4216 lide
1707 4162 1870 4216 multa
1903 4163 1978 4216 Ia-

393 4244 608 4296 boriosa
655 4259 815 4312 opera
866 4243 1150 4317 facientes,
1201 4247 1389 4303 incerti
1438 4266 1543 4319 quo
1584 4252 1728 4307 exitu
1784 4260 1977 4321 prove-

396 4335 547 4387 niant
585 4334 651 4389 ad
699 4336 985 4392 utilitatem
1031 4353 1217 4394 eorum
1256 4343 1452 4411 quibus
1498 4344 1782 4400 consulere
1830 4346 1979 4400 volu-

396 4444 517 4484 mus
538 4469 555 4495 ,
589 4429 699 4499 ipsa
728 4440 814 4486 est
858 4431 950 4485 Lia
983 4434 1129 4501 prior
1155 4450 1291 4489 uxor
1317 4437 1515 4501 Jacob,
1557 4454 1621 4492 ac
1662 4454 1755 4506 per
1785 4439 1888 4495 hoc
1925 4451 1980 4496 et

2081 3227 2233 3283 licias
2264 3228 2576 3298 pervenire,
2622 3226 2717 3282 sed
2766 3229 2869 3283 hoc
2912 3244 3015 3283 non
3064 3239 3241 3297 potest
3279 3230 3335 3283 in
3378 3240 3521 3284 terra
3553 3245 3671 3284 ino-

2081 3321 2358 3377 rientium.
2395 3321 2507 3376 Hoc
2538 3320 2680 3376 enim
2712 3320 2922 3375 videtur
2954 3322 3256 3390 signiﬁcare
3294 3323 3435 3392 quod
3467 3323 3668 3379 dictum

2081 3420 2167 3465 est
2197 3410 2264 3465 ad
2293 3410 2483 3465 Jaeob:
2514 3410 2627 3464 Non
2651 3419 2731 3465 est
2760 3411 2924 3465 moris
2948 3412 2999 3465 in
3027 3411 3146 3466 loco
3176 3423 3384 3478 nostro,
3412 3422 3471 3467 ut
3497 3416 3673 3469 minor

2081 3501 2250 3555 nubat
2278 3502 2587 3570 priusquam
2615 3501 2805 3570 major,
2831 3502 2955 3570 quia
2989 3519 3094 3557 non
3117 3504 3351 3559 absurde
3381 3506 3558 3574 major
3579 3522 3672 3576 ap-

2084 3594 2337 3663 pellatur,
2369 3609 2488 3662 quaa
2533 3603 2773 3663 tempore
2806 3596 2948 3663 prior
2971 3604 3074 3649 est.
3119 3596 3271 3648 Prior
3300 3605 3383 3650 est
3412 3606 3596 3651 autem
3622 3599 3673 3652 in

2084 3692 2232 3738 recta
2266 3683 2502 3738 hominis
2539 3684 2843 3738 eruditione
2890 3684 3043 3739 lahor
3081 3686 3338 3753 operandi
3370 3702 3492 3755 qua:
3530 3689 3673 3755 justa

2080 3784 2225 3842 sunt,
2255 3790 2410 3844 quam
2442 3773 2689 3843 voluptas
2723 3775 3047 3844 intelligendi
3086 3792 3202 3844 quae
3234 3794 3360 3832 vera
3392 3789 3549 3832 sunt.
3589 3780 3669 3835 Ad

2082 3867 2185 3921 hoc
2208 3867 2350 3921 valet
2376 3866 2515 3936 quod
2548 3867 2803 3935 scriptum
2827 3877 2911 3921 est
2940 3886 2951 3918 :
2986 3866 3297 3936 Concupisti
3325 3872 3671 3938 sapientiam,

2084 3975 2245 4016 serva
2277 3960 2547 4025 mandata,
2580 3971 2634 4015 et
2666 3961 2922 4015 Dominus
2964 3962 3164 4029 praebet
3192 3961 3338 4016 illam
3367 3963 3484 4017 tibi.
3521 3965 3674 4019 Man-

2081 4051 2205 4106 data
2245 4052 2427 4120 utique
2458 4049 2699 4123 [quippe]
2733 4052 2797 4105 ad
2827 4052 3088 4119 justitiam
3124 4055 3365 4120 pertinen
3396 4053 3444 4108 ia
3467 4095 3483 4117 ,
3511 4055 3677 4123 justi-

2090 4145 2218 4198 tiam
2251 4153 2431 4199 autem
2464 4160 2583 4214 quae
2610 4160 2674 4199 ex
2707 4144 2809 4200 lide
2838 4154 2921 4201 est
2945 4185 2961 4209 ,
2989 4162 3109 4216 qua:
3145 4146 3286 4201 inter
3316 4152 3678 4205 tentationum

2080 4238 2285 4295 incerta
2319 4250 2583 4301 versatur,
2614 4248 2672 4293 ut
2698 4239 2787 4308 pie
2815 4240 3084 4294 credendo
3111 4240 3256 4309 quod
3304 4240 3549 4298 nondum
3598 4245 3677 4299 in-

2082 4328 2272 4399 telligit
2317 4329 2480 4384 etiam
2537 4330 2904 4399 intelligentia:
2959 4331 3209 4386 meritum
3283 4347 3672 4404 consequatur.

2080 4421 2346 4487 Quantum
2386 4421 2529 4477 enim
2574 4423 2715 4477 valet
2742 4423 2882 4491 quod
2913 4424 3074 4479 modo
3098 4430 3520 4482 commemoravi
3555 4445 3677 4486 e-se

396 4522 624 4578 infirmis
662 4527 833 4581 oculis
875 4525 1043 4582 fuisse
1088 4540 1560 4584 commemoratur.
1612 4531 1978 4600 Cogitationes

2086 4515 2340 4582 scriptum
2372 4532 2384 4567 :
2412 4514 2725 4583 Concupisti
2772 4515 3129 4584 sapientiam,
3174 4531 3328 4571 serva
3382 4521 3668 4584 mandata,

396 4619 539 4669 enim
573 4619 877 4672 mortalium
920 4620 1121 4675 timidas
1148 4629 1205 4675 et
1234 4624 1341 4692 58
1371 4624 1587 4678 incerta:
1630 4626 1977 4694 providentia;

398 4716 615 4770 nostras,
647 4724 769 4776 spes
805 4725 933 4764 vero
961 4724 1180 4766 ceterum
1223 4715 1687 4780 contemplationis
1734 4719 1825 4772 Dei
1877 4720 1977 4774 ha-

397 4798 532 4848 bens
563 4806 763 4851 certam
792 4810 845 4854 et
873 4801 1245 4860 delectabilem
1292 4806 1698 4878 intelligentiam
1738 4813 1978 4867 veritatis

399 4890 511 4956 ipsa
560 4898 645 4942 est
682 4892 903 4948 Rachel.
940 4895 1090 4952 Unde
1132 4900 1293 4952 etiam
1340 4898 1538 4954 dicitur
1579 4902 1714 4956 bona
1762 4904 1897 4959 facie
1926 4915 1980 4960 et

400 4983 619 5051 pulchra
652 4987 861 5054 specie,
912 4987 1050 5045 hanc
1078 4994 1225 5047 enim
1267 5003 1412 5048 amat
1438 4996 1614 5050 omnis
1646 4998 1729 5063 pie
1770 5000 1976 5053 studio-

397 5089 510 5139 sus,
545 5086 598 5131 et
624 5087 842 5145 propter
870 5078 1008 5133 hanc
1035 5084 1204 5136 sei-vit
1232 5086 1423 5153 gratia:
1471 5087 1584 5153 Dei,
1616 5104 1718 5157 qua
1760 5101 1981 5157 peccata

398 5179 603 5233 nostra,
632 5178 685 5225 et
714 5169 759 5222 si
792 5170 988 5225 fuerint
1015 5171 1152 5227 sicut
1176 5174 1423 5231 fmnictnn
1457 5178 1639 5249 [Pliten
1665 5181 1828 5254 cium]
1862 5191 1980 5238 tan-

397 5278 557 5331 quam
593 5263 680 5316 nix
711 5263 1126 5319 dealbabuntur.
1162 5268 1341 5322 Lahan
1371 5273 1570 5341 quippe
1598 5274 1981 5345 interpretatur

396 5354 672 5409 iiealhatio
703 5356 788 5409 iui
820 5357 1044 5411 servivit
1072 5356 1240 5413 Jacob
1275 5372 1489 5428 propter
1522 5363 1720 5420 liachel
1758 5385 1770 5419 :
1804 5380 1981 5433 neque

396 5447 540 5499 enim
593 5462 652 5501 se
694 5448 919 5517 quisque
969 5451 1237 5504 convertit
1288 5452 1387 5505 sub
1432 5455 1603 5523 gratia
1648 5458 1981 5512 remissionis

398 5551 738 5605 peccatorum
787 5545 991 5599 servire
1024 5543 1269 5614 juStitize,
1304 5546 1401 5599 nisi
1435 5555 1493 5599 ut
1532 5550 1709 5616 quit-te
1741 5552 1883 5604 vivat
1926 5552 1978 5605 in

402 5637 584 5699 verbo,
614 5655 678 5692 ex
708 5656 816 5709 quo
842 5641 1057 5697 videtur
1081 5642 1399 5713 principium
1426 5645 1567 5713 quod
1592 5657 1670 5700 est
1699 5647 1834 5701 Deus
1858 5664 1869 5711 ;
1904 5663 1981 5702 cr-

401 5737 471 5792 go
500 5736 714 5796 propter
747 5732 940 5790 llachcl
977 5751 1080 5790 non
1115 5747 1334 5806 propter
1366 5736 1514 5792 Liam
1546 5739 1797 5796 servitur.
1844 5741 1977 5796 Nam

2084 4612 2139 4660 et
2164 4605 2416 4660 Dominus
2440 4604 2644 4674 prmbet
2672 4606 2811 4659 illam
2845 4607 2936 4660 tibi
2961 4623 2975 4671 ;
3012 4616 3213 4661 tantum
3242 4616 3298 4661 et
3327 4608 3456 4663 illud
3491 4612 3675 4666 valere

2084 4696 2354 4750 arbitror:
2391 4696 2500 4749 Nisi
2535 4695 2895 4759 credideritis,
2928 4711 3033 4751 non
3066 4698 3395 4768 intelligetis,
3429 4710 3487 4755 ut
3514 4704 3674 4769 justi-

2087 4789 2157 4840 tia
2190 4787 2254 4842 ad
2282 4788 2462 4855 fidem,
2510 4788 2577 4841 ad
2608 4789 2921 4858 sapientiam
2944 4805 3070 4843 vero
3103 4790 3455 4861 intelligentia
3503 4795 3673 4863 perti-

2087 4896 2216 4933 nere
2247 4880 2670 4937 (Irmonstrelur.
2725 4881 2951 4937 Proinde
2990 4883 3042 4937 in
3074 4884 3159 4938 his
3202 4886 3288 4954 qui
3325 4888 3554 4955 flagrant
3597 4890 3674 4942 in-

2086 4972 2229 5041 genti
2259 4987 2441 5026 amore
2477 4973 2773 5042 perspicua:
2801 4975 3060 5041 veritatis,
3106 4991 3211 5030 non
3244 4987 3327 5031 est
3358 4979 3673 5047 improban-

2087 5063 2212 5117 dum
2262 5063 2518 5122 studium.
2562 5065 2656 5118 sed
2701 5066 2767 5119 ad
2814 5066 3058 5120 ordinem
3110 5069 3499 5133 revocandum,
3546 5081 3669 5125 uta

2086 5162 2193 5216 fi-le
2241 5162 2455 5231 incipiat
2507 5171 2561 5216 et
2610 5162 2764 5217 bonis
2813 5164 3052 5218 moribus
3105 5167 3340 5221 enitatur
3385 5170 3672 5236 pervenire

2088 5270 2192 5323 quo
2222 5255 2448 5310 intendit
2475 5253 2711 5325 [tendit].
2748 5255 2802 5309 in
2831 5272 2896 5310 eo
2918 5256 3112 5326 quippe
3142 5273 3249 5327 quo
3283 5270 3537 5315 versatur
3566 5265 3671 5315 vir-

2090 5358 2172 5401 tns
2202 5358 2281 5401 est
2312 5347 2596 5409 laboriosa,
2632 5348 2684 5400 in
2729 5363 2795 5401 eo
2821 5363 2948 5403 vero
2986 5348 3129 5417 quod
3174 5353 3375 5419 appetit
3404 5354 3671 5409 luminosa

2087 5440 2369 5505 sapientia.
2420 5439 2556 5506 Quid
2588 5454 2719 5507 opus
2747 5448 2857 5505 est,
2890 5440 3083 5511 inquit,
3133 5441 3358 5498 credere
3385 5446 3531 5514 quod
3562 5461 3669 5501 non

2088 5530 2216 5583 mihi
2244 5528 2584 5583 οειειιόιιιιτῗ
2612 5528 2953 5584 manileStum
2982 5531 3201 5599 aliquod
3230 5534 3451 5588 verbum
3482 5551 3668 5603 prome

2084 5640 2190 5693 quo
2219 5624 2425 5678 videam
2451 5638 2627 5678 rerum
2655 5624 2894 5678 omnium
2929 5624 3269 5694 principium.
3303 5627 3358 5681 Id
3389 5628 3534 5682 enim
3562 5637 3664 5693 est,

2088 5716 2139 5771 in
2170 5718 2309 5788 quod
2341 5717 2577 5771 tnaxime
2606 5732 2665 5770 ac
2695 5716 2942 5785 primitus
2971 5716 3263 5773 inardescit
3290 5720 3501 5789 [inquit,
3526 5718 3666 5790 quod
