3990 6180
314 235 419 293 653

1437 225 1870 287 τιιεεωιιυε.
1906 224 2060 281 CAP.
2092 226 2322 285 LXXIII.

3457 232 3561 289 694

315 350 550 407 maxime
591 363 653 411 ac
680 348 927 419 primitus
956 344 1267 417 inardescit]
1297 347 1340 402 si
1364 348 1472 402 veri
1504 347 1777 401 studiosus
1807 351 1891 400 est
1919 342 1971 401 A
1994 344 2110 399 buit
2136 344 2382 398 ancillam
2412 342 2632 397 Rachel.
2664 343 2739 398 De
2772 354 2955 400 vetere
2980 347 3175 417 quippe
3202 348 3305 403 vita
3334 354 3565 410 carnali-

314 444 529 498 animus
562 439 856 496 rationalis.
889 440 986 494 Cui
1019 440 1408 505 restinndeatur
1438 454 1454 493 :
1494 438 1781 492 Pulchrum
1810 444 1895 490 est

313 536 532 605 quidem
565 533 705 603 quod
752 532 1021 586 desideras
1058 541 1112 587 et
1148 532 1313 585 amari
1353 531 1751 601 dignissimum,
1798 527 1894 582 sed

316 626 467 697 prius
496 626 646 680 nubit
673 624 787 688 Lia,
819 634 873 677 et
904 636 1081 691 posma
1115 622 1334 677 Rachel.
1362 622 1536 676 Ardor
1559 636 1685 689 ergo
1708 619 1805 673 iste
1827 618 1895 673 ad

315 720 369 775 id
393 718 561 784 valet,
593 726 652 771 ut
672 714 805 769 ordo
830 730 933 767 non
966 725 1263 777 recusetur,
1292 716 1382 769 sed
1408 714 1584 782 potius
1612 712 1892 778 toleretnr,

315 814 433 868 sine
464 825 574 879 quo
608 823 713 862 non
744 817 917 875 potest
948 806 1013 860 ad
1054 806 1102 859 id
1136 806 1426 875 perveniri,
1466 803 1604 874 quod
1638 812 1784 857 tanto
1811 817 1897 855 ar-

318 904 450 957 dore
483 899 739 969 diligitur.
772 898 903 953 Cum
935 906 1114 953 autem
1145 906 1463 966 perventum
1502 894 1662 948 fuerit
1683 933 1697 958 ,
1732 892 1896 947 simul

318 992 604 1047 habebitur
633 991 684 1043 in
719 990 819 1043 hoc
843 988 1060 1050 saaculo,
1103 1003 1208 1040 non
1240 986 1414 1041 solum
1454 987 1693 1054 speciosa
1739 984 1897 1039 intel-

320 1081 583 1153 ligentia,
638 1080 733 1134 sed
779 1079 939 1134 etiam
1000 1078 1265 1133 laboriosa
1311 1076 1538 1147 justitia.
1594 1076 1897 1143 Quamlibet

323 1176 464 1233 enim
496 1185 649 1229 caute
689 1168 888 1245 [acute]
933 1171 1318 1241 Sinceriterque
1358 1179 1606 1224 cernatur
1635 1184 1663 1222 a
1696 1154 1896 1222 morta-

326 1266 465 1323 libus
491 1263 926 1319 incommutabile
948 1262 1167 1326 bonum,
1196 1262 1370 1315 adhuc
1391 1274 1591 1325 corpus
1613 1258 1751 1328 quod
1780 1273 1900 1313 cor-

325 1358 591 1425 rumpitur
621 1364 871 1424 aggravat
906 1353 1160 1417 animam,
1194 1361 1247 1408 et
1272 1352 1523 1421 deprimit
1561 1360 1771 1406 terrena
1815 1351 1895 1404 in-

325 1448 586 1505 babitatio
621 1460 838 1517 sensum
882 1445 1045 1499 multa
1087 1443 1430 1511 cogitantem.
1465 1442 1544 1497 Ad
1576 1457 1736 1496 unum
1768 1454 1898 1511 ergo

326 1539 685 1602 tendendum,
733 1536 824 1591 sed
869 1545 1082 1606 propter
1133 1536 1231 1588 hoc
1281 1537 1447 1589 multa
1491 1533 1708 1588 ferenda
1752 1541 1897 1587 sunt.

326 1631 510 1697 Itaque
540 1629 658 1683 dua:
685 1635 808 1682 sunt
837 1642 1029 1681 uxores
1054 1626 1219 1680 Jacob
1263 1626 1465 1688 liberm,
1499 1624 1668 1678 amba:
1701 1624 1898 1693 quippe

1999 436 2099 493 bus
2141 435 2386 490 sensibus
2415 435 2591 489 dedita
2621 450 2895 505 corporea:
2925 439 3229 506 cogitantur
3264 440 3522 511 imagines
3546 484 3565 510 ,

1996 528 2154 582 etiam
2184 541 2303 579 cum
2335 525 2538 595 aliquid
2565 526 2631 581 de
2667 528 2891 597 spiritali
2919 538 2971 583 et
2998 528 3416 586 incommutabili
3440 534 3568 589 sub-

1996 623 2187 676 stantia
2215 623 2507 679 divinitatis
2535 625 2767 679 auditur.
2800 626 3036 696 Suscipit
3074 638 3127 683 et
3155 628 3247 682 Lia
3278 628 3345 683 de
3371 628 3570 685 ancilla

1997 729 2092 771 Sua
2119 716 2270 780 ﬁlios,
2290 732 2473 773 amore
2496 718 2750 774 habendae
2778 720 3161 777 numerosioris
3190 722 3355 792 prolis
3376 737 3568 776 accen-

1996 817 2076 857 sa.
2114 806 2416 861 Invenimus
2445 818 2620 863 autem
2654 810 2906 879 Zelpham
2950 810 3067 880 ejus
3110 812 3358 867 ancillam
3406 814 3569 866 inter-

1999 897 2220 963 pretari,
2263 899 2333 952 Os
2371 899 2566 964 hians;
2600 911 2924 969 quapropter
2954 903 3004 954 in
3039 889 3416 971 praedicatione
3446 902 3569 959 ﬁdei

1997 988 2340 1055 evangelicae,
2382 1004 2608 1057 quorum
2634 1007 2693 1045 os
2720 991 2831 1045 hiat
2864 1001 2914 1047 et
2961 1008 3055 1046 cor
3083 1010 3187 1047 non
3221 994 3331 1048 hiat
3360 1010 3481 1049 cum
3514 996 3567 1049 in

1998 1079 2292 1148 Scripturis
2315 1083 2727 1148 adverterimus,
2752 1083 2866 1138 hinc
2888 1084 3201 1153 intellig'tur
3221 1087 3409 1140 ancilla
3437 1088 3568 1143 Liac.

1998 1170 2264 1241 Scriptum
2298 1181 2379 1226 est
2421 1174 2565 1228 enim
2607 1175 2673 1229 de
2720 1165 3031 1243 quihusdam
3065 1190 3079 1227 :
3113 1176 3344 1242 l’opulus
3381 1177 3465 1229 hic
3496 1178 3571 1230 la-

1999 1261 2100 1316 biis
2120 1278 2206 1317 me
2237 1264 2353 1317 bon
2381 1274 2485 1329 rat,
2512 1279 2604 1319 cor
2626 1276 2800 1321 autem
2832 1281 3014 1319 eorum
3044 1265 3200 1335 longe
3225 1277 3305 1321 est
3329 1282 3359 1321 a
3386 1284 3489 1329 me.
3520 1279 3572 1326 et

2000 1351 2192 1409 talibus
2234 1356 2523 1423 Aposwlus
2564 1355 2737 1410 dicit:
2788 1354 2891 1421 Qui
2939 1356 3198 1423 prmdiCas
3239 1371 3345 1412 non
3393 1358 3577 1413 furati-

2000 1442 2125 1498 dum
2150 1488 2166 1512 ,
2200 1444 2391 1500 furoris
2417 1461 2433 1510 ;
2468 1448 2556 1516 qui
2587 1447 2718 1501 dicis
2750 1462 2854 1501 non
2885 1447 3295 1502 adulterandum
3321 1487 3336 1512 ,
3369 1449 3575 1504 adulte-

2000 1547 2110 1591 ras.
2158 1534 2540 1591 Verumtamen
2570 1546 2629 1591 ut
2657 1538 2818 1592 etiam
2850 1553 2946 1606 per
2978 1537 3116 1592 hanc
3155 1539 3573 1594 conditionalem

2004 1622 2168 1677 libera
2208 1625 2299 1678 illa
2330 1641 2462 1680 uxor
2493 1626 2658 1682 Jacob
2706 1628 2952 1683 laborans
2981 1628 3118 1682 ﬁlios
3150 1629 3392 1685 hmredes
3423 1632 3572 1699 regni

326 1732 452 1775 sunt
497 1720 618 1774 ﬁlia:
650 1720 978 1774 remissionis
1011 1728 1373 1787 Peccalorum,
1427 1719 1526 1773 hoc
1554 1726 1636 1771 est
1679 1716 1897 1770 dealba-
1929 1706 1968 1764 Β
1998 1716 2286 1784 suscipiat,
2317 1716 2438 1772 ideo
2489 1719 2746 1774 Dominus
2787 1720 2916 1774 dicit
2948 1737 2963 1774 :
2995 1721 3122 1786 Quae
3174 1721 3356 1775 dicunt
3396 1720 3573 1787 facite,

327 1811 489 1865 tionis
536 1809 677 1879 quod
716 1818 801 1865 est
845 1806 1043 1862 Laban.
1089 1806 1464 1861 Verumtamen
1513 1821 1617 1860 una
1663 1814 1894 1871 amatur,

329 1904 432 1957 alte
465 1918 494 1954 a
542 1901 797 1954 toleratur
828 1917 839 1953 :
872 1899 966 1954 sed
1008 1914 1128 1968 qua:
1160 1900 1446 1962 toleratur,
1502 1895 1616 1963 ipsa
1662 1895 1807 1964 prius
1842 1904 1897 1949 et

328 1993 545 2047 u'wrius
576 1991 909 2054 fecundatur,
936 1997 993 2042 ut
1013 1987 1058 2041 si
1087 2003 1190 2041 non
1220 1996 1438 2057 propter
1464 1986 1717 2053 scipsam,
1750 1993 1899 2040 certe

330 2091 547 2152 propter
581 2081 717 2134 ﬁlios
749 2079 904 2149 diliga
935 2096 1018 2133 ur.
1060 2079 1235 2132 Labor
1257 2078 1399 2133 enim
1421 2077 1687 2147 justorum
1733 2075 1903 2130 maxi-

330 2190 475 2231 mum
506 2173 732 2228 fructum
766 2171 925 2227 habet
953 2172 1005 2226 in
1037 2172 1117 2227 eis
1147 2187 1280 2242 quos
1310 2186 1474 2241 regno
1515 2170 1608 2226 Dei
1642 2179 1905 2240 generant

332 2266 470 2319 inter
500 2264 692 2318 multas
720 2261 1039 2317 tentationes
1078 2272 1130 2314 et
1159 2261 1528 2316 tribulationes
1560 2245 1919 2330 prtelicando’

332 2354 707 2423 Evangelium,
757 2364 810 2408 et
836 2368 929 2408 eos
962 2361 1177 2422 propter
1215 2368 1348 2422 quos
1378 2361 1503 2407 sunt
1532 2352 1584 2406 in
1626 2352 1902 2408 laboribus

332 2445 708 2510 abundantius,
752 2444 805 2499 in
853 2445 1023 2514 plagis
1066 2460 1226 2512 supra
1266 2444 1506 2511 modum,
1554 2446 1607 2499 in
1640 2446 1904 2500 mortibus

333 2537 531 2605 smpius
573 2535 924 2608 [frequenter,
970 2534 1042 2606 et]
1103 2545 1318 2605 propter
1355 2549 1489 2605 quos
1534 2536 1731 2589 habent
1771 2534 1905 2591 foris

335 2644 563 2698 pugnas,
611 2628 754 2681 intus
799 2628 1040 2692 timores,
1089 2627 1334 2697 gaudium
1376 2637 1429 2682 et
1458 2641 1709 2682 coronam
1751 2640 1903 2689 suam

335 2727 549 2774 vocant.
597 2716 899 2772 Nascuntur
938 2726 1117 2773 autem
1157 2720 1238 2773 eis
1278 2720 1480 2773 facilius
1520 2730 1678 2788 atque
1725 2722 1904 2790 copio-

336 2810 449 2864 sius
493 2825 558 2863 ex
607 2810 695 2864 illo
723 2824 971 2863 sermone
1003 2810 1120 2864 lidei
1159 2825 1265 2878 quo
1310 2810 1597 2875 pradicant
1634 2811 1903 2867 Christum

337 2900 649 2956 crucifixum
670 2941 685 2965 ,
717 2913 766 2955 et
799 2900 1047 2971 quidquid
1081 2900 1420 2957 humanitatis
1448 2902 1564 2972 ejus
1607 2904 1761 2959 citius
1807 2905 1906 2961 htt-

339 3006 493 3045 mana
534 2991 852 3061 cogitatione
894 2993 1201 3061 percipitur,
1229 3001 1284 3047 et
1327 2994 1563 3048 inﬁrmos
1605 2995 1763 3051 etiam
1793 2996 1902 3050 Lite

2001 1822 2117 1877 qua:
2138 1821 2319 1863 autem
2349 1808 2550 1864 faciunt
2576 1811 2749 1866 facere
2780 1812 2963 1866 nolite.
3000 1813 3149 1867 Unde
3181 1814 3231 1867 in
3254 1813 3433 1869 labore
3455 1816 3573 1868 viu-

2001 1896 2240 1951 culorum
2288 1900 2395 1952 vita
2452 1901 2766 1969 apostolica.
2819 1903 2967 1969 Sive,
3010 1902 3214 1972 inquit,
3271 1908 3573 1973 occasione,

2001 1989 2115 2045 sive
2146 1990 2371 2047 veritate
2393 1991 2638 2048 Christus
2665 1997 3035 2063 annuntietur,
3060 2006 3113 2051 et
3141 1998 3192 2050 in
3224 1998 3322 2053 hoc
3349 2002 3574 2068 gaudeo,

2000 2082 2096 2135 sed
2124 2090 2177 2135 et
2203 2083 2447 2151 gaudebo
2479 2095 2727 2154 tanquam
2756 2096 2811 2142 et
2839 2087 3033 2143 ancilla
3067 2090 3308 2158 pariente
3337 2090 3402 2145 de
3431 2091 3585 2157 prole

2003 2173 2371 2228 numerosiore
2399 2173 2600 2231 laetata.

2534 2349 2760 2410 CAPUT
2809 2352 3043 2408 LXXI".

2005 2440 2081 2495 De
2109 2446 2244 2513 facta
2270 2440 2426 2498 Iudae
2461 2443 2597 2511 quod
2627 2460 2738 2496 cum
2763 2460 2854 2496 sua
2882 2460 3015 2496 nuru
3045 2444 3337 2510 concubuit,
3368 2461 3432 2498 ex
3458 2445 3586 2500 eod.

2466 2513 2554 2569 lib.
2589 2529 2695 2568 χιιι
2730 2530 2903 2567 contra
2930 2512 3115 2567 Faust.

2071 2620 2221 2677 Iudae
2246 2622 2440 2677 factum
2462 2622 2865 2678 consideremus
2881 2624 3021 2693 quod
3037 2639 3157 2679 cum
3181 2639 3274 2679 sua
3295 2641 3429 2679 nuru
3448 2640 3571 2681 con-

2004 2711 2210 2777 cubuit,
2229 2712 2353 2781 quid
2372 2711 2750 2780 signiﬁcaverit
2764 2712 3077 2768 futurorum.
3096 2714 3200 2770 Sed
3221 2714 3365 2783 prius
3387 2716 3571 2785 pt-zelo-

2004 2800 2272 2869 quendam
2319 2810 2423 2866 est,
2467 2816 2534 2856 ne
2573 2816 2890 2871 quemquam
2926 2818 3100 2871 parva:
3131 2804 3575 2861 considerationis

2004 2892 2235 2948 oﬁ‘endat
2286 2893 2433 2962 quod
2478 2894 2545 2948 de
2591 2894 2905 2964 quibusdam
2953 2895 3113 2950 malis
3174 2896 3426 2965 Operibus
3474 2895 3569 2957 ho-

2005 2985 2207 3038 minum
2235 2983 2339 3056 57
2374 2984 2425 3037 in
2456 2984 2747 3055 Scripturis
2773 2986 2975 3040 sanctis
2995 2985 3240 3054 quaedam
3268 3002 3371 3041 non
3402 2987 3537 3042 mala
3553 3026 3589 3051 ..

338 3086 519 3139 oculos
552 3098 657 3139 non
701 3085 993 3151 perturbat,
1044 3084 1242 3139 Rachel
1280 3094 1455 3139 autem
1496 3087 1638 3141 clara
1682 3096 1898 3155 θεμεοιυ
1928 3084 1975 3147 c
2005 3074 2099 3128 sed
2141 3074 2281 3129 bona
2324 3074 2501 3129 l‘utura
2530 3074 2917 3145 signiﬁcantur.
2969 3076 3162 3133 Servat
3188 3076 3330 3132 enim
3382 3076 3576 3147 ubique

338 3185 515 3231 mente
559 3176 768 3231 excedit
817 3178 942 3241 Deo,
992 3187 1045 3230 et
1084 3178 1228 3231 videt
1280 3180 1328 3230 in
1382 3178 1642 3249 principb
1668 3179 1901 3235 Verbum

335 3268 476 3336 apud
510 3268 701 3333 Deum,
730 3277 783 3321 et
812 3268 920 3323 vult
944 3282 1129 3335 parcre
1155 3278 1209 3322 et
1234 3283 1335 3322 neu
1369 3280 1565 3337 putem,
1597 3271 1717 3338 quia
1745 3285 1904 3341 gene-

335 3360 600 3414 rationem
624 3358 740 3429 ejus
761 3361 879 3429 quis
898 3360 1201 3414 enarrabit?
1219 3359 1447 3415 Proinde
1464 3362 1567 3415 vita
1586 3377 1707 3431 qua:
1727 3362 1904 3418 ειυάό

336 3449 804 3517 contemplatioiis
841 3451 1097 3518 competit
1137 3460 1191 3503 ut
1216 3464 1278 3504 ea
1308 3464 1428 3519 quae
1458 3453 1632 3506 carnis
1671 3462 1795 3507 81ml.
1825 3453 1906 3507 in-

335 3538 570 3593 visibilia
597 3554 701 3592 non
728 3538 953 3593 inﬁrmis
983 3540 1150 3593 oculis
1174 3541 1388 3603 mentis,
1416 3556 1510 3609 per
1531 3556 1595 3596 ea
1618 3557 1736 3610 qua:
1767 3543 1904 3598 facta

330 3638 459 3683 sunt
491 3628 763 3683 intellecta
807 3629 1129 3697 conspiciat,
1179 3636 1235 3683 et
1264 3632 1643 3699 sempiternam
1675 3631 1771 3686 Dei
1800 3633 1907 3686 vir-

334 3731 505 3778 tutem
555 3738 621 3778 ac
668 3722 996 3777 divinitatem
1054 3722 1391 3779 ineﬁ'abiliter
1436 3733 1653 3789 cernat,
1714 3740 1906 3780 vacare

331 3814 447 3867 vult
489 3813 559 3870 ab
604 3814 750 3866 omni
803 3812 1012 3883 negotio
1056 3822 1107 3867 et
1151 3812 1271 3867 ideo
1317 3814 1537 3868 sterilis.
1593 3813 1905 3870 Aﬁectando

328 3905 532 3973 quippe
562 3903 730 3956 otium
774 3917 878 3971 quo
903 3902 1076 3957 studia
1108 3903 1575 3972 contemplationis
1606 3904 1904 3973 ignescunt,

326 4010 442 4051 non
477 4003 913 4062 contemperatur
946 3993 1238 4047 inﬁrmitati
1267 3994 1539 4049 hominum
1566 4038 1579 4060 ,
1614 3995 1705 4062 qui
1737 3996 1789 4049 in
1817 4011 1907 4050 va-

326 4088 426 4143 riis
462 4085 727 4153 pressuris
764 4084 867 4139 sibi
904 4084 1209 4139 desiderant
1249 4086 1551 4154 subveniri,
1585 4088 1677 4141 sed
1702 4089 1822 4156 quia
1853 4097 1908 4143 et

327 4182 449 4248 ipsa
494 4177 811 4248 procreandi
839 4177 1097 4232 cbaritate
1141 4178 1446 4232 inardescit.
1482 4178 1603 4231 Vult
1630 4179 1771 4233 enim
1811 4181 1909 4235 do-

326 4283 461 4323 cere
507 4266 648 4336 quod
677 4266 827 4321 novit
855 4281 1026 4336 neque
1058 4282 1176 4321 cum
1220 4268 1414 4321 invidia
1466 4268 1768 4324 tabescente
1808 4274 1908 4325 iter

329 4359 561 4415 habere.
606 4357 761 4411 Videt
789 4370 1027 4413 sororem
1059 4358 1241 4413 labore
1268 4359 1455 4427 agendi
1487 4368 1644 4429 atque
1675 4360 1908 4429 patiendi

2006 3171 2184 3227 divina
2213 3171 2546 3239 providentia
2573 3170 2818 3227 virtutem
2846 3172 3095 3227 bonitatis
3122 3187 3253 3226 suae.
3287 3170 3356 3227 Ut
3382 3187 3575 3242 quem-

2006 3263 2288 3318 admodum
2343 3278 2408 3319 ex
2457 3264 2820 3319 adulterorum
2874 3264 3162 3319 concubitu
3222 3264 3479 3318 formatur
3527 3272 3588 3319 et.

2006 3357 2249 3410 nascitur
2270 3354 2431 3409 homo
2456 3355 2524 3410 de
2549 3355 2825 3410 hominum
2843 3369 3006 3423 opere
3036 3354 3199 3419 malo,
3229 3354 3422 3409 bonum
3445 3368 3581 3421 Opus

2008 3447 2101 3503 Dei
2129 3448 2290 3519 (sicut
2316 3449 2368 3501 in
2394 3447 2718 3516 praecedenti
2744 3446 3113 3515 sermonejarn
3135 3445 3390 3510 diximus,
3414 3446 3477 3499 de
3505 3444 3579 3499 fe-

2008 3541 2279 3595 cunditate
2308 3540 2572 3595 seminum
2600 3536 2616 3607 ,
2646 3554 2757 3592 non
2804 3538 2872 3593 de
2918 3537 3244 3606 turpitudine
3288 3538 3581 3607 vitiorum),

2010 3635 2084 3689 ita
2114 3634 2166 3689 in
2215 3634 2505 3703 Scripturis
2537 3632 2890 3703 propheticis,
2921 3646 3027 3687 non
3068 3641 3268 3687 tantum
3318 3630 3455 3686 bona
3488 3630 3579 3685 ho-

2012 3725 2216 3780 minum
2246 3765 2261 3791 ,
2300 3725 2647 3779 verumetiam
2680 3723 2817 3777 mala
2862 3722 2999 3777 facta
3044 3723 3408 3787 narrantibus,
3451 3737 3579 3791 quo-

2011 3818 2149 3871 niam
2181 3817 2490 3885 prophetica
2517 3826 2597 3869 est
2642 3816 2755 3882 ipsa
2806 3814 3076 3882 narratio,
3119 3814 3444 3883 signiﬁcetur
3479 3814 3576 3867 ali~

2010 3909 2137 3979 quid
2167 3908 2233 3963 de
2281 3908 2435 3962 malis
2462 3908 2711 3976 operibus
2744 3907 3033 3968 hominum,
3065 3907 3226 3961 etiam
3277 3907 3575 3962 futurorum

2011 3999 2297 4063 bonorum,
2332 4013 2435 4052 non
2462 4000 2731 4066 peccantis
2754 4013 2937 4066 Opere,
2962 3998 3053 4052 sed
3076 3998 3374 4053 scribentis.
3400 3999 3585 4069 Neque

2012 4093 2151 4147 enim
2201 4090 2362 4144 Judas
2408 4104 2528 4145 cum
2578 4090 2642 4143 ad
2676 4089 2907 4142 Thamar
2933 4090 3359 4158 concupiscentia
3408 4090 3581 4143 victus

2013 4182 2265 4243 intraret,
2296 4184 2434 4234 hanc
2463 4194 2575 4235 sum
2618 4178 2853 4233 libidinis
2885 4177 3230 4233 intentionem
3259 4178 3494 4247 gerebat,
3529 4189 3581 4234 ut

2011 4272 2135 4327 inde
2163 4270 2361 4341 aliquid
2388 4269 2777 4339 signiﬁcaretur
2798 4268 2939 4337 quod
2962 4269 3025 4321 ad
3052 4270 3276 4323 salutein
3308 4268 3581 4323 hominum

1976 4388 1987 4400 -
2013 4363 2326 4432 pertineret,
2358 4361 2496 4417 sicut
2524 4376 2623 4416 nec
2666 4359 2830 4415 Judas
2859 4360 2947 4415 ille
2978 4360 3069 4429 qui
3102 4361 3382 4415 Dominum
3414 4360 3582 4415 tradi-

332 4454 467 4507 ﬁliis
498 4446 881 4514 abundantem,
922 4460 976 4507 et
1015 4451 1160 4507 dolet
1202 4455 1374 4521 potius
1404 4466 1620 4507 currere
1662 4453 1908 4508 homines
1935 4451 1985 4512 D
2011 4455 2121 4519 dit,
2153 4454 2254 4510 hoc
2293 4453 2520 4507 intendit
2550 4462 2606 4507 ut
2631 4450 2836 4521 aliquid
2867 4451 2992 4506 inde
3030 4459 3309 4520 gereretur
3335 4451 3474 4520 quod
3513 4452 3587 4505 ad.

333 4544 403 4597 ad
424 4559 544 4597 eam
567 4544 812 4597 virtutem
834 4557 932 4612 qua
957 4557 1140 4597 eorum
1164 4542 1560 4596 inﬁrmitatibus
1583 4543 1912 4599 necessitati-
2009 4545 2249 4600 eamdem
2271 4545 2495 4600 salutem
2525 4544 2795 4598 hominum
2812 4543 3119 4611 pertineret.
3141 4542 3305 4597 Porro
3317 4546 3360 4596 si
3383 4543 3450 4597 de
3472 4551 3581 4598 tam

330 4640 549 4705 basque
570 4635 883 4700 consulitur,
908 4650 1065 4705 quam
1086 4635 1148 4688 ad
1169 4635 1309 4689 illam
1340 4636 1477 4689 unde
1498 4635 1731 4689 divinum
1755 4644 1809 4690 et
1834 4636 1912 4690 in-
2008 4635 2149 4689 malo
2170 4648 2333 4703 opere
2355 4633 2507 4688 Iuda:
2539 4634 2683 4688 illius
2716 4643 2818 4687 tam
2845 4634 3039 4687 bonum
3064 4646 3197 4701 opus
3224 4633 3477 4688 Dominus
3506 4633 3583 4689 fe-

334 4724 720 4779 commutabile
735 4724 928 4794 aliquid
948 4725 1188 4779 discitur.
1214 4726 1307 4779 llic
1324 4725 1475 4779 dolor
1497 4725 1751 4795 ﬁguratus
1767 4728 1911 4782 vide-

337 4828 428 4871 tur
447 4818 499 4870 in
523 4831 586 4871 co
603 4818 740 4888 quod
759 4818 1012 4885 scriptum
1032 4827 1141 4871 est:
1170 4818 1234 4871 Et
1251 4818 1439 4872 zelavit
1458 4818 1651 4871 Rachel
1669 4833 1909 4873 sororem

334 4924 513 4962 suam.
542 4907 770 4963 Proinde
791 4910 910 4976 quia
940 4908 1168 4976 liquidus
1192 4923 1458 4977 purusque
1489 4908 1811 4975 intellectus,
1844 4908 1911 4964 de

336 5000 431 5052 illa
456 4998 748 5052 substantia
770 5014 887 5063 quae
911 5013 1104 5065 corpus
1122 5016 1224 5051 non
1245 5009 1345 5063 est,
1376 5014 1436 5051 ac
1467 5013 1559 5067 per
1582 5000 1679 5051 hoe
1704 4998 1766 5051 ad
1794 5013 1913 5053 car-

336 5092 423 5144 nis
446 5104 661 5144 sensum
693 5105 793 5143 non
819 5090 1074 5159 pertinet,
1115 5089 1290 5144 verbis
1318 5103 1476 5142 carne
1498 5088 1655 5143 editis
1681 5089 1909 5157 exprimi

335 5199 448 5237 non
482 5190 691 5251 potest,
718 5181 868 5251 eligit
907 5181 1147 5235 doctrina
1183 5179 1454 5246 sapientia:
1505 5197 1598 5250 per
1645 5182 1909 5249 quaslibet

333 5286 634 5340 corporeas
675 5269 935 5340 imagines
966 5279 1020 5325 et
1048 5270 1421 5324 similitudines
1451 5281 1737 5337 utcumque
1767 5269 1910 5337 cogi-

335 5363 501 5418 tanda
526 5362 800 5417 insinuare
827 5362 1021 5425 divina,
1053 5377 1211 5431 quam
1241 5361 1307 5415 ab
1331 5360 1510 5415 ol'ﬁcio
1537 5362 1655 5415 talia
1681 5360 1908 5415 docendi

332 5466 579 5515 cessare,
624 5452 762 5506 sicut
791 5452 949 5521 elegit
988 5451 1184 5505 Rachel
1232 5467 1295 5504 ex
1335 5452 1447 5505 viro
1476 5466 1573 5504 suo
1619 5462 1673 5505 et
1715 5453 1909 5505 ancilla

332 5544 615 5614 Suscipere
655 5544 791 5599 ﬁlios
831 5558 988 5613 quam
1028 5543 1142 5598 sine
1183 5542 1304 5598 ﬁliis
1348 5542 1567 5598 omnino
1606 5558 1906 5599 remanere.

336 5638 466 5694 Bala
492 5638 687 5707 quippe
711 5636 1041 5706 interpretari
1071 5637 1260 5690 dicitur
1285 5637 1573 5692 inveterata
1603 5652 1615 5691 :
1648 5637 1783 5692 hanc
1817 5637 1908 5691 ha~

2007 4727 2099 4789 cit,
2127 4736 2180 4780 ut
2200 4724 2435 4794 ejusdem
2458 4739 2568 4779 suae
2599 4725 2860 4792 passionis
2879 4724 3133 4791 sanguine
3156 4737 3251 4777 nos
3275 4723 3585 4791 redimeret,

2016 4816 2140 4884 quid
2170 4818 2361 4870 mirum
2384 4817 2427 4869 si
2449 4816 2701 4885 prepbeta
2724 4816 2857 4882 ejus,
2887 4815 2952 4868 de
2972 4829 3079 4885 quo
3105 4815 3218 4885 ipse
3246 4816 3318 4869 ait
3343 4856 3357 4879 ,
3392 4818 3466 4873 De
3497 4833 3590 4873 me

2014 4906 2157 4960 enim
2182 4906 2275 4960 ille
2291 4906 2524 4975 scripsit,
2537 4920 2603 4961 ex
2621 4905 2899 4961 malefacto
2914 4905 3063 4962 Judte
3087 4907 3226 4962 illius
3248 4908 3370 4963 boni
3383 4910 3583 4979 aliquid

2014 5000 2353 5068 signiﬁcavit,
2385 5010 2445 5053 ut
2475 5014 2571 5053 suo
2601 4998 2852 5068 mysterio
2885 5014 2983 5053 nos
3010 4999 3248 5056 doceret.
3287 5001 3362 5056 Ea
3391 5004 3586 5071 quippe

2015 5093 2288 5148 hominum
2312 5094 2447 5148 facta
2466 5094 2662 5162 Spiritu
2685 5105 2867 5149 sancto
2890 5093 3203 5163 disponente
3227 5106 3384 5165 atque
3415 5096 3582 5162 inspi-

2016 5191 2168 5236 rante
2189 5183 2400 5252 collegit
2431 5182 2686 5251 propheta
2717 5195 2978 5249 narrator,
3006 5201 3225 5255 quorum
3248 5183 3582 5251 interpositio

2016 5289 2120 5327 non
2160 5284 2372 5329 vacaret
2409 5290 2435 5327 a
2469 5276 2880 5345 praesignatione
2910 5293 3084 5331 rerum
3109 5290 3240 5345 quas
3282 5274 3583 5329 intenderat

2018 5363 2334 5434 prephetare
2358 5381 2371 5418 :
2403 5365 2467 5418 ad
2493 5367 2838 5434 signiﬁcanda
2865 5380 3039 5420 autem
3062 5366 3234 5433 aliqua
3263 5364 3420 5427 bona,
3447 5364 3577 5418 nihil

2018 5454 2237 5509 interest
2259 5456 2390 5509 facta
2416 5455 2502 5509 illa
2527 5497 2541 5519 ,
2574 5457 2766 5525 quibus
2793 5473 2853 5510 ea
2878 5458 3257 5526 signiﬁcantur,
3287 5468 3379 5508 seu
3406 5454 3577 5521 bona,

2016 5560 2110 5601 seu
2141 5548 2277 5601 mala
2317 5548 2439 5601 sint.
2472 5549 2607 5614 Quid
2647 5550 2789 5602 enim
2834 5564 2947 5601 mea
2994 5548 3249 5611 interest,
3300 5560 3420 5600 cum
3457 5547 3582 5603 volo

2018 5641 2213 5711 aliquid
2242 5642 2464 5712 legendo
2481 5656 2820 5710 cognoscere,
2847 5650 3017 5695 utrum
3046 5655 3108 5694 cx
3134 5638 3295 5694 minio
3313 5641 3589 5709 reperiam.
