3990 6180
429 180 530 237 605

1498 185 1557 237 D.
1590 183 1907 239 EUGYPPII
1949 182 2237 240 ABBATIS
2278 178 2601 244 AFRICANI

3574 192 3670 249 690

435 301 668 367 scriptos
691 303 871 370 nigros
896 301 1179 371 .Etliopcs
1200 343 1215 369 ,
1250 312 1304 358 et
1330 318 1391 355 ex
1422 311 1723 358 atramento
1749 302 2006 357 candidos
2040 309 2084 364 Α
2115 311 2354 367 pretatur
2380 302 2624 359 dimissio
2652 304 2789 374 ejus.
2819 304 2930 361 Non
2972 305 3200 374 pertinet
3226 308 3536 381 [pertinent]
3561 327 3676 368 sane

433 392 650 450 Gallos?
675 393 1054 447 Verumtamen
1082 394 1123 445 si
1156 409 1260 445 nun
1286 393 1604 461 scripturam
1628 391 1722 445 sed
1752 393 2007 460 picturam

402 485 592 543 .talem
618 486 854 541 viderem
872 526 886 549 ,
913 486 1029 540 sine
1061 483 1394 539 dubitatione
1420 482 1875 551 reprehenderem
1900 500 1911 534 :
1936 483 2007 536 ita

432 575 485 630 in
519 575 669 631 factis
699 576 1025 638 hominum,
1048 592 1164 643 qttze
1196 575 1260 629 ad
1312 574 1620 628 imitandum
1672 574 2011 629 vitandumve

432 679 806 738 proponuntur
829 709 844 728 ,
877 668 1051 735 magni
1082 669 1305 721 interest
1352 667 1562 721 bonane
1606 682 1671 720 an
1704 667 1843 719 mala
1868 666 2006 731 sint;

434 773 556 827 qua:
577 768 755 813 autem
789 758 853 812 ad
884 758 1287 828 signiﬁcandum
1314 758 1617 813 scribuntur
1636 799 1651 823 ,
1684 757 1798 811 sive
1820 756 2007 812 dicun-

433 861 519 901 tur
542 891 557 915 ,
592 848 723 902 nihil
761 848 925 903 refert
969 849 1021 903 in
1054 848 1291 903 moribus
1333 848 1638 903 facientium
1660 886 1676 913 ,
1709 863 1867 917 quam
1899 848 2009 902 lau‘

433 939 555 993 dem
583 940 1129 1007 reprehensionemve
1158 947 1461 994 mereantur
1481 982 1494 1005 ,
1527 939 1569 992 si
1614 937 1773 991 modo
1816 935 2013 990 habent

431 1031 662 1100 aliquam
708 1031 782 1085 rei
811 1045 911 1101 qua
938 1030 1007 1085 de
1037 1031 1211 1100 agitur
1238 1030 1599 1086 necessariam
1634 1027 2007 1098 prteﬁgurandt

433 1123 862 1191 congruentiam.
910 1120 1065 1177 Sicut
1112 1121 1253 1175 enim
1299 1120 1516 1190 Caiphae
1572 1122 1621 1175 in
1679 1119 2007 1190 l-Zvangelio,

432 1222 691 1282 quantum
738 1210 804 1265 ad
852 1211 971 1281 ejus
1015 1210 1233 1266 noxium
1265 1213 1728 1280 perniciosumque
1772 1212 2009 1266 animuni

434 1301 775 1369 pertinebat,
822 1312 1076 1371 quantum
1108 1302 1337 1372 denique
1377 1303 1441 1357 ad
1490 1302 1600 1371 ipsa
1647 1301 1836 1365 verba,
1878 1301 1923 1356 si
1956 1302 2009 1357 in

434 1394 514 1444 eis
544 1392 869 1447 voluntatem
910 1391 1154 1446 attendas
1198 1393 1456 1458 dicentis,
1503 1392 1695 1460 quitus
1737 1392 1924 1462 agebat
1956 1403 2012 1448 ut

429 1474 610 1551 justus
655 1482 847 1552 injuste
890 1493 1190 1545 necaretur.
1223 1482 1404 1552 utique
1432 1482 1568 1537 mala
1607 1490 1801 1547 erant,
1833 1490 2009 1539 tamen

434 1587 683 1639 magnum
713 1574 909 1629 bonum
960 1574 1053 1630 illo
1083 1575 1353 1631 nesciente
1379 1575 1767 1646 signiﬁcabant,
1799 1577 2011 1647 quando

2110 395 2175 449 ad
2205 395 2341 450 hanc
2370 396 2817 465 signiﬁcationem
2853 396 2952 451 viri
2977 398 3147 452 sancti
3178 409 3227 453 ct
3252 400 3383 469 justi
3427 402 3539 467 qui.
3563 402 3677 457 li‘eet

2114 484 2209 539 illo
2241 496 2482 555 tempore
2514 487 2728 553 fuerint,
2754 488 2819 541 ad
2835 488 3038 543 Novum
3067 498 3239 543 tamen
3261 491 3525 559 pertinent
3553 493 3677 549 Tes-

2116 582 2411 630 tamentum
2455 578 2539 632 cui
2586 578 2952 645 prephetando
2990 581 3220 635 scienter
3250 584 3413 636 utiles
3458 583 3675 647 fuerunt.

2110 665 2282 735 qualis
2316 667 2474 721 David
2524 667 2641 722 fuit.
2674 669 2751 723 Eo
2775 684 2906 726 sane
2936 680 3209 739 tempore,
3240 687 3348 741 quo
3368 672 3477 741 jam
3515 672 3679 729 ludat:

2110 764 2346 823 coeperat
2380 770 2532 826 reges
2570 772 2633 811 es
2683 757 2823 812 ttibu
2863 758 2995 814 Juda
3049 775 3154 815 non
3197 761 3421 827 habere,
3472 778 3573 817 non
3606 774 3681 819 est

2110 846 2504 915 etimputandus
2546 846 2785 903 Herodes
2833 849 3005 919 major
3038 851 3092 904 in
3148 853 3364 920 regibus
3412 852 3529 922 ejus
3569 863 3677 908 tan-

2110 949 2269 1003 quam
2305 937 2527 990 maritus
2555 936 2810 1006 Thamar,
2839 949 2958 994 erat
2984 940 3127 994 enim
3152 941 3472 1010 alienigena.
3512 943 3614 999 Nec
3639 946 3680 998 σιξ

2110 1038 2448 1080 sacramento
2478 1026 2571 1081 illo
2596 1028 2834 1099 mysticae
2860 1029 3121 1085 unctionis
3150 1041 3401 1102 tanquam
3431 1034 3681 1102 conjugali

2110 1117 2313 1174 fmdere
2337 1118 2667 1184 cohaerebat,
2694 1120 2788 1174 sed
2836 1131 3086 1191 tanquam
3118 1132 3413 1180 extraneus
3457 1125 3683 1181 domina-

2112 1208 2292 1263 batur.
2322 1208 2493 1276 Quam
2518 1220 2833 1280 potestatem
2860 1227 2890 1265 a
2938 1211 3194 1268 Romanis
3222 1225 3276 1269 ct
3304 1229 3335 1269 a
3362 1213 3569 1271 Caesare
3596 1233 3680 1271 ac-

2110 1312 2361 1370 ceperat,
2409 1303 2487 1358 sic
2530 1316 2583 1359 et
2631 1304 2748 1374 ejus
2791 1305 2884 1360 ﬁlii
2919 1306 3203 1362 tetrarchae
3230 1350 3248 1373 ,
3298 1323 3525 1375 quorum
3574 1316 3681 1363 erat

2111 1410 2251 1449 unus
2296 1394 2534 1450 llcrudes
2586 1398 2749 1467 patris
2787 1399 3015 1474 nomine
3066 1401 3404 1468 appellatus,
3445 1400 3682 1469 quicum

2112 1484 2283 1540 Pilato
2312 1486 2362 1540 in
2384 1488 2627 1554 passione
2664 1488 2871 1543 Domini
2900 1492 3269 1546 co:.cordavit.
3305 1491 3394 1547 lsti
3415 1507 3542 1562 ergo
3562 1493 3681 1548 alie-

2114 1577 2354 1647 nigenm,
2387 1593 2551 1649 usque
2576 1580 2712 1635 adeo
2744 1597 2849 1637 non
2895 1584 3292 1652 deputaliantur
3324 1588 3376 1641 in
3405 1601 3568 1656 regno
3596 1586 3681 1642 illo

438 1664 515 1730 ait
547 1680 563 1717 :
595 1663 821 1731 Expedit
845 1676 897 1719 ut
928 1679 1064 1720 unus
1088 1666 1374 1731 moriatur,
1406 1678 1458 1719 et
1482 1682 1585 1721 nou
1618 1675 1725 1720 tota
1756 1682 1886 1738 gens
1915 1684 2005 1738 pe-
2041 1672 2088 1732 B
2117 1672 2340 1741 mystico
2363 1671 2692 1740 Iudaeorum,
2719 1683 2781 1728 ut
2829 1675 2927 1744 ipsi
2959 1676 3129 1731 Judtei
3162 1678 3377 1747 publice
3405 1679 3680 1736 clamarent

431 1762 567 1810 teat.
597 1756 907 1828 Dictumque
935 1758 1000 1812 de
1029 1757 1119 1812 illo
1158 1766 1241 1813 est
1272 1774 1287 1811 :
1322 1758 1432 1812 lloc
1458 1773 1486 1810 a
1517 1760 1696 1827 seipso
1725 1775 1829 1813 non
1854 1758 2005 1823 dixit,

432 1844 526 1912 sed
554 1861 674 1900 cum
712 1856 857 1901 esset
902 1863 947 1916 pc
972 1848 1137 1902 n'ifes
1169 1847 1538 1916 prephetavit,
1583 1849 1702 1917 quia
1728 1851 2011 1919 oportebat

433 1936 614 1992 Jesum
661 1937 795 1992 mori
822 1953 920 2007 pro
964 1947 1140 2007 g-nte.
1184 1937 1256 1991 lta
1288 1937 1485 1992 factum
1516 1937 1673 1993 Judze
1715 1939 2007 1995 secundum

433 2026 449 2090 ι
472 2028 573 2087 litis
591 2027 863 2089 libidinem
888 2030 1084 2083 malum
1109 2029 1228 2095 fuit,
1244 2029 1339 2084 sed
1356 2029 1448 2084 illo
1466 2030 1739 2085 nesciente
1761 2046 2008 2102 magnum

432 2120 633 2175 bonum
657 2121 993 2191 signiﬁcavit.
1023 2126 1061 2176 Α
1086 2124 1276 2191 seipso
1296 2121 1491 2193 quippe
1520 2122 1717 2178 tnalum
1750 2125 1894 2189 fecit,
1915 2125 2007 2180 sed

433 2226 541 2266 non
571 2225 601 2266 a
630 2210 806 2283 seipso
828 2212 1024 2268 bonum
1049 2214 1382 2287 significavit.
1410 2214 1521 2269 [loc
1545 2224 1724 2269 autem
1751 2216 1891 2285 quod
1919 2231 2011 2271 ne-

433 2305 668 2359 cessario
699 2307 1130 2375 praeloquendum
1165 2308 1375 2374 putavi,
1406 2320 1511 2361 non
1537 2306 1603 2361 ad
1630 2306 1731 2363 hoc
1773 2316 2007 2362 tantum-

434 2394 594 2450 modo
621 2394 774 2451 Judre
802 2394 995 2450 factum
1022 2438 1036 2463 ,
1093 2397 1186 2452 sed
1214 2398 1375 2453 etiam
1417 2398 1482 2451 ad
1509 2414 1572 2452 ea
1591 2406 1701 2453 tera
1732 2398 1934 2465 valeat,
1964 2401 2010 2454 si

434 2502 537 2555 qua
568 2488 899 2542 occurrerint
949 2488 1085 2542 mala
1137 2504 1296 2556 opeia
1328 2488 1635 2555 hominum,
1682 2490 1874 2557 quibus
1914 2491 2008 2543 bo-

434 2596 561 2635 num
590 2580 788 2651 aliquid
817 2597 845 2635 a
878 2590 1129 2637 narrante
1161 2582 1534 2654 prophetatum
1561 2590 1665 2635 est.
1692 2581 1749 2635 In
1778 2579 2009 2634 Thamar

434 2688 563 2743 ergo
590 2690 722 2728 nuru
767 2673 917 2731 Jndte
955 2676 1268 2745 intell'gitur
1310 2675 1458 2744 plebs
1484 2674 1631 2744 regni
1671 2673 2006 2739 Judmorum,

434 2764 517 2818 cui
547 2765 614 2819 de
642 2765 781 2820 tribu
810 2763 945 2821 Juda
990 2782 1144 2836 reges
1175 2775 1425 2837 tanquam
1466 2767 1641 2821 mariti
1685 2765 2009 2821 adhibeban-

434 2864 537 2909 tur.
572 2855 758 2911 Blerito
781 2872 969 2913 nomen
1000 2858 1117 2928 ejus
1140 2858 1439 2912 amaritudo
1462 2858 1863 2928 interpretatur:
1893 2857 2007 2926 ipsa

434 2947 575 3000 enim
607 2946 833 3003 Domino
850 2949 994 3004 fellis
1019 2950 1262 3019 poculum
1284 2948 1450 3005 dedit.
1474 2949 1586 3005 Duo
1605 2958 1779 3005 autem
1808 2962 2007 3019 genera

2112 1762 2417 1818 frendentes
2443 1765 2699 1819 adversus
2723 1764 2994 1821 Christum
3022 1784 3036 1821 :
3060 1767 3165 1823 Nos
3189 1783 3297 1824 nOn
3322 1770 3575 1825 habemus
3596 1786 3676 1824 re-

2110 1866 2228 1921 gem
2252 1893 2267 1916 ,
2296 1852 2396 1907 uisi
2441 1854 2729 1910 Caesarem.
2762 1855 2942 1926 Neque
2977 1858 3076 1912 hoc
3108 1875 3296 1914 verum
3333 1861 3432 1915 nisi
3458 1862 3541 1916 illa
3570 1863 3676 1917 uni-

2110 1942 2302 1996 versali
2341 1942 2727 2011 dominatione,
2763 1945 3123 2002 Romanorum
3151 1949 3357 2020 quippe
3394 1950 3571 2004 Caesar
3595 1966 3675 2005 rex

2109 2041 2193 2088 est
2223 2032 2411 2106 [erat],
2446 2050 2550 2088 non
2585 2037 2798 2104 proprie
2825 2036 3163 2107 Judteorum,
3196 2040 3294 2094 sed
3343 2051 3399 2095 ut
3428 2040 3673 2096 Christum

2110 2134 2369 2193 negarent
2399 2134 2454 2180 et
2484 2124 2612 2180 huic
2641 2126 2959 2194 adulareat,
2993 2128 3114 2183 ideo
3152 2142 3213 2185 se
3256 2130 3349 2185 tali
3393 2145 3520 2186 voce
3553 2132 3672 2185 dam-

2110 2226 2327 2271 narunt.
2354 2216 2448 2271 Illo
2469 2232 2599 2287 ergo
2638 2228 2879 2287 tempore
2920 2234 3027 2287 quo
3049 2222 3158 2289 jam
3197 2236 3431 2291 regnum
3460 2223 3525 2276 de
3550 2222 3673 2276 tribu

2108 2307 2242 2363 .iuda
2273 2307 2543 2363 defecerat
2574 2349 2589 2373 ,
2621 2309 2935 2365 \eniendum
2968 2320 3085 2366 erat
3110 2310 3329 2367 Christo
3356 2328 3482 2369 vero
3507 2313 3673 2370 Salva-

2111 2408 2227 2454 tore
2260 2399 2485 2453 Domino
2504 2410 2707 2464 nostro,
2734 2403 2821 2468 qui
2854 2417 2958 2457 non
2975 2404 3188 2457 obesset
3216 2404 3550 2475 multumque
3570 2418 3673 2473 pro-

2109 2488 2325 2554 desset;
2368 2489 2447 2543 sic
2472 2491 2614 2545 enim
2645 2491 2817 2545 fuerat
2864 2498 3235 2563 prophetatum
3272 2511 3288 2549 :
3338 2495 3455 2550 Non
3483 2494 3673 2550 deﬁciet

2109 2580 2360 2648 princeps
2397 2594 2463 2636 ex
2485 2579 2642 2648 Juda,
2671 2597 2843 2651 neque
2871 2582 2978 2637 dus
3008 2586 3075 2640 de
3102 2583 3404 2641 femoribus
3432 2587 3560 2655 ejus,
3588 2584 3672 2640 do-

2111 2684 2212 2726 nec
2240 2670 2414 2727 veniat
2456 2672 2543 2727 cui
2572 2673 2864 2742 repetitum
2895 2683 2979 2728 est
3014 2692 3026 2727 :
3061 2675 3124 2729 Et
3178 2676 3297 2744 ipse
3323 2688 3405 2731 est
3431 2675 3572 2749 [erit]
3593 2691 3672 2731 es-

2116 2764 2384 2836 spectatio
2414 2763 2682 2834 gentium.
2712 2763 2829 2819 .lam
2864 2763 2969 2819 isto
3001 2773 3249 2833 tempore
3279 2779 3443 2819 omne
3474 2781 3668 2835 quoque

2116 2854 2368 2929 [quippe]
2407 2853 2779 2926 magisterium
2826 2852 3137 2908 Iudaeorum
3177 2859 3233 2907 et
3286 2854 3511 2925 mystica
3543 2853 3669 2908 unde

2115 2947 2318 3004 Christi
2344 2947 2687 3001 vocabantur
2713 2946 2898 3000 unctio
2921 2946 3032 3011 ipsa
3058 2944 3368 3001 defecerat.
3394 2945 3671 3001 secundum

435 3035 735 3105 principum
759 3038 849 3109 qui
874 3055 978 3093 non
1007 3050 1151 3094 recte
1169 3039 1525 3109 operabantur
1547 3040 1599 3094 in
1632 3039 1817 3109 plebe,
1848 3054 2010 3094 unum
2041 3042 2086 3105 C
2117 3040 2460 3112 prophetiam
2487 3039 2651 3094 etiam
2670 3036 2923 3093 Danielis.
2943 3036 3380 3093 Tuncvenitcui
3400 3036 3672 3105 repositum

434 3141 621 3183 eorum
667 3129 757 3197 qui
800 3129 1061 3195 aberant,
1107 3130 1329 3186 alti-rum
1361 3146 1544 3186 eorum
1590 3131 1679 3200 qui
1709 3130 1842 3184 nihil
1893 3143 2015 3197 pro-

436 3218 665 3286 derant,
696 3220 1021 3289 significatur
1047 3220 1526 3291 [~igniﬁcabantur]
1575 3224 1623 3274 in
1655 3220 1858 3275 duobus
1892 3219 2013 3275 ﬁliis

438 3309 611 3375 Judm,
643 3326 864 3380 quorum
915 3329 1050 3368 unus
1098 3314 1358 3384 malignus
1398 3323 1515 3369 erat
1544 3313 1627 3368 vel
1680 3328 1851 3367 stevus
1891 3320 2014 3367 ante

438 3402 721 3457 hominum
749 3445 764 3470 ,
797 3404 935 3479 alter
960 3405 1013 3459 in
1047 3416 1242 3460 terram
1277 3405 1535 3460 fundebat
1566 3420 1633 3462 ne
1658 3420 1837 3460 semen
1862 3405 2014 3460 daret

440 3494 508 3556 ad
539 3482 926 3549 fecundandam
959 3497 1211 3552 Thamar.
1264 3497 1374 3552 Nec
1419 3507 1546 3553 sunt
1592 3498 1822 3568 amplius
1853 3488 2011 3569 Quam

438 3587 543 3639 duo
562 3601 755 3657 genera
786 3586 1061 3646 hominum
1086 3588 1289 3643 inutilia
1312 3590 1496 3659 generi
1528 3590 1761 3644 humano
1800 3606 1813 3642 :
1847 3605 2012 3645 unum

440 3676 746 3743 nocentium
766 3719 781 3745 ,
810 3679 1034 3736 alterum
1065 3690 1316 3751 pmstare
1364 3683 1657 3737 no‘entium
1677 3726 1692 3750 ,
1727 3691 1782 3737 et
1811 3685 1854 3735 si
1887 3682 2013 3752 quid

438 3769 561 3824 boni
614 3769 811 3825 habent
839 3772 889 3826 in
934 3772 1031 3827 hac
1082 3781 1295 3828 terrena
1340 3774 1448 3827 vita
1505 3773 1865 3841 perdentium,
1900 3782 2017 3828 tan-

438 3872 597 3927 quam
634 3850 686 3913 in
712 3868 847 3915 terra
873 3861 1197 3917 fundenlium
1222 3905 1237 3929 ,
1264 3872 1320 3917 et
1346 3865 1596 3932 quoniam
1628 3865 1676 3918 in
1706 3864 1844 3919 malo
1872 3866 2019 3934 prior
2045 3883 2055 3894 ·

441 3958 525 4007 est
552 3951 643 4021 qui
674 3961 827 4007 nocet
852 3968 1009 4021 quam
1042 3954 1130 4008 ille
1160 3955 1249 4024 qui
1294 3970 1399 4009 non
1432 3955 1665 4022 prodest,
1706 3956 1825 4011 ideo
1848 3957 2019 4025 major

438 4044 635 4097 dicitur
672 4045 933 4112 malignus
958 4046 1068 4111 ille,
1099 4056 1154 4100 et
1182 4062 1412 4116 Sequens
1458 4046 1726 4117 [saeviens]
1770 4050 1861 4116 qui
1893 4047 2017 4102 futt-

439 4133 602 4188 debat
626 4134 677 4188 in
712 4143 928 4191 terram.
962 4137 1162 4194 Nomen
1193 4151 1405 4207 quoque
1436 4137 1650 4204 majoris
1680 4139 1768 4207 qui
1792 4137 2017 4193 vocaba-

446 4234 532 4279 tur
560 4225 686 4291 ller,
713 4226 1123 4292 interpretatur,
1158 4227 1419 4295 pellicius,
1448 4226 1691 4297 qualibus
1717 4227 1913 4282 tunicis
1933 4228 2019 4281 in-

442 4316 555 4371 duti
578 4326 699 4374 sunt
730 4316 888 4388 primi
910 4318 1183 4385 homines,
1209 4318 1259 4372 in
1284 4320 1496 4389 pmnam
1524 4319 1885 4373 damnationis
1906 4333 2019 4374 sua:

2116 3142 2256 3200 erat,
2293 3132 2632 3202 exspectatio
2669 3129 2935 3199 gentium.
2976 3138 3033 3185 et
3083 3139 3281 3185 unctus
3338 3140 3422 3184 est
3465 3130 3675 3183 Sanctus

2118 3233 2455 3289 sanctorum,
2476 3224 2597 3278 oleo
2622 3221 3007 3278 exsultationis
3028 3236 3140 3291 prae
3160 3220 3528 3291 participibus
3553 3217 3673 3273 suis.

2119 3317 2292 3374 Natus
2314 3326 2398 3371 est
2417 3315 2564 3369 enim
2594 3313 2827 3369 Herodis
2848 3313 3071 3383 majoris
3094 3320 3380 3381 tempore,
3406 3326 3588 3381 passus
3603 3315 3677 3362 est

2118 3415 2302 3464 autem
2336 3406 2565 3464 minoris
2588 3404 2819 3461 Herodis
2841 3401 3155 3458 tetrarchae.
3187 3400 3377 3471 iiujus
3408 3402 3580 3470 itaque
3599 3412 3679 3453 vev

2115 3492 2309 3550 nientis
2346 3492 2411 3548 ad
2440 3505 2567 3547 oves
2594 3506 2713 3563 qute
2758 3492 3029 3561 perierant
3068 3490 3259 3546 domus
3291 3492 3457 3546 Israel
3482 3494 3681 3561 figuram

2116 3584 2281 3655 gessit
2310 3581 2427 3655 ipse
2454 3581 2650 3648 ludas,
2680 3596 2802 3638 eum
2835 3581 2938 3637 iret
2964 3581 3029 3636 ad
3080 3582 3386 3637 tondendas
3414 3595 3540 3637 oves
3572 3590 3682 3634 suas

2115 3679 2168 3733 in
2195 3677 2456 3743 Thamna,
2486 3674 2627 3747 quod
2656 3676 3036 3744 interpretatur
3086 3674 3366 3730 deficiens.
3402 3674 3519 3731 Jam
3550 3670 3680 3728 enim

2115 3767 2387 3825 defecerat
2416 3767 2663 3837 princeps
2706 3781 2771 3822 ex
2812 3765 2977 3830 Juda,
3024 3774 3080 3821 et
3124 3780 3289 3821 omne
3336 3763 3681 3836 magisterium

2118 3869 2281 3931 atque
2324 3858 2505 3914 unctio
2550 3857 2893 3925 Judaorum,
2925 3867 2984 3913 ut
3030 3857 3237 3913 veniret
3280 3858 3369 3912 cui
3416 3855 3684 3927 repositum

2117 3962 2254 4007 erat.
2293 3952 2449 4008 Venit
2474 3959 2652 4006 autem
2683 3965 2805 4004 cum
2851 3964 2948 4003 suo
2979 3960 3194 4019 pastore
3239 3948 3567 4014 Odolamita,
3608 3943 3685 4003 eui

2120 4057 2315 4098 nomen
2338 4050 2454 4096 erat
2484 4040 2641 4096 Hiras
2669 4081 2684 4106 ,
2712 4051 2762 4093 et
2790 4038 3171 4108 interpretatur
3198 4038 3560 4102 Odolamites,
3588 4047 3684 4090 tes-

2120 4136 2399 4191 timonium
2424 4137 2474 4190 in
2499 4148 2655 4204 aqua.
2676 4134 2806 4189 Cum
2828 4134 2930 4188 hoc
2948 4133 3102 4201 plane
3122 4133 3432 4187 testimonio
3449 4131 3685 4186 Dominus

2120 4226 2289 4295 venit,
2310 4226 2513 4279 habens
2534 4225 2749 4294 quidem
2776 4223 3141 4279 testimonium
3168 4238 3250 4276 ma
3253 4225 3347 4290 ju's
3366 4219 3687 4289 Joanne,srd

2122 4326 2299 4373 tamen
2334 4327 2547 4387 prepter
2576 4331 2702 4371 oves
2732 4316 2971 4371 inﬁrmas
3002 4314 3105 4369 hoe
3127 4315 3440 4370 testimonio
3470 4324 3550 4369 est
3576 4324 3687 4367 usus

443 4408 650 4465 dimissi
681 4414 743 4473 ex
777 4408 1044 4478 paradiso.
1076 4410 1358 4480 Sequentis
1383 4393 1559 4466 autem
1590 4426 1782 4466 nomen
1805 4413 1894 4481 qui
1924 4426 2018 4466 νο-
2043 4417 2098 4478 D
2123 4409 2175 4464 in
2204 4422 2360 4478 aqua.
2394 4406 2525 4461 Nam
2555 4416 2610 4461 et
2653 4407 2769 4489 ipse
2813 4408 2988 4473 lliras,
3024 4404 3167 4475 quod
3213 4420 3409 4461 nomen
3443 4406 3582 4460 illius
3610 4416 3690 4473 pa-

442 4499 662 4553 cabatur
687 4500 891 4554 Annam
930 4498 1116 4572 [Onas]
1157 4502 1537 4571 interpretatur
1566 4518 1766 4558 mceror
1787 4517 1973 4558 eorum
1999 4520 2014 4571 ;

446 4590 708 4657 quorum?
739 4591 841 4644 nisi
869 4592 1062 4658 quibus
1090 4591 1219 4645 nihil
1246 4592 1491 4664 prodest,
1515 4608 1636 4647 cum
1668 4593 1859 4647 habeat
1880 4578 2021 4647 unde

444 4679 698 4746 prodesse
721 4682 907 4747 possit,
938 4692 1098 4751 atque
1124 4681 1173 4735 id
1199 4682 1387 4752 perdat
1412 4682 1464 4737 in
1481 4694 1642 4738 terra.
1669 4670 1836 4752 Majas
1859 4698 2019 4754 porro

445 4771 641 4824 malum
665 4780 745 4823 est
767 4771 957 4826 ablat'e
981 4774 1101 4827 vine
1124 4773 1266 4843 quod
1286 4773 1551 4843 signiﬁcat
1576 4774 1836 4842 pellicius,
1859 4789 2017 4844 quam

446 4873 553 4914 non
583 4858 775 4926 adjuta:
806 4863 946 4929 quod
977 4862 1238 4932 signiﬁcat
1264 4852 1484 4920 maeror
1511 4866 1719 4919 eorum.
1766 4865 1903 4919 Deus
1941 4875 2021 4919 ta-

420 4942 568 5011 'men
598 4949 785 5006 ambos
832 4954 1091 5011 occidisse
1128 4958 1301 5013 dictus
1348 4968 1462 5025 est,
1518 4958 1604 5012 ubi
1654 4959 1911 5026 ﬁguratur
1940 4974 2022 5027 res

445 5057 605 5113 gnum
642 5042 838 5099 talibus
869 5044 1171 5099 hominibus
1198 5050 1506 5104 abstulisse.
1536 5040 1755 5103 Tertius
1784 5062 1912 5101 vero
1958 5049 2023 5100 fi-

444 5135 549 5190 lius
573 5132 743 5198 Iudae,
788 5134 928 5204 quod
955 5134 1028 5188 illi
1059 5136 1265 5191 mulieri
1297 5154 1399 5192 nou
1443 5141 1715 5209 jungitur,
1766 5139 2028 5208 signiﬁcat

445 5237 661 5297 tempus
690 5243 755 5282 es
796 5244 901 5298 quo
927 5243 1079 5297 reges
1106 5227 1275 5296 plebis
1320 5230 1622 5289 Judaeorum
1652 5220 1933 5300 coeperunt
1963 5233 2030 5286 de

453 5324 592 5378 tribu
623 5322 758 5377 Juda
820 5338 923 5375 non
953 5322 1105 5385 ﬁeri,
1154 5333 1209 5376 et
1270 5323 1389 5377 ideo
1448 5337 1563 5379 erat
1605 5329 1819 5395 quidem
1890 5326 2026 5379 filius

448 5414 619 5478 ludas,
661 5414 753 5469 sed
804 5428 925 5467 eum
978 5412 1227 5470 maritum
1271 5411 1499 5468 Thamar
1542 5429 1646 5468 non
1696 5414 2024 5483 accipiebat,

450 5506 571 5571 quia
600 5514 716 5560 erat
756 5506 941 5560 eadem
976 5507 1143 5560 trbus
1174 5504 1305 5559 Juda
1329 5550 1342 5572 ,
1371 5506 1466 5559 sed
1515 5488 1626 5575 jam
1680 5507 1873 5575 populo
1902 5504 2027 5558 inde

451 5607 611 5663 nemo
640 5597 914 5664 regnabat,
946 5596 1087 5652 unde
1112 5611 1306 5663 nomen
1336 5597 1472 5666 ejus,
1502 5596 1554 5657 id
1580 5606 1661 5652 est
1684 5597 1829 5663 Sela,
1863 5596 2027 5651 inter-

2120 4502 2282 4577 storis
2311 4500 2431 4566 fuit.
2464 4501 2865 4577 interpretatur,
2900 4498 3080 4554 fratris
3108 4500 3208 4553 mei
3238 4497 3395 4554 visio.
3420 4497 3562 4553 Vidit
3585 4511 3689 4551 om-

2123 4576 2251 4652 nino
2279 4594 2496 4649 fratrem
2519 4590 2950 4659 suumloannes,
2985 4593 3199 4646 fratrem
3223 4591 3521 4651 secundum
3547 4590 3679 4645 Abra

2122 4691 2206 4743 ha:
2231 4701 2439 4751 semen,
2466 4684 2759 4740 secundum
2804 4682 3179 4754 cognationem
3223 4685 3413 4739 matris
3443 4683 3559 4753 ejus
3585 4682 3690 4735 Ila-

2124 4778 2245 4843 ria',
2275 4788 2331 4833 et
2355 4776 2626 4832 Elisabeth
2652 4773 2835 4829 matris
2854 4788 2986 4841 suae,
3018 4774 3376 4844 eumdemqne
3403 4773 3691 4832 Dominum,

2122 4851 2278 4938 quem
2308 4876 2362 4920 et
2393 4870 2558 4921 Deum
2586 4879 2738 4919 suum
2770 4863 3075 4936 [Dominum
3098 4862 3330 4920 ctDenm
3359 4860 3560 4933 suum],
3582 4859 3698 4939 quia.

2123 4960 2255 5014 s'cnt
2289 4957 2401 5025 ipse
2423 4957 2526 5021 ait,
2558 4957 2635 5009 Es
2668 4954 2998 5025 plenitudine
3025 4956 3142 5021 ejus
3169 4956 3397 5024 accep't.
3434 4954 3690 5007 \‘iditom-

2126 5054 2254 5108 nino
2275 5095 2289 5117 ,
2316 5059 2367 5104 et
2397 5048 2518 5103 ideo
2550 5049 2601 5102 in
2633 5046 2770 5101 natis
2813 5046 3097 5121 mulierum
3123 5045 3294 5118 major
3323 5046 3415 5101 iilo
3447 5060 3551 5100 non
3580 5056 3692 5095 sar-

2130 5130 2267 5194 rexit
2294 5156 2307 5205 ;
2340 5140 2463 5209 quia
2509 5152 2637 5207 ergo
2664 5152 2727 5191 ex
2757 5137 3005 5215 omnibus
3035 5138 3514 5209 prmnttntian'ibus
3547 5130 3691 5186 Chri-

2132 5242 2269 5285 stum
2300 5232 2413 5301 ipse
2444 5232 2572 5285 vidit
2598 5274 2612 5299 ,
2647 5230 2786 5301 quod
2815 5230 2964 5284 multi
2988 5230 3119 5300 justi
3148 5240 3201 5283 et
3228 5230 3500 5299 prophetae
3526 5221 3689 5293 cupie-

2130 5306 2452 5378 runtvidere
2481 5334 2533 5377 et
2562 5338 2666 5377 non
2701 5322 2974 5388 viderunt,
3006 5322 3259 5378 salutavit
3298 5336 3358 5376 ex
3392 5330 3541 5376 utero
3567 5317 3688 5392 [sal-

2132 5414 2259 5467 tatit
2289 5414 2340 5467 in
2368 5412 2564 5485 utero],
2597 5412 2810 5483 agnovit
2833 5413 3119 5481 perfectius
3141 5428 3206 5468 es
3220 5413 3480 5486 columba,
3511 5420 3561 5465 et
3577 5408 3687 5462 ideo

2133 5514 2383 5581 tanquam,
2411 5500 2739 5557 Ddolamites
2769 5516 2895 5556 vere
2940 5503 3303 5557 testimonium
3342 5500 3606 5570 perhibuit
3639 5497 3683 5549 in

2132 5611 2286 5666 aqua.
2325 5596 2480 5653 Venit
2510 5606 2685 5652 autem
2716 5595 2973 5653 Dominus
3001 5596 3067 5650 ad
3099 5612 3225 5651 oves
3253 5588 3571 5658 tondendas,
3597 5590 3685 5649 hoc
