3990 6180
287 267 416 334 697

1499 277 1930 342 Tl-IESAURUS.
1969 286 2120 342 CAP.
2162 287 2372 344 LXXV.

3455 298 3561 354 698

284 404 371 447 est
397 391 764 446 esoneraudas
791 394 1018 448 sarcinis
1050 394 1352 460 laboriosis,
1386 412 1446 452 ex
1472 399 1666 466 quibus
1697 399 1872 454 Eccle-
1900 405 1947 462 Λ
1977 402 2206 457 Canticis
2254 405 2584 461 cantiCorum
2635 424 2831 478 sponsa
2881 414 2967 469 illa
3019 415 3256 473 Ecclesia
3293 425 3407 481 est,
3441 434 3560 484 quae

283 486 389 537 sia!
429 484 659 536 laudatae
691 483 741 536 in
781 483 1016 538 Canticis
1055 487 1413 550 canticorum,
1461 488 1652 542 dentes
1697 501 1876 544 essent

285 573 440 627 velut
469 589 596 642 grex
618 573 986 626 detonsarum.
1018 575 1132 628 .lam
1162 577 1396 630 Thamar
1425 578 1660 632 habitum
1686 591 1872 643 mutet,

283 680 412 718 nam
453 673 511 718 et
540 674 879 718 commutatis
907 665 1288 733 interpretatur
1309 667 1544 721 Thamar
1563 708 1577 731 ,
1608 668 1702 722 sed
1733 670 1783 722 iu
1815 683 1877 724 ca

281 769 514 822 prorsus
537 769 730 808 nomen
760 755 1133 810 amaritudinis
1161 767 1402 811 maneat:
1429 773 1532 811 non
1562 757 1704 812 illius
1727 775 1878 813 ama-

287 845 551 900 ritudinis
575 845 628 898 itt
662 860 767 913 qua
800 845 1026 899 Domino
1056 845 1123 900 fel
1167 846 1506 911 ministravit,
1532 851 1624 902 sed
1657 849 1794 902 illius
1822 849 1876 903 in

281 957 392 1010 qua
423 941 618 996 Petrus
643 956 824 995 amare
849 941 1028 1005 ﬂevit;
1075 957 1194 995 nam
1223 953 1273 997 et
1295 943 1429 998 Juda
1459 944 1645 1000 Latine
1665 947 1876 1001 confes-

285 1033 371 1087 sio
395 1041 504 1088 est.
535 1033 868 1088 Con‘essioni
899 1048 1025 1103 ergo
1046 1035 1346 1089 amaritudo
1362 1035 1651 1091 misceatur
1673 1047 1729 1092 ttt
1751 1052 1875 1092 vera

286 1125 616 1193 paenitentia
659 1123 1029 1194 praesignetur.
1063 1124 1170 1179 llac
1202 1126 1512 1195 poenitentia
1551 1129 1657 1199 58
1684 1129 1876 1182 fecun-

286 1218 452 1271 datur
481 1216 742 1280 Ecclesia,
759 1216 811 1269 in
841 1217 1090 1271 omnibus
1112 1218 1358 1286 gentibus
1380 1220 1685 1276 consrituta.
1709 1221 1880 1289 Opor-

289 1309 438 1362 tebat
457 1310 604 1362 enim
629 1307 902 1361 Christum
936 1307 1076 1377 pati,
1104 1319 1160 1363 et
1201 1323 1482 1379 resurgere
1502 1311 1656 1365 tertia
1686 1311 1793 1377 die,
1825 1321 1880 1366 et

287 1397 576 1466 pradioari
614 1397 664 1451 in
699 1397 1072 1467 nomineejus
1105 1400 1469 1467 paenitentiam
1509 1411 1564 1456 et
1609 1402 1880 1457 remissio-

287 1506 419 1546 nem
454 1502 793 1560 peccatorum
839 1507 934 1560 per
961 1506 1148 1547 omnes
1176 1501 1362 1560 gentes
1397 1493 1771 1563 incipientibus
1807 1494 1879 1550 ab

285 1588 656 1642 Hierusalem.
689 1587 818 1642 Nam
848 1596 903 1642 et
943 1589 1057 1657 ipse
1089 1589 1300 1645 habitus
1330 1592 1700 1655 meretricius,
1742 1607 1878 1647 con-

283 1679 462 1734 fessio
493 1690 828 1748 peccatorum
859 1689 959 1734 est.
995 1680 1200 1751 Typum
1246 1684 1444 1752 quippe
1465 1683 1574 1752 jam
1626 1684 1878 1738 Ecclesia:

1983 507 2204 549 voeatnr
2233 507 2421 565 ριιιυιιε
2450 515 2602 566 aqua:
2630 504 2764 555 vivte
2784 545 2800 569 ,
2826 515 2882 560 et
2909 506 3030 562 huic
3073 518 3232 577 puteo
3269 514 3556 578 septenarii

1981 589 2188 641 numeri
2217 603 2410 643 nomen
2447 593 2498 644 in
2531 593 2760 660 Spiritus
2787 599 2955 651 sancti
2997 599 3387 669 significatione
3425 617 3558 655 con-

1975 679 2215 747 jungitur
2242 690 2458 749 propter
2475 695 2523 736 et
2549 685 2809 739 rationem
2835 687 3188 744 Pentecosten
3230 708 3335 758 quo
3381 693 3469 746 die
3491 693 3560 745 de

1978 769 2120 823 coelo
2168 769 2363 824 missus
2408 771 2638 840 Spiritus
2661 785 2880 832 sanctus
2912 781 3074 832 venit.
3120 780 3194 835 De
3243 785 3560 851 septimanis

1978 862 2118 915 enim
2151 873 2400 916 constare
2439 867 2683 919 eumdem
2735 867 2924 923 festum
2967 871 3106 926 diem
3139 873 3320 930 Tobiae
3350 892 3564 944 quoque

1979 952 2252 1019 Scriptura
2302 963 2546 1009 testatur.
2601 958 2680 1012 Ad
2735 961 3086 1030 quadraginta
3141 980 3333 1019 novem
3383 975 3559 1021 autem

1980 1041 2120 1110 quod
2153 1053 2233 1096 est
2273 1045 2471 1111 septies
2497 1059 2702 1112 scptetn
2734 1065 2896 1102 unum
2944 1053 3194 1119 additur,
3233 1071 3338 1125 quo
3386 1057 3562 1109 unitas

1980 1135 2404 1188 commendatur.
2457 1136 2512 1190 ln
2566 1138 2664 1192 hac
2711 1142 2914 1195 ratione
2961 1144 3090 1197 vivit
3134 1147 3425 1213 apostolica
3475 1149 3563 1201 illa

1979 1226 2247 1279 sen'entia
2281 1244 2293 1279 :
2324 1228 2639 1284 suﬂerentes
2668 1230 2914 1299 invicem,
2949 1232 3001 1286 in
3027 1235 3313 1291 dilectione
3343 1237 3566 1292 studen-

1982 1327 2064 1372 tes
2085 1333 2304 1374 servare
2330 1321 2587 1377 unitatem
2619 1323 2851 1388 Spiritus
2877 1325 2927 1379 in
2958 1325 3173 1382 vinculo
3199 1330 3365 1396 pacis.
3413 1331 3564 1382 Dono

1983 1407 2162 1477 itaque
2193 1409 2443 1478 Spiritali,
2478 1411 2579 1466 hoc
2620 1424 2702 1467 est
2731 1419 3057 1484 septenario,
3101 1419 3235 1474 facta
3272 1433 3351 1475 est
3385 1422 3566 1475 Eccle-

1980 1499 2057 1552 sia
2080 1509 2275 1571 puteus
2305 1503 2587 1567 satietatis,
2614 1506 2733 1574 quia
2771 1507 2939 1562 factus
2967 1520 3048 1564 est
3077 1511 3128 1564 in
3155 1527 3216 1566 ea
3251 1514 3365 1567 lens
3409 1528 3564 1582 aqua:

1981 1588 2221 1644 salientis
2251 1589 2303 1644 in
2330 1593 2496 1646 vitam
2539 1605 2818 1660 mternam,
2850 1613 3008 1666 quem
3041 1601 3126 1666 qui
3175 1600 3417 1655 habuerit
3459 1618 3563 1656 non

1982 1679 2127 1734 sitiet
2147 1680 2201 1733 in
2229 1690 2513 1736 azternum.
2540 1682 2696 1738 Urias
2721 1701 2847 1739 vero
2869 1688 2958 1756 qui
2987 1688 3158 1742 fuerat
3182 1692 3404 1746 maritus
3423 1692 3562 1760 ejus,

284 1771 434 1838 gerit
462 1769 729 1834 Thamar,
760 1785 826 1825 ex
862 1771 1109 1841 gentibus
1133 1782 1392 1837 evocatae,
1412 1773 1604 1828 sedens
1626 1788 1747 1829 cum
1775 1774 1876 1829 hoc
1909 1773 1950 1833 Β
1977 1773 2105 1840 quid
2135 1773 2277 1826 aliud
2321 1789 2476 1843 quam
2519 1775 2790 1829 diabolum
2836 1779 3066 1833 nominis
3111 1782 3195 1834 sui
3240 1782 3563 1849 interpreta-

284 1863 482 1916 hahitu
511 1864 575 1916 ad
604 1870 812 1931 portam
829 1862 977 1917 Euan
1003 1864 1084 1918 vel
1115 1864 1310 1929 Enain,
1332 1865 1473 1935 quod
1500 1865 1879 1936 interpretatur

283 1954 490 2009 fontes.
542 1952 792 2010 Cucurrit
836 1957 978 2011 enim
1011 1957 1156 2010 velut
1194 1972 1392 2013 cervus
1414 1958 1480 2010 ad
1517 1958 1688 2012 fontes
1716 1973 1880 2029 aqua-

283 2063 409 2100 rmn
439 2046 721 2116 pervenire
743 2047 811 2100 ad
843 2062 1045 2102 semem
1079 2049 1330 2115 Abrahae,
1364 2049 1473 2104 itlic
1500 2065 1529 2103 a
1558 2065 1662 2104 non
1689 2066 1878 2119 cogno-

285 2148 478 2191 scente
503 2136 722 2200 letatur,
765 2137 887 2207 quia
917 2137 984 2192 de
1015 2139 1100 2192 illa
1134 2139 1446 2207 pra-dictum
1493 2151 1613 2196 est:
1649 2143 1879 2210 Pupulus

292 2243 460 2295 quem
495 2242 600 2282 non
628 2229 852 2298 cognovi
896 2229 1118 2284 servivit
1167 2231 1316 2285 mihi.
1349 2234 1638 2302 Accepitin
1671 2237 1881 2291 occulto

285 2320 550 2375 annulum
582 2362 597 2384 ,
629 2324 824 2376 monile
870 2331 925 2377 et
973 2324 1220 2393 virgam:
1275 2325 1554 2381 Vocatioue
1603 2329 1877 2397 signatur,

284 2410 675 2481 jtiStiﬁcatiOtte
749 2412 1065 2481 decoratur,
1134 2416 1519 2484 glorilicatione
1589 2420 1875 2474 exaltat--r.

285 2507 440 2568 Quos
466 2505 609 2557 enim
643 2503 1032 2570 prmdestinavit
1052 2545 1069 2571 ,
1105 2505 1224 2559 illos
1253 2515 1306 2561 et
1335 2509 1566 2574 vocavit,
1620 2525 1753 2578 quos
1779 2525 1877 2565 au-

288 2603 398 2648 tem
425 2595 638 2648 vocavit
668 2635 683 2659 ,
713 2596 830 2648 illos
859 2596 1238 2664 etjustilicavit
1258 2642 1271 2663 ,
1306 2607 1359 2653 et
1391 2615 1521 2668 quos
1547 2600 1873 2668 jusdlicavit,

287 2683 419 2738 illos
446 2695 500 2737 et
520 2684 850 2752 glorilicavit.
881 2684 986 2740 Sed
1015 2684 1127 2740 tunc
1153 2696 1210 2739 ut
1234 2687 1340 2741 dixi
1361 2687 1534 2742 adhuc
1561 2688 1613 2741 in
1645 2693 1873 2757 occulto,

291 2775 387 2829 ubi
415 2775 472 2828 iit
503 2787 554 2830 et
584 2777 866 2846 conceptio
896 2787 1092 2831 sanctae
1111 2780 1397 2834 ubertatis.
1432 2781 1657 2836 Mittitur
1697 2795 1875 2838 autem

289 2867 597 2937 promissus
618 2868 803 2923 bzedus
834 2879 1079 2940 tauquam
1108 2873 1398 2938 meretrici,
1418 2874 1600 2930 haedus
1615 2877 1878 2946 exproba-

289 2958 368 3012 tio
400 2961 637 3026 peccati,
690 2976 786 3030 per
811 2964 1055 3018 eumdem
1104 2965 1460 3020 Odolamitem
1495 2975 1747 3036 tanquam
1797 2969 1878 3022 in-

291 3063 604 3120 crepantem
631 3061 685 3106 et
730 3053 994 3109 dicentem
1052 3055 1338 3112 Generatio
1388 3059 1723 3128 viperarum,
1774 3061 1868 3115 sed

1985 1859 2128 1915 tione
2152 1860 2449 1930 signiﬁcat?
2479 1862 2647 1932 llujus
2677 1877 2830 1919 erant
2873 1870 3108 1935 pessimo
3147 1869 3397 1940 conjugio
3430 1871 3566 1926 deli-

1981 1951 2090 2018 gati
2133 1967 2319 2008 omnes
2349 1967 2482 2021 quos
2524 1955 2695 2022 gratia
2728 1955 2819 2010 Dei
2851 1957 3063 2022 liberat,
3093 1967 3150 2012 ut
3180 1959 3416 2013 Ecclesia
3448 1962 3567 2015 sine

1981 2041 2191 2096 macula
2220 2050 2274 2094 et
2303 2055 2434 2110 ruga
2475 2042 2739 2096 Salvatori
2791 2046 3009 2114 proprio
3057 2049 3357 2116 cepuletur.
3410 2049 3567 2106 Urius

1981 2147 2212 2201 namque
2261 2132 2640 2200 interpretatur
2678 2134 2764 2188 lux
2811 2152 2925 2190 mea
2960 2137 3068 2192 Dei.
3104 2140 3334 2194 Cetheus
3382 2151 3562 2197 autem

1981 2224 2221 2277 abscisus
2251 2222 2366 2275 sive
2401 2222 2542 2291 quod
2590 2226 2642 2277 in
2675 2227 2900 2281 veritate
2932 2243 3036 2282 non
3068 2230 3236 2294 stetit,
3269 2231 3363 2285 sed
3394 2247 3421 2283 a
3447 2233 3566 2286 luce

1981 2328 2076 2367 sua
2101 2329 2350 2381 superna,
2381 2327 2537 2381 quam
2569 2313 2635 2369 de
2668 2315 2774 2370 Dea
2809 2317 3040 2372 habebat
3081 2320 3347 2388 superbia:
3376 2323 3568 2378 merito

1982 2406 2221 2460 abscisus
2249 2417 2351 2473 cst,
2382 2407 2495 2461 sive
2525 2407 2666 2475 quod
2693 2407 2936 2461 cadendo
2967 2408 3112 2461 veris
3155 2410 3360 2463 viribus
3389 2411 3568 2478 perdi-

1983 2499 2053 2553 tis
2085 2503 2425 2570 transﬁgurat
2449 2518 2509 2558 se
2547 2512 2726 2558 tamen
2772 2504 2822 2557 in
2871 2503 3118 2573 angelum
3153 2505 3314 2566 lucis,
3361 2505 3566 2559 audens

1981 2593 2157 2648 adhuc
2195 2592 2374 2648 dit-ere
2407 2611 2420 2647 :
2457 2594 2565 2648 Lux
2596 2609 2712 2648 mea
2747 2594 2838 2648 Dei
2869 2603 2948 2648 est
2982 2611 2994 2646 :
3027 2593 3165 2663 Ergo
3207 2593 3306 2646 iste
3349 2593 3564 2662 quidem

1981 2683 2144 2738 David
2189 2687 2424 2753 gnaviter
2471 2685 2843 2754 scelerateque
2897 2684 3158 2753 peccavit,
3201 2683 3343 2752 quod
3388 2685 3566 2738 scelus

1981 2777 2097 2845 ejus
2123 2778 2282 2831 etiam
2317 2791 2413 2847 per
2459 2777 2779 2846 prephetam
2827 2777 2965 2831 Deus
3012 2776 3187 2844 arguit
3218 2774 3565 2844 increpando,

1980 2881 2034 2925 et
2059 2868 2173 2937 ipse
2198 2869 2368 2922 abluit
2399 2869 2725 2936 pmnitendo,
2768 2876 3136 2921 verumtamen
3169 2867 3257 2920 ille
3287 2866 3562 2921 desidera-

1979 2965 2102 3020 bilis
2131 2963 2384 3018 omnibus
2413 2963 2660 3032 gentibus
2692 2961 2955 3015 adamavit
2990 2959 3279 3014 Ecelcsiam
3305 2974 3467 3028 super
3486 2967 3566 3014 te-

1980 3068 2124 3112 ctum
2156 3072 2213 3111 se
2243 3057 2531 3121 lavantem,
2560 3056 2610 3108 id
2639 3065 2722 3109 est
2772 3055 3112 3108 mandantem
3155 3069 3214 3107 se
3243 3069 3272 3105 a
3317 3053 3564 3106 sordibus

291 3158 400 3197 non
433 3157 554 3197 eam
604 3143 805 3199 invenit
851 3148 1423 3216 βεεσειῑίεητοὺωιίο
1453 3166 1611 3220 quam
1657 3145 1952 3208 mutavitC
1986 3148 2169 3202 steculi
2229 3155 2284 3199 cl.
2321 3147 2538 3200 domum
2592 3146 2788 3200 luteam
2843 3144 3064 3211 Spiritali
3111 3143 3565 3210 contemplatione

291 3235 651 3290 confessionis
688 3237 1007 3292 amaritudo.
1043 3239 1168 3293 Post
1193 3257 1321 3294 vero
1351 3251 1458 3296 tam
1491 3243 1716 3311 publicis
1747 3243 1876 3315 [jam

293 3325 598 3398 publicatis]
615 3327 779 3396 signis
800 3330 1002 3398 annuli,
1029 3333 1244 3384 monilis
1261 3342 1313 3386 et
1331 3333 1511 3402 virgea,
1534 3333 1662 3390 vicit
1679 3347 1879 3392 temere

292 3416 592 3481 iudicantes
617 3432 732 3482 eos,
759 3435 980 3487 quormu
1006 3425 1112 3490 jam
1143 3439 1424 3492 personam
1448 3425 1612 3483 ludas
1632 3426 1743 3497 ipse
1760 3444 1880 3500 ges-

296 3509 478 3576 tabat,
507 3509 598 3579 qui
627 3511 886 3582 hodieque
914 3514 1126 3580 dicunt,
1158 3532 1260 3570 non
1293 3517 1431 3573 hunc
1473 3535 1593 3574 esse
1627 3523 1878 3590 populum

1983 3238 2450 3294 transcendentem
2473 3247 2631 3305 atque
2647 3236 2965 3302 calcantem,
2989 3246 3041 3288 et
3066 3232 3310 3286 inchoata
3333 3247 3451 3285 cum
3477 3231 3564 3284 illa

1982 3333 2167 3401 p»inue
2196 3329 2564 3384 Conventionis
2589 3327 2793 3392 notitia,
2835 3335 2955 3394 post
2979 3325 3045 3378 ab
3076 3339 3136 3377 ea
3167 3323 3375 3389 penitus
3407 3337 3566 3391 sepa-

1982 3433 2156 3478 ratum
2190 3422 2461 3476 diabolmn
2492 3420 2715 3482 occidit,
2747 3434 2972 3486 eamque
3003 3418 3104 3472 sibi
3151 3429 3408 3485 perpetuo
3438 3431 3567 3470 con-

1983 3514 2146 3568 nubio
2173 3512 2330 3579 copul
2353 3513 2468 3564 .vit.
2498 3509 2784 3564 Oderimus
2813 3525 2940 3579 ergo
2970 3519 3271 3577 peccatum,
3303 3508 3394 3562 sed
3441 3522 3564 3574 pro-

293 3601 517 3666 Christi,
552 3618 650 3658 nec
681 3603 879 3660 habere
906 3621 1003 3660 nos
1027 3622 1212 3664 semen
1243 3611 1501 3674 Abrahae,
1534 3613 1628 3667 sed
1659 3615 1879 3681 prolatis
1906 3633 1945 3671 ι
1982 3605 2194 3675 phetias
2251 3621 2356 3657 non
2410 3605 2836 3672 exstinguamus.
2893 3603 3149 3655 Amemus
3192 3598 3338 3653 illum
3395 3597 3564 3652 David

292 3695 610 3750 artissimis
638 3697 974 3753 documentis
1015 3709 1211 3756 nostras
1261 3702 1555 3759 V0t'all0lll8
1582 3745 1597 3768 ,
1624 3705 1879 3773 jnsttica-

293 3787 462 3839 tionis
488 3795 543 3839 et
583 3787 1012 3856 glorificationis,
1049 3795 1168 3848 sine
1209 3794 1370 3848 dubio
1411 3797 1805 3851 confundentur
1828 3807 1883 3852 et

292 3892 390 3930 nos
423 3876 594 3946 magis
617 3893 773 3948 quam
807 3896 863 3934 se
879 3881 1199 3952 justilicatos
1229 3899 1347 3938 esse
1378 3885 1704 3940 fatebuntur.
1740 3888 1880 3940 Enu-

295 3969 523 4022 cleatius
539 3969 653 4024 haec
678 3980 733 4024 et
753 3973 1090 4027 membratim
1114 3975 1510 4043 quodammodo
1531 3977 1879 4032 articulatim-

291 4073 394 4126 que
425 4072 700 4117 scrutarer
720 4073 878 4131 atque
904 4064 1222 4119 dissererem
1247 4077 1500 4135 quantum
1529 4069 1879 4124 lntentionem

295 4171 472 4211 meam
521 4155 782 4210 Dominus
819 4154 1131 4224 adjuvaret,
1167 4158 1268 4212 nisi
1311 4176 1396 4213 mc
1423 4163 1489 4214 ab
1516 4162 1614 4217 hac
1652 4163 1882 4218 laborio-

294 4247 435 4302 siore
463 4247 739 4317 diligentia
786 4248 1000 4302 ﬁniendi
1031 4249 1187 4318 hujus
1216 4251 1394 4321 operis
1416 4254 1559 4322 quod
1598 4255 1879 4327 plusquam

296 4340 490 4394 vellem
517 4341 629 4410 jam
653 4340 918 4410 prolixum
949 4350 1050 4406 est,
1079 4355 1203 4395 cura
1235 4343 1568 4412 prohiberet.

832 4503 1061 4561 CAPUT
1099 4504 1333 4562 LXXIV.

366 4618 443 4681 De
470 4627 680 4686 peccato
709 4614 874 4671 David
899 4617 950 4670 in
971 4631 1131 4671 uxore
1161 4616 1300 4672 Uria:
1321 4618 1514 4685 Cet/rei;
1545 4636 1608 4675 ea:
1625 4621 1802 4676 eodem

935 4687 1066 4740 libro
1087 4704 1220 4742 ult.

365 4801 516 4858 Nunc
548 4808 823 4872 peccatum
853 4799 1016 4854 David
1043 4800 1169 4870 quid
1215 4800 1266 4855 in
1296 4801 1570 4870 prephetia
1607 4780 1874 4872 s‘gnilica-

293 4895 452 4964 verit,
482 4901 678 4961 quanta
703 4906 918 4961 possum
954 4893 1209 4946 brevitate
1237 4895 1614 4962 perstringam.
1651 4893 1875 4949 Numina

291 4985 488 5052 quippe
517 4981 630 5050 ipsa
662 4981 1007 5056 interpretata
1038 4981 1168 5034 satis
1198 4982 1511 5048 ostendunt,
1552 4983 1677 5052 quid
1710 4986 1872 5039 etiam

292 5074 394 5127 hoc
420 5073 621 5126 factum
645 5071 1085 5146 praeliguraverit.
1107 5072 1268 5125 David
1288 5072 1686 5141 interpretatur,
1715 5089 1874 5128 manu

293 5166 470 5231 fortis,
503 5165 621 5219 sive
648 5165 1038 5220 desiderabilis.
1068 5165 1134 5219 Et
1155 5165 1278 5235 quid
1307 5165 1497 5220 fortius
1521 5167 1677 5221 leone
1700 5167 1790 5221 illo
1807 5167 1873 5222 de

291 5260 430 5312 tribu
454 5257 611 5323 Juda,
639 5258 728 5328 qui
756 5257 885 5311 vicit
909 5257 1204 5312 mundum?
1228 5258 1294 5310 Et
1311 5257 1434 5325 quid
1464 5257 1873 5314 desiderabilius

291 5352 386 5404 illo
419 5351 490 5405 de
521 5368 627 5418 quo
660 5351 917 5418 propheta
951 5350 1081 5405 dicit
1111 5367 1124 5402 :
1171 5349 1358 5406 Veniet
1388 5350 1726 5406 desideratus
1759 5368 1874 5404 om-

287 5445 450 5500 nibus
471 5444 743 5513 gentibus.
776 5443 1448 5512 Bersabeteinterpretatur
1480 5452 1667 5512 puteus
1704 5444 1870 5498 satie-

292 5538 439 5601 tatis,
470 5535 586 5590 sive
613 5544 805 5603 puteus
826 5535 1103 5603 septimus.
1135 5533 1436 5600 Quamlibet
1475 5542 1650 5588 autem
1688 5535 1873 5587 harum

291 5627 528 5682 nominis
555 5626 716 5694 hujus
759 5619 1259 5694 interpre'tatiouum
1309 5627 1358 5680 in
1405 5625 1454 5679 id
1503 5626 1641 5695 quod
1690 5627 1877 5680 dicere

290 5718 626 5790 intendimus
673 5735 1008 5787 assumamus
1054 5722 1185 5778 satis
1226 5721 1448 5792 congrui
1478 5760 1491 5774 .
1552 5720 1682 5778 Nam
1735 5731 1784 5774 et
1821 5720 1874 5779 in

1981 3707 2237 3766 quantum
2261 3694 2522 3749 amandus
2550 3704 2630 3747 est
2657 3695 2745 3761 qui
2776 3708 2874 3747 uos
2920 3708 2947 3745 a
2978 3692 3195 3745 diabolo
3229 3707 3320 3758 per
3351 3693 3421 3744 mi
3454 3691 3565 3743 eris

1981 3789 2221 3841 cordiam
2248 3785 2512 3840 liberavit.
2542 3783 2799 3838 Amemus
2823 3792 2879 3837 et
2924 3784 3081 3837 istum
3132 3784 3292 3836 David
3337 3782 3424 3851 qui
3458 3790 3563 3836 tam

1981 3893 2143 3947 grave
2173 3880 2225 3932 in
2255 3892 2314 3932 se
2343 3877 2537 3932 vulnus
2568 3877 2862 3944 iniquitatis
2889 3876 3214 3944 pmnitentiaa
3264 3874 3565 3928 humilitate

1983 3968 2214 4024 satiavit.

2539 4056 2766 4112 CAPUT
2792 4055 3004 4111 LXXV.

1985 4152 2060 4208 De
2082 4150 2375 4208 Salomonis
2417 4152 2822 4274 primunhfonis
2860 4160 3034 4216 postea
3063 4151 3247 4215 malis;
3282 4165 3344 4204 ex
3387 4151 3562 4205 eodem

2645 4239 2658 4273 ι
2697 4239 2752 4274 re
2796 4237 2926 4274 χχιι.

2645 4237 2752 4274 101⁵0
2796 4237 2926 4275 XXII.

2050 4335 2165 4390 .lam
2187 4336 2254 4390 de
2286 4336 2572 4393 Salomone
2610 4334 2734 4404 quid
2779 4334 2975 4400 dicam,
3016 4349 3172 4404 quem
3215 4334 3558 4388 vehementer

1981 4433 2154 4502 arguit
2176 4439 2358 4485 sancta
2379 4431 2652 4500 Scriptura
2674 4440 2831 4500 atque
2854 4429 3196 4494 condemnat,
3229 4429 3465 4496 nihilque
3488 4431 3555 4484 de

1902 4512 1955 4572 D
1981 4522 2288 4593 pmniteutia
2313 4522 2450 4590 ejus,
2477 4521 2562 4576 vel
2592 4521 2644 4574 iu
2675 4536 2797 4576 eum
2841 4520 3219 4589 indulgentiam
3251 4519 3552 4591 [indulgen-

1983 4617 2095 4687 titej
2127 4618 2215 4673 Dei
2244 4619 2462 4671 omnino
2486 4617 2904 4672 commemorat?
2931 4630 3030 4668 nec
3058 4614 3186 4668 mihi
3216 4627 3434 4682 prorsus
3465 4629 3560 4666 oc-

1980 4709 2148 4763 currit
2187 4708 2312 4777 quid
2363 4709 2553 4762 saltem
2583 4708 2634 4761 in
2668 4707 2919 4775 allegoria
2963 4705 3086 4759 boni
3129 4707 3398 4774 significet
3445 4705 3560 4758 lucc

1983 4798 2101 4869 ejus
2133 4799 2305 4854 ﬂenda
2336 4799 2614 4852 subversio
2646 4797 2744 4851 nisi
2773 4800 2908 4851 [crte
2938 4797 3062 4864 quis
3094 4796 3236 4849 dicat
3264 4839 3276 4858 ,
3310 4796 3563 4850 mulieres

1983 4891 2333 4957 alienigenas,
2362 4905 2585 4958 quarum
2617 4903 2800 4944 amore
2827 4896 3103 4943 exarserat
3131 4887 3433 4957 signiﬁcare
3459 4887 3562 4942 Ec-

1981 4983 2177 5037 clesias
2206 4983 2402 5036 electas
2430 4983 2496 5035 de
2525 4981 2791 5050 gentibus.
2837 4980 3026 5035 Posset
3058 4979 3157 5034 hoc
3201 4981 3426 5034 fortasse
3458 4994 3562 5032 non

1980 5073 2210 5128 absurde
2234 5072 2480 5140 intelligi,
2503 5072 2548 5126 si
2575 5073 2674 5125 illae
2708 5081 2925 5140 propter
2951 5073 3292 5127 Salomonem
3339 5073 3557 5126 desere-

1983 5174 2103 5219 rent
2127 5167 2259 5219 deos
2286 5179 2432 5226 suos,
2456 5173 2509 5218 et
2529 5167 2766 5218 colerent
2783 5165 2945 5219 Deum
2969 5166 3105 5234 ejus.
3135 5165 3266 5220 Cum
3300 5179 3425 5216 vero
3448 5163 3560 5230 ipse

1982 5267 2198 5325 propter
2230 5256 2348 5309 illas
2376 5255 2600 5311 oil'endit
2638 5256 2805 5310 Deum
2833 5272 3010 5320 suum,
3043 5267 3096 5311 et
3121 5263 3282 5310 coluit
3314 5254 3441 5305 deos
3472 5267 3559 5304 ea-

1979 5364 2119 5414 rum,
2153 5364 2258 5402 non
2299 5358 2375 5401 est
2409 5348 2532 5418 quid
2579 5349 2700 5403 inde
2735 5350 2858 5403 boni
2907 5349 3209 5418 cttnjectare
3243 5358 3554 5410 possemus;

1983 5457 2079 5496 nec
2113 5450 2286 5494 tamen
2315 5442 2447 5495 nihil
2475 5442 2704 5495 arbitror
2728 5441 3048 5511 signiﬁcare,
3070 5439 3161 5491 sed
3179 5437 3398 5498 malum,
3421 5435 3559 5490 sicut

1986 5536 2054 5588 de
2086 5549 2255 5588 uxore
2288 5534 2608 5604 ﬁliabusque
2639 5535 2771 5588 Loth
2801 5534 3048 5586 diximus.
3076 5533 3311 5598 Apparet
3334 5528 3475 5582 enim
3504 5528 3556 5582 in

1985 5643 2212 5696 persona
2247 5627 2405 5697 hujus
2434 5629 2736 5682 Salomonis
2767 5627 2897 5680 mira
2938 5624 3252 5679 excellentia
3283 5666 3297 5688 ,
3340 5632 3395 5678 et
3423 5624 3556 5680 mira

1983 5721 2282 5781 subversio.
2331 5720 2480 5786 Quod
2521 5719 2679 5790 igitur
2724 5718 2776 5774 in
2821 5716 2909 5770 illo
2939 5713 3167 5772 diversis
3215 5717 3548 5788 temporibus
