3974 6184
436 254 538 309 699

1497 242 1557 297 Ι).
1589 238 1911 303 EUGYPPII
1949 234 2243 293 ABBATIS
2272 231 2595 291 AFRICANI

3587 228 3689 285 760

433 367 656 434 exstitit,
693 364 838 434 prius
859 365 1056 420 bonum
1078 371 1131 418 et
1153 359 1418 431 posterius
1459 356 1680 421 malum,
1705 356 1809 409 hoc
1836 354 1885 407 in
1912 353 2011 408 Ec-
2040 348 2089 413 Λ
2120 349 2262 403 niam
2290 364 2395 401 non
2418 355 2502 401 est
2523 344 2613 415 qui
2643 356 2703 399 se
2722 340 3012 434 abscondat
3042 354 3076 434 a
3114 339 3298 434 calore
3309 431 3314 434 Δ
3333 339 3470 434 ejus,
3493 339 3618 434 dum
3645 342 3698 434 in

431 458 595 512 ctesia
618 458 672 511 in
692 458 795 511 isto
816 458 991 511 adhuc
1017 454 1236 519 sacculo,
1256 450 1418 507 simul
1446 464 1552 503 uno
1577 458 1816 516 tempore
1836 455 2016 500 osten-

431 550 739 603 ditunNam
756 548 892 603 bono
906 548 1041 603 illius
1056 546 1225 601 bonos
1245 541 1664 605 Ecclesite,malo
1682 548 1860 595 autem
1874 538 2021 593 illius

434 640 604 693 malos
638 639 893 695 Ecclesiae
924 636 1253 705 signiﬁcatos
1287 646 1433 702 puto,
1468 645 1716 703 tanquam
1741 633 1791 686 itt
1817 634 2021 688 unitate

438 732 596 784 unius
620 743 786 794 arcte,
815 729 955 784 sieut
977 729 1027 781 in
1057 726 1146 780 illo
1168 742 1276 781 uno
1298 725 1513 780 homine
1535 724 1707 780 bonos
1733 725 1784 778 in
1816 724 2019 794 granis,

433 824 602 877 malos
633 822 682 874 in
708 821 892 890 paleis,
922 829 982 874 ut
1010 820 1062 873 in
1090 819 1295 874 unitate
1326 819 1485 872 unius
1515 817 1736 887 segetis,
1766 817 1936 872 bonos
1966 816 2019 872 in

434 911 632 975 tritico,
661 912 829 966 malos
854 911 908 967 itt
937 911 1177 966 rixantis.
1213 910 1273 965 Si
1322 910 1447 979 quid
1498 909 1623 964 hinc
1669 924 1798 964 sane
1839 909 1893 963 in
1937 910 2023 962 his

434 1017 552 1071 qum
578 1001 648 1056 de
679 1003 771 1056 illo
798 1003 997 1072 scripta
1026 1011 1154 1056 sunt
1176 1001 1485 1072 diligentius
1512 1002 1877 1071 pertractatis,
1906 1001 2024 1057 sive

435 1094 590 1158 mihi.
622 1095 736 1150 sive
764 1096 867 1150 hoc
897 1095 1211 1150 doctoribus
1242 1092 1617 1166 [doctioribus]
1646 1106 1806 1163 atque
1835 1093 2025 1147 ntelio~

436 1187 587 1241 ribus
616 1188 761 1242 aliud
792 1188 1121 1256 probabilius
1147 1188 1363 1242 elucere
1387 1188 1639 1256 potuerit.
1664 1188 1814 1241 Nunc
1845 1194 2024 1241 tamen

437 1296 544 1335 non
578 1297 694 1335 eam
720 1298 832 1339 rem
865 1281 935 1336 ita
963 1283 1264 1337 dimisimus
1283 1324 1296 1347 ,
1325 1291 1379 1336 ut
1408 1284 1755 1338 intentionem
1782 1291 2023 1338 nostram

438 1372 490 1426 iu
520 1373 621 1426 alia
649 1381 1046 1443 properantem,
1074 1385 1323 1445 tauquam
1353 1378 1651 1446 interrupta
1677 1378 1847 1434 series
1893 1395 2024 1435 con-

442 1464 674 1520 tcxionis
695 1466 973 1534 impediat.

980 1578 1208 1633 CAPUT
1241 1578 1475 1634 LXXVI.

439 1656 516 1711 De
542 1658 688 1739 virufi
710 1661 872 1739 capite
893 1665 1151 1739 combusto
1174 1666 1293 1739 etin
1317 1683 1500 1734 aquam
1523 1684 1723 1739 sparso,
1754 1678 2026 1739 polumque

509 1730 701 1799 papula
727 1734 869 1795 dato;
896 1750 961 1787 ea:
981 1737 1157 1787 eodem
1187 1736 1315 1788 libro
1343 1730 1450 1789 aut
1478 1730 1654 1791 contra
1679 1730 1952 1796 Faustum:

509 1819 648 1885 Quid
670 1822 831 1875 etiam
863 1823 1190 1891 prepheticu:
1218 1826 1624 1894 signiﬁcationis
1668 1829 1918 1886 habuerit
1946 1847 2029 1889 re-

438 1913 758 1981 quirendum
795 1925 906 1978 est,
940 1917 1080 1985 quod
1110 1933 1174 1972 ex
1206 1918 1283 1973 eis
1316 1920 1510 1976 multos
1538 1923 1627 1991 qui
1658 1923 1758 1977 sibi
1805 1924 2030 1981 absente

439 2005 578 2072 ipso,
629 2006 680 2059 id
709 2016 793 2061 est
838 2007 1041 2078 Moyse,
1077 2009 1277 2064 idolum
1329 2011 1748 2081 fabricaverunt,
1779 2018 1896 2072 sine
1926 2019 2028 2073 ulla

439 2098 756 2166 cujusquam
776 2105 1187 2159 necess'tudinis
1210 2104 1556 2161 distinetione
1573 2108 1735 2176 jussit
1757 2110 2030 2165 interimi?

440 2188 619 2244 Facile
641 2203 724 2246 est
759 2201 817 2246 ut
839 2194 1166 2264 intelligatur
1199 2196 1474 2252 hominum
1508 2200 1720 2256 illorum
1766 2204 2028 2258 interem-

440 2278 676 2346 ptirtnem
723 2284 1029 2352 signiﬁcare
1057 2288 1306 2340 vitiorum
1349 2289 1531 2344 talium
1573 2293 1820 2360 qualibus
1852 2296 1866 2349 i
1894 2295 1929 2349 li
1958 2296 2026 2350 ad

440 2372 684 2426 eamdem
718 2375 1071 2431 idololatriam
1100 2379 1459 2438 deﬂuxerunt.
1493 2385 1547 2438 ln
1578 2386 1699 2439 talia
1731 2388 1924 2457 quippe
1946 2390 2030 2443 vi-

439 2464 516 2517 tia
541 2462 735 2518 saevire
773 2481 870 2520 nos
892 2467 1044 2537 jubet
1077 2469 1342 2539 Psalmus,
1370 2489 1488 2528 cum
1534 2476 1702 2530 dicit:
1740 2478 2029 2535 irascimini

439 2564 491 2608 et
517 2555 683 2610 nolite
705 2572 949 2625 pectare.
981 2560 1036 2614 ltt
1065 2562 1187 2616 talia
1212 2564 1335 2618 vitia
1367 2567 1558 2622 saevire
1587 2583 1683 2624 nos
1703 2570 1855 2639 jubet
1885 2573 2029 2641 Apo—

440 2647 631 2713 stolus,
649 2662 770 2703 cum
783 2649 945 2705 dicit:
968 2651 1281 2710 Mortiﬁcate
1303 2658 1539 2711 membra
1557 2667 1755 2729 vestra,
1773 2677 1889 2731 quae
1906 2675 2032 2720 sunt

436 2753 605 2807 super
656 2748 893 2806 terram,
936 2743 1360 2814 fornicationem,
1417 2750 1834 2821 immunditiam,
1881 2756 2032 2812 luxu-

441 2834 601 2897 riam,
627 2837 1111 2904 concupiscentiam
1143 2842 1361 2903 malam.
1387 2852 1439 2897 et
1459 2846 1764 2914 avaritiam,
1795 2865 1914 2920 qua:
1948 2860 2033 2907 est

441 2925 704 2981 idolorum
737 2931 987 2985 servitus.
1016 2933 1119 2988 Sed
1148 2934 1276 3003 quid
1302 2935 1402 2990 sibi
1445 2938 1574 2992 velit
1602 2940 1742 3010 quod
1772 2944 1922 3012 prius
1951 2945 2031 3001 fe-

439 3019 536 3083 cit,
563 3027 621 3071 ut
649 3020 821 3087 ipsum
839 3022 1062 3078 vitulum
1083 3025 1201 3094 igne
1221 3029 1584 3093 combureret,
1612 3032 2029 3106 minutatimque

2121 455 2243 495 eum
2268 437 2495 493 credunt
2512 444 2720 505 gentes,
2752 432 2876 502 igne
2898 432 3111 487 virtutis
3123 430 3241 500 ejus
3267 428 3530 486 diabolica
3552 432 3604 485 in
3624 433 3702 489 eis

2124 529 2299 583 forma
2329 528 2589 592 solvatur,
2621 534 2791 580 totum
2822 524 3016 579 deinde
3066 536 3264 591 corpus
3304 521 3434 577 illud
3485 524 3701 578 commi.

2123 620 2320 684 nititur,
2354 618 2405 673 id
2433 626 2518 675 est
2540 618 2606 671 ab
2633 617 2722 672 illa
2753 616 2907 671 malae
2936 614 3349 686 conspirationis
3380 615 3701 673 ce-nﬂatione

2123 712 2402 768 discissum
2440 711 2603 767 verbo
2628 709 2870 765 veritatis
2892 709 3224 775 humiliatur,
3241 720 3297 764 et
3322 709 3703 767 comminutum

2123 804 2174 859 in
2202 819 2393 873 aquam
2422 803 2668 864 mittitur,
2696 810 2753 856 ut
2780 816 2876 857 eos
2906 801 3159 856 Israelita;
3183 841 3200 867 ,
3234 800 3285 854 id
3314 808 3398 856 est
3425 798 3700 873 Evangelii

2126 895 2507 966 praedicatores
2524 909 2595 951 ex
2623 893 2888 962 baptismo
2915 891 2967 946 in
2997 906 3091 947 sua
3122 890 3383 956 membra,
3408 891 3514 948 hoc
3540 902 3625 949 est
3652 891 3705 949 in

2125 1003 2322 1058 corpus
2351 986 2675 1043 dominicum
2702 984 3047 1050 transferant,
3101 999 3328 1053 quorum
3350 982 3705 1041 Israelitarum

2129 1080 2293 1136 Petro
2323 1080 2390 1134 de
2416 1079 2546 1150 ipsis
2595 1078 2845 1147 gentibus
2880 1078 3082 1133 dictum
3122 1083 3204 1131 est
3234 1091 3249 1132 ;
3276 1077 3441 1131 Macta
3469 1085 3526 1131 et
3570 1089 3709 1131 Inan-

2131 1171 2291 1225 duca.
2323 1171 2377 1226 Si
2402 1180 2573 1225 macta
2596 1170 2950 1235 etmanduca,
2978 1182 3144 1236 quare
3167 1182 3272 1220 non
3297 1168 3457 1222 etiam
3488 1167 3707 1223 concide

2127 1271 2181 1319 et
2209 1262 2362 1317 bibe?
2392 1262 2460 1315 ita
2486 1260 2573 1317 ille
2604 1264 2797 1314 v‘tu’us
2828 1275 2920 1329 per
2943 1260 3117 1328 ignem
3140 1257 3266 1323 zeli,
3295 1266 3349 1313 et
3369 1259 3543 1313 aciem
3575 1258 3708 1316 Ver,-

2128 1354 2202 1420 bi,
2231 1362 2289 1409 et
2314 1367 2501 1422 aquam
2530 1352 2802 1421 baptismi,
2834 1350 2902 1404 ab
2930 1350 3007 1405 eis
3038 1350 3215 1418 potius
3243 1364 3379 1418 quos
3421 1349 3709 1407 absorbere

2130 1443 2427 1503 conabatur
2457 1443 2743 1511 absorptus
2770 1449 2871 1498 est.
2921 1442 2976 1499 Si
3019 1456 3149 1512 ergo
3200 1442 3317 1495 haec
3354 1457 3572 1510 quoque
3598 1442 3707 1499 loca

2132 1533 2531 1602 Scripturarum
2562 1533 2630 1589 de
2667 1533 2857 1603 quibus
2906 1531 3111 1589 eisdem
3168 1530 3461 1600 Scripturis
3514 1533 3708 1587 calum-

2134 1628 2350 1679 n'antur
2367 1624 2609 1680 literetici
2642 1633 2973 1692 perscrutata
2996 1630 3054 1678 et
3074 1622 3471 1693 quodammodo
3494 1623 3709 1678 interro-

2062 1730 2105 1790 Β
2137 1726 2282 1786 gata,
2314 1726 2515 1787 quanto
2545 1715 2793 1771 videntur
2821 1714 3154 1779 obscuriora,
3188 1721 3337 1769 tanto
3362 1712 3708 1770 mirabiliores

2133 1807 2187 1861 itt
2244 1822 2305 1861 se
2371 1805 2748 1877 mysteriorum
2807 1808 3090 1861 thesauros
3147 1804 3315 1860 latere
3366 1802 3706 1872 respondent.

2133 1899 2347 1967 Quanto
2366 1900 2536 1968 magis
2568 1899 2851 1966 impiorum
2882 1896 3196 1968 blasphema
3218 1912 3310 1952 ora
3339 1898 3707 1961 obmutescere

2133 1991 2353 2046 omnino
2380 1992 2723 2047 debetttcnm
2751 1991 3065 2060 oppiiantur
3091 1988 3436 2059 apertissima
3470 1992 3703 2058 veritate,

2132 2093 2317 2139 contra
2365 2098 2525 2153 quam
2582 2082 2873 2153 pra-focale
2914 2078 3104 2150 spiritu
3145 2080 3271 2149 quid
3303 2079 3706 2136 mussitentnon

2132 2173 2431 2236 inveniunt,
2464 2182 2517 2228 et
2540 2172 2749 2228 malunt
2776 2170 2962 2226 miseri
2999 2169 3427 2227 manifestatione
3450 2170 3568 2241 ejus
3588 2183 3706 2226 suas

2134 2265 2317 2317 fauces
2366 2262 2597 2316 obtutari
2647 2258 2954 2332 [oLturari],
3001 2274 3159 2329 quant
3209 2258 3480 2314 suavitate
3535 2270 3705 2329 pectus

2134 2354 2351 2423 implere
2378 2350 2655 2425 [impleri].
2671 2351 2943 2408 Christum
2976 2351 3133 2417 igitur
3152 2359 3345 2404 sonant
3368 2349 3487 2404 inec
3509 2350 3701 2417 omnia,

2133 2454 2293 2513 caput
2312 2445 2438 2499 illud
2464 2444 2603 2514 quod
2620 2444 2730 2513 jam
2756 2441 3001 2498 ascendit
3026 2441 3077 2494 in
3096 2441 3316 2506 ctrlum,
3331 2440 3507 2495 ethoc
3526 2454 3705 2509 corpus

2132 2534 2272 2604 ejus,
2303 2534 2444 2604 quod
2473 2548 2638 2603 usque
2670 2534 2723 2589 in
2752 2536 2909 2587 linem
2941 2531 3150 2587 laborat
3178 2531 3230 2584 in
3261 2537 3439 2595 terra,
3474 2531 3703 2586 scriben-

2135 2626 2267 2681 tinm
2298 2626 2527 2681 Litteras
2562 2641 2687 2681 vere
2716 2640 2898 2680 sacras
2928 2623 3104 2679 omnis
3143 2622 3428 2693 parturivit
3473 2623 3704 2688 intentio,

2138 2733 2241 2774 nec
2266 2732 2386 2774 esse
2418 2718 2703 2787 quidquam
2732 2716 3058 2773 credendum
3095 2724 3178 2770 est
3204 2714 3462 2770 librorum
3492 2716 3706 2787 prophe-

2136 2811 2363 2864 ticorum
2412 2811 2762 2865 contextione
2807 2816 3102 2876 narratum,
3134 2807 3276 2877 quod
3310 2821 3413 2863 non
3454 2807 3706 2879 signiﬁcet

2136 2902 2334 2973 aliquid
2366 2902 2689 2969 futurorum,
2740 2902 2843 2956 nisi
2872 2917 2991 2971 quze
3042 2900 3164 2955 ideo
3192 2899 3362 2968 posita
3394 2912 3544 2967 sunt,
3570 2908 3625 2955 ut
3646 2915 3707 2955 ex

2135 2996 2215 3049 eis
2239 2994 2633 3063 quodammodo
2670 2993 2961 3062 religentur
2985 3006 3047 3045 ea
3069 3006 3188 3059 qua:
3226 2989 3372 3043 illum
3401 3005 3583 3060 regem
3614 3005 3705 3060 po-

439 3081 751 3165 whcide-rel
772 3122 825 3165 et
852 3113 904 3165 in
946 3081 1136 3181 aqua;
1181 3081 1497 3188 spargeret:
2056 3104 2102 3168 ρ
2132 3090 2423 3194 Polumque
2451 3088 2567 3157 ejus
2598 3088 2710 3142 sive
2741 3085 3125 3194 propriisnsive
3174 3082 3410 3189 figuratis
3437 3081 3707 3194 locuti-oni:

440 3197 615 3266 daret,
646 3202 903 3271 majorem
932 3204 1281 3261 intentionem
1330 3212 1727 3277 perscrutanda:
1762 3215 2030 3285 signiﬁca-

441 3291 606 3346 tionis
630 3293 869 3362 ittquirit.
897 3297 952 3351 Si
982 3298 1124 3353 enim
1165 3299 1371 3355 tabulas
1407 3318 1540 3371 quas
1583 3305 1749 3373 digito
1780 3307 1896 3374 Dei,
1928 3310 2029 3366 hoc

442 3392 525 3437 est
544 3387 856 3451 operatione
875 3388 911 3442 S
952 3390 1105 3443 iritus
1126 3392 1317 3457 sancti,
1339 3397 1570 3464 scriptas
1588 3408 1891 3466 acceperat,
1913 3400 2033 3456 ideo

442 3473 620 3543 fregit,
651 3481 771 3542 quia
796 3478 1040 3547 indignos
1062 3494 1156 3535 eos
1182 3484 1375 3550 quibus
1400 3500 1490 3539 eas
1522 3486 1718 3555 legeret
1746 3489 2025 3557 judicavit.

443 3566 498 3621 Si
530 3567 838 3637 deniqueut
861 3573 927 3625 ab
954 3572 1030 3625 cis
1060 3572 1152 3627 ille
1191 3575 1389 3630 vitulus
1436 3579 1646 3646 penitus
1693 3581 2026 3651 aboleretur,

445 3660 685 3714 incendit
716 3676 863 3726 eum,
895 3664 1167 3730 contrivit,
1204 3666 1258 3720 itt
1290 3681 1424 3736 aqua
1475 3671 1673 3737 Sparsit
1716 3680 1876 3741 atque
1904 3677 2032 3731 sub-

445 3754 673 3819 mersit,
710 3756 892 3823 utquid
935 3767 989 3812 et
1037 3770 1220 3828 potum
1252 3761 1353 3816 hoc
1401 3761 1598 3831 populo
1638 3764 1823 3819 dedit?
1870 3782 2029 3837 quem

448 3862 555 3900 non
587 3846 788 3901 excitet
838 3848 1035 3902 factum
1061 3850 1183 3915 hoc,
1223 3852 1287 3905 ad
1319 3852 1688 3921 inquirendam
1734 3862 1790 3907 et
1838 3855 2034 3911 intelli-

444 3935 671 4003 gcndam
703 3937 1068 4007 propheticam
1106 3941 1549 4010 signiﬁcationem
1572 3945 1594 3995 ?
1619 3945 1879 3999 Occurrat
1901 3961 2031 4016 ergo

445 4029 550 4098 jam
580 4031 795 4085 intentis
821 4033 1087 4087 mentibus
1118 4043 1366 4103 tanquant
1410 4034 1609 4089 diaboli
1638 4051 1831 4106 Corpus
1862 4040 1913 4091 itt
1950 4040 2031 4093 vi-

445 4119 576 4181 tulo,
610 4118 661 4172 id
692 4127 780 4174 est
822 4120 1065 4177 homines
1091 4122 1145 4176 in
1173 4124 1421 4178 omnibus
1460 4127 1708 4193 gentibus
1744 4128 1936 4197 quibus
1966 4129 2033 4184 ad

449 4213 561 4267 lnec
592 4214 869 4284 sacrilegia
909 4225 1092 4286 caput,
1123 4216 1227 4271 hoc
1267 4229 1347 4271 est
1396 4230 1581 4275 auctor
1629 4228 1714 4274 est
1763 4222 2028 4277 diabolus.

390 4306 393 4313 ‘
445 4309 684 4361 Aureum
734 4319 1014 4378 propterea
1058 4311 1181 4379 quia
1234 4312 1482 4367 videntur
1532 4314 1850 4370 idololatriae
1897 4319 2032 4372 ritus

446 4401 595 4453 ve'ut
640 4416 668 4453 a
713 4402 1043 4469 sapientibus
1091 4403 1335 4457 instituti.
1387 4404 1463 4459 De
1498 4406 1695 4474 quibus
1723 4406 1851 4461 dicit
1882 4407 2029 4476 Apo-

2131 3180 2231 3237 bus
2274 3179 2503 3234 rebusve
2544 3178 2929 3250 praenuntient.
2959 3176 3109 3233 SLcut
3137 3180 3277 3231 enim
3323 3177 3375 3231 in
3411 3175 3634 3231 citharis
3659 3182 3707 3227 et

2130 3274 2506 3345 hujuscemodi
2537 3273 2756 3344 organis
2777 3272 2995 3327 musicis
3025 3286 3129 3327 non
3152 3272 3367 3341 quidem
3396 3268 3579 3325 omnia
3599 3280 3707 3337 quat

2131 3375 2423 3436 tanguntur
2476 3379 2734 3420 canorum
2789 3361 2993 3431 aliquid
3048 3373 3341 3428 resonant,
3390 3360 3488 3413 sed
3543 3369 3704 3412 tamen

2132 3457 2372 3523 chordae,
2404 3465 2596 3511 uetera
2642 3465 2820 3507 tamen
2864 3453 2916 3506 iu
2950 3461 3061 3505 toto
3092 3451 3314 3507 citharae
3342 3464 3571 3519 corpore
3598 3448 3707 3501 ideo

2131 3549 2385 3605 fabricata
2417 3557 2565 3616 sunt,
2594 3557 2653 3601 ut
2679 3558 2820 3601 esset
2854 3544 2941 3600 ubi
2982 3545 3329 3610 vincirentur,
3362 3545 3507 3598 unde
3532 3552 3586 3597 et
3613 3554 3707 3611 quo

2136 3638 2485 3694 tenderentur
2506 3638 2611 3691 illae
2638 3652 2771 3706 quas
2794 3635 2859 3690 ad
2884 3636 3165 3689 cantilena:
3188 3634 3505 3688 suavitatem
3533 3632 3707 3687 modu-

2134 3730 2339 3785 laturus
2356 3740 2409 3783 et
2440 3741 2793 3798 percussurus
2822 3733 2906 3782 est
2929 3724 3123 3779 artifex
3153 3740 3167 3777 :
3198 3724 3269 3778 ita
3292 3725 3342 3779 in
3372 3724 3455 3779 his
3484 3720 3706 3793 prophe-

2136 3820 2258 3874 ticis
2306 3817 2704 3873 narrationibus
2749 3831 2869 3886 quae
2922 3816 2989 3871 de
3036 3815 3195 3869 rebus
3234 3814 3399 3886 geSIis
3440 3814 3706 3869 hominum

2136 3913 2451 3980 prophetico
2480 3910 2667 3977 Spiritu
2690 3908 3022 3977 deliguntur,
3048 3917 3140 3961 aut
3165 3907 3363 3975 aliquid
3382 3907 3497 3974 jam
3523 3914 3705 3960 sonant

2134 4002 2521 4073 significatione
2551 4001 2872 4062 futurorum,
2896 4008 2987 4052 aut
3014 3999 3059 4053 si
3089 3998 3222 4052 nihil
3254 4000 3362 4052 tale
3391 3998 3707 4067 signiﬁcant,

2135 4095 2202 4149 ad
2246 4095 2347 4150 hoc
2392 4096 2830 4162 interponuntur,
2863 4101 2916 4145 ut
2945 4091 3013 4145 sit
3045 4091 3187 4145 unde
3229 4089 3320 4144 illa
3361 4087 3707 4154 significantia

2136 4195 2388 4257 tanquam
2421 4186 2665 4240 sonantia
2710 4191 3122 4239 connectantur.
3164 4181 3271 4236 Has
3312 4190 3493 4236 autem
3536 4193 3707 4235 rerum
3806 4256 3815 4261 ξ

2134 4289 2404 4351 gestarum
2450 4278 2765 4348 allegoricas
2796 4276 3134 4331 narrationes
3163 4276 3208 4330 si
3238 4275 3432 4329 nolunt
3476 4270 3709 4327 heretici

2134 4370 2274 4423 sicut
2296 4386 2323 4422 a
2353 4368 2506 4423 nobis
2534 4378 2876 4436 exponuntur
2900 4367 3166 4434 accipere,
3184 4365 3267 4419 vel
3292 4379 3324 4418 e
3349 4363 3454 4417 iam
3475 4363 3609 4417 nihil
3625 4374 3710 4415 eas

445 4487 616 4542 δίοίυδ
641 4505 654 4540 τ
687 4454 794 4560 5έ
822 4454 1693 4561 Quoi-imVcogtumeﬁtgs‘ﬁgﬁ
2058 4478 2108 4539 ο
2135 4462 2233 4561 nisi
2258 4461 2397 4561 quod
2427 4460 2637 4561 proprie
2664 4468 2857 4561 sonant
2883 4458 3187 4561 signiﬁcare
3207 4454 3540 4561 contendunt
3558 4496 3592 4561 τ’
3608 4467 3708 4561 non

442 4577 612 4632 Deum
640 4579 1077 4648 glorificaverunt
1103 4591 1195 4636 aut
1235 4585 1436 4653 gratias
1480 4598 1726 4656 egerunt.
1773 4586 1868 4643 sed
1903 4603 2028 4643 eva-

446 4680 679 4725 nuerunt
704 4674 753 4725 in
784 4674 1200 4741 cogitationibus
1228 4676 1338 4729 suis
1380 4686 1434 4729 et
1468 4677 1811 4733 obscuratum
1839 4688 1922 4734 est
1947 4680 2027 4733 in-

444 4763 648 4829 sipiens
667 4779 762 4820 cor
790 4780 977 4820 eorum
1003 4766 1246 4822 dicentes
1271 4784 1330 4822 se
1379 4783 1500 4825 esse
1553 4773 1826 4840 sapientes
1873 4774 2023 4828 stulti

448 4856 575 4910 facti
605 4866 754 4923 sunt,
778 4868 832 4913 et
860 4867 1208 4915 mutaverunt
1229 4862 1454 4931 gloriam
1488 4864 1903 4933 incorruptibilia
1930 4866 2025 4921 Dei

445 4946 498 5001 iu
550 4948 953 5005 similitudinem
1000 4953 1248 5021 imaginis
1296 4955 1663 5022 corruptibilis
1707 4955 1939 5010 hominis
1970 4964 2025 5011 et

451 5042 726 5097 volucrum
765 5054 819 5098 et
863 5046 1266 5116 quadrupedum
1308 5058 1363 5101 et
1414 5058 1744 5116 serpentum.
1800 5048 1873 5103 Ex
1926 5050 2024 5104 hac

444 5134 598 5201 quasi
644 5135 905 5204 sapientia
943 5137 1044 5192 iste
1095 5138 1297 5192 vitulus
1338 5154 1531 5193 aureus
1570 5139 1746 5209 qualia
1777 5139 2024 5194 solebant

446 5224 824 5296 Egyptiorum
857 5229 1019 5283 etiam
1054 5229 1152 5297 ipsi
1200 5229 1454 5296 primates
1484 5240 1537 5283 et
1586 5238 1832 5300 tanquam
1880 5229 2022 5283 docu'

444 5318 691 5373 llOﬂlilies
720 5318 946 5372 adorare
977 5320 1248 5387 ﬁgmenta.
1276 5319 1385 5372 Hoc
1411 5334 1540 5386 ergo
1562 5321 1732 5374 vitulo
1756 5319 2021 5386 signiﬁca—

438 5416 552 5461 tum
577 5416 662 5463 est
681 5423 843 5464 omne
870 5423 1085 5477 corpus,
1103 5408 1154 5463 id
1174 5419 1253 5463 est
1275 5409 1450 5462 omnis
1466 5412 1693 5465 societas
1715 5411 2015 5479 gentilium,

449 5500 770 5555 idololatria:
805 5501 1131 5556 deditorum.
1165 5502 1311 5556 Hanc
1340 5502 1657 5571 sacrilegam
1701 5503 2015 5557 societatem

445 5592 703 5647 Dominus
731 5592 979 5649 Christus
1005 5594 1096 5649 illo
1118 5593 1239 5664 igne
1263 5594 1528 5650 comburit
1554 5594 1617 5649 de
1639 5610 1744 5664 quo
1769 5596 1819 5648 in
1845 5596 2018 5649 Evan-

440 5682 580 5749 gt-lio
605 5685 778 5739 dicit‘:
814 5683 991 5755 ignem
1036 5685 1155 5742 veni
1207 5686 1419 5741 mittere
1448 5686 1501 5742 in
1544 5693 1762 5753 terram,
1795 5694 1850 5741 ut
1882 5700 2015 5757 quo-

2135 4553 2440 4610 lttctandum
2465 4568 2584 4607 cum
2620 4550 2923 4605 hominibus
2944 4549 3030 4619 qui
3061 4548 3278 4604 dicunt:
3313 4546 3428 4602 Non
3456 4546 3596 4615 sapit
3622 4560 3710 4615 pec

2133 4643 2242 4697 lato
2272 4658 2395 4697 meo
2423 4642 2563 4711 quod
2592 4655 2787 4710 sapere
2812 4640 2950 4695 dicis
2978 4647 3093 4703 tuo,
3140 4632 3263 4692 dum
3296 4645 3473 4692 tamen
3515 4652 3577 4691 ea
3598 4649 3710 4705 qua

2133 4733 2392 4788 divinitus
2422 4731 2808 4801 prtrcipiuntur
2833 4739 2928 4786 aut
2968 4743 3145 4783 mores
3202 4728 3561 4796 pietatemque
3607 4723 3710 4777 for-

2134 4839 2304 4887 mare,
2332 4823 2645 4891 autaliquid
2688 4821 2911 4891 ﬁgurate
2961 4819 3262 4890 signiﬁcare
3302 4819 3385 4871 vel
3423 4816 3709 4871 credantur

2134 4918 2215 4970 vel
2244 4916 2368 4970 intel
2394 4916 2631 4984 igantur,
2649 4926 2738 4967 aut
2760 4922 3048 4979 utrumque
3067 4913 3239 4977 potius
3256 4925 3411 4985 quam
3436 4918 3703 4971 neutrum,

2132 5009 2259 5063 dum
2291 5020 2467 5062 tamen
2493 5017 2547 5061 et
2576 5008 2689 5075 ipsa
2720 5022 2837 5076 quae
2889 5007 3109 5074 figurate
3162 5003 3303 5059 dicta
3350 5003 3432 5057 vel
3463 5004 3598 5056 faeta
3630 5000 3704 5054 in-

2134 5102 2468 5170 telliguntur,
2488 5100 2553 5154 ad
2576 5101 2795 5156 eosdem
2824 5112 3003 5152 mores
3033 5101 3200 5152 bonos
3240 5097 3595 5168 pietatemque
3622 5106 3706 5148 re-

2129 5190 2387 5247 ferantur.

2657 5318 2880 5375 CAPUT
2922 5317 3179 5372 LXXVII.

2128 5413 2205 5466 De
2242 5413 2430 5467 semine
2469 5413 2762 5466 susilanda
2805 5411 2951 5479 fratri
2997 5410 3267 5479 defuncto;
3303 5425 3365 5464 ea:
3400 5407 3529 5463 libro
3556 5416 3698 5459 χχιιι

2675 5492 2851 5535 contra
2880 5478 3149 5535 Faustum.

2195 5595 2247 5650 Si
2270 5596 2547 5662 quaesitum
2570 5612 2598 5648 a
2620 5595 2769 5649 nobis
2796 5594 2959 5648 fuerit
2978 5582 3072 5648 cur
3094 5593 3234 5648 illius
3251 5588 3570 5647 Testamenti
3599 5601 3691 5640 au-

2124 5688 2424 5743 ctoritatem
2449 5696 2724 5743 teneamus
2755 5687 2908 5756 cujus
2938 5689 3097 5743 ritum
3130 5701 3235 5742 non
3254 5686 3623 5745 observamus,
3638 5681 3694 5733 et

3739 164 3768 193 ι
