3990 6180
270 255 378 308 70f

1443 248 1876 308 TilESAUllUS.
1918 248 2071 305 CAP.
2104 250 2360 308 ιχχινιι»

3439 259 3549 315 702

266 375 337 427 ad
373 370 473 427 hoc
493 387 557 427 cx
588 371 779 429 thteris
814 370 1129 441 apostolicis
1158 370 1564 440 respondemus.
1593 369 1685 423 Ait
1704 368 1850 423 enim
1879 372 1931 430 Α
1959 366 2081 422 ﬁdei
2102 368 2391 423 Christiani
2418 376 2566 436 sunt,
2597 383 2705 424 non
2753 370 2810 425 in
2850 370 3121 428 fermento
3166 372 3366 428 veteris
3398 376 3542 440 vitae.

263 462 604 531 Apostolus:
637 464 804 517 Nemo
829 477 959 532 ergo
1002 461 1321 531 vosjudicet
1349 461 1402 513 in
1432 460 1555 514 cibo
1597 469 1653 513 et
1698 469 1849 527 potu,

262 559 437 614 autin
470 569 619 629 parte
640 560 744 614 diei
774 560 915 623 festi,
959 568 1050 613 aut
1098 559 1425 622 Neomenizc,
1474 565 1568 610 aut
1592 556 1853 611 Sabbato-

262 668 414 717 rmn,
440 651 582 718 quod
607 660 686 705 est
718 650 904 703 umbra
936 649 1254 703 futurorum.
1284 649 1354 700 Ita
1379 646 1575 716 quippe
1600 657 1653 699 et
1678 661 1773 700 cur
1790 660 1851 697 ea

262 746 374 815 legi
397 755 559 814 atque
588 745 754 813 accipi
780 752 1024 813 oporteat
1050 740 1305 806 ostendit,
1351 740 1399 794 id
1430 750 1597 793 estne
1622 737 1853 807 prophe-

263 842 402 894 tiam
432 840 858 909 exstinguamus,
887 834 1006 906 quia
1036 836 1087 888 in
1113 834 1303 888 umbra
1336 832 1471 887 facta
1502 842 1623 887 sunt
1650 831 1855 884 futuro-

262 947 410 997 rum,
437 940 494 986 et
522 945 712 985 curare
738 944 837 983 nos
859 944 962 982 non
985 927 1182 982 debere
1212 942 1306 982 eos
1332 926 1421 995 qui
1452 939 1549 979 nos
1572 923 1855 992 hincjudi-

263 1036 396 1078 care
428 1023 723 1087 voluerint,
775 1019 931 1090 quod'
965 1018 1439 1089 corporaliterjam
1471 1034 1573 1072 non
1596 1018 1854 1071 observe-

263 1130 413 1184 mus,
446 1117 588 1170 sicut
620 1115 744 1168 alibi
777 1115 882 1167 tale
928 1112 1180 1182 quiddam
1225 1111 1374 1165 dixit.
1427 1110 1550 1165 Hmc
1595 1110 1647 1164 in
1690 1109 1854 1177 figura

265 1208 657 1276 contingebant
687 1204 813 1268 illis,
861 1206 1061 1274 scripta
1102 1213 1227 1258 sunt
1269 1211 1448 1257 autem
1498 1210 1713 1272 propter
1737 1216 1853 1255 cor-

266 1301 577 1367 reptionem
601 1307 861 1363 nostram,
883 1297 933 1350 in
961 1312 1096 1366 quos
1124 1296 1244 1349 linis
1272 1297 1589 1351 saeculorum
1614 1295 1851 1349 obvenit.

266 1388 407 1443 Cum
443 1404 577 1460 ergo
607 1390 710 1442 tale
740 1388 936 1455 aliquid
973 1389 1165 1455 legitur
1187 1387 1238 1440 in
1266 1389 1621 1442 instrumento
1648 1386 1858 1439 Veteris

264 1478 635 1541 Testameuti,
671 1479 826 1547 quale
857 1494 886 1532 a
914 1479 1067 1532 nobis
1112 1478 1194 1531 vel
1223 1478 1521 1541 observari,
1548 1477 1628 1529 vel
1651 1478 1857 1543 jnssum

266 1590 378 1627 non
404 1584 491 1626 est
520 1573 573 1626 in
598 1570 749 1626 Novo
776 1571 1142 1634 Testamento,
1196 1570 1276 1623 vel
1319 1571 1479 1624 etiam
1512 1567 1857 1636 prohibitum,

262 1664 398 1733 quid
452 1662 721 1731 signiﬁcet
759 1660 1106 1727 quaerendum
1156 1669 1280 1723 est,
1325 1673 1428 1711 non
1461 1656 1860 1727 reprehenden-

1958 462 2061 515 hoc
2088 472 2170 515 est
2199 464 2439 529 uta‘itiat,
2467 465 2563 521 sed
2590 466 2641 519 in
2670 466 2838 533 ipsius
2879 467 3003 522 ﬁdei
3034 467 3261 523 veritate
3288 476 3346 521 et
3373 470 3550 524 since-

1956 553 2115 605 ritate
2146 552 2486 622 custodiunt;
2536 570 2644 610 non
2672 565 2880 626 septem
2912 557 3105 613 diebus
3128 558 3225 613 sed
3266 560 3410 613 omni
3439 561 3552 625 die.

1958 644 2099 712 quod
2145 646 2506 712 signiﬁcatum
2550 657 2635 702 est
2676 664 2903 705 numero
2948 650 3157 705 dierum
3203 652 3547 719 septenario,
3614 690 3617 693 γ

1956 750 2063 804 quo
2114 736 2353 804 quotidie
2402 740 2581 815 omnis
2630 741 2864 795 volvitur
2915 742 3054 797 dies.
3086 744 3239 810 Quod
3294 745 3397 798 etsi
3443 743 3549 797 ali-

1958 838 2215 896 quantum
2276 830 2604 884 laboriosum
2652 844 2733 887 est
2775 835 2826 889 in
2871 834 2971 887 hoc
3019 840 3237 899 saeculo,
3293 840 3546 903 quoniam

1956 928 2181 986 angusta
2213 928 2268 973 et
2296 930 2442 975 arcta
2474 931 2557 975 est
2588 923 2673 975 via
2702 938 2820 991 qua:
2850 924 2995 977 ducit
3026 925 3091 979 ad
3122 927 3304 991 vitam,
3338 941 3548 981 merces

1959 1021 2137 1066 tamen
2183 1022 2326 1066 certa
2371 1023 2636 1068 servatur.
2684 1016 2814 1069 Nam
2855 1016 2971 1083 ipse
3020 1018 3172 1071 labor
3214 1018 3547 1088 signiﬁcatus

1958 1114 2042 1156 est
2084 1104 2189 1157 illis
2234 1105 2477 1175 pigridiis
2512 1107 2652 1172 quod
2678 1108 3063 1175 aliquantulum
3095 1112 3380 1167 subamara
3411 1116 3545 1169 sint.

1960 1195 2314 1251 Peutecosteu
2346 1198 2542 1265 etiam,
2591 1199 2643 1252 id
2684 1212 2766 1254 est
2802 1216 2832 1253 a
2876 1203 3123 1269 passione
3164 1215 3219 1258 et
3268 1219 3546 1261 resurrec-

1961 1288 2107 1343 tione
2160 1290 2370 1343 Domini
2424 1290 2923 1362 quinquagesimum
2969 1293 3109 1347 diem
3167 1294 3546 1361 celebramus,

1959 1396 2066 1447 quo
2094 1380 2250 1434 nobis
2279 1380 2537 1449 Spiritum
2568 1397 2811 1436 sanctum
2846 1384 3173 1452 paracletum
3224 1400 3384 1455 quem
3422 1401 3550 1451 pro-

1960 1472 2183 1527 miserat
2219 1474 2406 1539 misit,
2452 1473 2597 1543 quod
2643 1474 2878 1527 futurum
2910 1475 3070 1528 etiam
3116 1492 3209 1543 per
3237 1474 3545 1531 Judtuorum

1964 1565 2157 1633 pascha
2184 1563 2541 1633 signiﬁcatum
2574 1574 2676 1629 est,
2702 1581 2823 1618 cum
2848 1567 3291 1636 quinquagesimo
3311 1568 3399 1622 die
3426 1577 3549 1637 post

1961 1656 2383 1712 celebratiooetn
2412 1658 2528 1711 ovis
2554 1659 2745 1712 occisa:
2773 1659 2947 1714 Moses
2968 1660 3135 1724 digito
3165 1661 3260 1715 Dei
3292 1661 3547 1729 seniptam

263 1758 421 1819 dum,
449 1758 579 1826 quia
605 1770 671 1808 eo
692 1755 808 1824 ipso
834 1768 940 1823 quo
962 1753 1073 1817 jam
1098 1766 1202 1806 non
1230 1752 1565 1816 observatur,
1586 1766 1692 1804 non
1710 1751 1859 1804 dam-
1889 1757 1938 1818 Β
1966 1749 2136 1820 legem
2164 1752 2373 1820 accepit
2399 1752 2450 1806 in
2480 1762 2683 1807 monte.
2704 1752 2887 1821 Legite
2914 1753 3258 1821 Evangelium
3281 1765 3336 1809 et
3357 1756 3550 1810 adver-

266 1861 487 1913 naturn,
518 1850 612 1905 sed
643 1849 919 1918 impletum
945 1847 1218 1917 probatur.
1266 1845 1416 1901 Unde
1443 1847 1608 1898 multa
1641 1855 1696 1898 et
1716 1852 1860 1911 srepe

264 1942 376 2012 iam
407 1941 680 2003 diximus,
710 1939 853 1994 velut
879 1938 981 1992 hoc
1021 1939 1192 2007 ipsum
1232 1937 1504 2006 quomodo
1551 1950 1656 1989 non
1702 1934 1862 1987 intel-

264 2031 447 2102 ligens
505 2031 738 2085 Faustus
791 2028 1057 2083 mandatis
1115 2028 1325 2084 Veteris
1378 2025 1706 2082 Testamenti
1765 2038 1861 2093 pro

266 2122 504 2177 crimine
530 2120 731 2190 olijecit
754 2164 770 2188 ,
799 2120 943 2191 quod
976 2135 1197 2174 uxorem
1245 2119 1425 2174 fratris
1454 2118 1521 2173 ad
1564 2118 1665 2171 hoc
1696 2116 1861 2170 frat:-r

266 2215 455 2283 jussus
484 2223 571 2268 est
599 2206 819 2278 docere,
853 2222 906 2265 ut
937 2226 1042 2266 non
1075 2211 1198 2277 sibi,
1242 2212 1335 2265 sed
1368 2210 1445 2264 illi
1471 2210 1711 2263 sobolem
1744 2221 1863 2261 sus-

268 2306 508 2369 citaret,
540 2302 765 2371 ejusque
792 2311 1011 2357 vocaret
1053 2301 1271 2356 nomine
1316 2302 1455 2370 quod
1504 2300 1627 2355 inde
1676 2312 1864 2353 nasce-

267 2406 465 2460 retur;
495 2394 624 2463 quid
655 2394 797 2447 aliud
845 2394 899 2447 in
947 2392 1114 2463 ﬁgura
1160 2401 1538 2462 praemonstrat
1584 2391 1688 2445 nisi
1740 2391 1863 2460 quia

268 2485 648 2555 unusquisque
674 2484 941 2552 Evangelii
973 2482 1291 2552 praedicator
1333 2483 1405 2537 ita
1422 2483 1584 2539 debet
1602 2484 1651 2537 in
1675 2483 1864 2539 Eccle-

269 2578 345 2630 sia
381 2578 661 2641 laborare,
717 2584 773 2628 ut
821 2572 1077 2629 defuncto
1126 2573 1300 2641 fratri,
1343 2574 1448 2629 hoc
1497 2586 1580 2631 est
1625 2576 1859 2645 Christo,

268 2668 504 2722 soscitet
536 2681 721 2720 semen
749 2664 837 2735 qui
870 2680 964 2734 pro
994 2665 1148 2719 nobis
1196 2678 1439 2719 mortuus
1481 2677 1582 2731 cst,
1641 2678 1694 2722 et
1724 2669 1864 2737 quod

269 2762 599 2815 suscitatum
636 2758 791 2812 luerit
820 2758 937 2826 ejus
968 2772 1163 2812 nomen
1197 2759 1447 2823 accipiat.
1496 2760 1734 2830 Denique
1764 2760 1867 2816 hoc

269 2849 511 2918 impii-ns
545 2847 854 2915 Apostolus,
888 2862 992 2899 non
1016 2846 1126 2915 jam
1158 2847 1445 2901 carnaliter
1484 2848 1534 2900 in
1587 2849 1865 2917 pra-missa

270 2941 700 3009 signiﬁcatione,
751 2938 843 2992 sed
895 2938 1206 3004 stiritaliter
1231 2938 1284 2992 in
1317 2939 1580 3008 completa
1620 2941 1862 3007 veritate,

270 3046 409 3101 quos
435 3030 491 3085 in
519 3031 741 3085 Christo
767 3030 893 3085 Jesu
927 3046 1019 3097 per
1053 3030 1400 3101 Evangelium
1438 3045 1497 3086 se
1540 3046 1868 3088 Commemo-

1966 1841 2061 1896 tite
2091 1843 2353 1911 Spiritum
2383 1856 2627 1898 sanctum
2681 1846 3005 1912 appellatum
3056 1848 3279 1916 digitum
3315 1848 3429 1905 Dei.
3472 1850 3547 1904 Ea

1963 1935 2161 2005 quippe
2182 1937 2552 1991 anniversarie
2576 1938 2627 1990 in
2658 1937 2901 1991 Ecclesia
2924 1938 3287 2005 celebrantur,
3318 1956 3437 2011 qua
3463 1941 3551 1995 in-

1962 2026 2189 2093 signiter
2210 2026 2532 2081 excellentia
2559 2027 2726 2081 certis
2748 2026 2937 2081 diebus
2961 2029 3093 2081 facta
3115 2039 3263 2095 sunt,
3287 2042 3343 2084 ut
3362 2046 3550 2085 eorum

1964 2122 2323 2174 necessariam
2340 2121 2717 2190 salubremque
2740 2122 3053 2176 memoriam
3077 2122 3340 2177 festivitas
3360 2138 3442 2179 con
3464 2140 3555 2181 ce-

1964 2210 2170 2265 lebrata
2185 2211 2472 2267 custodiat.
2490 2213 2546 2266 Si
2560 2213 2719 2266 vultis
2730 2228 2859 2281 ergo
2873 2228 3029 2268 nosse
3043 2229 3209 2284 quare
3218 2215 3557 2272 celebremus

1965 2301 2194 2367 Pascha,
2228 2304 2349 2371 quia
2382 2314 2507 2358 tunc
2529 2320 2626 2374 pro
2661 2306 2818 2358 nobis
2841 2305 3147 2359 immolatus
3169 2317 3251 2361 est
3279 2307 3553 2364 Christus.

1963 2394 2074 2463 60
2101 2394 2157 2449 Si
2191 2395 2348 2449 vultis
2377 2410 2504 2462 ergo
2532 2410 2694 2449 nosse
2715 2411 2885 2463 quare
2904 2412 3012 2450 non
3045 2397 3175 2450 illud
3207 2399 3309 2450 ritu
3334 2399 3555 2466 jndaico

1965 2484 2328 2551 celebremus,
2354 2486 2477 2554 quia
2509 2484 2599 2538 illa
2642 2496 2758 2539 erat
2787 2488 2996 2539 venturi
3029 2487 3140 2540 veri
3162 2488 3549 2557 praeﬁguratio,

1967 2574 2082 2630 haec
2103 2577 2353 2646 completi
2374 2581 2835 2633 commemoratio.
2856 2578 3112 2633 Futurum
3137 2588 3313 2634 autem
3337 2596 3391 2635 et
3414 2598 3554 2650 prae-

1969 2668 2184 2721 teritum
2214 2683 2315 2723 nec
2342 2669 2473 2737 ipsis
2502 2669 2681 2724 verbis
2729 2670 2926 2724 nostris
2956 2672 3144 2726 eodem
3178 2672 3339 2725 modo
3382 2688 3553 2727 enun-

1969 2757 2152 2823 tiatur,
2184 2759 2325 2812 unde
2348 2758 2459 2827 jam
2489 2760 2619 2812 satis
2652 2760 2706 2813 in
2740 2759 2841 2814 hoc
2867 2776 3032 2828 opere
3063 2761 3223 2814 locuti
3252 2776 3461 2818 sumus.
3492 2764 3552 2819 Si

1969 2859 2145 2905 autem
2169 2861 2224 2906 et
2255 2852 2367 2906 haec
2399 2849 2551 2923 [hoc]
2577 2854 2839 2920 quaeritis,
2871 2868 2967 2906 cur
2987 2868 3055 2908 ex
3089 2854 3335 2909 omnibus
3358 2854 3492 2911 cibis
3520 2871 3551 2910 a

1969 2942 2237 3013 quibusin
2272 2945 2459 2997 umbra
2491 2945 2793 2998 futurorum
2818 2944 3044 3012 populus
3072 2955 3154 3000 cst
3176 2945 3267 3000 ille
3310 2946 3554 3015 prohibi-

1972 3045 2078 3102 tus,
2112 3052 2208 3091 nos
2234 3036 2518 3091 morticiuo
2548 3048 2598 3090 et
2627 3037 2968 3091 immolatitio
3001 3053 3106 3092 non
3156 3039 3471 3094 vescimur?
3496 3048 3554 3095 et

270 3119 659 3193 ratgenuisse,
689 3131 971 3175 succenset
999 3121 1098 3187 eis,
1133 3128 1188 3175 et
1214 3135 1307 3174 eos
1337 3122 1621 3191 increpans
1646 3122 1859 3191 corrigit
1894 3130 1940 3198 ο
1975 3128 2075 3182 hoc
2105 3128 2287 3183 audite
2310 3139 2363 3184 et
2400 3130 2683 3183 calumniis
2740 3130 2985 3185 vanitatis
3032 3146 3216 3185 verum
3265 3126 3565 3203 aliquando'

274 3214 526 3269 volentes
557 3227 680 3268 esse
703 3210 872 3267 Pauli.
903 3212 1150 3281 Nunquid
1184 3211 1401 3280 Paulus,
1429 3216 1617 3285 inquit,
1645 3233 1739 3284 pro
1771 3234 1865 3270 vo-

274 3308 352 3363 bis
374 3308 677 3363 cruciﬁxus
697 3306 814 3361 est?
832 3316 921 3358 aut
947 3306 998 3360 in
1030 3305 1173 3360 Pauli
1203 3307 1420 3361 nomine
1436 3307 1684 3376 baptizati
1705 3311 1868 3364 estis?

274 3409 535 3469 tanquam
590 3398 829 3451 diceret:
861 3395 1123 3452 Defuncto
1178 3396 1329 3451 fratri
1376 3414 1469 3451 vos
1497 3398 1677 3467 genui,
1711 3400 1867 3455 Citri—

273 3491 435 3544 sciatti
470 3489 760 3551 vocamini,
786 3504 891 3541 non
924 3488 1186 3543 Pauliani.
1216 3492 1282 3543 At
1315 3506 1441 3544 vero
1466 3491 1556 3560 qui
1580 3492 1783 3545 electus
1804 3491 1871 3547 ab

276 3583 521 3639 Ecclesia
552 3582 907 3641 ministerium
939 3583 1344 3654 evangelizandi
1379 3585 1641 3649 rcnuerit,
1669 3585 1735 3639 ab
1756 3585 1868 3654 ipsa

278 3672 527 3729 Ecclesia
555 3673 751 3727 merito
780 3674 1046 3744 digneque
1086 3675 1359 3729 contemni
1387 3692 1467 3729 ur.
1497 3676 1607 3730 iloc
1628 3686 1707 3730 cst
1727 3679 1869 3731 enim

276 3766 413 3833 quod
452 3766 507 3818 in
539 3765 657 3833 ejus
685 3765 870 3819 faciem
898 3764 1115 3832 jubetur
1159 3781 1443 3835 exspuere,
1475 3781 1577 3819 non
1604 3782 1733 3821 sane
1758 3766 1872 3819 sine

276 3860 431 3928 signo
446 3858 611 3927 hujus
632 3857 905 3926 opprobrii
926 3866 980 3911 ut
998 3858 1351 3912 calciameuto
1372 3859 1521 3927 pedis
1545 3859 1700 3912 unius
1723 3875 1875 3912 estta-

280 3963 385 4019 tnr,
421 3969 493 4005 ne
517 3952 591 4004 sit
616 3952 665 4003 in
701 3966 887 4005 eorum
914 3960 1058 4005 sorte
1090 3952 1281 4020 quibus
1306 3950 1419 4020 ipse
1450 3950 1735 4020 Apostolus
1761 3950 1868 4004 ait:

279 4044 344 4098 Et
369 4044 583 4097 calciati
614 4042 777 4111 pedes
811 4041 862 4094 in
896 4043 1341 4109 prcharationem
1388 4040 1660 4109 Evangelii
1699 4040 1870 4109 pacis,

278 4148 327 4189 et
350 4138 425 4188 de
450 4134 651 4203 quibus
683 4141 1069 4187 commemorat
1119 4132 1375 4202 propheta
1408 4150 1419 4184 :
1446 4132 1615 4200 Quam
1647 4128 1871 4201 speciosi

279 4230 446 4297 pedes
477 4242 670 4283 eorum
697 4225 790 4294 qui
810 4236 1011 4279 anuunt
1033 4235 1123 4278 ant
1165 4242 1372 4293 pacem,
1406 4225 1497 4295 qui
1553 4226 1877 4278 annuntiant

280 4320 447 4384 bona,
477 4318 569 4388 qui
601 4317 845 4373 enimsic
874 4319 1237 4386 evangelicam
1290 4318 1446 4371 fidem
1496 4326 1663 4381 tenet,
1721 4326 1777 4369 ut
1822 4324 1877 4370 et

281 4411 380 4464 szbi
407 4410 601 4479 prosit,
637 4419 692 4462 et
724 4408 980 4462 Ecclesirc
1028 4409 1289 4476 prodesse
1340 4423 1443 4462 non
1491 4418 1704 4474 renuat,
1739 4410 1875 4462 bene

1971 3220 2289 3289 przeponite.
2321 3217 2429 3273 Cur
2459 3221 2602 3274 enim
2631 3236 2739 3273 non
2764 3221 3011 3289 expediat
3039 3222 3378 3277 immolatitio
3407 3222 3555 3279 vesci

1971 3311 2276 3366 Christiano
2306 3310 2596 3380 Apostolus
2626 3311 2788 3366 dicit:
2822 3312 2958 3366 Nolo
2988 3328 3102 3380 vos,
3139 3314 3343 3381 inquit,
3372 3315 3555 3369 socios

1974 3400 2087 3454 ﬁeri
2133 3399 2545 3453 datmonlorum.
2591 3402 2773 3469 Neque
2821 3402 2962 3456 enim
3013 3401 3183 3469 ipsam
3229 3403 3556 3457 immolatio-

1974 3504 2095 3543 nem
2146 3488 2496 3560 reprehendit
2548 3505 2709 3560 quam
2764 3491 3031 3547 faciebant
3080 3504 3260 3561 patres
3311 3493 3560 3565 praeﬁgu-

1974 3594 2155 3638 rantes
2184 3585 2499 3653 sanguinem
2532 3585 2781 3639 sacrificii
2810 3602 2917 3656 quo
2965 3602 3063 3641 nos
3104 3586 3357 3643 Christus
3404 3590 3561 3647 rede-

1975 3674 2090 3739 mit,
2116 3673 2213 3729 sed
2240 3690 2358 3743 quae
2397 3674 2677 3730 immolant
2731 3688 2942 3744 gentes.
3001 3677 3288 3733 Daemoniis
3312 3724 3325 3747 ,
3358 3680 3559 3747 inquit,

1976 3765 2275 3831 immolant,
2304 3774 2358 3820 ct
2387 3782 2491 3819 non
2524 3766 2654 3820 Deo.
2688 3768 2887 3820 Deinde
2907 3768 3099 3828 adJetit
3120 3768 3258 3836 quod
3281 3768 3425 3824 dixi:
3453 3770 3562 3825 No-

1977 3858 2029 3912 lo
2054 3874 2151 3913 vos
2182 3858 2361 3914 socios
2388 3860 2501 3912 ﬁeri
2528 3859 2937 3913 dmtnouiorttm.
2971 3859 3101 3913 Nam
3129 3861 3172 3913 si
3216 3872 3407 3915 natura
3442 3862 3558 3931 ipsa

1976 3949 2327 4004 immolatitite
2390 3952 2569 4004 carnis
2608 3960 2752 4004 esset
2796 3952 3087 4017 immunda,
3139 3952 3324 4022 u'ique
3372 3962 3429 4008 et
3464 3969 3563 4009 ne-

1976 4042 2235 4095 scientem
2259 4041 2669 4095 contaminaret.
2705 4040 2890 4109 Neque
2929 4048 3071 4094 enim
3120 4057 3185 4096 ee
3228 4044 3406 4097 minus
3447 4043 3559 4112 ipsa

1979 4141 2125 4187 esset
2154 4132 2441 4199 quominus
2470 4133 2537 4184 ab
2566 4134 2773 4185 sciente
2810 4134 3166 4201 acciperetur,
3200 4135 3294 4188 sed
3346 4145 3563 4204 propter

1979 4224 2363 4277 conscientiam
2389 4238 2454 4276 ne
2479 4222 2811 4277 daemonibus
2839 4226 3267 4281 communicasse
3297 4226 3562 4285 videatur.

1980 4313 2325 4367 Morticiuum
2353 4322 2532 4367 autem
2561 4324 2708 4381 puto,
2732 4315 2872 4382 quod
2894 4316 2959 4369 ad
2980 4331 3158 4370 escam
3202 4332 3332 4372 usus
3385 4318 3563 4373 homi-

1981 4422 2106 4458 num
2132 4419 2235 4459 non
2264 4404 2501 4469 admisit,
2518 4421 2583 4460 co
2604 4406 2745 4473 quod
2770 4423 2875 4460 non
2892 4410 3191 4462 occisorum
3215 4410 3308 4463 sed
3327 4419 3565 4464 mortuo-

285 4502 612 4569 intelligitur
662 4511 893 4567 utquue
950 4504 1084 4567 pede
1131 4498 1412 4553 caliiatus.
1444 4500 1543 4564 Qui
1577 4513 1751 4553 antem
1775 4500 1875 4555 sibi
1908 4504 1958 4564 υ
1985 4512 2103 4550 rum
2130 4496 2438 4550 animalium
2470 4498 2624 4551 tnorb
2649 4498 2715 4551 da
2745 4513 2873 4553 caro
2911 4509 2994 4553 est
3026 4515 3125 4553 nec
3162 4510 3285 4568 apta
3315 4502 3382 4555 ad
3423 4502 3567 4556 salu-

284 4602 439 4659 pntat
489 4591 615 4656 quia
662 4590 880 4644 credidit
920 4592 1049 4644 satis
1088 4605 1208 4646 esse
1237 4591 1535 4645 consultum
1566 4592 1870 4658 consilion,

282 4701 473 4740 curam
505 4700 637 4738 vero
664 4684 1041 4739 lucrandorum
1073 4684 1271 4753 refugit
1306 4684 1555 4747 aliorum,
1581 4684 1873 4738 discalciati

284 4782 431 4833 illius
466 4795 573 4832 non
608 4778 887 4849 ﬁguratum
913 4778 1259 4846 significabit,
1292 4778 1386 4832 sed
1420 4778 1471 4830 itt
1510 4793 1568 4831 se
1600 4778 1872 4843 impletum

283 4870 529 4936 jortabit
570 4870 940 4937 opprobrium.
981 4868 1116 4934 Quid
1145 4912 1159 4935 ,
1193 4868 1331 4935 quod
1364 4907 1378 4931 ,
1413 4877 1464 4920 ct
1498 4871 1690 4933 pascha
1722 4867 1875 4921 nobis

282 4962 491 5029 olijeclt
520 4961 807 5025 celebrari,
843 4974 941 5013 nec
972 4960 1093 5026 quia
1134 4959 1205 5012 ita
1240 4968 1295 5010 ttt
1323 4958 1487 5011 .lnd;ui
1542 4958 1877 5013 celebratius

282 5052 529 5105 insultat.
563 5049 694 5104 Cum
729 5060 906 5103 autent
940 5050 1109 5120 magis
1139 5065 1237 5102 uos
1259 5050 1549 5103 habeamus
1573 5050 1624 5102 in
1653 5064 1711 5102 re
1741 5064 1878 5117 prac-

282 5145 457 5197 sentis
492 5144 770 5210 Evangelii
810 5158 913 5196 non
946 5143 999 5197 in
1032 5143 1217 5196 umbra
1249 5142 1407 5194 futuri
1438 5184 1453 5207 ,
1484 5143 1706 5210 ejusque
1734 5143 1877 5197 occi-

280 5240 499 5293 sionem
530 5254 650 5291 cum
680 5238 920 5307 quotidie
950 5247 1061 5291 tum
1115 5237 1345 5290 maxime
1388 5237 1751 5290 anniversaria
1783 5252 1875 5292 so-

284 5332 570 5385 lemnitate
618 5345 724 5383 non
780 5340 1062 5383 venturam
1114 5330 1526 5398 prarsignemus,
1564 5330 1657 5382 sed
1683 5329 1876 5383 factam

280 5437 797 5476 commemoremus.
836 5422 962 5476 Ideo
987 5438 1115 5476 sane
1138 5422 1252 5476 dies
1283 5422 1500 5475 Pascha:
1523 5422 1875 5477 soleinu'tatis

283 5522 489 5566 nostra:
518 5512 583 5565 ad
616 5511 757 5565 diem
792 5512 1167 5567 celebrationis
1210 5512 1521 5565 umbratica:
1565 5512 1873 5579 inda-orum

287 5618 394 5658 nua
430 5602 687 5665 occurrit,
719 5614 775 5655 ut
824 5614 875 5657 et
930 5603 1257 5658 dominicum
1300 5603 1441 5657 diem
1489 5618 1595 5671 quo
1632 5604 1880 5656 Christus

286 5694 589 5753 resurrexit
618 5695 1119 5764 complecteremur.
1178 5696 1378 5764 Azyma
1416 5709 1560 5760 vero,
1596 5698 1683 5764 qui
1718 5705 1879 5750 rectae

1986 4597 2089 4642 tem
2124 4588 2389 4655 corporis,
2420 4592 2574 4658 cujus
2603 4603 2760 4643 causa
2793 4589 3036 4643 suminus
3066 4591 3397 4645 alimentum.
3431 4592 3567 4648 Nam

1983 4678 2124 4747 quod
2156 4679 2224 4734 de
2247 4678 2573 4733 eﬂ'undendo
2596 4682 2858 4747 sanguine
2884 4682 3117 4743 antiquis
3148 4680 3199 4733 in
3228 4683 3395 4752 ﬁgura
3422 4698 3567 4751 pra:-

1983 4780 2198 4839 ceptum
2228 4781 2332 4837 est,
2368 4772 2418 4826 id
2439 4781 2522 4825 est
2544 4771 2643 4838 ipsi
2669 4771 2778 4824 Noe
2808 4780 2929 4839 post
2977 4772 3265 4835 diluvium,
3294 4772 3436 4842 quod
3457 4776 3572 4842 jam

1985 4867 2108 4931 qtrd
2138 4866 2463 4934 signiﬁcaret
2502 4866 2867 4931 ostendimus;
2900 4866 3139 4935 plerique
3170 4866 3491 4936 intelligunt,
3518 4876 3573 4923 et

1985 4960 2038 5013 in
2067 4960 2289 5014 Actibus
2314 4961 2676 5027 apostolorum
2706 4960 2807 5014 hoc
2831 4961 2943 5029 lege
2968 4971 3297 5029 praeceptum
3326 4962 3393 5014 ab
3417 4977 3574 5030 apos-

1982 5052 2129 5114 tolis,
2157 5061 2214 5105 ttt
2235 5054 2566 5107 abstinerent
2610 5064 2798 5120 gentes
2826 5061 3030 5107 tantum
3056 5070 3085 5106 a
3116 5053 3492 5120 fornicatione,
3518 5060 3573 5107 et

1982 5143 2049 5197 ab
2082 5144 2387 5210 immolatis,
2411 5154 2464 5197 et
2484 5160 2511 5195 a
2542 5144 2822 5213 sanguine,
2849 5144 2901 5198 id
2925 5153 3007 5199 est
3032 5161 3098 5200 ne
3120 5146 3411 5213 quidquam
3439 5144 3571 5197 ede-

1983 5246 2104 5289 rent
2132 5236 2308 5288 carnis
2339 5236 2690 5307 [nequaquam
2707 5236 2929 5291 ederent
2954 5234 3163 5305 carnes]
3186 5237 3341 5300 cujus
3356 5233 3571 5301 sanguis

1987 5344 2091 5381 non
2123 5337 2267 5380 esset
2290 5328 2511 5393 ellusus,
2544 5329 2682 5395 quod
2708 5328 2796 5382 alii
2826 5346 2930 5383 non
2958 5331 3035 5382 sic
3066 5327 3390 5395 intelligunt,
3419 5323 3513 5376 sed
3536 5338 3569 5378 a

1984 5420 2243 5488 sanguine
2267 5432 2588 5489 praecepium
2620 5436 2740 5476 esse
2783 5419 3186 5482 abstinendum,
3223 5432 3288 5469 ne
3317 5412 3437 5482 quis
3466 5412 3562 5466 ho-

1986 5512 2201 5565 micidio
2232 5526 2289 5565 se
2329 5512 2679 5567 contaminet.
2714 5512 2824 5566 lloc
2856 5525 2996 5565 nunc
3028 5509 3296 5563 discutere
3345 5506 3568 5572 longum

1986 5614 2067 5657 est
2098 5614 2150 5657 et
2174 5618 2275 5656 nou
2304 5606 2696 5666 necessarium,
2732 5602 2851 5669 quia
2891 5601 2991 5653 etsi
3022 5598 3122 5652 ltoc
3170 5606 3294 5651 tunc
3334 5596 3571 5665 apostoli

1986 5706 2356 5763 praeceperunt
2390 5706 2441 5749 ut
2486 5696 2551 5750 ab
2590 5694 2894 5747 animalium
2931 5690 3192 5761 sangu'ttc
3229 5689 3573 5747 abstinerent
