3990 6180
428 256 534 311 705
548 234 563 243 ⁷

1496 254 1557 308 ι).
1601 252 1915 310 EUGYPPII
1956 252 2245 311 ABBATIS
2276 254 2590 312 AFRICANI

3588 262 3693 317 704

428 364 712 419 Christiani
731 405 746 427 ,
781 379 849 419 ne
874 363 1170 433 prmfocatis
1198 364 1450 419 carnibus
1481 372 1850 429 vescerentur,
1892 362 1999 417 ele-
2034 364 2084 423 Α
2110 365 2342 418 animam
2369 366 2597 419 hominis
2618 366 2643 418 ?
2671 367 2753 420 An
2776 381 2990 421 omnem
3022 368 3292 424 hominem
3322 371 3547 426 fratrem
3579 386 3694 426 om-

431 457 575 525 gisse
602 455 734 508 mihi
766 454 1014 508 videnlur
1043 470 1139 522 pro
1171 464 1411 523 tempore
1455 468 1569 511 rem
1598 454 1810 509 facilem
1837 464 1890 508 et
1911 468 2008 508 nc-

422 554 699 615 ‘quaquam
723 546 1133 601 observantibus
1163 562 1466 611 onerosam,
1496 548 1548 602 in
1568 562 1671 617 qua
1699 562 1820 600 cum
1839 546 2008 601 Israe-

430 639 539 693 litis
560 642 719 694 etiam
758 650 943 708 gentes
973 648 1188 709 propter
1217 640 1535 709 angularem
1578 641 1725 693 illum
1774 638 2005 706 lapidem

431 731 567 784 duos
598 730 650 783 in
672 745 732 784 se
761 730 1108 794 condentem,
1139 731 1337 799 aliquid
1370 731 1729 786 communiter
1755 730 2006 784 observao

430 831 551 875 rent
592 822 750 875 simul
782 822 943 876 etiam
978 833 1256 879 monerent
1284 825 1361 897 [et
1388 823 1759 893 admonerent]
1790 824 1841 877 in
1893 823 2006 891 ipsa

428 927 550 965 arca
581 912 715 979 Noe,
745 914 957 982 quando
984 915 1122 969 Deus
1146 916 1245 971 hoc
1262 915 1419 985 jussit
1449 916 1743 970 Ecclesiam
1767 915 2007 969 omnium

426 1003 665 1071 gentium
694 1003 858 1058 fuisse
889 1006 1163 1074 figuratam
1196 1004 1660 1077 [pra-figuratam].
1694 1006 1847 1075 cujus
1881 1006 2005 1061 facti

430 1095 706 1161 prophetia
733 1095 843 1164 jam
874 1098 1120 1166 gentibus
1150 1098 1215 1151 ad
1260 1098 1418 1152 fidem
1446 1099 1822 1154 accedentibus
1876 1099 2008 1153 inci-

431 1184 613 1252 piebat
638 1187 869 1253 impleri.
902 1188 1199 1243 Transacto
1230 1205 1356 1244 vero
1395 1191 1486 1244 illo
1517 1201 1758 1261 tempore
1781 1205 1887 1259 quo
1932 1190 2007 1245 illi

432 1276 540 1329 duo
569 1278 823 1344 parietes,
857 1294 993 1333 unus
1023 1295 1088 1333 ex
1130 1280 1568 1346 circumcisione,
1600 1282 1733 1335 alter
1757 1297 1824 1336 ex
1868 1297 2004 1349 pra:-

432 1370 586 1437 putio
613 1372 911 1436 venientrs,
960 1374 1209 1441 quamvis
1240 1375 1291 1427 in
1314 1374 1555 1445 angulari
1591 1375 1765 1442 lapide
1794 1391 2009 1431 concor-

434 1460 651 1525 darent,
682 1469 860 1516 tamen
887 1464 999 1518 Suis
1023 1465 1341 1532 quibusdam
1384 1467 1796 1536 proprietatibus
1820 1468 2007 1523 distin-

426 1552 570 1604 ctius
592 1552 921 1607 eminebant.
951 1556 1027 1608 Ae
1052 1554 1142 1608 ubi
1175 1555 1415 1611 Ecclesia
1440 1557 1685 1627 gentium
1714 1559 1834 1613 talis
1850 1559 2009 1615 effec-

430 1648 479 1692 ta
510 1650 613 1703 est.
659 1642 787 1696 utin
816 1658 878 1698 ea
924 1645 1100 1700 nullus
1156 1646 1394 1701 Israelita
1440 1650 1674 1705 carnalis
1726 1661 2001 1719 appareat,

428 1730 546 1797 quis
573 1731 680 1800 jam
710 1731 809 1788 hoc
836 1734 1176 1791 Christianus
1199 1738 1451 1793 observat
1475 1748 1531 1794 ut
1561 1741 1746 1795 turdos
1790 1742 1873 1795 vel
1906 1742 2005 1796 mi-
2037 1724 2082 1783 Β

435 1822 678 1877 nutiores
705 1824 944 1880 aviculas
978 1842 1082 1881 non
1131 1830 1375 1899 attingat,
1404 1830 1503 1884 nisi
1532 1846 1755 1900 quarum
1784 1833 2003 1902 sanguis

430 1909 632 1964 otiusus
660 1922 778 1977 est,
806 1925 900 1967 aut
929 1915 1167 1983 leporem
1198 1933 1302 1971 non
1332 1918 1457 1972 edat
1485 1920 1531 1973 si
1562 1935 1720 1973 manu
1749 1935 1777 1974 a
1795 1922 2005 1977 cervice

428 2015 714 2066 percussus
746 2005 893 2059 nullo
948 2016 1171 2062 cruento
1199 2010 1419 2065 vulnere
1444 2011 1652 2065 occisus
1679 2012 1804 2066 est?
1834 2021 1888 2066 et
1916 2012 2004 2081 qui

429 2088 570 2143 forte
599 2094 749 2160 pauci
779 2094 953 2149 adhuc
981 2105 1197 2166 tangere
1240 2098 1339 2153 ista
1399 2100 1690 2157 formidant
1719 2118 1746 2154 a
1792 2103 2004 2157 caneris

431 2179 682 2236 videntur
708 2183 1065 2258 [irridentur].
1086 2189 1157 2243 Ita
1180 2191 1416 2245 omnium
1446 2192 1653 2247 animos
1676 2194 1727 2247 in
1751 2193 1849 2248 hac
1877 2196 2007 2248 reti-

430 2271 548 2326 nuit
575 2273 665 2328 illa
686 2278 952 2331 sententia
980 2281 1217 2335 veritatis
1246 2299 1261 2336 :
1296 2283 1410 2337 Non
1448 2286 1591 2355 quod
1651 2287 1816 2341 intrat
1862 2291 1912 2343 in
1943 2302 2005 2343 os

430 2372 663 2418 vestrum
695 2380 794 2421 vos
838 2369 1165 2440 coinquinat,
1196 2373 1291 2428 sed
1335 2376 1475 2443 quod
1499 2378 1629 2444 exit,
1665 2378 1865 2433 nullam
1898 2379 2002 2435 cibi

428 2460 674 2507 naturam
703 2470 862 2524 quam
912 2459 1141 2515 societas
1185 2464 1380 2518 amittit
1425 2466 1699 2538 [admittit]
1732 2467 1998 2537 humana,

428 2546 521 2595 sed
552 2558 668 2612 qua:
700 2546 948 2617 iniquitas
972 2555 1256 2608 committit
1280 2565 1494 2624 peccata
1524 2558 1910 2617 condemnans.

939 2686 1165 2744 CAPUT
1194 2688 1477 2751 LXXVIII.

430 2764 506 2819 De
533 2783 589 2821 eo
612 2770 749 2843 quod
785 2774 1032 2843 scriptum
1056 2787 1129 2830 est
1164 2796 1195 2830 ιι
1233 2783 1525 2837 volatilibus
1570 2784 1772 2837 mundis
1822 2795 1869 2839 et
1908 2787 2002 2840 im-

498 2841 704 2922 mundis
729 2841 948 2922 intrasse
970 2847 1018 2898 in
1044 2864 1241 2922 arcum;
1272 2867 1335 2905 ea:
1356 2852 1487 2907 libro
1537 2854 1891 2922 Qutestionum
1938 2859 2001 2912 de

498 2907 702 2976 Genesi,
725 2912 855 2966 inter
873 2925 1057 2971 cetera
1083 2918 1150 2970 ad
1176 2907 1368 2977 locum.

495 3001 647 3067 Quod
676 3004 934 3074 scriptum
964 3018 1075 3064 esta
1109 3011 1411 3067 volatilibus
1454 3004 1689 3077 mundis.
1721 3026 1778 3073 et
1832 3033 1863 3072 a
1913 3032 2002 3072 vo-

429 3090 669 3149 latilibus
697 3096 1008 3165 immundis,
1032 3112 1083 3156 et
1110 3118 1138 3156 a
1165 3106 1445 3171 pecoribus
1477 3110 1710 3175 mundis,
1736 3120 1792 3165 et
1845 3126 1874 3164 a
1904 3126 1996 3180 pc-
2027 3095 2075 3158 (ἶ

428 3184 640 3240 eorib'ns
691 3187 1011 3256 immundis,
1043 3202 1095 3246 et
1147 3195 1217 3248 ab
1266 3197 1515 3252 omnibus
1557 3201 1897 3268 serpentibus
1943 3205 1997 3258 in

427 3284 593 3341 terra,
624 3280 764 3346 quod
795 3281 990 3337 deinde
1012 3301 1117 3339 non
1144 3286 1358 3342 additur
1380 3292 1692 3348 subauditur
1714 3296 1923 3351 mundis
1946 3307 2000 3351 et

428 3366 741 3435 immundis,
765 3380 820 3426 et
846 3375 1174 3447 adiungitur,
1206 3378 1314 3433 duo
1340 3391 1394 3435 et
1414 3383 1520 3436 duo
1570 3386 1905 3442 intraverunt
1932 3389 1997 3443 ad

428 3452 540 3507 Noe
557 3456 607 3509 in
626 3471 826 3525 arcam,
845 3464 1114 3520 masculus
1129 3477 1181 3521 et
1206 3468 1424 3525 femina.
1443 3474 1710 3537 Quaeritur
1733 3481 2000 3545 quomodo

425 3542 733 3600 distinxerit
760 3553 1003 3617 superius
1028 3552 1135 3608 duo
1172 3566 1228 3611 et
1259 3559 1366 3613 duo
1394 3563 1461 3613 ah
1500 3542 1784 3619 immundis
1806 3609 1820 3630 ,
1859 3582 2007 3622 nunc

427 3644 603 3688 autem
635 3638 747 3692 sive
786 3654 816 3692 a
860 3643 1072 3697 mundis
1103 3645 1219 3703 sive
1249 3650 1536 3707 immundis
1565 3655 1671 3710 duo
1699 3667 1756 3712 et
1781 3658 1888 3713 duo
1916 3660 1998 3713 di-
2036 3660 2043 3665 ’

428 3733 515 3779 cat
563 3723 813 3784 intrasse.
864 3731 969 3787 Sed
1019 3734 1122 3789 hoc
1170 3738 1402 3795 refertur
1449 3758 1556 3799 non
1603 3745 1670 3801 ad
1718 3763 1998 3804 numerum

428 4011 544 4055 s.ve
575 3999 862 4058 immundis
890 4005 996 4061 duo
1022 4018 1168 4075 sunt,
1195 4016 1462 4070 masculus
1486 4027 1536 4070 et
1568 4019 1783 4077 femina.

968 4139 1193 4199 CAPUT
1218 4144 1453 4204 LXXIX.

432 4221 662 4311 Quid-sil
682 4227 820 4295 quod
853 4228 1106 4311 Dominus
1128 4236 1199 4287 ai:
1214 4251 1245 4311 ξ
1277 4238 1395 4292 Non
1426 4240 1667 4311 adjiciam
1698 4248 2000 4308 maledicere

566 4305 739 4358 terra:
765 4314 827 4351 ea:
851 4302 1026 4355 eodem
1049 4304 1178 4359 libro
1202 4302 1546 4370 Qtuestionu'm
1571 4315 1635 4366 de
1660 4314 1861 4371 (ἐι-πεδί.

494 4380 632 4478 Quid
655 4383 756 4440 sibi
779 4387 893 4442 vult
926 4392 1069 4457 quod
1120 4394 1374 4453 Dominus
1399 4400 1530 4456 dicit
1555 4422 1568 4457 :
1594 4404 1708 4460 Non
1751 4408 1995 4478 adjiciam

423 4472 597 4529 adhuc
626 4478 953 4537 maledicere
999 4499 1164 4554 super
1218 4500 1415 4547 terram
1449 4505 1669 4564 propter
1696 4472 1856 4567 opera
1902 4503 1999 4558 ho-

425 4566 651 4631 minum,
680 4586 752 4638 qu
779 4586 809 4625 a
841 4577 1085 4642 apposita
1111 4588 1194 4634 est
1229 4596 1382 4638 mens
1412 4585 1641 4643 hominis
1669 4566 1746 4643 ad
1766 4593 1997 4663 maligna

422 4667 452 4705 a
475 4655 772 4721 juventute.
800 4660 916 4717 Non
938 4664 1184 4734 adjiciam
1217 4685 1347 4740 ergo
1375 4673 1549 4729 adhuc
1578 4688 1855 4745 percutere
1883 4655 2000 4736 om-

422 4758 546 4797 netn
574 4762 792 4804 carnem
816 4753 988 4809 vivam
1048 4764 1497 4827 quemadmodum
1529 4767 1650 4822 feci.
1694 4771 1760 4825 Et
1804 4772 1999 4831 deinde

421 4833 665 4906 adiungit
692 4856 809 4909 qua:
834 4850 1129 4904 secundum
1160 4852 1458 4923 largitatem
1486 4858 1739 4917 bonitatis
1766 4878 1877 4919 sua:
1902 4865 2000 4920 do-

422 4928 837 4988 nathominibus
859 4936 1110 5008 indignis.
1138 4943 1327 5001 Utrum
1373 4948 1460 5004 hic
1486 4950 1614 5005 Novi
1665 4953 1992 5013 Testamenti

425 5015 756 5085 indulgentia
778 5022 999 5095 figurata
1032 5032 1122 5097 sit,
1150 5046 1202 5088 et
1249 5042 1518 5104 prmterita
1544 5044 1676 5099 ultio
1719 5047 1783 5100 ad
1831 5047 1993 5105 Vetus

420 5107 685 5174 pertineat
713 5110 1135 5187 Testamentum,
1158 5125 1259 5179 hoc
1284 5138 1364 5183 est
1387 5128 1516 5185 illud
1537 5133 1601 5187 ad
1634 5134 1762 5205 legis
1785 5139 1992 5194 severi-

420 5207 607 5265 tatem,
638 5201 741 5258 hoc
770 5205 834 5259 ad
858 5209 1042 5277 gratia:
1074 5211 1386 5272 bonitatem.

975 5343 1201 5401 CAPUT
1230 5349 1443 5407 LXXX.

418 5427 553 5491 Quid
574 5442 683 5483 est:
716 5430 792 5485 De
816 5439 1179 5521 inanti-fratris
1206 5443 1469 5521 exquiram
1496 5449 1723 5521 animam
1743 5456 1988 5521 nominis;

643 5518 707 5556 επ
734 5505 912 5560 eodem
935 5508 1062 5562 libro
1093 5505 1444 5575 Quintianum
1472 5516 1535 5569 de
1559 5517 1761 5575 Genesi.

486 5610 622 5681 Quid
657 5626 740 5669 cst
765 5633 777 5668 :
805 5618 868 5673 Et
899 5622 963 5674 de
1002 5636 1159 5676 manu
1205 5622 1385 5681 fratris
1444 5627 1673 5687 hominis
1714 5638 1987 5705 exquiram

2112 456 2194 508 nis
2222 455 2451 509 hominis
2488 456 2711 527 intelligi
2758 457 2922 513 voluit
2974 460 3270 515 secundum
3309 462 3691 531 cognationem

2108 557 2173 599 ex
2205 559 2310 598 uno
2338 544 2591 599 ductam?

2654 680 2881 739 CAPUT
2909 685 3147 741 LXXXI.

2110 772 2276 827 Citam
2316 788 2554 843 peccans,
2595 791 2694 827 non
2723 776 2776 829 in
2802 778 2967 845 seipse
2996 780 3084 834 sed
3111 781 3164 833 in
3193 781 3304 848 ﬁlio
3342 783 3694 848 maledicitur;

2665 861 2728 899 ex
2762 848 2936 901 eodem
2966 849 3117 904 libro.

2182 950 2471 1017 Quaeritur,
2502 967 2671 1021 quare
2694 969 2922 1022 peccans
2953 958 3119 1013 Citam
3163 961 3217 1015 in
3248 964 3415 1032 patris
3461 961 3697 1029 oII'ensa,

2108 1058 2213 1096 non
2246 1044 2298 1097 in
2328 1042 2530 1111 seipso,
2559 1045 2653 1098 sed
2687 1046 2737 1100 in
2770 1047 2878 1102 tilio
2907 1064 3006 1105 suo
3033 1049 3284 1107 Chanaan
3321 1054 3692 1123 maledicitur,

2108 1137 2210 1189 nisi
2241 1136 2363 1204 quia
2392 1137 2765 1209 prOphetatutu
2796 1150 2877 1194 est
2901 1141 3296 1208 quodammodo
3327 1153 3527 1200 terram
3550 1145 3694 1200 Cha-

2107 1242 2265 1289 nian.
2300 1226 2485 1295 ejectis
2510 1229 2634 1283 inde
2657 1227 2979 1285 Cltananmis
3008 1242 3061 1287 ct
3088 1234 3395 1302 debellatis,
3429 1248 3692 1306 acceptu-

2107 1332 2198 1371 ros
2258 1318 2426 1376 fuisse
2497 1321 2637 1377 ﬁlios
2710 1322 2872 1378 Israel
2915 1327 3006 1394 qui
3062 1329 3302 1383 venirent
3354 1330 3423 1385 de
3479 1332 3698 1388 semine

2106 1410 2256 1467 Sem.

2633 1546 2860 1604 CAPUT
2891 1548 3150 1605 LXXXII.

2110 1630 2239 1687 Erat
2258 1635 2423 1689 omnis
2478 1644 2613 1713 terra
2641 1637 2830 1690 labinm
2861 1656 3017 1713 unum
3077 1658 3166 1713 per
3210 1644 3696 1713 recapitulationem

2557 1707 2773 1773 dictum,
2805 1725 2867 1763 ex
2881 1712 3053 1764 eodem
3077 1707 3236 1767 'libro.

2182 1814 2244 1868 Et
2267 1827 2382 1869 erat
2407 1818 2585 1873 omnis
2612 1829 2757 1873 terra
2781 1819 2981 1875 labium
3006 1837 3169 1877 unum
3196 1825 3463 1891 quomodo
3510 1837 3696 1894 potest

2108 1905 2332 1975 intelligi
2365 1908 2582 1975 quando
2609 1912 2859 1979 superius
2887 1913 3088 1968 dictum
3119 1925 3225 1981 est,
3255 1917 3395 1985 quod
3428 1919 3524 1971 lilii
3572 1919 3694 1975 Noe

2106 1998 2191 2052 vel
2222 1998 2455 2055 filiorum
2483 2001 2599 2072 ejus
2617 2002 2891 2059 distributi
2906 2016 3088 2060 essent
3115 2022 3211 2076 per
3236 2018 3456 2073 terram,
3489 2026 3692 2066 secun-

2104 2090 2233 2146 dum
2276 2094 2481 2161 tribus,
2509 2107 2566 2150 et
2593 2098 2887 2152 secundum
2916 2109 3133 2167 gentes,
3172 2110 3227 2155 et
3253 2102 3546 2156 secundum
3580 2105 3689 2159 Iin-

2106 2196 2237 2252 guas
2257 2186 2407 2239 suas?
2432 2186 2532 2240 nisi
2559 2188 2682 2256 quia
2710 2204 2804 2255 per
2826 2190 3321 2258 recapitulationem
3338 2204 3521 2260 postea
3542 2209 3689 2247 com~

2104 2288 2368 2333 memoret
2388 2281 2839 2353 [commemorat],
2867 2283 3007 2351 quod
3038 2284 3185 2354 prius
3207 2296 3343 2349 erat,
3367 2287 3460 2339 sed
3492 2287 3689 2343 obscu-

2105 2371 2319 2427 ritatem
2352 2373 2481 2445 [hic]
2512 2374 2673 2441 facit,
2706 2378 2850 2445 quod
2894 2393 2960 2433 eo
3005 2395 3202 2449 genere
3252 2382 3541 2437 locutionis
3581 2385 3684 2437 ista

2105 2463 2350 2516 contexit
2374 2466 2527 2533 quasi
2560 2468 2793 2522 narratio
2821 2468 2887 2524 de
2914 2468 2998 2524 bis
3026 2486 3146 2541 qua:
3177 2482 3361 2540 postea
3393 2473 3529 2527 facta
3556 2485 3683 2528 sunt

2103 2566 2482 2627 consequatur.

2622 2698 2845 2755 CAPUT
2869 2698 3153 2758 LXXXIII.

2107 2786 2379 2868 Quomodo
2416 2788 2552 2868 Sara
2589 2806 2702 2868 cum
2733 2791 2943 2868 aliquot
2971 2792 3078 2846 dies
3101 2795 3240 2863 apud
3266 2812 3433 2867 regem
3463 2796 3681 2868 Egyptt'

2174 2874 2323 2939 sacra
2353 2859 2547 2929 fecerit,
2578 2862 2689 2931 ejus
2732 2863 2998 2916 concubitu
3042 2859 3143 2918 non
3173 2859 3411 2921 credaiur
3438 2859 3678 2939 ωερενῇὸί-

2173 2929 2301 2981 luta.

2176 3040 2289 3094 Erit
2309 3057 2457 3111 ergo,
2475 3058 2593 3097 cum
2616 3051 2669 3099 te
2686 3045 2916 3100 viderint
2938 3046 3385 3118 [Egyptiiﬁicent
3402 3056 3526 3121 quia
3549 3069 3685 3109 uxor

2106 3130 2252 3186 illius
2274 3132 2388 3187 Ita-c
2422 3151 2435 3186 :
2469 3133 2665 3188 factum
2693 3144 2777 3190 est
2797 3146 2997 3204 autem,
3043 3142 3219 3194 statim
3262 3151 3320 3196 ut
3365 3143 3583 3198 intravit
3615 3144 3690 3201 Δ·

2107 3221 2332 3277 braham
2354 3224 2405 3277 in
2424 3225 2734 3295 Aigyptum,
2753 3229 2994 3285 videntes
3008 3228 3244 3301 Egyptii
3262 3235 3543 3290 mulierem
3560 3238 3690 3306 quia

2103 3314 2342 3381 speciosa
2367 3324 2481 3369 erat
2509 3317 2682 3370 valde.
2713 3319 2993 3385 Quomodo
3025 3324 3315 3392 accipiatur
3344 3326 3485 3393 quod
3518 3327 3689 3380 Abra-

2103 3402 2224 3456 ham
2249 3405 2468 3459 veniens
2493 3407 2543 3459 in
2570 3407 3072 3479 (Egyptummelare
3099 3415 3263 3469 voluit
3284 3432 3504 3483 uxorem
3529 3434 3688 3473 suam

2100 3510 2221 3550 esse
2232 3497 2413 3552 Saram
2426 3502 2732 3560 .st-cundum
2749 3506 2922 3557 omnia
2938 3522 3055 3573 quae
3066 3507 3131 3561 de
3146 3508 3243 3562 hac
3255 3523 3312 3563 re
3325 3511 3520 3579 scrip'a
3534 3525 3690 3579 sunt,

2103 3599 2277 3641 utrum
2312 3587 2411 3642 hoc
2440 3596 2757 3648 convenerit
2791 3603 2895 3649 tam
2920 3608 3107 3651 sancto
3137 3601 3269 3664 viro,
3294 3617 3360 3654 an
3384 3604 3483 3656 sub
3503 3605 3685 3660 defec-

2103 3681 2181 3733 tio
2214 3680 2559 3754 [defectione]
2591 3684 2711 3740 fidei
2741 3687 2858 3755 cjus
2886 3688 3237 3760 intelligatur,
3270 3694 3408 3747 sicut
3439 3699 3686 3750 nonnulli

2100 3772 2341 3827 arbitrati
2373 3785 2515 3828 sunt.
2535 3775 2650 3830 Jam
2674 3778 2889 3843 quidem
2912 3790 2966 3835 et
2988 3792 3177 3836 contra
3202 3783 3457 3838 Faustum
3482 3786 3550 3841 de
3584 3787 3689 3841 hac
3790 3816 3800 3855 4

2101 3878 2161 3917 re
2188 3863 2484 3931 disputavi,
2516 3877 2569 3922 et
2599 3868 2904 3939 diligentius
2931 3886 2960 3924 a
2992 3875 3308 3945 presbytero
3350 3877 3688 3950 llieronymo

2101 3956 2403 4023 expositum
2431 3966 2535 4024 est,
2559 3975 2724 4028 quare
2756 3978 2860 4016 non
2884 3962 2956 4017 sit
2977 3979 3312 4037 consequens
3341 3979 3400 4023 ut
3430 3986 3552 4025 cum
3585 3974 3689 4027 a|i~

2100 4056 2230 4114 quot
2259 4045 2374 4101 dies
2404 4048 2541 4116 apud
2575 4066 2752 4119 regem
2782 4050 2997 4124 JEgypti
3022 4057 3153 4111 Sara
3186 4058 3344 4114 fuerit
3371 4064 3534 4116 etiam
3568 4065 3690 4134 ejus

2100 4136 2390 4191 concubitu
2421 4139 2672 4194 credatur
2700 4156 2820 4197 esse
2851 4144 3073 4212 polluta.
3121 4148 3382 4215 Quoniam
3415 4168 3538 4208 mos
3568 4167 3691 4211 erat

2100 4223 2283 4293 regius
2308 4224 2513 4280 vicibus
2553 4228 2617 4280 ad
2648 4242 2706 4283 se
2742 4232 3042 4287 ammlttcre
3074 4234 3398 4311 [admittere]
3430 4243 3689 4299 mulieres

2099 4329 2248 4378 suas,
2265 4324 2318 4368 et
2342 4315 2443 4369 nisi
2462 4316 2712 4372 lomentis
2731 4319 3024 4396 [fomentis]
3041 4334 3097 4380 et
3117 4332 3400 4397 unguentis
3424 4333 3513 4386 diu
3542 4337 3690 4404 prius

2101 4415 2352 4460 accurato
2383 4421 2608 4477 corpore
2630 4412 2771 4465 nulla
2802 4412 3035 4470 intrabat
3076 4416 3140 4471 ad
3169 4434 3346 4489 regem
3373 4440 3385 4473 :
3410 4438 3532 4491 qum
3557 4426 3689 4481 dum

2106 4497 2292 4552 ﬁerent
2314 4498 2545 4555 afﬂictus
2574 4511 2659 4557 est
2686 4503 2895 4560 Pharao
2924 4521 3084 4563 manu
3114 4509 3233 4577 Dei,
3262 4521 3314 4565 ttt
3343 4514 3457 4568 viro
3499 4518 3688 4571 redhi-

2103 4588 2259 4645 beret
2285 4591 2562 4659 intactam,
2593 4610 2751 4665 quam
2800 4598 2899 4667 ipsi
2930 4601 3040 4655 Deo
3072 4605 3297 4659 maritus
3339 4609 3688 4665 commiserat

2104 4688 2285 4735 tacens
2307 4683 2445 4751 quod
2474 4699 2611 4738 uxor
2631 4696 2795 4753 esset,
2820 4690 2915 4743 sed
2938 4706 3041 4746 non
3066 4695 3331 4751 mentiens
3356 4700 3499 4766 quod
3525 4716 3687 4757 soror

2102 4783 2276 4835 esset,
2314 4779 2371 4826 ut
2399 4784 2616 4829 caveret
2645 4778 2785 4844 quod
2820 4789 3067 4849 poterat,
3102 4796 3355 4853 quantum
3387 4788 3551 4844 homo
3584 4807 3688 4860 po-

2105 4865 2264 4924 terat,
2294 4868 2345 4913 et
2372 4859 2482 4915 Deo
2510 4866 2912 4923 commendaret
2938 4871 3077 4938 quod
3106 4888 3299 4929 cavere
3331 4893 3435 4932 non
3471 4859 3689 4948 poterat

2100 4960 2167 4998 ne
2195 4948 2238 5000 si
2266 4961 2319 5002 et
2351 4949 2439 5003 illa
2471 4967 2590 5020 qua:
2617 4967 2811 5011 cavere
2839 4967 3047 5027 poterat
3096 4961 3207 5019 Deo
3248 4975 3453 5024 tantum
3498 4971 3687 5028 dimit-

2104 5044 2277 5100 teret,
2336 5055 2440 5092 non
2498 5045 2549 5095 in
2599 5043 2764 5100 Deum
2810 5049 3070 5117 credere,
3119 5055 3216 5109 sed
3264 5057 3428 5113 Deum
3472 5068 3689 5119 tentare

2103 5126 2281 5195 potius
2313 5128 2663 5187 inveniretur.

2614 5266 2839 5325 CAPUT
2876 5272 3159 5332 LXXXIV.

2099 5371 2515 5453 GlQuomodo
2561 5379 2876 5451 intellgatur
2917 5400 3168 5443 anenmm
3213 5397 3349 5453 quod
3391 5397 3496 5449 ait:
3533 5398 3683 5453 Dabo

2137 5444 2223 5495 tibi
2246 5454 2429 5498 terram
2451 5450 2502 5501 in
2522 5444 2883 5517 possessionem
2900 5468 3175 5526 retentam;
3202 5444 3466 5520 enieodem
3486 5468 3643 5524 libro.

2172 5556 2317 5610 Dabo
2350 5560 2443 5614 tibi
2470 5572 2524 5615 ct
2546 5565 2738 5619 srmini
2764 5577 2856 5623 tuo
2884 5582 3001 5638 post
3032 5581 3083 5628 te
3120 5585 3319 5635 terram
3369 5582 3420 5635 in
3448 5598 3547 5652 qua
3576 5582 3687 5639 ha.

2100 5647 2255 5713 nitas,
2287 5665 2500 5705 tmnem
2537 5663 2734 5711 terram
2758 5661 2953 5717 cultant
2986 5665 3037 5719 in
3076 5647 3478 5737 possessionem
3514 5684 3678 5731 tete:-
