3990 6180
308 304 411 360 705

300 514 557 569 lsraelitis
590 520 960 587 temporaliter
985 522 1107 576 data
1138 524 1229 591 sit,
1253 536 1433 581 utrum
1462 531 1759 584 secundum
1786 532 1888 586 hoc

294 607 554 662 szcculum
598 610 743 664 dicta
789 612 861 665 sit
897 624 1121 680 acterna,
1169 626 1226 672 ιιι
1274 619 1344 673 ab
1380 635 1448 675 eo
1476 623 1617 691 quod
1649 633 1732 679 est
1762 629 1886 681 αἰὼν

291 700 507 765 Graece;
532 704 673 771 quod
699 714 752 758 et
774 707 1027 761 saeculum
1056 709 1341 779 signiﬁcat,
1371 713 1573 769 dictum
1603 715 1671 769 sit
1691 721 1886 774 α’ὡνιςν

292 801 550 860 tanquam
605 795 650 848 si
682 794 869 851 Latine
895 796 1001 851 dici
1029 810 1218 868 posset
1265 804 1526 858 saeculari:
1557 821 1570 857 :
1603 820 1669 859 an
1692 822 1758 861 ex
1785 808 1886 863 hoc

286 888 495 957 aliquid
523 891 820 946 secundum
842 894 1144 961 spiritalem
1179 900 1589 965 promissionem
1620 902 1706 957 hic
1736 904 1885 958 intel-

286 981 459 1042 ligere
488 995 767 1050 cogamur,
799 996 855 1038 ut
886 997 1147 1043 aeternum
1191 991 1313 1047 ideo
1358 994 1559 1049 dictum
1614 997 1703 1060 sit,
1758 1000 1881 1068 quia

290 1071 416 1125 hinc
445 1084 711 1128 a-ternum
741 1077 939 1147 aliquid
963 1079 1313 1148 signiﬁcatur.
1348 1086 1428 1140 An
1457 1088 1634 1155 potius
1661 1090 1883 1143 locutio-

287 1166 373 1218 nis
399 1177 482 1219 est
514 1166 915 1237 Scripturarum
950 1181 1007 1225 ut
1033 1185 1295 1230 internum
1324 1179 1593 1243 appellent
1620 1181 1775 1249 cujus
1801 1183 1880 1238 rei

244 1248 247 1251 ’
289 1258 412 1311 tinis
460 1275 567 1313 non
613 1263 979 1319 constituitur.
1042 1268 1147 1321 Aut
1201 1284 1307 1322 non
1341 1271 1413 1325 ita
1454 1273 1512 1325 iit
1541 1284 1594 1325 ut
1627 1248 1880 1342 deinceps

288 1367 401 1407 non
457 1355 530 1408 sit
574 1354 876 1410 faciendum
908 1372 1164 1428 quantum
1221 1365 1451 1428 pertinet
1485 1366 1550 1419 ad
1578 1380 1762 1422 curam
1791 1367 1878 1422 vel

280 1456 608 1517 potestatem
640 1449 919 1516 facientis,
955 1453 1091 1507 sicut
1122 1454 1197 1507 ait
1226 1456 1472 1511 Horatius
1504 1476 1517 1513 :

406 1561 610 1611 Serviet
638 1569 877 1613 aeternum
901 1568 984 1627 qui
1020 1579 1170 1628 parvo
1192 1572 1383 1619 nesciet
1408 1572 1504 1619 uti.

276 1665 396 1719 Non
429 1667 575 1721 enim
611 1677 787 1737 potest
816 1671 867 1723 in
896 1679 1155 1725 :eternum
1187 1675 1417 1738 servire,
1443 1675 1598 1743 cujus
1626 1677 1736 1743 ipsa
1766 1679 1872 1731 vita

273 1772 401 1823 quae
446 1760 617 1811 servit
644 1768 847 1812 aeterna
884 1775 1005 1814 esse
1036 1777 1141 1815 non
1193 1771 1390 1829 potest.
1439 1765 1592 1830 Quod
1625 1768 1865 1821 testimo-

1542 318 1981 382 τιιιῖεριιῑιιυε.
2024 328 2175 389 CAP.
2226 334 2336 391 XC.

297 436 445 475 nam.
478 422 721 491 Qumstio
758 434 843 480 est
884 429 1153 498 quomodo
1198 432 1394 489 dixerit
1440 447 1719 507 maternam,
1768 456 1887 494 cum
1921 444 1968 502 Δ
1995 459 2111 501 cem
2139 451 2291 519 justi,
2314 456 2533 523 speciali
2560 460 2790 528 quadam

3470 359 3575 413 706

2832 467 3096 521 sententia
3125 469 3192 525 de
3215 469 3305 526 illa
3335 474 3570 541 civitate,

1991 550 2059 589 an
2087 537 2153 593 de
2181 543 2432 598 omnibus
2460 546 2864 619 intelligendum
2893 556 2984 620 sit,
3008 560 3333 626 generaliter
3352 537 3575 632 parcere

1992 626 2157 682 Deum
2184 629 2304 685 loco
2335 633 2385 688 in
2418 652 2742 710 quocunque
2772 645 2853 699 vel
2897 647 3082 703 decem
3110 651 3241 721 justi
3264 626 3486 710 fuerint.
3518 658 3572 710 In

1986 731 2088 784 qua
2138 724 2439 788 quastione
2480 743 2587 784 non
2629 743 2709 787 est
2753 736 2971 805 quidem
3003 756 3227 798 necesse
3275 754 3332 797 ut
3376 745 3479 801 hoc
3504 750 3573 800 de

1983 808 2130 861 omni
2165 810 2282 865 laro
2321 817 2571 886 accipere
2623 827 3032 897 compellamur,
3084 844 3455 890 verumtamen
3497 840 3570 891 de

1984 896 2233 955 Sodomis
2266 908 2435 971 potuit
2456 918 2510 963 et
2532 915 2611 967 sic
2642 914 2769 981 dici,
2818 921 2940 987 quia
2969 896 3335 981 sciebatDeus
3367 929 3436 982 ibi
3462 944 3569 995 non

1981 1006 2129 1060 esse,
2155 996 2236 1051 vel
2263 1000 2475 1068 decem,
2505 1015 2560 1059 et
2584 1007 2707 1062 ideo
2736 1010 2815 1065 sic
2860 1016 3290 1083 respondebatur
3315 1021 3566 1087 Abrahm,

1982 1094 2039 1139 ut
2060 1087 2460 1157 signiﬁcaretur
2482 1111 2579 1151 nec
2613 1107 2689 1154 tot
2730 1102 2801 1156 ibi
2835 1119 2993 1172 posse
3022 1106 3275 1179 i..veniri,
3310 1113 3376 1166 ad
3407 1128 3566 1182 exag-

1978 1180 2308 1245 gerationem
2352 1184 2652 1255 iniquitatis
2697 1191 2933 1247 illorum.
2984 1194 3100 1251 Non
3150 1200 3293 1253 enim
3343 1180 3566 1257 necesse

1977 1278 2096 1322 erat
2120 1270 2229 1324 Deo
2253 1282 2357 1327 tam
2382 1278 2665 1335 sceleratis
2710 1283 3018 1341 hominibus
3046 1303 3288 1357 parcere,
3320 1305 3420 1346 nec
3440 1308 3563 1348 cum

1978 1356 2086 1411 illis
2117 1360 2340 1426 perdere
2365 1362 2565 1434 justus,
2599 1383 2720 1423 cum
2746 1376 3127 1441 posset,juSIis
3157 1356 3283 1433 inde
3299 1378 3564 1446 liberatis,

1979 1450 2207 1507 reddere
2242 1454 2415 1523 imp‘is
2437 1457 2596 1529 digna
2618 1464 2876 1532 supplicia
2895 1482 2909 1529 ;
2928 1467 3043 1534 sed,
3068 1469 3272 1535 utdixi,
3291 1470 3357 1525 ad
3380 1483 3563 1527 osten-

1975 1539 2206 1596 dendam
2269 1547 2656 1616 malignitatem
2718 1554 3077 1611 mult3tudinis
3128 1559 3270 1615 illius
3297 1560 3560 1618 dixit:Si

1976 1631 2162 1688 decem
2192 1636 2259 1690 ibi
2294 1639 2571 1708 invenero,
2603 1659 2820 1713 parcam
2863 1650 3130 1705 universa:
3165 1652 3410 1720 civitati;
3441 1665 3557 1710 tan-

1975 1738 2131 1792 quam
2157 1726 2362 1783 dicerct
2389 1749 2399 1781 :
2421 1732 2579 1788 Certe
2602 1750 2816 1802 possum
2838 1754 2934 1793 nec
2964 1741 3080 1809 pios
3095 1758 3214 1797 cum
3239 1745 3419 1813 impiis
3440 1761 3556 1814 per-

293 1809 327 1858 ’.
489 1809 522 1810 Π
605 1809 846 1870 ΗῘῘΜ-
890 1809 1141 1862 "Tim
1194 1809 1390 1865 Tui"
1445 1809 1592 1830 “mm
1626 1809 1835 1885 "ium"
1904 1809 1943 1867 Β
1975 1816 2123 1880 dNO,
2158 1835 2256 1873 nec
2318 1832 2494 1877 tamen
2546 1837 2829 1896 propterea
2880 1832 3058 1899 impiis
3112 1851 3357 1903 parcere,
3406 1840 3551 1907 quia,

273 1862 426 1900 nium
449 1862 556 1900 non
585 1848 897 1903 adluberem
930 1865 1029 1904 IIISI
1062 1850 1348 1907 locutionis
1389 1862 1553 1917 esset,
1586 1858 1869 1912 verborum
1977 1905 1989 1917 .
2019 1907 2029 1917 .
2173 1910 2181 1917 .
2538 1915 2546 1917 .

272 1944 478 2008 quippe
507 1940 581 1994 illi
612 1951 738 1994 sunt
771 1942 927 1996 nobis
957 1953 1226 2008 auctores,
1268 1959 1373 1998 non
1419 1961 1596 1998 rerum
1625 1946 1711 2000 vel
1742 1964 1870 2002 sen-

272 2032 593 2085 tentiarum.
649 2032 703 2087 Si
738 2042 911 2088 autem
944 2034 1300 2091 defenduntur
1344 2037 1637 2106 Scriptura:
1676 2053 1870 2094 secun-

272 2119 402 2173 dum
458 2120 760 2176 locutiones
810 2124 1077 2189 preprias,
1113 2140 1233 2194 quae
1292 2125 1540 2179 idiomata
1586 2140 1865 2199 vocantur,

271 2223 478 2281 quanto
505 2214 674 2280 magis
705 2216 997 2270 secundum
1026 2232 1122 2272 cas
1151 2233 1283 2287 quas
1329 2234 1451 2274 cum
1494 2222 1613 2276 aliis
1670 2222 1867 2293 linguis

271 2319 598 2359 communes
631 2306 826 2359 habent
846 2306 870 2359 7

716 2474 727 2477 τ
812 2441 1037 2499 CAPUT
1067 2446 1330 2501 LXXXV.

270 2551 539 2630 Sciebant,
574 2552 759 2630 inquit,
788 2556 926 2630 quod
953 2557 1215 2630 constituit
1264 2558 1383 2625 (iliis
1424 2574 1532 2614 suis
1559 2571 1672 2630 post
1702 2578 1757 2616 se
1775 2579 1867 2617 cu-

344 2623 547 2704 stodire
566 2624 673 2676 rias
707 2622 949 2689 Domini;
981 2643 1043 2679 ca:
1090 2628 1219 2681 libro
1265 2622 1617 2695 Quintianum
1662 2635 1727 2686 de
1765 2634 1867 2687 Ce-

346 2710 481 2746 nest.

341 2805 600 2860 Sciebam
631 2808 773 2861 enim
802 2809 923 2877 quia
974 2810 1267 2865 constituet
1306 2810 1428 2865 [iliis
1465 2814 1576 2867 suis
1603 2824 1656 2868 et
1681 2814 1862 2871 domui

271 2910 386 2950 sum
419 2907 543 2965 post
574 2910 656 2961 se,
686 2906 743 2949 ut
769 2897 1072 2952 custodiant
1103 2898 1216 2952 vias
1267 2900 1475 2954 Domini
1505 2904 1679 2958 iacere
1704 2905 1864 2974 justi-

273 2992 403 3045 tiam
429 2998 488 3043 et
509 2988 795 3057 judicium,
823 2999 881 3043 ut
934 2990 1164 3044 adducat
1218 2993 1472 3048 Dominus
1511 2995 1564 3048 in
1590 2994 1860 3053 Abraham

271 3082 457 3135 omnia
488 3096 612 3149 quae
642 3080 852 3134 locutus
884 3089 967 3134 est
992 3080 1057 3134 ad
1092 3081 1263 3135 illum.
1320 3081 1458 3137 Ecce
1488 3086 1575 3139 ubi
1604 3089 1865 3155 promittit

1974 1905 2215 1961 liberatis
2238 1919 2292 1962 et
2315 1915 2578 1981 separatis-
2624 1916 2746 1972 inde
2777 1920 2897 1986 piis,
2944 1937 3157 1989 possum
3189 1924 3367 1992 impiis
3396 1905 3553 1995 digna

1970 2002 2295 2067 rependere,
2327 2014 2383 2058 et
2406 2015 2582 2062 tamen
2610 2009 2652 2063 si
2694 2010 2763 2064 ibi
2811 2011 3168 2081 inveniantur,
3223 2032 3406 2085 parco,
3454 2022 3555 2073 hoc

1970 2104 2077 2161 est,
2112 2100 2234 2165 quia
2260 2117 2357 2156 nec
2380 2111 2458 2158 tot
2483 2105 2551 2158 ibi
2586 2118 2804 2174 possent
2830 2111 3076 2166 inveniri.
3096 2114 3226 2169 Tale
3248 2115 3447 2186 aliquid
3470 2126 3555 2172 cst

1968 2188 2105 2255 apud
2134 2190 2442 2259 Jeremiam,
2468 2196 2554 2250 ubi
2585 2198 2660 2251 ait
2693 2216 2707 2251 ε
2738 2200 2972 2258 Circuite
3002 2204 3116 2257 vias
3163 2204 3461 2262 Jerusalem
3493 2217 3551 2261 et

1966 2278 2147 2334 videte
2173 2291 2234 2336 et.
2249 2284 2472 2351 quaerite
2496 2285 2548 2339 in
2578 2288 2764 2355 plateis
2794 2290 2933 2360 ejus,
2972 2301 3026 2347 et
3054 2296 3365 2363 cognoscite
3393 2297 3439 2351 si
3470 2297 3551 2351 in-

1967 2370 2192 2427 venietis
2223 2375 2491 2431 hominem
2526 2380 2808 2437 facientem
2835 2384 3119 2453 justitiam,
3139 2399 3193 2443 et
3219 2403 3546 2458 quaerentem

1970 2460 2150 2525 fidem,
2183 2472 2236 2517 et
2265 2468 2531 2535 propitius
2547 2485 2641 2523 ero
2668 2475 2902 2541 peccatis
2927 2490 3134 2541 eorum,
3168 2479 3217 2531 id
3240 2488 3323 2533 est
3347 2497 3361 2533 :
3390 2480 3546 2535 Inve-

1969 2553 2079 2605 nite
2108 2555 2189 2609 vel
2219 2571 2405 2624 unum,
2436 2570 2488 2614 et
2519 2576 2681 2628 parco
2716 2567 2947 2630 caeteris,
3001 2568 3067 2622 ad
3114 2573 3544 2640 exaggerandum

1965 2654 2021 2699 et
2056 2646 2528 2707 demonstrandum
2566 2656 2709 2724 quod
2751 2672 2852 2714 nec
2888 2674 3026 2715 unus
3065 2660 3137 2716 ibi
3170 2673 3351 2732 posset
3394 2665 3545 2721 inve-

1967 2752 2089 2791 1111³1.

2449 2854 2674 2913 CAI'UT
2710 2858 3047 2916 LXXXVIII.

1966 2938 2045 2993 De
2093 2939 2225 2995 Loth
2276 2946 2412 3012 ﬁlias
2470 2952 2646 3003 animo
2696 2954 2894 3007 turbato
2924 2956 3115 3011 civibus
3161 2958 3442 3029 oﬂ'erente;
3481 2977 3543 3017 ea:

2564 3021 2743 3075 eodem
2786 3023 2936 3077 libro.

2564 3037 2743 3075 eoacm
2786 3037 2936 3078 noro.

2037 3101 2189 3169 Quod
2242 3104 2318 3158 ait
2357 3107 2649 3165 Sodomitis
2699 3112 2872 3167 Loth:
2906 3114 3043 3172 Sunt
3094 3119 3540 3187 mibiduteiilize,

274 3174 543 3227 Dominus
569 3170 799 3225 Abrahze
826 3188 932 3225 non
964 3173 1138 3227 solum
1160 3174 1396 3242 praemia,
1422 3176 1516 3231 sed
1543 3179 1701 3233 etiam
1729 3181 1859 3235 obe-
1887 3173 1937 3238 C
1968 3206 2087 3260 quae
2113 3196 2348 3251 nondum
2377 3212 2640 3257 noverunt
2671 3204 2845 3272 viros;
2872 3207 3157 3276 producam
3188 3210 3303 3267 illas
3327 3213 3394 3268 ad
3422 3228 3542 3284 vos,

280 3265 534 3284 J:-_.--_a_
579 3262 790 3284 2---.ειξ..
827 3261 1050 3284 η”2----..Α
1109 3264 1217 3284 Αεμ--
1301 3276 1351 3284 --ι
1400 3268 1452 3284 ,0,
1481 3282 1520 3284 μ,
1735 3273 1765 3284 ,ο
2030 3283 2037 3284 ,

272 3265 539 3319 dientiam
571 3262 793 3330 justitize
826 3261 1053 3317 ﬁ‘iorum
1104 3264 1240 3333 ejus,
1300 3276 1357 3319 ut
1390 3268 1529 3322 circa
1571 3284 1664 3325 cos
1696 3273 1856 3327 etiam

277 3356 503 3425 praemia
537 3353 801 3424 promissa
832 3354 1222 3423 compleantur.

792 3489 1016 3547 CAPUT
1057 3492 1340 3550 LXXXVI.

272 3600 608 3657 Descendens
634 3602 809 3655 ridtbo
856 3605 903 3656 si
946 3606 1221 3658 secundum
1268 3609 1541 3664 clamorem
1587 3614 1861 3667 venientem

343 3676 411 3726 ad
442 3688 525 3726 me
549 3686 867 3726 consumatur
891 3690 908 3738 ;
940 3678 982 3727 si
1010 3689 1179 3729 autem
1210 3695 1331 3744 non,
1379 3690 1430 3732 ut
1477 3684 1670 3748 sciam;
1696 3701 1757 3737 ex
1782 3702 1863 3738 eo-

344 3747 463 3795 dem
496 3743 647 3795 libro.
1322 3743 1326 3744 ί
1436 3767 1449 3773 “

346 3857 695 3912 Descendens
723 3872 852 3926 ergo
897 3858 1086 3913 videbo
1134 3860 1178 3914 si
1224 3863 1518 3917 secundum
1566 3865 1858 3921 clamorem

272 3955 516 4019 ipsorum
548 3954 848 4008 venientem
881 3957 945 4007 ad
999 3972 1105 4020 me,
1138 3972 1554 4026 consumantur;
1600 3964 1644 4017 si
1676 3972 1856 4020 autem

272 4062 405 4113 non,
438 4056 495 4100 ut
539 4048 727 4101 sciam.
785 4047 954 4101 Verba
1008 4050 1119 4104 lucc
1172 4051 1218 4104 si
1274 4067 1379 4107 non
1413 4055 1703 4110 dubitantis
1730 4059 1856 4126 quid

270 4138 500 4191 duorum
530 4137 705 4206 potius
734 4147 1049 4192 eventurum
1099 4142 1191 4203 sit,
1246 4143 1339 4197 sed
1372 4145 1649 4201 irascentis
1677 4156 1730 4202 et
1758 4151 1855 4203 mi-

269 4231 477 4294 nantis,
527 4229 880 4298 accipiamus,
915 4231 1059 4284 nulla
1089 4233 1314 4301 qurestio
1344 4244 1450 4289 est.
1485 4237 1629 4292 Mure
1657 4241 1854 4310 quippe

270 4319 515 4372 humano
546 4318 685 4372 Deus
715 4318 768 4372 in
817 4319 1114 4387 Scripturis
1140 4322 1205 4376 ad
1247 4322 1493 4380 homines
1528 4327 1776 4396 loquitur,
1800 4340 1854 4385 et

269 4409 393 4477 ejus
434 4410 567 4462 iram
612 4418 878 4465 noverunt
928 4412 1044 4464 sine
1081 4414 1483 4481 perturbatione
1512 4418 1628 4486 ejus
1660 4422 1851 4476 intelli-

266 4514 403 4569 gere
418 4499 507 4569 qui
536 4511 824 4554 noverunt.
859 4502 1105 4557 Solemus
1141 4516 1321 4561 autem
1353 4510 1511 4562 etiam
1535 4512 1615 4566 sic
1640 4514 1849 4569 minan-

268 4598 363 4641 tcr
394 4588 569 4657 loqui:
604 4589 887 4645 Videamus
915 4594 961 4647 si
993 4608 1097 4648 non
1132 4596 1225 4649 tibi
1260 4597 1414 4661 facio.
1443 4608 1536 4652 aut
1570 4602 1851 4659 Videamus

265 4681 313 4737 si
359 4696 461 4734 non
499 4682 572 4735 illi
604 4682 810 4749 fecero,
843 4696 895 4738 et
926 4687 967 4739 si
1003 4701 1109 4740 non
1143 4698 1369 4755 potuero
1402 4692 1493 4745 tibi
1525 4691 1721 4759 facere,
1770 4697 1853 4751 vel

264 4773 465 4838 sciam,
499 4774 547 4827 id
575 4786 676 4840 est,
708 4776 810 4829 hoc
839 4776 1015 4845 ipsum
1067 4781 1361 4848 experihor
1399 4797 1574 4838 utrum
1603 4802 1709 4840 non
1733 4802 1854 4857 pos-

262 4866 398 4920 sim.
432 4866 581 4932 Quod
604 4883 722 4921 cnm
756 4870 1028 4938 minando,
1054 4888 1157 4927 non
1183 4876 1474 4944 ignorando
1500 4878 1709 4945 d;citor,
1735 4882 1852 4937 irati

261 4967 492 5022 apparet
521 4955 765 5022 affectus,
790 4960 882 5012 sed
910 4964 1240 5028 perturbatio
1276 4982 1380 5021 non
1412 4970 1555 5023 cadit
1580 4971 1630 5025 in
1660 4972 1847 5028 Deum.

261 5044 382 5099 Mos
412 5054 587 5099 autem
620 5049 865 5103 humana
899 5052 1180 5110 locutionis
1217 5068 1270 5110 et
1312 5060 1537 5115 usitatus
1559 5073 1640 5115 est
1672 5074 1724 5118 nt
1752 5066 1851 5119 bu—

261 5151 443 5188 niana:
464 5136 758 5192 inﬁrmitati
778 5144 1020 5211 congruit
1038 5144 1359 5219 [congruat],
1376 5154 1457 5204 cui
1479 5154 1618 5207 Deus
1635 5164 1848 5225 coaptat

261 5226 590 5282 locutionem
619 5244 794 5285 suam.

768 5360 996 5419 CAPUT
1047 5366 1354 5424 LXXXVII.

262 5468 387 5522 Non
430 5472 677 5539 perdam,
719 5474 762 5527 si
809 5475 1053 5599 invenem)
1082 5479 1253 5533 decen.
1299 5494 1506 5552 justas;
1548 5494 1626 5540 ‘ex
1672 5491 1847 5545 eodem

1006 5565 1019 5599 i
1058 5566 1135 5599 ΤΟ.

1006 5565 1135 5601 1010.

331 5634 509 5697 Quaeri
540 5636 680 5689 solet
729 5648 903 5691 utrum
952 5644 1093 5708 quod
1141 5640 1207 5695 de
1244 5641 1489 5699 Sodomis
1517 5647 1650 5702 dixit
1682 5649 1841 5719 Deus,

260 5738 365 5779 non
388 5742 446 5782 sc
479 5729 707 5798 perdere
740 5729 937 5795 locum,
988 5734 1030 5785 si
1066 5733 1435 5790 inven‘rentur
1483 5739 1589 5793 illic
1637 5743 1718 5796 vel
1750 5746 1844 5799 de-

1966 3283 2175 3339 utimini
2207 3287 2317 3343 illis
2341 3292 2611 3360 quomodo
2633 3296 2785 3352 vobis
2804 3298 3085 3367 placuerit,
3108 3312 3308 3359 tantum
3330 3306 3383 3360 in
3400 3283 3542 3363 viros
3574 3354 3580 3359 .

1964 3373 2097 3430 istos
2126 3392 2193 3432 ne
2216 3379 2422 3438 faciatis
2449 3385 2709 3455 iniquum.
2734 3389 2998 3455 Quoniam
3030 3397 3352 3464 prostituere
3398 3400 3543 3456 vole-

1966 3466 2220 3525 batiilias
2250 3486 2374 3528 suas
2402 3474 2503 3529 hac
2551 3482 3016 3551 compensatione,
3064 3493 3121 3539 ut
3160 3488 3258 3541 viri
3307 3488 3543 3558 hospites

1967 3559 2087 3628 ejus
2120 3560 2251 3617 nihil
2282 3579 2311 3618 a
2335 3566 2626 3623 Sodomitis
2656 3571 2760 3625 tale
2793 3582 3125 3642 paterentur,
3153 3589 3328 3633 utrum
3353 3583 3541 3649 admit—

1970 3652 2125 3707 tenda
2177 3655 2247 3709 sit
2304 3661 2676 3729 compensatio
2724 3662 3044 3734 ﬂagitiorum
3084 3669 3167 3722 vel
3211 3683 3543 3738 quorumque

1967 3754 2331 3813 peccatorum,
2364 3757 2422 3802 ut
2442 3764 2543 3804 nos
2572 3750 2830 3808 iaciamus
2860 3756 2984 3810 mali
3032 3758 3246 3827 aliquid,
3300 3775 3368 3815 ne
3406 3762 3540 3816 alios

1932 3828 1937 3833 ’
1965 3838 2180 3905 gravius
2210 3840 2408 3896 malum
2437 3841 2629 3908 faciat;
2670 3860 2737 3899 an
2770 3848 2946 3915 potius
2992 3850 3381 3919 perturbationi
3403 3851 3539 3908 Loth

1966 3943 2071 3983 non
2099 3933 2323 3986 consilio
2351 3933 2691 3991 tribuendum
2721 3938 2812 4004 sit,
2844 3940 2967 4007 quia
2999 3939 3100 3995 hoc
3141 3940 3305 4006 dixit,
3347 3945 3539 3998 merito

1962 4019 2220 4088 qumritur
2252 4031 2342 4077 :et
2372 4022 2624 4078 nimirum
2652 4028 3102 4095 periculosissime
3136 4031 3398 4086 amittitur
3425 4032 3538 4088 ιιωο

1962 4112 2353 4178 compensatio.
2398 4114 2453 4170 Si
2502 4126 2681 4172 autem
2725 4119 3109 4187 perturbationi
3157 4121 3403 4178 humanae
3446 4126 3536 4179 tri-

1962 4200 2164 4265 buitur,
2222 4213 2273 4256 et
2317 4206 2480 4260 menti
2525 4216 2671 4261 tanto
2700 4208 2840 4264 malo
2867 4221 3144 4280 permota,
3196 4213 3344 4270 nullo
3374 4216 3535 4271 modo

1962 4292 2214 4348 imitanda
2240 4304 2341 4350 est.

2470 4439 2694 4498 CAPUT
2736 4443 3021 4499 LXXXIX.

1880 4550 1931 4610 D
1960 4552 2109 4620 Quod
2138 4555 2210 4608 ait
2232 4554 2370 4609 Deus
2399 4557 2469 4632 ad
2491 4558 2776 4611 Abimelcch
2803 4574 2824 4632 ξ
2854 4558 3065 4629 Peperci
3091 4560 3183 4614 tibi
3209 4578 3273 4615 ne
3298 4578 3533 4632 peccares

2423 4629 2477 4680 in
2500 4645 2610 4693 mc;
2640 4645 2703 4682 ea:
2730 4631 3071 4685 eodemlibro.

2031 4714 2180 4782 Quod
2204 4716 2281 4769 ait
2313 4716 2450 4771 Deus
2480 4717 2546 4772 ad
2595 4719 2903 4775 Abimelech
2954 4736 2987 4791 p
3017 4731 3171 4791 opter
3211 4725 3394 4780 Saram
3426 4743 3441 4780 :
3472 4727 3533 4784 Et

1960 4808 2171 4874 peperci
2198 4807 2292 4861 tibi
2324 4818 2379 4862 ut
2408 4824 2513 4863 non
2557 4825 2803 4879 peccares
2830 4811 2882 4865 in
2919 4829 3025 4879 me,
3057 4816 3269 4883 quando
3292 4832 3411 4872 eum
3442 4822 3534 4873 ad.

1959 4897 2164 4951 monuit
2193 4914 2411 4953 uxorem
2461 4900 2728 4956 Abraham
2778 4919 2899 4959 esse
2936 4920 3092 4974 quam
3125 4908 3343 4975 putabat
3383 4926 3533 4967 soro-

1959 5003 2094 5053 rem,
2122 4988 2502 5045 advertendum
2531 5004 2611 5047 est
2638 5005 2689 5047 et
2718 4998 3007 5050 notandum
3048 5000 3102 5053 in
3137 4999 3300 5055 Deum
3326 5004 3531 5070 peccari

1952 5080 2163 5145 quando
2196 5081 2316 5134 talia
2350 5083 2757 5145 committuntur
2780 5102 2898 5155 qua:
2925 5097 3113 5156 putant
3132 5091 3373 5146 homines
3399 5093 3529 5146 levi-

1954 5176 2037 5221 ter
2067 5171 2331 5237 habenda,
2363 5182 2610 5241 tanquam
2643 5175 2695 5228 in
2719 5191 2881 5231 carne
2903 5189 3140 5248 peccata.
3167 5181 3317 5246 Quod
3347 5191 3525 5235 autem

1951 5260 2086 5314 dixit
2115 5262 2163 5314 ei
2190 5280 2202 5314 :
2239 5263 2374 5317 Ecce
2403 5272 2457 5318 tu
2498 5266 2763 5333 morieris,
2802 5270 2960 5323 etiam
2994 5272 3095 5326 hoc
3127 5270 3416 5324 notandum
3445 5281 3523 5324 est

1951 5356 2219 5422 quomodo
2240 5355 2384 5409 dicat
2414 5358 2573 5425 Deus,
2601 5369 2850 5428 tanquam
2888 5362 3179 5430 prmdicens
3219 5362 3335 5416 sine
3365 5361 3521 5415 dubin

1952 5445 2187 5499 futurum
2214 5447 2355 5513 quod
2404 5447 2740 5504 admonendo
2787 5450 2938 5514 dicit,
2972 5462 3027 5504 ut
3054 5465 3084 5503 a
3115 5458 3332 5518 peccato
3359 5451 3518 5504 absti-

1951 5536 2129 5590 nendo
2154 5547 2425 5591 caveatur.

2554 5651 2780 5706 CAPUT
2811 5653 2919 5707 XC.

1950 5755 2178 5810 Tentavit
2214 5757 2352 5813 Deus
2392 5760 2665 5829 Abraham,
2694 5765 2947 5831 quomodo
2988 5780 3086 5818 non
3121 5766 3184 5821 sit
3210 5772 3515 5821 contrarium
