3974 6184
461 257 564 315 707

1508 252 1569 305 D.
1608 248 1923 307 EUCYI’PII
1954 247 2246 304 ABBATIS
2271 246 2586 302 AFRICANI

3604 256 3704 309 708

528 370 724 426 Iacobo
766 370 989 424 dicente:
1029 368 1166 421 Deus
1215 369 1460 421 nemiuem
1513 376 1702 431 tcutat;
1750 383 1814 420 ex
1857 368 2033 421 eodem
2063 368 2112 427 Α
2138 367 2371 434 quaestio
2410 377 2515 421 est.
2548 366 2627 419 Eo
2659 380 2888 434 namque
2934 366 3167 433 pertinet
3193 366 3333 434 quod
3357 365 3599 423 dicuntur
3621 387 3707 437 qui

535 444 685 497 libro.

537 553 603 607 Et
630 553 845 606 tentavit
874 552 1015 605 Deus
1039 549 1332 603 Abraham.
1364 520 1540 615 ρυεῖτῖ
1588 550 1728 605 solet
1775 550 2042 618 quomodo

443 641 565 696 hoc
598 657 781 695 verum
813 641 883 694 sit
904 683 918 705 ,
948 656 1067 693 cum
1096 640 1241 694 dicat
1270 641 1322 694 in
1369 640 1605 708 Epistula
1637 656 1729 695 sua
1761 639 1997 695 Jacobus
2023 683 2037 705 ,

462 732 599 801 quod
627 732 765 784 Deus
791 733 1056 785 nemiuem
1090 740 1277 798 tentet,
1313 731 1413 785 nisi
1440 731 1562 800 quia
1594 732 1865 785 locutione
1894 732 2042 786 Scri-

462 834 740 892 pturarum
768 822 908 877 solet
934 822 1038 877 dici
1063 863 1077 887 ,
1112 832 1304 890 tentat,
1337 838 1434 892 pro
1458 839 1523 878 eo
1549 824 1689 892 quod
1719 834 1801 879 est
1828 825 2038 893 probat.

461 913 709 969 Tentatio
740 928 868 969 vero
898 913 989 968 illa
1019 913 1087 968 de
1115 929 1216 982 qua
1264 914 1496 969 Jacobus
1526 915 1676 980 dicit,
1707 930 1812 968 nou
1845 915 2045 969 intelli-

446 1007 626 1073 gitur,
672 1002 773 1056 nisi
823 1000 943 1073 quia
992 1003 1219 1071 quisque
1260 1012 1479 1072 peccato
1530 1004 1847 1072 implicatur.
1894 1004 2042 1058 Unde

460 1093 757 1161 Apostolus
785 1092 914 1146 dicit
945 1109 958 1145 :
984 1092 1061 1146 Ne
1081 1092 1217 1147 forte
1245 1093 1528 1148 tentavcrit
1554 1108 1649 1147 vos
1673 1094 1715 1147 is
1742 1094 1830 1162 qui
1854 1102 2040 1147 tentet.

464 1187 599 1241 Nam
648 1196 703 1242 et
742 1185 870 1241 alibi
914 1187 1173 1253 scriptum
1231 1195 1352 1240 est:
1390 1168 1589 1239 Tentat
1634 1200 1728 1239 vos
1784 1185 2043 1238 Dominus

466 1278 607 1333 Deus
650 1288 845 1343 vester,
889 1286 947 1331 ut
988 1278 1122 1331 sciat
1166 1277 1210 1331 si
1250 1276 1474 1345 diligitis
1520 1291 1688 1341 eum;
1727 1277 1887 1330 etiam
1944 1277 2045 1330 hoc

446 1384 658 1442 genere
686 1368 969 1424 locutionis
1019 1376 1076 1421 ut
1123 1366 1290 1431 sciat,
1321 1366 1522 1419 dictum
1553 1377 1632 1420 est
1656 1406 1673 1431 ,
1705 1380 1767 1419 ac
1810 1365 1857 1419 si
1900 1366 2044 1420 dice-

465 1473 633 1527 retur,
686 1471 743 1516 ut
782 1462 921 1515 scire
949 1476 1041 1514 vos
1072 1459 1263 1523 iaciat,
1292 1457 1542 1527 quoniam
1571 1458 1714 1512 vires
1742 1456 2045 1511 dilectionis

463 1568 574 1608 sum
606 1552 873 1607 hominem
904 1551 1071 1605 latent
1095 1591 1111 1616 ,
1140 1550 1239 1604 nisi
1271 1549 1455 1604 divino
1484 1549 1853 1617 experimento
1882 1548 2042 1603 etiam

445 1647 636 1700 eidem
668 1646 1022 1701 innotescant.

1064 1772 1290 1829 CAPUT
1319 1774 1452 1828 XCI.

466 1910 570 1981 52
601 1908 673 1961 De
700 1908 854 1981 simili
883 1907 1136 1981 locutione
1165 1923 1267 1975 qua
1296 1908 1487 1981 dictum
1515 1916 1629 1981 est:
1654 1905 1877 1979 δοθειουὶ
1907 1908 2046 1975 quod

819 1978 993 2029 timeas
1019 1976 1179 2028 Deum
1205 1992 1224 2041 ;
1252 1993 1312 2029 ex
1340 1979 1515 2030 eodem
1539 1977 1688 2031 l-bro.

535 2087 649 2145 Vox
677 2087 850 2157 angeti
873 2087 941 2142 de
970 2088 1107 2142 coelo
1134 2087 1198 2141 ad
1238 2087 1505 2142 Abraham
1533 2107 1545 2141 :
1582 2089 1657 2143 Ne
1690 2089 1896 2159 injicias
1929 2106 2045 2143 ma-

470 2192 568 2233 nus
603 2178 654 2232 in
694 2194 955 2247 puerum,
1007 2193 1179 2245 neque
1214 2177 1376 2233 facias
1417 2179 1465 2233 ei
1515 2180 1801 2250 quidquam
1829 2222 1845 2247 ,
1888 2182 2047 2235 modo

470 2274 609 2326 enim
657 2270 879 2342 cognovi
931 2272 1182 2340 quoniam
1217 2272 1405 2326 timeas
1435 2273 1599 2328 Deum
1632 2283 1705 2328 tu.
1738 2275 1910 2329 Etiam
1948 2276 2046 2329 ista

476 2365 703 2434 quaestio
730 2365 890 2420 simili
918 2364 1187 2421 locutione
1206 2365 1451 2419 solvitur.
1469 2367 1581 2420 lluc
1599 2375 1676 2421 cst
1691 2366 1831 2421 enim
1851 2385 1865 2419 ε
1898 2367 2048 2420 Nunc

470 2458 690 2528 cognovi
735 2458 985 2527 quoniam
1017 2459 1203 2513 timeas
1249 2459 1415 2512 Deum
1460 2458 1716 2531 tu;quod
1742 2459 2045 2529 signiﬁcat:

470 2550 617 2604 Nunc
662 2557 713 2604 te
759 2548 858 2604 feci
892 2564 1243 2620 cognoscere.
1288 2549 1350 2603 In
1388 2550 1839 2620 consequentibus
1870 2559 2047 2605 autem

471 2641 573 2694 hoc
617 2656 783 2711 genus
827 2641 1113 2695 locutionis
1173 2640 1474 2695 evidentius
1518 2640 1835 2713 [evidenter]
1882 2659 2048 2712 appa-

469 2744 547 2787 ret
576 2734 664 2787 ubi
693 2733 923 2788 dicitur:
961 2733 1028 2787 Et
1058 2734 1269 2789 vocavit
1294 2734 1561 2788 Abraham
1597 2750 1791 2789 nomen
1833 2736 1933 2789 loci
1980 2736 2047 2789 il-

469 2824 570 2877 lius
602 2823 854 2878 Dominus
882 2823 1046 2890 vidit,
1078 2832 1135 2877 ut
1155 2822 1361 2878 dicatur
1390 2824 1547 2878 hodie
1576 2825 1629 2878 in
1660 2834 1840 2879 monte
1865 2826 2047 2880 Domi-

470 2928 567 2967 nus
590 2915 866 2983 apparuit:
899 2913 1065 2977 vidit,
1092 2928 1193 2983 pro
1220 2929 1285 2968 eo
1317 2915 1456 2983 quod
1486 2925 1566 2969 est
1593 2956 1607 2979 ,
1631 2918 1907 2984 apparuit,
1942 2915 2045 2968 hoc

468 3019 573 3073 est,
604 3007 735 3062 vidit
760 3022 858 3077 pro
878 3022 948 3062 eo
969 3010 1108 3077 quod
1138 3014 1221 3063 est
1251 3008 1415 3061 videri
1446 3006 1590 3073 fecit,
1621 3008 1926 3078 signiﬁcans
1954 3026 2047 3079 per

468 3100 796 3207 elﬁcientem
819 3103 958 3172 quod
987 3101 1241 3170 efﬁcitur,
1270 3104 1408 3158 sicut
1434 3104 1599 3175 frigus
1631 3104 1875 3173 pigrum,
1903 3106 2043 3173 quod
2071 3119 2117 3181 ο
2156 3137 2306 3205 Quod
2342 3138 2504 3192 λίποι)
2550 3139 2774 3207 lapidem
2814 3139 3056 3193 mum”

472 3192 650 3262 pigros
678 3190 822 3247 facit.

1058 3306 1284 3362 CAPUT
1315 3306 1468 3361 XCI].

472 3409 550 3475 De
563 3419 825 3491 juratione
850 3419 977 3471 servi
1003 3417 1396 3541 Abi'ahieguper
1420 3417 1586 3486 femur
1606 3418 1716 3487 ejus
1736 3435 1757 3482 ί
1786 3433 1850 3470 ea:
1878 3419 2049 3472 eodem

1192 3505 1206 3539 ι
1269 3504 1320 3541 ο.

1192 3504 1320 3541 ιονο.

540 3602 690 3671 Quod
735 3602 1001 3656 Abraham
1029 3599 1179 3669 jubet
1208 3613 1373 3668 puero
1399 3613 1498 3652 suo
1524 3639 1540 3665 ,
1575 3608 1630 3652 ut
1660 3614 1875 3653 manum
1897 3615 2048 3655 suam

472 3706 631 3765 ponat
660 3709 822 3763 super
847 3692 960 3761 eius
994 3693 1196 3746 femore
1217 3732 1231 3756 ,
1262 3701 1314 3743 et
1338 3689 1417 3743 sic
1442 3705 1563 3744 eum
1596 3690 1804 3759 adjurat
1834 3707 1928 3758 per
1955 3692 2051 3745 do-

472 3787 671 3840 minum
701 3785 863 3840 Deum
893 3784 1013 3839 cceii
1036 3791 1091 3837 et
1117 3782 1397 3836 Dominum
1419 3789 1601 3845 terrae,
1617 3782 1753 3835 solet
1776 3782 2051 3850 imperitus

472 3895 718 3945 movere;
745 3894 849 3933 non
891 3878 1228 3932 attendentes
1277 3891 1522 3945 magnam
1548 3876 1714 3944 ipsam
1742 3876 1808 3929 de
1839 3875 2051 3930 Christo

472 3973 739 4044 [magnam
763 3970 829 4025 de
859 3967 1094 4039 Christo]
1121 3970 1388 4023 extitisse
1416 3967 1775 4036 prophetiam,
1806 3967 1946 4035 quod
1975 3968 2052 4034 ip-

473 4079 534 4118 se
565 4061 818 4116 Dominus
846 4060 987 4113 Dt-us
1012 4060 1130 4113 caeli
1159 4068 1212 4113 et
1245 4059 1499 4113 Dominus
1522 4067 1680 4112 terra:
1712 4057 1762 4110 in
1794 4071 1855 4109 ea
1888 4060 2051 4110 carne

472 4166 725 4210 venturus
751 4163 893 4210 esset
913 4195 930 4221 ,
962 4169 1079 4222 qua)
1100 4154 1167 4207 de
1198 4152 1288 4207 illo
1319 4151 1522 4206 femore
1545 4194 1560 4219 ,
1592 4160 1881 4220 pr0pagata
1909 4158 2014 4204 est.

1030 4286 1258 4341 CAPUT
1295 4286 1474 4341 XCIII.

476 4427 624 4495 Quod
646 4424 886 4490 differant
913 4421 1271 4495 auguratioues
1294 4420 1487 4495 illicita:
1515 4420 1574 4495 ab
1601 4422 1692 4472 illa
1716 4421 1954 4488 petitione

2142 459 2244 512 hcc
2280 474 2385 513 non
2438 470 2585 513 recte
2628 458 2829 513 faciunt
2861 468 3065 513 tentare
3095 458 3401 513 Dominum.
3436 461 3561 514 Nam
3604 463 3709 530 ipse

2143 551 2398 605 Dominus
2426 566 2546 604 eum
2592 567 2624 604 a
2665 552 2881 605 diabolo
2909 561 3222 616 tentaretur,
3257 556 3616 607 testimonium
3650 556 3713 610 de

2141 641 2437 709 Scripturis
2469 642 2751 697 adhibuit:
2800 642 2917 695 Non
2961 642 3188 695 tentabis
3228 642 3510 695 Demittunt
3558 645 3714 698 Deum

2143 739 2311 785 tuum.
2361 732 2757 800 Suggerebatur
2781 732 2922 787 enim
2970 741 3222 800 tanquam
3253 732 3452 787 homini
3485 743 3541 787 ut
3570 737 3717 803 signo

2142 822 2321 891 aliquo
2351 823 2654 889 exploraret
2682 823 2795 891 ipse
2811 830 2831 889 ‘,'
2862 833 3094 892 quantus
3115 835 3259 879 esset
3285 866 3299 888 ,
3334 825 3385 880 id
3412 836 3533 891 est,
3565 843 3717 897 quam

2144 915 2369 968 multum
2406 914 2543 982 apud
2574 915 2737 969 Deum
2764 924 2981 983 posset,
3031 916 3171 984 quod
3201 916 3391 973 vitiose
3420 918 3477 972 lit
3494 935 3615 973 cum
3647 922 3717 975 Iit.

2144 1005 2225 1057 Ab
2256 1005 2356 1058 hoc
2377 1015 2555 1059 autem
2579 1004 2899 1063 discernitur
2936 1005 3076 1073 quod
3105 1004 3327 1061 Gedetn
3371 1008 3497 1062 iecit
3534 1023 3721 1076 pagane

2143 1094 2457 1149 imminente
2491 1095 2765 1164 periculo,
2812 1095 3135 1150 consultatio
3184 1097 3383 1166 quippe
3428 1097 3514 1151 illa
3562 1099 3724 1167 magis

2144 1204 2302 1257 quam
2346 1190 2566 1243 tentatio
2599 1188 2692 1243 Dei
2726 1188 2847 1246 fuit.
2873 1188 3023 1244 Unde
3053 1199 3107 1241 et
3139 1188 3317 1242 Acbaz
3365 1190 3502 1257 apud
3535 1189 3722 1243 Isaiam

2144 1282 2293 1334 timet
2340 1281 2549 1350 signum
2583 1291 2767 1349 petere
2788 1321 2804 1343 ,
2846 1296 2917 1334 ne
2959 1280 3242 1335 Dominum
3275 1279 3489 1353 [Deum]
3522 1289 3727 1334 tentare

2145 1373 2386 1426 videatur
2405 1414 2418 1437 ,
2452 1387 2572 1426 cum
2616 1373 2716 1428 hoc
2741 1387 2863 1427 eum
2892 1372 3147 1427 Dominus
3174 1372 3463 1425 admoneat
3485 1386 3581 1440 per
3612 1385 3728 1438 pro-

2145 1464 2359 1533 phetam
2383 1505 2397 1527 ,
2441 1465 2646 1526 credo.
2690 1465 3003 1520 existimans
3033 1463 3172 1534 quod
3219 1462 3287 1515 ab
3313 1462 3426 1531 ipso
3465 1462 3722 1531 propheta

2146 1557 2513 1625 cxpltirareiur
2542 1566 2716 1609 utrum
2743 1555 2996 1624 prmcepti
3026 1570 3232 1608 memor
3256 1562 3397 1607 esset
3424 1595 3439 1617 ,
3488 1568 3595 1620 quo
3621 1562 3728 1605 ten-

2148 1657 2260 1702 tare
2294 1648 2334 1700 D
2360 1649 2573 1701 zlllimtttl
2607 1647 2916 1716 prohibetur
2939 1645 3129 1719 [Deum
3158 1641 3545 1716 prohibemur].

2716 1780 2948 1836 CAPUT
2983 1780 3163 1834 XCIV.

2152 1915 2227 1969 De
2252 1932 2309 1968 eo
2339 1915 2475 1985 quod
2502 1914 2570 1967 ait
2600 1913 2760 1967 Iacob
2787 1929 2803 1965 :
2833 1912 2950 1964 Non
2977 1922 3047 1963 est
3077 1911 3159 1962 hic
3188 1911 3286 1963 nisi
3310 1910 3490 1963 domus
3519 1910 3613 1963 Dei
3634 1927 3654 1977 ;
3673 1927 3728 1965 ex

2759 1986 2934 2033 eodem
2980 1984 3130 2033 libro.

2759 1986 2934 2037 eodem
2980 1984 3130 2035 libro.

2224 2124 2287 2177 Et
2314 2121 2550 2176 surrexit
2575 2119 2739 2174 Jactib
2760 2119 2825 2173 de
2852 2133 3040 2172 somno
3071 2133 3190 2181 suo,
3224 2126 3278 2169 ct
3307 2116 3465 2169 dixit:
3488 2115 3627 2183 Quia
3656 2124 3731 2169 est

2152 2213 2408 2267 Dominus
2437 2213 2487 2265 in
2513 2213 2628 2265 loco
2659 2212 2758 2264 hoc
2780 2253 2794 2275 ,
2828 2226 2923 2279 ego
2961 2220 3139 2262 autem
3169 2208 3471 2262 nesciebam
3501 2224 3515 2273 ;
3570 2216 3630 2261 et
3673 2210 3731 2261 ti-

2150 2306 2283 2358 muit
2312 2316 2364 2358 et
2418 2305 2580 2357 dixit:
2615 2304 2783 2370 Quam
2835 2302 3091 2356 terribilis
3145 2300 3293 2354 locus
3334 2300 3448 2364 hic;
3479 2300 3579 2352 hoc
3606 2297 3731 2371 [hic]

2150 2415 2256 2472 non
2282 2407 2365 2452 est
2404 2399 2502 2451 nisi
2528 2398 2718 2449 domus
2748 2396 2837 2448 Dei
2866 2439 2879 2461 ,
2926 2403 2981 2448 et
3012 2396 3125 2447 haec
3156 2405 3303 2462 porta
3333 2400 3416 2446 est
3435 2394 3574 2447 caeli.
3614 2392 3730 2446 ιιςιιε

2148 2490 2309 2543 verba
2347 2490 2411 2541 ad
2465 2487 2797 2556 pr0pbetiam
2859 2486 3169 2553 pertinent,
3226 2485 3349 2554 quia
3396 2483 3464 2537 ibi
3498 2485 3729 2537 futurum

2149 2592 2265 2634 erat
2314 2579 2715 2633 tabernaculum
2748 2580 2887 2647 quod
2933 2577 3211 2631 constituit
3263 2577 3397 2630 Deus
3428 2572 3730 2647 [Dominus]

2148 2672 2199 2725 in
2230 2671 2535 2725 hominibus
2577 2672 2628 2723 in
2682 2671 2852 2737 primo
2876 2669 3070 2738 populo
3100 2683 3215 2721 suo.
3245 2667 3461 2720 Portam
3491 2667 3617 2722 ρωΙὶ
3646 2684 3728 2717 an.

2149 2771 2255 2816 tem
2284 2763 2360 2816 sic
2388 2761 2686 2829 intelligere
2713 2758 2997 2821 debemus,
3033 2766 3282 2824 tanquam
3308 2755 3433 2810 inde
3450 2758 3540 2808 liat
3559 2758 3730 2809 aditus

2149 2853 2522 2919 credentibus,
2553 2852 2618 2906 ad
2645 2850 3031 2920 capessendum
3058 2864 3278 2917 regnum
3309 2848 3589 2903 calorum.

2740 3008 2965 3064 CAFUT
2988 3006 3145 3063 XCV.

3085 3140 3304 3210 perfudit
3328 3141 3435 3193 oleo
3461 3180 3476 3201 ,
3507 3156 3607 3192 non
3639 3141 3729 3192 ali-

2267 3211 2391 3279 quid
2417 3210 2720 3263 idololatria:
2743 3210 2908 3263 simile
2933 3213 3109 3280 fecisse
3135 3227 3150 3275 ;
3182 3228 3243 3264 ea:
3266 3213 3442 3264 eodem
3468 3212 3625 3265 libro.

2223 3353 2372 3419 Quod
2404 3354 2589 3408 statuit
2616 3353 2843 3420 lapidem
2873 3351 3039 3407 Jacoh
3062 3368 3218 3421 quem
3247 3353 3347 3405 sibi
3370 3352 3434 3406 ad
3453 3360 3613 3420 caput
3643 3366 3729 3418 ro-

2152 3456 2371 3512 surrat,
2413 3455 2465 3499 et
2506 3445 2784 3499 constituit
2822 3460 2943 3498 eum
2987 3445 3194 3497 titulum
3220 3456 3269 3497 et
3297 3444 3526 3511 perfudit
3578 3446 3728 3498 illum

2152 3539 2293 3601 oleo,
2319 3552 2422 3590 non
2453 3536 2650 3609 aliquid
2682 3535 2995 3589 idololatria:
3018 3536 3191 3589 simile
3218 3534 3360 3589 fecit.
3390 3535 3500 3588 Non
3542 3536 3721 3596 enim,

2153 3629 2233 3681 vel
2269 3640 2423 3691 tunc,
2458 3629 2540 3681 vel
2572 3637 2755 3696 postea
2779 3666 2793 3691 ,
2820 3627 3173 3696 frequentavit
3203 3626 3426 3695 lapidem
3459 3627 3731 3679 adoranda

2152 3733 2243 3774 aut
2269 3722 2394 3794 [vel]
2419 3721 2466 3777 ei
2498 3720 2871 3783 sacrificando,
2898 3722 2989 3776 sed
3020 3724 3227 3791 signum
3259 3722 3426 3776 fuitin
3452 3722 3729 3789 prophetia

2153 3813 2546 3867 evidentissima
2595 3813 2976 3881 constitutum,
3017 3829 3133 3881 qua:
3172 3815 3400 3881 pertinet
3427 3815 3490 3867 ad
3524 3816 3729 3867 unctio-

2153 3920 2274 3959 nem
2302 3923 2314 3960 :
2344 3906 2483 3960 unde
2501 3905 2699 3959 Christi
2734 3919 2927 3959 nomen
2950 3919 2978 3957 a
3007 3904 3294 3959 chrismate
3328 3915 3432 3959 cst.

2700 4038 2925 4094 CAPUT
2956 4040 3136 4093 XCVI.

2192 4173 2267 4226 De
2287 4173 2421 4227 lucta
2446 4173 2606 4226 Jacob
2630 4183 2678 4226 et
2709 4175 2772 4227 de
2795 4173 3196 4233 claudicatione;
3229 4191 3294 4227 ex
3324 4175 3497 4227 eodem
3522 4173 3697 4226 'libro.

2222 4304 2370 4371 Quod
2410 4304 2477 4358 ab
2526 4305 2617 4357 illo
2661 4274 2847 4374 angelo
2878 4278 3146 4360 «tandem:
3178 4306 3417 4359 benedici
3449 4303 3616 4358 Jacob
3648 4302 3733 4355 cui

2155 4396 2405 4450 luctando
2437 4395 2731 4465 prmvaluit,
2780 4411 2968 4465 magna
2999 4408 3079 4450 est
3099 4397 3165 4451 de
3186 4396 3395 4450 Christo
3427 4394 3734 4464 prophetia.

544 4498 631 4565 gm’
656 4535 669 4558 ,
704 4486 818 4564 qua
852 4486 1042 4562 petit'a
1072 4489 1179 4544 Deo
1204 4506 1376 4543 servus
1398 4489 1658 4557 Abrahae;
1690 4486 1751 4544 ea:
1779 4495 1953 4545 eodem
1986 4492 2050 4544 ti-
2074 4494 2130 4554 .D
2155 4488 2286 4544 Nam
2313 4505 2377 4541 eo
2398 4489 2515 4557 ipso
2547 4489 2798 4542 admonet
2828 4490 3105 4559 mysticum
3135 4488 3331 4557 aliquid
3352 4502 3580 4556 sapere,
3609 4486 3736 4554 quia

542 4569 651 4621 bro.

548 4678 901 4746 Qua‘rendum
927 4691 1032 4744 quo
1059 4675 1305 4730 differant
1342 4675 1720 4743 augurationes
1754 4673 1953 4728 illicita:
1983 4675 2050 4729 ab

476 4772 562 4825 illa
615 4772 870 4839 petitione
910 4769 1044 4836 signi
1101 4782 1203 4834 qua
1248 4768 1430 4834 petivit
1475 4781 1665 4821 servus
1703 4765 1961 4833 Abrahae,
1994 4776 2051 4821 ut

475 4864 523 4917 ei
553 4862 693 4917 Deus
735 4863 1040 4915 ostenderet
1081 4861 1247 4929 ipsam
1276 4875 1393 4912 esse
1424 4858 1648 4910 futuram
1678 4874 1901 4911 uxorum
1948 4860 2051 4911 Do-

477 4955 604 5009 mini
631 4953 712 5008 sui
748 4954 891 5007 Isaac
911 4995 925 5013 ,
949 4969 978 5006 a
1007 4968 1108 5021 qua
1137 4966 1255 5005 cum
1291 4952 1566 5016 petivisset
1593 4958 1649 5002 ut
1680 4949 1886 5004 biberet
1909 4950 2052 5004 ilice-

474 5057 623 5103 retur
667 5047 779 5100 illi:
816 5045 943 5099 Bibe
967 5053 1095 5099 ettu
1131 5086 1144 5105 ,
1193 5056 1247 5098 et
1273 5044 1546 5110 adaquabo
1577 5051 1630 5094 et
1667 5043 1900 5095 camelos
1934 5050 2052 5095 litus

474 5152 580 5207 quo
629 5136 863 5204 adusque
898 5133 1080 5188 bibere
1118 5132 1425 5186 desinerent
1455 5130 1761 5201 [desinent].
1796 5132 1949 5185 Alud
1973 5141 2053 5185 est

476 5227 619 5281 enim
655 5227 845 5279 mirum
876 5224 1070 5290 aliquid
1114 5234 1295 5289 petere
1322 5264 1335 5283 ,
1375 5222 1512 5288 quod
1546 5222 1659 5287 ipso
1692 5222 1945 5275 miraculo
1980 5223 2053 5274 si-

476 5333 635 5387 gnum
686 5317 788 5380 sit;
838 5315 978 5367 aliud
1010 5328 1071 5367 ea
1111 5310 1271 5384 [hare]
1314 5312 1601 5365 observnre
1631 5328 1748 5380 qua:
1775 5312 1845 5365 ita
1880 5312 2009 5364 ﬁunt
2036 5352 2050 5375 ,

479 5420 535 5463 ut
567 5411 695 5463 mira
726 5426 829 5463 non
861 5409 998 5469 sint,
1049 5406 1142 5460 sed
1183 5421 1210 5457 a
1252 5404 1645 5471 coniectoribus
1688 5406 2052 5471 superstitiosa

476 5500 716 5554 vanitate
752 5499 1194 5564 interpretentur.
1225 5493 1330 5548 Sed
1365 5493 1465 5545 hoc
1509 5493 1680 5561 ipsum
1712 5496 1870 5546 etiam
1913 5493 2053 5561 quod

480 5586 674 5639 mirum
729 5584 925 5655 aliquid
991 5582 1325 5649 postulatur,
1384 5595 1492 5648 quo
1545 5581 1873 5649 signiﬁcetur
1911 5585 2051 5651 (lllﬂil

481 5676 705 5744 quisque
727 5676 838 5730 vult
866 5689 1044 5738 nosse,
1078 5682 1249 5729 utrum
1275 5670 1599 5725 audiendum
1632 5671 1729 5736 sit,
1764 5688 1866 5744 non
1891 5687 2053 5740 parva

2157 4581 2331 4635 omnis
2372 4581 2530 4634 homo
2560 4594 2589 4633 a
2619 4578 2820 4648 majore
2848 4580 2961 4632 vult
2990 4578 3253 4633 benedici.
3287 4578 3563 4645 Quomodo
3603 4593 3739 4646 ergo

2158 4675 2225 4724 ab
2250 4688 2315 4727 eo
2341 4670 2580 4726 benedici
2608 4672 2709 4725 iste
2736 4670 2929 4736 voluit,
2960 4686 3116 4739 quem
3149 4670 3395 4723 luctando
3421 4669 3738 4736 superavit?

2158 4764 2442 4818 Praevaluit
2470 4771 2645 4815 autem
2676 4761 2840 4815 Jacob
2868 4760 3103 4824 Christo,
3134 4760 3218 4812 vel
3252 4760 3424 4829 potius
3454 4760 3741 4826 prevalere

2158 4860 2302 4911 visus
2342 4865 2423 4909 est
2464 4871 2556 4922 per
2604 4869 2697 4906 eos
2738 4854 3001 4906 Israelitas
3035 4870 3063 4904 a
3091 4852 3281 4921 quibus
3312 4851 3606 4903 cruciﬁxus
3656 4858 3741 4902 est

2155 4948 2429 5007 Christus,
2460 4955 2513 4999 ct
2540 4945 2605 4996 ab
2636 4960 2700 4997 eo
2729 4954 2902 4995 tamen
2935 4943 3274 5008 benedicitttr
3296 4944 3344 4994 in
3378 4942 3455 4993 eis
3480 4940 3741 4992 Israelitis

2158 5038 2247 5106 qui
2277 5036 2615 5090 crediderunt
2639 5035 2688 5086 in
2708 5034 2997 5097 Christum,
3027 5049 3091 5086 ex
3114 5033 3302 5101 quibus
3329 5042 3441 5084 erat
3464 5034 3551 5097 qui
3585 5029 3738 5082 dice«

2160 5129 2269 5194 bat,
2304 5128 2432 5181 Nam
2464 5135 2516 5180 et
2539 5142 2637 5195 ego
2669 5126 2905 5180 Israelita
2929 5140 3045 5178 sum
3071 5164 3087 5189 ,
3118 5140 3183 5177 ex
3214 5139 3410 5192 genere
3439 5126 3738 5186 Abraham,

2157 5220 2226 5273 de
2257 5219 2392 5270 tribu
2443 5216 2736 5285 Beniamin.
2774 5214 2920 5269 Unus
2949 5229 3075 5281 ergo
3115 5222 3283 5283 atque
3309 5214 3444 5265 idem
3472 5212 3641 5265 Jacob
3685 5221 3741 5263 et

2161 5309 2381 5364 claudus
2411 5318 2462 5361 et
2490 5307 2818 5361 benedictus.
2852 5306 3082 5359 Claudus
3108 5306 3158 5357 iu
3192 5306 3461 5359 latitudine
3487 5304 3737 5367 feruoris,

2159 5409 2413 5467 tanquam
2456 5398 2508 5450 in
2555 5396 2890 5449 multitudine
2927 5395 3175 5463 generis,
3205 5396 3273 5449 de
3309 5396 3499 5463 quibus
3530 5393 3740 5446 dictum

2157 5498 2279 5542 cst:
2323 5489 2385 5541 Et
2432 5487 2863 5542 claudicaveruut
2902 5502 2930 5538 a
2973 5487 3178 5540 semitis
3232 5488 3341 5539 suis
3374 5504 3388 5548 ;
3423 5484 3742 5537 benedictus

2158 5594 2333 5635 autem
2354 5582 2404 5634 itt
2424 5580 2500 5634 eis
2520 5579 2588 5633 de
2615 5580 2804 5647 quibus
2836 5579 3034 5631 dictum
3062 5588 3171 5634 est:
3190 5580 3445 5649 Reliquiae
3476 5593 3567 5647 per
3586 5576 3741 5632 elec-

2158 5671 2355 5725 tionem
2385 5669 2565 5739 gratia:
2592 5668 2752 5723 salvae
2780 5669 2931 5723 facta:
2952 5677 3094 5725 sunt.
