3990 6180
311 345 417 403 799

877 456 1102 520 CAPUT
1124 464 1330 521 XCVII.

304 598 494 658 ϋήἀιιι
529 603 758 679 secunde
785 594 945 657 Iacob
972 606 1191 675 lapidem
1214 608 1325 661 oleo
1350 610 1631 679 perfuderit
1658 653 1670 669 ,
1705 626 1771 663 on
1816 627 1895 665 se-

481 672 654 726 cundo
676 672 1124 730 commemoratum
1146 688 1217 730 est
1242 695 1260 742 ;
1286 672 1544 733 ex'eodem
1573 680 1723 733 libro.

370 782 634 836 Ascendit
674 795 853 840 autem
899 786 1039 842 Deus
1067 789 1133 842 ab
1157 802 1221 843 eo
1267 789 1386 844 loco
1429 791 1515 845 ubi
1564 792 1772 847 loculus
1812 804 1896 849 est

297 888 421 927 cum
452 889 546 940 eo,
579 884 635 930 et
663 878 848 930 statuit
874 878 1042 933 Iacob
1072 880 1281 934 titulum
1310 882 1360 935 in
1389 881 1507 937 loco
1538 882 1588 936 in
1614 899 1720 952 quo
1748 884 1895 938 loeu-

303 977 391 1021 tus
441 978 523 1021 est
558 982 681 1022 eum
712 984 777 1024 eo
801 1010 817 1035 ,
850 970 1063 1025 titulum
1114 974 1378 1041 lapideum
1416 985 1470 1030 et
1500 978 1701 1043 libavit,
1733 992 1895 1046 super

296 1070 418 1109 eum
452 1056 686 1112 libamen
717 1068 773 1114 et
809 1059 1001 1114 infudit
1028 1076 1191 1128 super
1222 1063 1367 1117 illum
1402 1063 1569 1136 [eum]
1600 1066 1807 1132 oleum,
1834 1076 1894 1121 et

298 1150 517 1203 vocavit
548 1149 936 1221 Jacobinomen
964 1152 1065 1205 loci
1096 1152 1148 1206 in
1173 1169 1280 1221 quo
1322 1154 1529 1209 locutus
1554 1166 1639 1210 est
1667 1173 1787 1210 cum
1829 1173 1893 1211 eo

301 1241 411 1295 illic
445 1241 589 1295 Deus
618 1279 634 1304 ,
686 1243 894 1297 Bethel.
928 1244 1124 1299 lterum
1159 1244 1352 1300 factum
1378 1256 1463 1301 est
1486 1247 1589 1302 boe
1610 1250 1726 1303 loco
1752 1249 1892 1317 quod

301 1331 503 1386 factum
535 1330 711 1387 fuerat
737 1372 752 1396 ,
796 1348 863 1387 an
908 1335 1100 1388 iterum
1132 1347 1608 1391 commemoratum
1634 1340 1757 1392 est?
1785 1338 1892 1394 Sed

300 1423 585 1493 quodlibet
631 1424 821 1477 borum
864 1426 965 1491 sit,
1014 1441 1175 1493 super
1221 1427 1445 1494 lapidem
1476 1428 1890 1495 libavitJacob,

299 1530 409 1569 non
471 1514 628 1581 lapidi
680 1515 886 1570 libavit.
920 1515 1033 1569 Non
1068 1532 1195 1584 ergo
1224 1518 1361 1570 sicut
1390 1518 1687 1573 idololatraa
1716 1521 1893 1575 solent

300 1620 429 1658 aras
478 1614 603 1660 ante
650 1605 853 1674 lapides
891 1608 1242 1675 constituere,
1286 1618 1342 1663 et
1385 1618 1633 1679 tanquam
1678 1611 1781 1665 diis
1825 1611 1893 1666 li-

300 1695 432 1752 bare
465 1697 753 1766 lapidibus.

856 1826 1082 1884 CAPUT
1114 1829 1344 1885 XCVI”.

303 1934 648 2015 Qua’ationent
695 1938 831 2015 quid
874 1940 1141 2015 duodecim,
1184 1943 1283 2009 ﬁlii
1321 1941 1481 1996 Iacob
1537 1958 1892 2015 computentur

372 2009 599 2090 nondum
614 2022 744 2090 nato
758 2008 1049 2090 Beniamin,
1066 2008 1210 2063 solvgt
1235 2030 1337 2090 per;
1348 2022 1544 2090 ll'opttm
1561 2008 1885 2090 συῦεκδοχής

371 2094 439 2131 ea:
464 2080 646 2131 eodem
687 2080 816 2132 libro
839 2083 1191 2145 Quaestionum
1214 2087 1275 2136 de
1294 2080 1500 2138 Genesi.

368 2190 526 2256 Quod
571 2191 848 2245 duodecim
898 2192 994 2245 ﬁlii
1044 2204 1420 2261 computantur
1449 2196 1643 2264 Israel,
1671 2210 1725 2254 et
1759 2201 1891 2255 dici-

302 2291 421 2336 tur:
454 2281 516 2335 ili
540 2292 665 2336 sont
694 2283 784 2335 lilii
811 2284 971 2338 lsrael
1002 2285 1089 2353 qui
1117 2286 1223 2340 nati
1246 2297 1369 2341 sunt
1401 2289 1452 2343 iu
1484 2290 1886 2360 Mesopotamia,

311 2390 434 2427 cum
455 2373 743 2442 Beniamin
772 2376 926 2444 longe
950 2386 1132 2446 postea
1157 2389 1310 2433 natus
1335 2381 1559 2447 sit,eum
1580 2384 1687 2451 jam
1713 2394 1888 2439 trans-

295 2465 455 2519 iisset
499 2465 731 2530 Bethel,
777 2477 829 2521 et
859 2472 1314 2539 approyinquaret
1357 2473 1663 2541 Bethleem,
1715 2493 1889 2546 expo-

298 2559 452 2613 sitio.
506 2558 662 2612 Nulla
714 2570 796 2613 est
853 2562 1057 2617 facilior
1103 2565 1302 2619 solutio
1357 2570 1667 2633 quaestionis
1729 2571 1885 2640 hujus

297 2665 457 2721 quam
509 2659 569 2703 ut
599 2665 696 2719 per
736 2651 1057 2724 συνεκδοχὴν
1095 2655 1405 2723 accipiatur.
1441 2658 1539 2713 Ubi
1574 2662 1715 2714 enim
1769 2676 1890 2729 pars

295 2740 476 2811 major
498 2753 581 2795 est
626 2750 717 2794 aut
748 2744 921 2811 potior
945 2784 961 2808 ,
993 2746 1135 2799 solet
1172 2746 1286 2814 ejus
1319 2750 1535 2804 nomine
1577 2751 1733 2804 etiam
1762 2752 1888 2806 illud

299 2832 693 2900 comprehendi
723 2834 859 2902 quod
893 2834 957 2888 ad
984 2835 1156 2903 ipsum
1184 2853 1377 2891 nomen
1407 2854 1510 2892 non
1544 2839 1793 2908 pertinet,
1824 2842 1891 2895 si-

301 2936 393 2977 cut
422 2923 491 2977 ad
520 2923 805 2979 duodecim
835 2929 1110 2993 apustolos
1136 2929 1244 2997 jam
1277 2946 1385 2984 non
1410 2933 1706 3000 pertinebat
1726 2933 1890 2989 Judas

300 3017 391 3086 qui
437 3020 600 3069 etiam
642 3026 882 3071 mortuus
932 3017 1028 3071 fuit
1072 3035 1191 3074 cum
1236 3023 1492 3077 Dominus
1536 3027 1825 3078 resurrexit
1860 3043 1889 3078 a

298 3108 530 3161 mortuis
555 3149 571 3170 ,
612 3117 665 3162 et
695 3116 868 3163 tamen
899 3110 1066 3179 ipsius
1106 3112 1416 3168 duodenarii
1452 3115 1656 3169 numeri
1693 3131 1890 3171 nomen

1485 357 1914 415 rnesauaus.
1954 355 2105 411 car.
2152 322 2333 409 x'mx.

1930 471 1977 529 Α
2007 479 2124 518 rum
2166 462 2379 517 nomine
2410 464 2567 518 etiam
2594 461 2873 534 caprarum
2907 479 3071 536 pecus
3110 468 3423 537 complexus
3462 481 3579 535 est;

3472 338 3579 415 τιὸ

1996 556 2076 610 sie
2106 555 2226 625 quia
2260 555 2436 624 potior
2456 568 2569 610 erat
2600 572 2854 612 numerus
2881 558 3129 613 undecim
3155 559 3381 614 filiorum
3412 559 3579 617 Jaeob

1995 647 2084 715 qui
2120 646 2227 700 nati
2262 649 2471 701 fuerant
2504 649 2554 701 in
2602 649 2985 718 Mesopotamia
3014 693 3029 719 ,
3077 666 3315 721 ipsorum
3346 668 3579 707 comme-

1997 739 2294 793 moratione
2342 738 2617 809 Scriptura
2657 743 2935 810 complexa
2980 753 3063 798 est
3108 748 3268 799 etiam
3300 744 3578 814 Benjamin

1995 837 2212 903 quian
2244 846 2358 888 erat
2385 835 2456 887 ibi
2480 846 2635 889 natus
2664 847 2714 890 et
2757 838 2958 894 dictum
2981 848 3098 893 est:
3124 838 3188 893 lli
3220 824 3466 895 suntﬁlii
3487 840 3568 895 Ja-

1994 926 2095 978 cob
2118 925 2203 994 qui
2231 924 2352 977 facti
2379 936 2502 980 sunt
2531 926 2578 981 ei
2603 928 2653 981 in
2676 928 3053 997 Mesopotamia
3086 929 3278 1000 Syriae.

2550 1080 2779 1135 CAPUT
2817 1081 3002 1137 XCIX.

2000 1189 2184 1244 Utrum
2209 1206 2259 1243 tn
2290 1192 2549 1256 infernum
2577 1195 2700 1245 mali
2731 1203 2945 1257 tantum,
2977 1211 3042 1247 an
3065 1197 3217 1248 etiam
3242 1198 3359 1250 boni
3389 1201 3574 1253 mortui

2241 1264 2545 1315 descendere
2570 1267 2805 1329 soleant;
2836 1281 2902 1319 ea:
2937 1267 3113 1318 eodem
3155 1268 3307 1322 libro.

2068 1375 2133 1428 Et
2174 1374 2342 1428 noluit
2370 1375 2635 1429 consolari
2676 1376 2857 1430 dicens
2892 1394 2906 1430 :
2948 1377 3208 1443 Quoniam
3252 1379 3575 1434 descendam

1995 1464 2059 1519 ad
2086 1466 2251 1517 ﬁlium
2278 1481 2454 1520 meum
2486 1467 2669 1535 lugens
2687 1467 2738 1519 in
2768 1466 3053 1521 infernum.
3079 1468 3225 1523 Solet
3242 1484 3362 1524 esse
3384 1485 3572 1539 magna

1996 1557 2220 1624 quaestio
2256 1557 2525 1626 quomodo
2563 1559 2883 1627 intelligatur
2928 1557 3199 1625 infernus,
3244 1568 3420 1613 utrum
3465 1561 3576 1616 illic

1996 1648 2118 1701 mali
2152 1657 2385 1713 tantum,
2429 1664 2495 1701 an
2527 1650 2686 1703 etiam
2718 1650 2838 1701 boni
2889 1650 3080 1703 mortui
3130 1649 3396 1705 descende
3427 1666 3457 1704 e
3485 1667 3575 1703 so-

2000 1738 2162 1793 leant.
2198 1739 2253 1794 Si
2276 1755 2404 1806 ergo
2436 1749 2636 1793 tantum
2667 1741 2845 1808 aliquo
2876 1741 3035 1793 modo
3064 1742 3162 1795 iste
3192 1740 3340 1812 [mali
3365 1752 3569 1795 tantum

1924 1832 1968 1888 Β
1996 1832 2263 1897 quomodo
2293 1831 2412 1899 isse]
2443 1832 2506 1884 ad
2534 1831 2698 1884 filium
2723 1846 2875 1885 suum
2900 1847 2958 1885 se
2981 1833 3107 1885 diti!
3134 1833 3268 1887 velle
3304 1833 3567 1900 lugentem

1994 1921 2347 1983 descendere;
2394 1936 2497 1974 non
2530 1923 2670 1975 enim
2717 1922 2769 1975 in
2814 1923 2983 1991 prunis
3016 1923 3235 1977 infernis
3275 1939 3395 1978 eum
3449 1939 3570 1978 esse

1994 2010 2185 2066 eredit.
2213 2014 2293 2064 An
2318 2010 2610 2079 perturbati
2639 2020 2693 2065 et
2718 2012 2948 2066 dolentis
2970 2014 3126 2066 verba
3159 2023 3281 2067 sunt
3310 2019 3444 2067 mala
3475 2030 3568 2068 sua

1994 2102 2153 2155 etiam
2202 2098 2611 2169 exaggerantisl
2633 2131 2698 2141 —
2730 2103 2805 2155 De
2833 2104 3017 2156 eadem
3046 2118 3123 2156 re.
3155 2132 3225 2143 —-
3253 2105 3314 2157 Et
3341 2105 3569 2160 descen-

1994 2190 2188 2243 derunt
2216 2190 2314 2259 ipsi
2342 2199 2395 2244 et
2420 2191 2598 2245 omnia
2620 2186 2949 2260 quaecunque
2979 2204 3103 2247 sunt
3129 2200 3206 2247 eis
3230 2196 3477 2250 viventes
3504 2198 3570 2251 ad

1968 2282 2211 2343 inferos.
2247 2280 2547 2336 Notandum
2595 2284 2884 2337 secundum
2919 2286 3089 2338 locum
3128 2295 3289 2339 teme
3328 2302 3466 2342 nunc
3491 2291 3571 2341 tli-

1993 2382 2107 2426 ctos
2137 2388 2255 2427 esse
2286 2365 2506 2439 inferos,
2542 2373 2643 2429 hoc
2672 2386 2773 2439 est,
2808 2375 2860 2427 in
2897 2373 3237 2430 inferioribus
3271 2389 3422 2432 terra:
3452 2394 3570 2447 par-

1997 2467 2154 2523 tibus.
2204 2465 2360 2519 Varic
2403 2467 2595 2534 quippe
2639 2465 2691 2518 in
2738 2465 3025 2535 Scripturis
3057 2476 3109 2520 et
3155 2469 3254 2522 Sub
3297 2469 3569 2523 intellectu

1996 2558 2295 2623 multiplici,
2332 2558 2469 2612 sicut
2510 2573 2685 2612 rerum
2711 2558 2777 2612 de
2809 2558 3001 2626 quibus
3040 2559 3211 2627 agitur
3239 2573 3425 2613 sensus
3455 2561 3568 2614 exi-

1993 2648 2087 2718 git,
2108 2664 2307 2703 nomen
2335 2651 2548 2712 ponitur
2576 2649 2890 2710 inferorum,
2928 2659 2977 2703 et
3007 2649 3237 2703 maxime
3266 2650 3318 2702 in
3342 2651 3567 2705 mortuis

1992 2740 2096 2794 huc
2121 2740 2288 2808 accipi
2318 2740 2475 2794 solet.
2504 2738 2608 2793 Sed
2655 2738 2902 2808 quoniam
2934 2741 3062 2794 istos
3098 2740 3334 2794 viventes
3363 2741 3566 2795 dictum

1960 2840 1963 2843 ‘
1993 2840 2072 2885 est
2099 2830 2164 2883 ad
2212 2830 2410 2885 inferos
2447 2830 2812 2895 descendisse,
2838 2839 2897 2883 et
2933 2830 3044 2897 ipsa
3096 2831 3401 2885 narratione
3442 2834 3567 2901 quid

1991 2920 2185 2975 factum
2218 2921 2377 2975 fuerit
2416 2922 2544 2974 satis
2574 2930 2816 2989 apparet.
2852 2919 3185 2974 Manifesunn
3213 2930 3312 2987 est,
3348 2931 3403 2974 ut
3433 2921 3565 2986 dixi,

1990 3012 2273 3067 inferiores
2301 3020 2454 3066 terra:
2476 3021 2661 3080 partes
2690 3011 2980 3065 inferorum
3004 3012 3264 3065 vocabulo
3295 3026 3566 3080 nuncupa-

1995 3113 2094 3166 tas,
2130 3104 2181 3156 in
2212 3103 2610 3171 comparatione
2640 3102 2797 3172 hujus
2828 3102 3121 3171 superioris
3149 3111 3304 3157 terra:
3332 3106 3382 3157 in
3414 3105 3567 3171 cujus

298 3200 592 3266 Apostolus
634 3199 685 3252 in
728 3199 963 3269 Epistula
988 3216 1083 3255 sua
1120 3204 1289 3256 tenuit
1313 3243 1325 3261 .
1360 3203 1447 3257 ubi
1479 3206 1551 3258 ait
1574 3220 1695 3259 eum
1725 3221 1890 3275 appa-
1918 3204 1962 3265 (ζ
1996 3194 2127 3249 facie
2153 3195 2369 3259 vivitur,
2403 3195 2539 3247 sicut
2572 3195 2624 3248 in
2657 3194 3054 3262 comparatione
3092 3192 3213 3249 coeli
3251 3194 3566 3262 superioris,

298 3292 470 3345 ruisse
503 3291 613 3345 illis
640 3290 941 3348 duodecim.
968 3291 1100 3347 Cum
1130 3295 1356 3349 articulo
1387 3296 1526 3349 enim
1579 3297 1681 3352 hoc
1716 3299 1892 3353 Graeci

298 3383 518 3436 codices
568 3383 765 3438 habent
803 3393 858 3437 ut
908 3400 1014 3437 non
1064 3387 1265 3453 possint
1314 3386 1537 3456 intelligi
1589 3388 1894 3458 quicunque

299 3475 582 3529 duodecim
613 3516 628 3540 ,
672 3475 763 3529 sed
800 3475 876 3529 illi
912 3477 963 3530 in
989 3491 1054 3531 eo
1087 3492 1309 3531 numero
1340 3478 1594 3545 insignes.
1631 3480 1704 3535 E0
1736 3481 1893 3533 modo

300 3565 593 3621 locutionis
641 3576 766 3633 puto
813 3578 866 3621 et
912 3568 1037 3620 iflud
1080 3584 1108 3623 a
1164 3569 1389 3624 Domino
1439 3571 1674 3624 dictum:
1708 3571 1895 3627 Nonne

301 3671 401 3724 ego
432 3670 530 3710 vos
560 3656 838 3710 duodecim
881 3660 1054 3728 elegi,
1107 3669 1161 3714 et
1193 3674 1332 3713 unus
1373 3677 1435 3715 ex
1466 3663 1618 3717 vobis
1647 3663 1893 3717 diabolus

302 3746 418 3801 est?
464 3754 521 3799 ιιι
567 3760 673 3799 non
702 3747 765 3799 ad
798 3748 1111 3803 electionem
1144 3742 1304 3804 etiam
1356 3752 1475 3821 ipse
1514 3754 1785 3822 pertinere
1817 3756 1895 3808 vi-

301 3837 515 3892 deatur.
568 3838 681 3891 Non
706 3840 846 3893 enim
880 3840 1036 3896 facile
1062 3843 1332 3897 invenitur
1357 3844 1650 3899 eiecturum
1698 3862 1891 3901 nomen

302 3929 353 3981 in
378 3929 545 3995 malo,
580 3931 680 3983 nisi
704 3933 915 3999 quando
946 3933 1065 3986 mali
1092 3934 1363 4004 eliguntur
1391 3952 1419 3989 a
1449 3937 1605 3990 malis
1633 3954 1647 4001 ;
1676 3940 1816 4006 quod
1848 3939 1897 3993 si

307 4026 674 4088 putaverimus
698 4032 752 4078 et
779 4024 903 4079 illud
940 4028 1186 4094 electum,
1214 4038 1269 4080 ut
1296 4044 1391 4097 per
1411 4029 1528 4097 ejus
1558 4030 1892 4084 traditionem

304 4113 514 4167 Domini
544 4116 721 4184 passio
744 4118 1137 4186 compleretur,
1171 4119 1220 4172 id
1253 4132 1335 4173 est
1362 4121 1470 4192 63
1501 4121 1755 4174 malitiam
1779 4122 1895 4190 ejus

305 4206 368 4258 ad
400 4207 602 4277 aliquid
630 4209 854 4261 electam
876 4249 891 4273 ,
924 4210 1059 4264 bene
1105 4220 1285 4265 utente
1331 4211 1441 4266 Deo
1491 4213 1650 4266 etiam
1704 4214 1891 4277 malis,

306 4297 445 4351 aliud
471 4299 811 4353 attendamus
831 4300 917 4353 ubi
942 4302 1047 4354 ait:
1074 4301 1184 4353 Non
1210 4302 1276 4355 de
1300 4303 1549 4357 omnibus
1576 4304 1725 4357 vobis
1747 4304 1892 4388 dico,

308 4404 409 4458 ego
455 4392 570 4445 scio
609 4406 746 4459 quos
765 4392 922 4461 elegi,
949 4393 1035 4446 ubi
1066 4393 1305 4446 declarat
1329 4394 1393 4447 ad
1429 4396 1744 4449 electionem
1790 4410 1894 4447 non

305 4481 575 4550 pertinere
609 4485 711 4537 nisi
740 4484 907 4539 bonos
935 4528 948 4550 ,
992 4501 1051 4537 ae
1085 4501 1180 4554 per
1217 4485 1317 4543 huc
1362 4486 1489 4539 illud
1519 4487 1662 4555 quod
1694 4488 1892 4539 dictum

1988 3287 2083 3340 ubi
2126 3292 2430 3339 sanctorum
2467 3286 2766 3340 demoratio
2791 3294 2872 3337 est
2897 3284 3241 3352 angelorum,
3285 3296 3568 3352 peccantes

1995 3377 2214 3445 angelos
2244 3377 2295 3429 in
2327 3375 2482 3445 bujus
2505 3375 2645 3430 acris
2670 3375 2919 3429 detrusus
2947 3376 3172 3444 caligine
3194 3375 3462 3445 Scrip'ura
3488 3377 3569 3429 di-

1995 3469 2067 3522 cit
2098 3478 2346 3537 tanquam
2389 3466 2693 3522 carceribus
2742 3466 2894 3520 inferi
2946 3467 3242 3535 puniendos
3280 3467 3566 3521 reservari.

1996 3558 2048 3614 Si
2074 3560 2217 3613 enim
2245 3559 2405 3620 Deus,
2433 3558 2624 3625 inquit,
2655 3557 2857 3625 angelis
2883 3558 3225 3625 peccantibus
3252 3564 3358 3610 nou‘
3388 3572 3570 3625 peper-

1995 3650 2086 3714 cit,
2119 3649 2212 3703 sed
2235 3648 2541 3703 carceribus
2562 3648 2805 3715 caliginis
2837 3648 2989 3701 inferi
3017 3648 3319 3713 retrudens,
3353 3649 3572 3701 tradidit

1994 3741 2050 3793 in
2077 3738 2280 3809 judicio
2301 3738 2596 3807 puniendos
2620 3738 2905 3803 reservari,
2931 3752 3053 3790 cum
3076 3738 3348 3804 ap03lflf08
3380 3737 3571 3793 Paulus

1996 3832 2291 3902 principem
2321 3830 2600 3899 potestatis
2629 3829 2767 3882 aeris
2801 3828 3073 3881 diabolum
3104 3828 3245 3882 dicat
3271 3828 3357 3895 qui
3382 3842 3568 3895 Opera-

1996 3934 2084 3977 tur
2106 3925 2156 3976 in
2180 3924 2300 3975 filiis
2329 3921 2659 3975 diffidentiae.
2690 3948 2757 3961 -—
2779 3920 2854 3974 De
2871 3920 3055 3973 eadem
3088 3935 3165 3974 re.
3192 3948 3263 3960 —
3291 3920 3353 3973 Et
3378 3921 3570 3977 eruisti

1996 4017 2226 4068 animam
2263 4028 2444 4067 .meam
2482 4027 2544 4066 ex
2579 4011 2786 4067 inferno
2820 4012 3099 4081 inferiori.
3128 4013 3265 4078 Quid
3306 4012 3567 4078 dicimus,

1998 4108 2209 4172 fratres,
2241 4106 2342 4158 hoc
2370 4105 2413 4157 si
2448 4118 2552 4156 non
2582 4103 2737 4157 vobis
2780 4111 3028 4170 tanquam
3059 4114 3237 4156 certus
3276 4116 3569 4170 exposuero

1999 4214 2091 4251 nes
2121 4195 2479 4259 uccenseatis;
2514 4194 2671 4247 homo
2700 4210 2819 4247 sum
2849 4195 2989 4247 enim
3013 4234 3028 4257 ,
3058 4204 3109 4248 et
3153 4203 3406 4261 quantum
3436 4208 3568 4247 con-

1997 4290 2206 4343 ceditur
2244 4288 2308 4343 de
2339 4287 2626 4356 Seripturis
2657 4289 2886 4353 sancﬁs,
2919 4295 3122 4341 tantum
3148 4287 3320 4341 audeo
3348 4287 3528 4342 dicere
3551 4332 3565 4355 ,

1998 4383 2126 4435 nihil
2159 4398 2222 4436 ex
2253 4396 2377 4435 me:
2405 4379 2665 4434 infernum
2696 4394 2793 4433 nec
2822 4395 2920 4449 ego
2955 4390 3205 4448 expertus
3226 4395 3346 4434 sum
3370 4381 3566 4448 adhuc,

1999 4489 2098 4526 nec
2128 4482 2244 4535 vos,
2280 4479 2334 4525 et
2360 4470 2607 4524 fortassis
2644 4470 2745 4522 alia
2775 4471 2855 4522 Via
2887 4471 2991 4523 erit
3028 4478 3081 4523 et
3113 4484 3215 4523 non
3259 4484 3353 4536 per
3399 4470 3567 4524 infer-

304 4582 390 4627 εει
412 4613 427 4638 ’
456 4573 568 4642 Ego
590 4589 685 4628 vos
710 4574 988 4630 duodecim
1020 4577 1156 4644 elegi
1183 4617 1198 4641 ,
1248 4592 1341 4644 per
1371 4578 1741 4646 synecdochen
1783 4577 1893 4630 dic,
1923 4573 1972 4631 D
1999 4581 2123 4619 num
2170 4566 2288 4628 erit,
2320 4563 2518 4616 incerta
2560 4572 2682 4615 sunt
2714 4562 2853 4616 ha2c.
2884 4561 3079 4615 Verum
3124 4560 3242 4628 quia
3271 4559 3401 4613 dicit
3428 4561 3569 4613 Scri-

309 4679 421 4722 tnm
450 4677 566 4735 est,
593 4679 650 4723 ut
680 4670 896 4725 nomine
927 4670 1144 4737 majoris
1169 4669 1512 4736 meliorisque
1542 4670 1707 4737 partis
1729 4668 1891 4722 etiam

304 4760 436 4814 illud
469 4761 916 4829 complecteretur
945 4764 1083 4830 quod
1114 4762 1179 4815 ad
1208 4762 1379 4829 ipsum
1413 4776 1605 4815 nomen
1632 4777 1735 4813 non
1771 4777 1893 4830 per-

305 4853 460 4904 tinet.
492 4849 593 4905 Hic
636 4853 827 4906 modus
857 4864 936 4907 est
985 4853 1037 4906 in
1079 4852 1180 4906 hoc
1209 4854 1397 4906 eodem
1432 4853 1566 4906 libro
1587 4850 1767 4923 [loco],
1805 4852 1893 4905 ubi

303 4940 510 4996 llcmor
558 4958 653 5011 pro
704 4944 814 4997 filio
844 4958 940 4996 suo
979 4943 1193 4997 Sichem
1227 4955 1282 4996 ut
1311 4943 1575 5011 acciperet
1607 4941 1890 4994 Dinamrfi-

302 5035 432 5088 liam
463 5035 632 5089 Jacob
655 5036 784 5089 exiit
806 5036 947 5103 loqui
973 5051 1090 5089 cum
1124 5035 1310 5090 eodem
1335 5035 1524 5098 Jacob,
1547 5043 1603 5089 et
1633 5041 1896 5087 venerunt

304 5130 467 5181 etiam
502 5127 591 5181 filii
623 5127 740 5195 ejus
768 5127 855 5196 qui
880 5127 1131 5181 absentes
1159 5136 1332 5191 erant,
1363 5135 1416 5181 et
1442 5126 1508 5179 ad
1535 5140 1721 5179 omnes
1760 5126 1892 5178 dicit

302 5219 509 5274 Ilemor
535 5238 547 5272 :
578 5219 791 5276 Sichem
830 5218 966 5273 filius
1010 5234 1163 5273 meus
1203 5218 1362 5289 elegit
1402 5220 1579 5271 animo
1612 5219 1772 5270 filiam
1807 5233 1895 5271 ve-

300 5321 493 5376 stram,
524 5310 647 5364 dzite
685 5324 815 5380 ergo
846 5310 919 5364 illi
950 5325 1067 5364 eam
1093 5324 1346 5363 uxorem.
1379 5309 1513 5375 Quia
1542 5310 1682 5362 enim
1719 5308 1893 5374 potior

298 5413 415 5455 erat
438 5402 607 5470 patris
636 5416 864 5471 persona
890 5441 905 5467 ,
940 5416 1033 5471 per
1062 5400 1437 5471 synecdochen
1472 5399 1633 5452 filiam
1658 5407 1889 5451 vestram

300 5494 510 5557 dicens,
546 5493 707 5548 etiam
739 5493 931 5547 fratres
964 5490 1145 5565 [filios]
1176 5492 1345 5546 tenuit
1373 5490 1476 5545 hoc
1506 5490 1719 5543 nomine
1748 5504 1883 5556 quo-

302 5598 416 5635 rum
456 5596 562 5636 non
606 5591 722 5636 erat
763 5582 872 5636 filia
899 5601 912 5648 ;
945 5582 1068 5636 hinc
1090 5591 1171 5636 est
1200 5590 1255 5636 et
1296 5580 1461 5635 illud:
1487 5580 1652 5633 Curre
1677 5578 1741 5632 ad
1764 5592 1890 5631 oves

304 5685 349 5727 et
384 5677 569 5743 accipe
616 5676 740 5730 inde
781 5675 911 5729 mihi
939 5677 1070 5731 duos
1104 5676 1284 5731 haedos
1308 5716 1322 5741 ,
1357 5675 1514 5730 simul
1539 5674 1682 5729 enim
1718 5687 1894 5742 pasce

301 5763 494 5819 bantur
527 5780 656 5820 oves
685 5776 737 5821 et
769 5766 907 5820 haedi
938 5807 951 5831 ,
981 5775 1035 5822 et
1057 5766 1178 5835 quia
1202 5766 1439 5836 potiores
1470 5773 1594 5820 sunt
1624 5778 1772 5827 oves,
1803 5776 1895 5819 ea-

1999 4670 2148 4727 ptura
2196 4658 2278 4710 cui
2336 4654 2628 4708 contradici
2683 4670 2788 4706 non
2840 4662 3056 4721 potest:
3094 4653 3286 4705 Eruisti
3336 4653 3569 4704 animam

1997 4766 2167 4805 meum
2201 4766 2264 4803 ex
2289 4748 2497 4802 inferno
2531 4747 2790 4811 inferiori,
2817 4746 3157 4813 intelligimus
3188 4757 3432 4810 tanquam
3466 4746 3573 4798 duo

1997 4843 2206 4897 inferna
2232 4856 2371 4905 esse,
2415 4841 2665 4908 superius
2694 4848 2748 4893 et
2778 4838 3019 4892 inferius.
3063 4837 3193 4891 Nam
3232 4837 3370 4891 unde
3412 4838 3572 4890 infcr-

2001 4946 2123 4984 num
2154 4930 2397 4993 inferius,
2430 4930 2527 4981 nisi
2553 4929 2671 4996 quia
2710 4936 2794 4980 est
2824 4927 3085 4979 infernum
3113 4926 3399 4993 superius?
3429 4928 3571 4978 aliud

1999 5039 2103 5076 nun
2149 5023 2412 5077 diceretur
2451 5019 2715 5073 infernum
2759 5019 2858 5072 nisi
2890 5019 2942 5072 in
2990 5020 3389 5086 comparatione
3433 5021 3572 5072 ilus

1996 5115 2287 5184 superioris
2311 5112 2489 5183 partis.
2520 5111 2743 5165 Videtur
2766 5125 2914 5179 ergo,
2940 5111 3152 5175 fratres,
3178 5125 3296 5163 esse
3315 5111 3569 5163 habitatio

1996 5208 2236 5275 qundam
2251 5205 2482 5259 caelesﬁs
2495 5203 2807 5273 angelorum
2829 5221 2840 5255 :
2867 5203 2935 5255 ibi
2949 5204 3053 5255 vita
3079 5202 3420 5255 iuefl'abilium
3444 5214 3574 5267 gau-

1996 5301 2227 5364 diorum,
2255 5296 2325 5349 ibi
2347 5295 2738 5359 immortalitas,
2760 5300 2815 5348 et
2834 5296 3180 5361 incorrupto,
3201 5292 3269 5345 ibi
3289 5291 3463 5343 omnia
3483 5304 3568 5341 se-

1994 5390 2226 5444 cundum
2250 5386 2345 5440 Dei
2369 5387 2572 5440 donum
2601 5394 2652 5440 et
2680 5385 2905 5453 gratiam
2932 5382 3312 5453 permanentia,
3338 5380 3421 5432 illa
3442 5393 3568 5446 pars

1998 5496 2176 5535 rerum
2210 5492 2440 5547 superna
2461 5484 2560 5531 est.
2585 5476 2639 5529 Si
2662 5490 2790 5544 ergo
2817 5474 2905 5526 illa
2937 5485 3162 5539 saperna
3187 5478 3287 5530 est,
3324 5469 3435 5523 htee
3459 5478 3565 5521 ter-

1998 5589 2122 5629 rena
2150 5571 2237 5626 ubi
2260 5585 2385 5626 caro
2408 5579 2462 5625 et
2485 5569 2719 5637 sanguis,
2748 5566 2835 5618 ubi
2860 5561 3296 5630 corruptibilitas,
3322 5559 3408 5613 ubi
3434 5560 3571 5613 nati-

1996 5667 2135 5719 vitas
2163 5674 2218 5719 et
2242 5662 2564 5725 mortalitas,
2597 5658 2686 5711 ubi
2716 5656 2956 5709 decessio
2983 5662 3136 5721 atque
3159 5651 3449 5717 successio,
3482 5650 3569 5705 ubi

2002 5755 2331 5812 mutabilitas
2360 5760 2415 5810 et
2444 5750 2824 5809 inconstantia,
2843 5745 2932 5801 ubi
2963 5744 3202 5809 timores,
3232 5743 3567 5814 cupiditates,
