3974 6184
474 324 569 379 7H

1525 321 1585 373 ι).
1618 315 1938 374 EUGYPPII
1981 314 2266 369 ABBATIS
2293 311 2635 369 AFlllCANl.

3617 303 3733 363 τη

477 445 756 505 horrores,
786 439 987 493 laetitiae
1017 436 1266 496 incertae,
1296 444 1422 500 spes
1453 428 1689 497 fragilis,
1718 428 1917 481 caduca
1941 426 2066 479 sub-
2097 428 2144 486 Α
2172 425 2362 479 Nescio
2383 424 2503 494 quis
2533 422 2734 476 habcns
2762 435 2976 477 causam
2998 420 3276 476 molestam
3305 419 3592 475 mittendus
3616 430 3737 475 erat

475 530 689 585 stantia.
725 529 995 597 Putoquia
1018 525 1192 581 omnis
1213 524 1310 577 ista
1338 534 1464 592 pars
1494 535 1598 573 non
1628 527 1804 588 potest
1828 533 2046 585 compa-

483 620 586 673 rari
607 619 678 672 illi
708 619 866 681 calo,
891 616 958 670 de
981 630 1087 684 quo
1108 612 1371 681 loquebar
1394 610 1552 680 paulo
1573 618 1719 665 ante.
1743 608 1798 665 Si
1819 624 1949 678 ergo
1973 607 2049 661 illi

480 710 612 777 parti
638 711 750 763 hzec
780 721 901 777 pars
924 719 1028 759 non
1056 709 1418 772 comparatur,
1444 702 1530 754 illa
1555 715 1784 770 superna
1805 709 1910 763 est,
1938 699 2052 752 haec

478 799 708 862 inferna,
736 806 791 851 et
818 803 939 865 post
966 802 1195 848 mortem
1222 808 1328 861 quo
1360 794 1484 847 hinc
1528 792 1628 846 nisi
1672 791 1742 846 sit
1784 790 2053 846 infernum

478 887 698 941 inferius
728 891 826 940 hoc
857 884 1086 948 inferno,
1118 884 1171 937 in
1196 898 1302 952 quo
1341 895 1525 937 sumus
1562 882 1613 934 in
1655 895 1817 935 carne
1848 890 1901 935 et
1953 880 2056 933 ista

477 977 822 1032 mortalitate.
853 975 1061 1044 Corpus
1087 974 1232 1029 enirn
1277 980 1550 1028 mortuum
1578 982 1682 1037 est,
1723 971 1797 1025 ait
1827 974 2057 1038 Aposto-

478 1067 583 1133 lus,
613 1074 833 1129 ttronter
871 1074 1167 1134 peccaturo.
1199 1064 1337 1133 Ergo
1365 1071 1419 1117 et
1459 1062 1545 1115 hic
1582 1070 1703 1115 sunt
1739 1060 1971 1122 mortui,
1999 1066 2059 1113 ut

480 1175 587 1215 non
613 1160 824 1214 mireris
843 1159 967 1227 quia
989 1158 1253 1212 infernum
1278 1155 1473 1210 dicitur
1488 1154 1531 1208 si
1554 1155 1777 1209 mortuis
1799 1153 2055 1208 abundat.

482 1250 597 1304 Non
624 1252 766 1304 enirn
796 1250 873 1303 ait
905 1265 917 1300 :
950 1262 1145 1317 corpus
1189 1246 1503 1301 moriturum
1530 1254 1648 1311 est,
1682 1244 1775 1298 sed
1806 1260 1820 1297 :
1862 1256 2061 1312 corpus

489 1354 757 1397 mortuum
790 1350 897 1411 est,
925 1341 1118 1394 Adhuc
1146 1338 1306 1393 habet
1334 1338 1496 1392 vitam
1525 1342 1706 1407 utique
1742 1352 1938 1406 corpus
1967 1353 2063 1389 no-

486 1448 652 1490 strum
683 1447 736 1491 et
776 1448 951 1490 tamen
981 1444 1349 1504 comparatum
1384 1432 1598 1501 corpori
1628 1431 1703 1485 illi
1733 1428 1879 1500 quod
1924 1426 2063 1481 futu-
2098 1450 2107 1458 -

486 1542 600 1579 rum
631 1534 733 1592 est,
784 1525 959 1591 qualia
989 1533 1113 1579 sunt
1141 1522 1453 1592 angelorum
1498 1534 1750 1589 corpora,
1800 1515 2065 1571 invenitur

485 1630 680 1684 corpus
732 1614 964 1669 hominis
1014 1621 1305 1679 mortuum,
1353 1611 1596 1683 quamvis
1644 1610 1819 1664 adhuc
1864 1608 2066 1663 habens

487 1708 741 1772 animam,
774 1705 869 1760 sed
901 1720 1084 1759 rursus
1120 1705 1185 1757 ab
1225 1704 1325 1757 hoc
1367 1702 1603 1767 inferno,
1643 1699 1695 1754 id
1726 1708 1810 1753 est
1857 1697 1926 1752 ab
1967 1697 2067 1751 hac

2160 517 2213 569 itt
2244 529 2537 576 carcerem,
2562 513 2709 567 venit
2728 512 2885 575 alius,
2909 511 3148 566 defendit
3168 528 3317 576 cum;
3350 512 3548 581 gratias
3575 526 3739 580 agens

2149 605 2278 677 quid
2296 605 2459 659 dicit?
2483 605 2680 659 Eruisti
2705 603 2940 657 animam
2964 617 3135 657 meam
3159 602 3226 656 de
3247 616 3487 657 carcere.
3503 600 3741 669 Suspen.

2153 701 2367 756 dendus
2397 707 2515 754 erat
2540 699 2771 767 debitor,
2799 697 3030 753 solutum
3054 706 3136 751 est
3152 711 3250 765 pro
3278 710 3366 762 eo,
3389 695 3642 749 liberatus
3667 694 3744 747 di-

2152 794 2294 847 eitur
2313 791 2382 846 de
2401 790 2713 859 suspendio.
2735 790 2789 844 In
2815 786 2897 843 his
2911 788 3161 844 omnibus
3180 801 3284 841 non
3308 795 3484 853 erant,
3502 785 3594 840 sed
3615 786 3744 855 quia

2156 883 2357 938 tatibus
2387 882 2595 937 meritis
2622 882 2940 950 agebantur,
2982 889 3041 933 ut
3071 879 3173 934 nisi
3210 878 3529 932 subventum
3566 880 3744 945 esset,

2157 975 2231 1031 ibi
2260 984 2461 1031 essent.
2494 974 2622 1030 Inde
2644 982 2793 1029 recte
2822 973 3073 1028 dicuntur
3095 960 3313 1027 liberati
3344 985 3451 1039 quo
3472 986 3566 1039 per
3613 970 3749 1024 libe—

2168 1074 2378 1121 ratores
2406 1080 2533 1120 suos
2565 1080 2668 1118 non
2719 1074 2845 1118 sunt
2882 1062 3126 1132 permissi
3159 1061 3397 1132 perduci.
3426 1061 3586 1130 Ergo,
3632 1058 3751 1112 fra-

2163 1164 2298 1218 tres,
2350 1156 2464 1208 sive
2512 1154 2664 1219 illttd,
2691 1154 2806 1208 sive
2849 1152 2977 1206 illud
3019 1152 3107 1214 sit,
3137 1151 3224 1206 hie
3268 1166 3355 1205 tne
3393 1160 3752 1206 serutatorem

2161 1243 2313 1299 verbi
2348 1244 2477 1310 Dei,
2510 1260 2614 1297 non
2653 1244 2996 1299 temerarium
3045 1240 3431 1296 affirmatorcm
3478 1242 3752 1297 teneatis:

2164 1335 2230 1389 Et
2247 1335 2433 1391 eruisti
2461 1335 2694 1389 animam
2726 1349 2901 1389 meam
2926 1348 2992 1389 ea
3021 1331 3233 1388 inferno
3259 1331 3528 1388 inferiore.

2783 1483 3011 1540 CAPUT
3048 1483 3113 1540 C.

2166 1595 2276 1667 64
2303 1596 2455 1663 Quod
2483 1597 2534 1649 in
2560 1593 2741 1667 Genesi
2771 1596 2916 1649 tertio
2942 1594 3233 1667 insinuatur
3259 1592 3486 1667 Spiritus
3513 1605 3757 1656 sanctus,

2386 1683 2448 1721 ex
2477 1668 2649 1720 eodem
2685 1665 2811 1719 libro
2836 1667 3185 1732 Quaestionum
3216 1666 3270 1718 in
3302 1664 3506 1718 Genesi.

490 1807 641 1869 parte
668 1798 895 1861 inferni,
927 1808 1009 1852 est
1053 1795 1195 1849 aliud
1239 1794 1461 1849 inferius
1491 1808 1595 1861 quo
1636 1797 1794 1846 erunt
1846 1787 2064 1851 mortui,

2243 1799 2488 1869 Nunquid
2540 1800 2845 1854 invenimus
2892 1799 3166 1854 hominem
3219 1800 3376 1853 talem
3415 1798 3505 1868 qui
3562 1798 3763 1853 habent

490 1893 632 1946 unde
661 1892 825 1946 voluit
857 1891 995 1945 Deus
1034 1902 1225 1942 eruere
1256 1888 1461 1945 animas
1494 1894 1718 1948 nostras,
1750 1883 1908 1935 etiam
1942 1880 2070 1933 illuc

491 1986 751 2041 mittendo
781 1984 968 2038 Filium
995 1997 1173 2035 suum.
1212 1979 1445 2043 Etenim,
1479 1979 1690 2041 fratres,
1720 1985 1937 2045 pr0pter
1969 1974 2069 2026 ista

491 2078 596 2132 duo
623 2076 827 2132 inferna
873 2076 1070 2129 missus
1098 2082 1179 2128 est
1211 2072 1378 2125 Filius
1413 2071 1503 2125 Dei
1550 2070 1785 2137 undique
1816 2067 2069 2131 liberans,

492 2152 691 2221 ad'hoc
738 2165 1007 2221 infernum
1052 2163 1245 2215 missus
1282 2172 1364 2215 est
1393 2160 1677 2225 nascendo,
1709 2159 1773 2212 ad
1798 2156 1927 2212 illud
1956 2171 2071 2211 mo-

494 2258 701 2312 riendo.
732 2257 1019 2326 Propterea
1053 2270 1150 2307 vox
1196 2252 1312 2322 ejus
1350 2254 1512 2307 estin
1560 2252 1651 2306 illo
1692 2250 1921 2321 psalmo,
1966 2263 2075 2303 non

495 2363 760 2418 quoquam
810 2346 1026 2401 homine
1076 2344 1415 2413 conjiciente,
1450 2344 1543 2398 sed
1598 2342 1857 2411 Apostolo
1904 2356 2075 2410 expo-

470 2451 679 2505 rnente,
709 2438 796 2493 ubi
828 2438 936 2505 ait:
985 2438 1248 2504 Quoniam
1297 2449 1402 2490 non
1451 2435 1794 2504 derelinques
1836 2433 2073 2486 animam

500 2546 673 2587 meam
704 2532 756 2585 in
801 2529 1032 2585 inferno.
1068 2529 1208 2598 Ergo
1253 2536 1345 2583 aut
1399 2527 1565 2596 ipsius
1592 2543 1691 2580 vox
1735 2537 1817 2580 est
1858 2533 1914 2577 et
1942 2524 2073 2579 hic:

500 2626 696 2681 Eruisti
732 2624 963 2678 animam
994 2636 1165 2676 meam
1194 2637 1261 2676 ex
1296 2620 1507 2675 inferno
1541 2619 1833 2675 inferiore:
1866 2625 1958 2672 aut
1984 2630 2081 2671 no-

499 2728 610 2771 stra
642 2731 744 2769 vos
793 2729 889 2783 per
937 2713 1109 2782 ipsum
1153 2711 1425 2766 Christum
1478 2712 1759 2765 Dominum
1804 2720 2077 2771 nostrum,

500 2806 626 2877 quia
656 2806 776 2861 ideo
798 2805 887 2861 ille
918 2805 1161 2874 pervenit
1184 2803 1435 2873 usquead
1463 2804 1754 2869 infernum,
1780 2819 1847 2858 ne
1870 2818 1967 2857 nos
1996 2816 2081 2856 re-

504 2910 842 2951 maneremus
868 2896 919 2949 in
962 2894 1193 2950 inferno.
1233 2894 1406 2950 Aliam
1450 2896 1611 2949 etiam
1661 2895 1966 2963 opinionem
1993 2893 2080 2947 di-

503 3003 645 3050 cam,
688 2986 930 3041 fortassis
977 2986 1120 3041 enint
1168 2986 1307 3056 apud
1356 2985 1499 3056 ipsos
1547 2985 1747 3040 inferos
1783 2996 1866 3040 est
1908 2984 2085 3054 aliqua

506 3095 629 3149 pars
658 3079 897 3144 inferior,
923 3093 1028 3145 quo
1054 3077 1338 3132 truduntur
1360 3077 1507 3147 itnpii
1535 3077 1622 3147 qui
1652 3078 1934 3146 plurimum
1966 3091 2084 3145 pec-

2173 1893 2419 1961 spiritum
2460 1893 2549 1947 Dei
2582 1893 2636 1946 in
2669 1907 2749 1947 se.
2802 1892 2939 1947 Ecce
2969 1892 3078 1962 jam
3112 1891 3213 1946 nisi
3246 1891 3403 1946 fallor
3435 1892 3590 1947 tertio
3636 1894 3762 1946 insT-

2177 1996 2372 2037 nuntur
2403 1983 2557 2037 nobis
2608 1984 2659 2037 in
2695 1984 2793 2038 hoc
2825 1984 2960 2038 libro
3001 1983 3229 2050 Spiritus
3277 1994 3525 2049 sanctus,
3576 1983 3629 2037 id
3684 1994 3763 2037 est

2176 2075 2396 2143 spiritus
2445 2072 2583 2128 Dei:
2630 2074 2801 2143 primo
2837 2073 3022 2145 [enim]
3055 2074 3140 2128 ubi
3186 2074 3390 2127 dictum
3420 2083 3501 2127 est
3543 2075 3765 2142 spiritus

2176 2165 2269 2218 Dei
2302 2180 2462 2233 super
2485 2180 2685 2232 aquas;
2714 2165 2950 2220 secundo
2983 2166 3069 2219 ubi
3108 2166 3241 2219 dixit
3272 2165 3449 2220 Deus:
3484 2165 3597 2219 Non
3636 2180 3761 2233 per-

2180 2258 2419 2311 manebit
2462 2257 2683 2326 spiritus
2735 2272 2893 2312 rneus
2945 2258 2996 2311 in
3039 2257 3342 2311 hominibus
3386 2258 3500 2311 istis
3548 2266 3766 2324 pr0pter

2181 2347 2323 2417 quod
2354 2362 2544 2403 carnes
2570 2358 2722 2414 sunt;
2748 2358 2803 2402 et
2829 2348 2984 2402 tertio
3027 2362 3169 2402 nunc
3204 2346 3347 2416 quod
3391 2346 3596 2401 Pharao
3638 2346 3767 2400 dicit

2180 2440 2247 2494 de
2283 2438 2482 2507 Joseplt
2504 2480 2519 2501 ,
2553 2452 2675 2494 esse
2695 2438 2940 2510 spiritum
2962 2437 3055 2495 Dei
3083 2438 3136 2493 in
3163 2437 3285 2503 illo;
3318 2436 3551 2493 nondum
3584 2446 3767 2491 tamen

2185 2530 2408 2601 legimus
2438 2529 2693 2597 Spiritum
2719 2537 2984 2585 sanctum.

2799 2670 3024 2727 CAPUT
3061 2669 3150 2726 Cl.

2188 2782 2454 2852 Quomodo
2478 2782 2865 2852 intelligendum
2892 2784 2958 2836 sit
2988 2794 3059 2836 tot
3085 2784 3285 2837 animos
3312 2784 3494 2837 exiisse
3519 2784 3582 2835 de
3610 2782 3771 2849 fema-

2221 2852 2361 2905 ribus
2381 2850 2575 2906 Jacob:
2603 2850 2663 2905 ac
2691 2855 2752 2906 de
2779 2854 3108 2907 decimaione
3139 2854 3295 2919 Levi;
3316 2856 3565 2907 exeodem
3583 2856 3738 2907 libro.

2257 2967 2410 3035 Quod
2433 2966 2561 3021 dicit
2594 2966 2869 3036 Scriptura
2912 2976 2992 3020 tot
3021 2967 3228 3021 animas
3256 2966 3527 3036 peperisse
3576 2966 3725 3020 Liatn
3756 3007 3769 3029 ,

2186 3062 2273 3116 vel
2318 3071 2396 3115 tot
2425 3071 2515 3114 aut
2546 3068 2624 3114 tot
2663 3061 2869 3114 animas
2898 3060 3094 3115 exiisse
3137 3060 3204 3114 de
3247 3059 3539 3114 femoribus
3583 3059 3772 3123 Jacoli,

508 3180 783 3235 caverunt,
805 3171 1002 3225 etenim
1025 3170 1167 3238 apud
1195 3170 1395 3225 inferos
1422 3180 1599 3227 utrum
1631 3170 1683 3224 in
1717 3170 1848 3224 locis
1873 3169 2089 3239 quibtts-
2115 3165 2163 3229 C
2193 3154 2479 3210 Videndum
2518 3162 2602 3209 65‘
2644 3152 2769 3222 (Ιιιῖά
2816 3152 2939 3206 Μηε
2982 3152 3370 3219 respondeam"
3410 3152 3489 3206 eis
3530 3150 3620 3219 (Ιηί
3675 3152 3773 3206 Ιιοε

508 3264 632 3317 dam
661 3262 766 3331 jam
803 3262 987 3315 fuisset
1025 3261 1293 3315 Abraham
1324 3277 1429 3323 non
1460 3262 1590 3315 satis
1634 3274 1922 3330 pos~umus
1948 3260 2086 3314 defi-

511 3356 646 3408 nire.
675 3353 921 3407 Nondum
962 3353 1106 3406 enim
1156 3352 1411 3407 Dominus
1453 3361 1670 3406 venerat
1703 3352 1768 3406 ad
1800 3353 2087 3419 infernum,

513 3452 569 3495 ut
617 3452 828 3497 erueret
868 3442 995 3496 inde
1038 3442 1276 3496 omnium
1322 3452 1625 3496 sanctorum
1676 3443 2087 3511 praacedentium

514 3533 743 3597 animas,
774 3541 832 3588 et
872 3541 1047 3587 tamen
1096 3532 1362 3587 Abraham
1410 3533 1464 3587 in
1508 3534 1689 3603 requie
1735 3534 1805 3587 ibi
1854 3544 1989 3589 erat.
2025 3535 2091 3588 Et

514 3624 731 3693 quidam
753 3623 905 3678 dives
934 3638 1055 3677 eum
1080 3632 1416 3690 torqueretur
1442 3624 1581 3691 apud
1614 3623 1831 3687 inferos,
1863 3639 1984 3678 cum
2013 3625 2090 3678 vi-

515 3718 666 3771 deret
696 3715 990 3781 Abraham,
1027 3715 1224 3769 levavit
1270 3715 1475 3769 oculos.
1506 3714 1622 3769 Non
1652 3730 1772 3770 eum
1805 3724 1987 3785 posset
2016 3715 2091 3769 le-

517 3808 657 3864 vatis
683 3808 854 3861 oculis
881 3806 1083 3870 videre,
1114 3805 1214 3861 n'si
1242 3814 1387 3861 esset
1422 3805 1511 3861 ille
1537 3807 1804 3875 superius,
1831 3806 1918 3861 ille
1950 3806 2089 3861 infe-

516 3900 661 3965 rius;
692 3909 743 3953 et
774 3898 899 3969 quid
930 3899 978 3954 ei
1028 3897 1303 3967 respondit
1348 3896 1651 3961 Abraham,
1685 3913 1806 3952 curn
1848 3898 2086 3953 diceret:

516 3993 675 4047 Pater
700 3990 993 4057 Abraham,
1033 3992 1186 4045 mitte
1227 3990 1481 4044 Lazarum
1511 3999 1571 4044 ut
1608 3991 1833 4061 iutingat
1863 3992 2090 4062 digitum

516 4095 672 4135 suum
696 4089 751 4135 et
774 4080 940 4135 stillet
964 4081 1014 4134 in
1041 4072 1269 4149 linguam
1300 4094 1473 4134 meam
1500 4081 1771 4149 quoniam,
1804 4081 2015 4136 crucior
2035 4082 2089 4136 in

515 4171 617 4226 hac
639 4172 884 4225 flamma:
922 4171 1040 4237 Fili,
1070 4172 1163 4231 ait,
1192 4181 1463 4225 memento
1489 4170 1613 4240 quia
1638 4173 1917 4240 percepisti
1951 4172 2090 4227 bona

517 4263 571 4316 in
603 4261 707 4316 vita
737 4270 849 4327 tua,
876 4261 1107 4316 Lazarus
1129 4270 1307 4317 autem
1330 4262 1466 4315 mala
1491 4278 1505 4325 ;
1527 4278 1668 4316 nunc
1691 4272 1867 4317 autern
1898 4262 1984 4318 hic
2006 4278 2092 4319 re-

516 4354 765 4423 quiescit,
799 4363 854 4408 tu
883 4369 1014 4409 vero
1044 4354 1329 4422 torqueris.
1361 4354 1425 4407 Et
1458 4369 1622 4422 super
1654 4354 1769 4409 ham
1796 4355 1869 4408 ait
1902 4374 1913 4407 :
1948 4356 2092 4410 Inter

517 4461 613 4502 vos
633 4456 689 4502 et
718 4462 815 4501 nos
857 4446 1021 4500 chaos
1048 4460 1298 4514 magnum
1330 4445 1592 4499 firmatum
1624 4456 1729 4511 est,
1760 4454 1819 4501 ut
1848 4461 1945 4500 uec
1992 4462 2090 4501 nos

2195 3246 2502 3301 testimonio
2536 3244 2843 3315 confirmari
2891 3245 3151 3310 nituntur,
3185 3261 3213 3298 a
3266 3243 3574 3314 parentibus
3617 3243 3774 3297 simul

2193 3340 2399 3395 animas
2427 3354 2547 3393 cum
2576 3340 2894 3407 corporibus
2932 3337 3246 3408 propagari,
3279 3339 3486 3391 animas
3524 3336 3671 3392 enim
3694 3338 3771 3391 di-

2191 3445 2308 3490 ctas
2340 3449 2436 3504 pro
2465 3433 2770 3486 hominibus
2803 3446 2831 3484 a
2858 3440 3012 3499 parte
3036 3441 3203 3487 totum
3244 3432 3577 3501 significante
3628 3430 3771 3484 loeu-

2194 3528 2362 3592 tione,
2390 3525 2568 3579 nullus
2590 3524 2830 3593 ambigit.
2862 3524 2966 3577 Sed
2995 3526 3264 3592 quomodo
3286 3524 3453 3593 ipsam
3486 3533 3690 3593 partem
3715 3537 3773 3575 es

2194 3633 2301 3688 quo
2330 3627 2498 3672 tatum
2527 3622 3004 3670 commemoratum
3034 3623 3137 3677 est,
3171 3614 3271 3669 hoc
3301 3625 3383 3668 est
3410 3614 3641 3666 animam
3686 3628 3772 3665 cu-

2194 3708 2283 3776 jus
2304 3707 2521 3761 nomine
2546 3714 2688 3759 totus
2721 3704 2880 3759 homo
2902 3703 3229 3773 significatus
3252 3712 3354 3769 est,
3388 3702 3593 3757 alienus
3620 3702 3690 3755 ab
3712 3718 3775 3756 eo

2194 3800 2335 3871 quod
2358 3800 2560 3855 dictum
2588 3806 2694 3863 est,
2729 3797 2880 3852 exire
2908 3797 2975 3851 de
3006 3796 3300 3852 femoribus
3324 3797 3461 3865 ejus,
3492 3806 3549 3850 ut
3584 3811 3775 3849 carnes

2196 3903 2401 3949 tantum
2431 3908 2495 3948 ex
2524 3892 2615 3946 illo
2644 3899 2818 3956 natas,
2842 3890 3084 3958 quamvis
3115 3888 3245 3943 sola:
3272 3888 3463 3943 anima:
3494 3889 3773 3942 nominen-

2196 3998 2281 4040 tur
2307 3986 2652 4053 accipiamus,
2681 3980 2953 4048 qumrendi
2984 3989 3107 4035 sunt
3138 3981 3469 4036 locutionum
3506 3981 3650 4034 modi
3694 3995 3778 4034 se-

2194 4082 2423 4136 cundum
2449 4082 2775 4148 Scripturas.

2266 4172 2518 4237 Quamvis
2540 4172 2737 4224 nullius
2768 4170 3002 4224 hominis
3040 4167 3215 4222 anima
3246 4167 3317 4219 sit
3356 4166 3407 4218 in
3440 4164 3637 4219 lumbis
3683 4178 3776 4231 pa-

2203 4262 2302 4315 tris
2328 4264 2437 4327 sui,
2463 4261 2759 4335 secundum
2787 4275 3025 4322 carnem,
3045 4269 3222 4314 tamen
3250 4257 3304 4310 in
3326 4256 3523 4309 lumbis
3552 4255 3776 4309 Ahraltre

2196 4353 2546 4406 constitutum
2597 4350 2758 4413 Levi,
2809 4350 3161 4412 decimatum,
3204 4357 3257 4400 et
3310 4347 3379 4400 ibi
3427 4346 3776 4399 constitutum

2198 4441 2489 4495 secundum
2515 4456 2729 4496 carnem
2752 4440 3026 4494 Christum
3056 4454 3163 4491 non
3188 4438 3536 4492 dccimatum.
3573 4436 3776 4491 Secun-

519 4541 781 4609 possimus
806 4538 991 4593 venire
1014 4538 1079 4592 ad
1122 4553 1237 4599 vos,
1281 4553 1380 4592 nec
1410 4538 1533 4591 inde
1577 4537 1768 4607 aliquis
1810 4537 1993 4593 venire
2023 4538 2088 4593 ad
2117 4537 2167 4596 ι)
2196 4532 2319 4584 dum
2350 4534 2608 4585 rationem
2631 4532 2826 4601 quippe
2855 4530 2999 4583 illam
3034 4528 3343 4583 semiualem
3377 4527 3449 4582 ibi
3490 4526 3586 4580 fuit
3618 4526 3773 4587 Levi,

517 4643 633 4683 nos.
673 4629 811 4699 Ergo
834 4629 973 4684 inter
1002 4630 1103 4682 ista
1130 4629 1355 4683 fortasse
1382 4628 1487 4682 duo
1514 4628 1719 4683 inferna
1738 4670 1753 4695 ,
1779 4645 2003 4699 quorum
2037 4633 2089 4685 in

517 4736 623 4773 uno
653 4721 971 4788 quieverunt
998 4720 1189 4774 anima:
1222 4720 1510 4787 iustorum,
1541 4721 1591 4773 in
1621 4720 1792 4774 altero
1839 4729 2088 4789 torquem

517 4820 601 4862 tur
630 4810 820 4863 animae
862 4810 1166 4875 impiorum,
1212 4807 1496 4862 attendens
1532 4809 1745 4877 quidam
1779 4824 1942 4888 orans
1978 4809 2087 4876 hic,

515 4899 622 4966 jam
654 4898 743 4952 hic
781 4900 832 4951 in
855 4913 1080 4969 corpore
1116 4898 1313 4953 Christi
1344 4900 1570 4968 positus,
1600 4909 1652 4953 et
1681 4914 1841 4953 orans
1880 4902 1931 4953 in
1958 4914 2091 4954 voce

515 4990 709 5044 Christi
756 4990 960 5045 eruisse
998 4991 1279 5045 Dominum
1320 4992 1549 5045 animam
1581 5006 1732 5045 suam
1781 4992 1848 5046 ab
1884 4991 2091 5048 inferno

518 5078 790 5145 inferiore,
814 5078 948 5132 dixit
971 5081 1094 5148 quia
1118 5080 1363 5134 liberavit
1385 5096 1443 5135 se
1471 5095 1501 5132 a
1520 5081 1714 5135 talibus
1742 5082 1975 5149 peccatis
1999 5098 2094 5151 per

516 5183 635 5236 quae
663 5176 843 5237 posset
889 5166 1082 5222 deduci
1126 5167 1191 5222 ad
1242 5176 1507 5223 tormenta
1554 5167 1747 5223 inferni
1801 5169 2091 5225 inferioris.

516 5257 973 5323 Quemadmodum
1019 5258 1064 5312 si
1096 5259 1337 5312 medicus
1366 5258 1546 5313 videat
1587 5260 1679 5316 tibi
1729 5260 2093 5316 imminentem

516 5348 890 5418 aegritudinem
924 5347 1062 5402 forte
1091 5362 1154 5401 ex
1188 5348 1368 5416 aliquo
1400 5348 1581 5402 labore
1602 5392 1616 5414 ,
1649 5359 1702 5404 et
1731 5349 1904 5415 dicat,
1938 5366 2095 5418 parce

520 5436 638 5499 tibi,
669 5436 746 5489 sic
778 5445 830 5489 te
856 5444 1047 5498 tracta,
1074 5424 1370 5503 requiesce,
1405 5435 1489 5489 his
1517 5437 1652 5490 cibis
1685 5446 1873 5493 utere:
1908 5454 2027 5492 nam
2053 5442 2097 5494 si

520 5546 629 5583 non
659 5529 870 5593 feceris,
902 5530 1221 5599 aegrotabis;
1252 5538 1309 5582 tu
1340 5537 1518 5582 autem
1549 5530 1594 5582 si
1627 5529 1820 5585 feceris
1844 5541 1897 5584 et
1918 5532 2100 5588 salvus

502 5615 685 5683 fueris,
706 5630 849 5673 recte
871 5619 1005 5673 dicis
1023 5618 1253 5681 medico,
1277 5618 1543 5673 Liberasti
1568 5634 1654 5673 me
1676 5620 1742 5673 ab
1762 5621 2097 5689 mgritudine,

521 5724 628 5762 non
658 5712 834 5781 inqua
861 5716 969 5780 jam
995 5728 1134 5778 eras,
1167 5710 1261 5767 sed
1289 5712 1341 5767 in
1362 5725 1515 5780 quam
1549 5706 1696 5781 [qua]
1725 5709 1927 5765 futurus
1960 5728 2098 5768 eras.

2197 4640 2299 4694 qua
2341 4625 2549 4679 ratione
2588 4639 2680 4692 per
2716 4623 3055 4678 concubitum
3100 4632 3352 4677 venturus
3398 4630 3513 4676 erat
3557 4622 3611 4675 in
3669 4636 3776 4673 ma-

2200 4727 2356 4781 trem,
2391 4716 2683 4770 secundum
2708 4729 2866 4785 quam
2899 4716 3161 4770 rationem
3190 4730 3294 4768 non
3328 4714 3393 4767 ihi
3423 4723 3540 4768 erat
3577 4713 3774 4767 Christi

2197 4823 2343 4872 caro,
2367 4808 2616 4877 quamvis
2640 4807 2934 4861 secundum
2955 4808 3121 4874 ipsam
3148 4804 3216 4859 ibi
3242 4804 3401 4858 fuerit
3422 4804 3602 4857 Mariae
3629 4819 3776 4857 caro.

2197 4901 2528 4970 Quapropter
2558 4916 2655 4955 nec
2687 4900 2809 4955 Levi
2841 4915 2940 4954 nec
2972 4899 3214 4953 Christus
3244 4898 3294 4951 in
3326 4897 3518 4951 lumbis
3548 4897 3780 4950 Ahraha:

2197 4995 2494 5049 secundum
2527 4993 2782 5055 animam,
2814 4992 3108 5046 secundum
3146 5005 3361 5045 carnem
3401 5004 3551 5055 vero,
3579 5000 3631 5042 et
3656 4987 3778 5041 Levi

2199 5093 2253 5139 et
2296 5083 2566 5138 Christus.
2618 5082 2723 5137 Sed
2780 5082 2905 5136 Levi
2962 5080 3252 5136 secundum
3295 5078 3777 5146 concupiscentiam

2200 5175 2492 5237 carnalem,
2523 5175 2766 5230 Christus
2795 5183 2973 5227 autem
3002 5173 3300 5227 secundum
3339 5172 3507 5227 solam
3534 5172 3779 5224 substan-

2203 5266 2327 5318 tiam
2350 5266 2703 5333 corporalem.
2731 5264 2864 5317 Cum
2886 5264 3028 5317 enim
3051 5264 3119 5316 sit
3149 5264 3202 5316 in
3240 5263 3445 5317 semine
3474 5273 3527 5315 et
3558 5259 3778 5313 visibilis

2200 5353 2528 5421 corpulentia
2571 5365 2625 5405 et
2674 5352 2958 5405 invisibilis
3004 5353 3163 5414 ratio,
3210 5364 3490 5419 utrumqoe
3546 5350 3779 5403 cucurrit

2204 5441 2518 5513 [concurrit]
2535 5458 2600 5496 es
2624 5443 2890 5496 Abraham
2915 5444 2997 5496 vel
3020 5442 3178 5494 etiam
3201 5457 3267 5495 ex
3285 5443 3401 5510 ipso
3418 5440 3587 5493 Adam
3614 5453 3780 5506 usque

2205 5533 2271 5585 ad
2301 5548 2500 5601 corpus
2531 5534 2727 5597 Mariae,
2760 5533 2885 5601 quia
2912 5543 2962 5586 et
2986 5534 3154 5600 ipsum
3188 5548 3251 5585 eo
3286 5531 3441 5585 modo
3463 5539 3778 5595 conceptum

2212 5631 2269 5676 et
2296 5634 2542 5676 exortum
2573 5632 2671 5686 est,
2702 5621 2947 5677 Christus
2976 5632 3150 5676 autem
3177 5623 3434 5676 visibilem
3454 5622 3629 5675 carnis
3655 5620 3768 5672 sub

2207 5717 2454 5771 Slanliam
2486 5716 2551 5770 de
2580 5730 2738 5770 carne
2785 5714 3005 5786 virginis
3045 5718 3294 5785 sumpsit,
3325 5715 3460 5770 ratio
3489 5728 3615 5769 vero
3644 5728 3770 5766 con-
