3974 6184
302 272 409 325 723

1569 274 2000 332 TllESAUltUS.
2044 274 2199 333 CAP.
2243 280 2348 333 (‘IL

3453 293 3555 345 7H

300 381 564 453 ceptionis
590 382 724 449 ejus,
761 396 864 435 non
896 397 921 432 a
952 384 1154 437 semine
1188 384 1345 447 vit-ili,
1396 386 1487 437 Sed
1545 388 1699 448 longe
1727 384 1882 437 aliter
1914 388 1960 444 Α
1988 400 2106 452 gam
2136 388 2178 441 si
2213 389 2380 455 potuit
2412 400 2461 443 et
2491 392 2555 444 de
2583 393 2751 446 anima
2778 394 2897 449 ﬁeri
2950 398 3089 465 quod
3138 412 3255 451 cum
3287 399 3351 451 de
3398 416 3559 456 carne

300 492 364 529 ac
392 474 623 541 desuper
654 476 815 528 venit.
872 475 1100 529 Proinde
1155 477 1449 530 secundum
1496 480 1594 531 hoc
1631 478 1773 544 quod
1815 480 1881 531 de

296 576 475 623 matre
498 566 722 631 accepit,
755 566 914 619 etiam
946 566 997 619 in
1031 566 1225 619 lumbis
1255 568 1479 621 Abrabm
1536 570 1647 620 luit.
1688 568 1779 622 Ille
1800 580 1880 622 est

295 670 430 727 ergo
453 654 653 727 [igitur]
684 654 983 709 decimatus
1014 655 1065 708 in
1092 656 1379 720 Abraham,
1412 658 1498 724 qui
1534 657 1651 710 licet
1684 672 1878 709 seetm-

292 746 427 799 dum
457 759 670 800 carnem
705 754 932 809 tantum,
968 747 1046 798 sic
1098 755 1272 798 tamen
1309 746 1406 799 fuit
1435 747 1483 798 in
1519 747 1707 799 lumbis
1738 746 1877 813 ejus,

252 888 259 893 ,
294 837 747 905 quemadmodum
780 836 832 889 in
867 836 946 889 sui
978 836 1142 903 patris
1167 836 1329 890 etiam
1358 836 1470 901 ipse
1495 838 1785 899 Abraham,
1824 836 1873 888 id

291 940 383 984 est
419 930 614 997 quisic
642 938 724 981 est
746 937 900 981 natus
922 928 986 980 de
1021 935 1171 995 patre
1215 928 1480 980 Abraham
1531 928 1876 993 quemadmo-

292 1018 421 1072 dum
462 1018 529 1072 de
560 1033 653 1070 sua
672 1024 820 1084 patre
850 1027 1006 1070 natus
1029 1027 1112 1070 est
1134 1016 1423 1079 Abraham,
1451 1032 1539 1084 p'r
1571 1017 1738 1085 legem
1772 1018 1875 1070 sci-

294 1111 421 1164 licet
451 1110 502 1163 in
532 1107 784 1177 membris
826 1116 1217 1177 repugnantem
1260 1108 1359 1177 legi
1392 1109 1586 1162 mentis
1610 1118 1663 1162 et
1694 1108 1873 1160 invisi-

294 1200 458 1252 bilem
490 1199 1003 1265 concupiscentiam,
1036 1198 1279 1265 quamvis
1312 1213 1429 1252 eam
1460 1206 1607 1251 casta
1637 1210 1690 1250 et
1734 1200 1870 1252 bona

291 1288 408 1357 jura
436 1288 743 1356 nuptiarum
776 1301 878 1340 non
919 1288 1093 1340 sinant
1149 1287 1350 1350 valere,
1382 1287 1482 1340 nisi
1523 1298 1774 1356 quantum
1804 1305 1867 1340 ex

288 1396 355 1433 ea
389 1387 610 1449 possunt
641 1380 821 1447 generi
850 1377 1226 1432 substituendo
1272 1379 1592 1446 prOSpicere.
1620 1360 1734 1431 Non
1777 1394 1868 1431 au-

289 1482 397 1525 tem
424 1484 475 1524 et
505 1471 592 1524 ille
618 1471 686 1524 ibi
717 1469 1010 1524 decimatns
1034 1476 1117 1523 est
1138 1467 1289 1537 cujus
1318 1483 1445 1522 caro
1473 1466 1594 1525 inde
1634 1482 1738 1522 non
1767 1472 1865 1522 ter-

292 1578 482 1616 vnrem
540 1562 795 1626 vulneris,
828 1562 920 1616 sed
952 1560 1228 1615 materiem
1269 1561 1635 1617 meditaminis
1685 1563 1863 1615 traxit.

286 1652 423 1705 Nam
455 1667 573 1705 eum
624 1653 734 1719 ipsa
761 1649 1047 1705 decimatio
1077 1650 1140 1705 ad
1172 1650 1613 1719 prteﬁgurandam
1646 1651 1863 1705 medici-

285 1758 409 1794 nam
446 1742 777 1805 pertinuerit,
821 1740 950 1794 illud
986 1743 1034 1794 in
1066 1740 1292 1794 Abrahae
1324 1755 1483 1795 carne
1506 1741 1867 1796 dccimabatur
1903 1745 1943 1800 Β

281 1830 429 1887 quod
485 1830 787 1883 iurabatur.
824 1830 1021 1883 Eadem
1070 1844 1297 1899 namque
1347 1844 1472 1883 caro
1506 1846 1609 1885 non
1640 1831 1867 1885 Abrahze

281 1931 492 1974 tantum
523 1962 537 1980 ,
569 1922 661 1974 scd
696 1921 860 1987 ipsius
891 1920 1048 1987 primi
1094 1920 1400 1989 terrenique
1433 1920 1681 1989 hominis,
1709 1922 1864 1977 simul

282 2013 314 2063 b
342 2016 403 2063 tb-
432 2014 514 2063 bat
549 2023 601 2066 et
630 2011 822 2065 vulnus
852 2010 1306 2079 prtevaricationis
1346 2022 1394 2065 et
1421 2013 1863 2068 medicamentum

285 2114 463 2155 \‘n‘ne‘
482 2103 526 2155 is
558 2122 567 2151 :
598 2102 788 2155 \ulous
813 2100 1259 2169 praevaricationis
1288 2100 1340 2155 in
1366 2102 1481 2171 lege
1503 2104 1862 2158 membrorum

279 2208 618 2268 repugnante
652 2199 752 2263 legi
788 2198 997 2261 tuentis,
1042 2210 1161 2265 qure
1187 2212 1279 2263 per
1308 2211 1522 2251 omnem
1576 2196 1701 2252 inde
1743 2212 1864 2264 pro-

278 2300 525 2359 pagatam
556 2304 774 2341 carnem
808 2288 1050 2341 scminali
1109 2288 1318 2341 ratione
1351 2288 1504 2355 quasi
1552 2287 1861 2341 transcribi-

278 2395 396 2447 tur;
441 2383 887 2436 medicamentum
920 2389 1096 2433 autem
1131 2379 1372 2433 vulneris
1397 2382 1449 2432 in
1477 2395 1542 2434 eo
1573 2380 1709 2448 quod
1740 2380 1861 2434 inde

276 2478 398 2529 sine
428 2490 591 2542 Opere
621 2472 1095 2542 ccticupiscentiali
1116 2472 1167 2525 in
1186 2472 1295 2525 sola
1322 2473 1541 2527 materia
1570 2473 1857 2540 corporali,

276 2582 374 2634 per
402 2566 633 2618 dixinam
664 2563 1029 2629 conceptionis
1082 2562 1522 2632 formationisque
1575 2565 1855 2627 rationem,

273 2659 345 2711 de
372 2656 575 2725 virgine
606 2663 937 2720 assumptum
988 2662 1093 2716 est,
1151 2662 1371 2721 prepter
1401 2653 1588 2706 mortis
1620 2654 1735 2708 sine
1763 2654 1858 2707 ini-

272 2750 478 2815 quitate
525 2748 875 2811 eonsort‘um,
909 2754 963 2798 et
998 2744 1111 2797 sine
1165 2742 1393 2797 falsitate
1444 2744 1857 2798 resurrectionis

270 2840 603 2906 exempium.
636 2838 995 2905 Quapropter,
1052 2836 1192 2904 quod
1225 2834 1400 2888 anima
1423 2834 1622 2889 Christi
1654 2850 1755 2887 non
1788 2837 1855 2889 sit

272 2953 338 2989 ex
374 2933 596 2988 traduce
625 2933 815 2984 anima:
850 2931 987 2983 illius
1018 2930 1200 2998 primm
1246 2926 1703 2997 prmvaricatrieis,
1731 2939 1855 2998 puto

274 3027 416 3093 quod
450 3025 603 3077 etiam
639 3022 735 3089 ipsi
765 3022 853 3090 qtti
888 3020 1183 3074 animarum
1234 3019 1503 3073 traducem
1535 3018 1849 3084 defendunt,

1990 477 2287 530 dict-remus
2320 479 2536 533 forsitan
2575 483 2898 538 intellectum
2929 488 3032 550 sit,
3065 489 3135 540 ita
3162 498 3214 540 et
3244 489 3311 540 de
3340 492 3556 543 traduce

1983 566 2155 619 anima
2205 567 2396 621 Christi
2452 581 2503 622 ut
2550 586 2730 625 secum
2766 575 2937 628 labem
2992 577 3441 643 prmvtiriCationis
3470 589 3554 631 at-

1984 656 2221 709 traxerit.
2251 658 2305 711 Si
2348 669 2525 713 autem
2557 662 2677 715 sine
2727 664 2828 716 isto
2871 674 3017 717 reatu
3064 682 3170 719 non
3211 676 3387 734 posset
3431 666 3554 721 inde

1980 756 2121 808 esse,
2155 760 2258 797 non
2288 758 2369 800 est
2409 749 2551 802 inde.
2601 751 2716 804 .Iam
2771 753 2838 805 de
2893 764 3205 808 exterarum
3259 759 3549 810 animarum

1978 835 2209 886 adventu
2240 844 2417 890 utrum
2446 852 2511 891 ex
2542 842 2848 906 parentibus
2876 859 2940 896 an
2968 845 3193 913 desuper
3222 848 3311 909 sit,
3338 850 3551 901 vincant

1977 924 2064 991 qui
2114 929 2405 993 potuerint,
2458 945 2556 998 ego
2586 932 2759 986 adhuc
2790 934 2928 989 inter
2960 946 3210 1005 utrosque
3257 938 3466 1006 ambigo
3494 947 3549 990 et

1976 1029 2215 1081 moveor,
2250 1019 2536 1086 aliquando
2561 1021 2660 1089 sic,
2687 1024 2968 1093 aliquando
2998 1036 3102 1079 aut.
3125 1044 3172 1079 m
3196 1029 3290 1091 sic,
3310 1030 3464 1082 salvo
3482 1043 3546 1081 eo

1974 1105 2253 1174 duntaxat,
2291 1120 2346 1162 ut
2382 1112 2464 1164 vel
2505 1126 2699 1180 corpus
2749 1130 2870 1168 esse
2915 1118 3162 1182 animam,
3207 1121 3285 1172 vel
3317 1119 3543 1188 aliquam

1972 1213 2284 1265 corpoream
2316 1203 2622 1270 qualitatem
2655 1206 2767 1260 sive
2798 1210 3209 1275 coapttionem,
3262 1211 3305 1264 si
3353 1212 3422 1263 ita
3467 1213 3544 1263 di-

1970 1287 2135 1339 cenda
2163 1298 2241 1341 est
2281 1305 2435 1357 quam
2466 1289 2632 1345 Graeci
2665 1294 2902 1367 ἁρμονίαν
2933 1308 3144 1362 vocant,
3180 1314 3279 1353 nec
3320 1315 3543 1366 quomo-

1971 1380 2171 1431 tlolibet
2231 1383 2324 1433 ista
2367 1386 2687 1449 garrientcm
2736 1388 3059 1443 crediturum
3117 1406 3236 1445 esse
3279 1391 3541 1445 conﬁdam

1968 1468 2252 1537 adjuvautc
2281 1472 2386 1525 Deo
2420 1484 2652 1529 mentem
2688 1492 2879 1531 meam.

2570 1606 2794 1662 CAPUT
2843 1608 2951 1663 Cll.

1976 1690 2122 1753 Quod
2147 1692 2216 1745 ait
2248 1692 2410 1770 lact/lt
2440 1695 2507 1770 ad
2548 1694 2738 1761 Ioseph
2761 1715 2779 1751 :
2832 1698 2973 1752 Pone
3021 1717 3223 1753 manum
3252 1703 3341 1753 sub
3378 1703 3538 1770 femur

2040 1776 2227 1883 suam,
2248 1764 2466 1841 tit-facies
2484 1767 2537 1817 in
2564 1783 2642 1819 me
2668 1770 3106 1835 misericordiam;
3128 1787 3190 1823 ex
3212 1764 3387 1824 eodeni
3412 1774 3492 1824 ιιυι
3512 1790 3538 1822 o

2077 1847 2103 1882 ε
2172 1848 2329 1883 enen.

2077 1847 2103 1882 ε
2123 1847 2329 1887 bene“.

2043 1919 2326 1974 Moriturus
2346 1921 2507 1977 Jacob
2542 1924 2647 1979 ﬁlio
2695 1941 2793 1980 suo
2837 1926 3033 1994 Joseph
3074 1928 3241 1981 dicit:
3274 1928 3329 1983 Si
3357 1929 3537 1983 inveni

1967 2016 2191 2083 gratiam
2224 2016 2277 2070 in
2308 2028 2598 2082 conspectu
2626 2032 2736 2084 tuo,
2769 2019 2974 2087 subjice
3019 2038 3229 2074 manum
3264 2031 3403 2075 tuam
3436 2020 3535 2073 sub

1968 2105 2170 2160 femore
2192 2120 2331 2172 meo,
2374 2118 2426 2161 et
2458 2108 2619 2163 iacies
2660 2110 2710 2163 in
2748 2126 2832 2165 me
2863 2112 3277 2191 misericordiam
3309 2123 3360 2165 et
3404 2114 3535 2167 veri.

1967 2204 2150 2251 tatem.
2188 2198 2257 2252 Ea
2292 2198 2453 2252 ﬁlium
2502 2201 2768 2267 juratione
2820 2204 3137 2273 constringit
3190 2219 3292 2272 qua
3324 2219 3535 2257 servum

1965 2287 2359 2342 constrinxerat
2407 2290 2716 2344 Abraham:
2765 2292 2857 2347 ille
2906 2295 3161 2348 mandans
3210 2296 3350 2349 unde
3400 2310 3533 2348 uxor

1962 2376 2190 2430 ducatur
2226 2377 2331 2433 ﬁlio
2359 2394 2477 2443 suo,
2512 2382 2611 2436 iste
2642 2383 2965 2449 sepulturam
3008 2385 3390 2439 commendans
3417 2400 3519 2438 cor

1966 2470 2107 2535 poris
2130 2470 2234 2524 sui.
2262 2471 2317 2524 ln
2352 2480 2577 2539 utraque
2610 2483 2785 2527 tamen
2816 2488 2973 2527 causa
2997 2478 3263 2528 nominata
3290 2476 3533 2529 suntdnn

1964 2558 2054 2610 illa
2108 2574 2226 2626 qua:
2280 2561 2457 2629 magni
2504 2560 2745 2615 habenda
2793 2575 2949 2630 atque
2994 2563 3268 2631 pendentia
3319 2576 3441 2619 sunt
3482 2565 3531 2617 in

1965 2648 2260 2717 Scripturis
2306 2652 2578 2715 omnibus,
2608 2667 2921 2720 quacunque
2957 2653 3234 2722 dispersim
3264 2654 3526 2723 leguntur,

1962 2740 2329 2795 misericordia
2359 2754 2405 2795 et
2430 2742 2658 2812 justitia,
2678 2744 2758 2795 vtl
2785 2743 3146 2797 misericordia
3180 2756 3229 2796 et
3249 2744 3528 2813 judicium,

1960 2833 2044 2884 vel
2064 2831 2428 2886 misericordia
2454 2843 2505 2886 et
2534 2834 2749 2896 veritas,
2773 2835 3199 2901 quandoquidem
3226 2836 3274 2889 in
3298 2835 3525 2905 quodam

1960 2921 2076 2976 loco
2097 2922 2351 2989 scriptum
2380 2932 2459 2975 est
2494 2939 2507 2975 ;
2544 2922 2818 2977 Universcc
2847 2924 2943 2975 viae
2983 2922 3191 2977 Domini
3223 2925 3527 2979 misericor-

1957 3014 2041 3069 dia
2064 3022 2118 3069 et
2139 3014 2360 3068 veritas.
2382 3014 2455 3066 Ita
2473 3014 2585 3067 haac
2602 3014 2706 3067 duo
2729 3014 2949 3067 multum
2970 3016 3363 3080 commendata,
3389 3018 3521 3070 mul-

273 3117 625 3169 consentiant.
656 3114 755 3166 Per
785 3127 967 3167 semen
1011 3110 1206 3178 quippe
1260 3109 1664 3165 concumbentis
1693 3111 1853 3181 patris
1881 3100 1925 3162 C
1960 3118 2068 3162 tum
2092 3106 2475 3161 consideranda
2506 3115 2650 3160 sunt.
2682 3108 2880 3160 Servus
2904 3112 3081 3161 autem
3117 3108 3340 3162 Abraha:
3370 3108 3522 3161 dixe-

274 3204 575 3259 traitsfutttli
607 3204 765 3257 etiam
798 3219 978 3256 semen
1005 3202 1196 3253 animm
1228 3202 1433 3259 volunt.
1466 3218 1492 3254 a
1528 3217 1632 3269 quo
1661 3216 1855 3270 genere

275 3295 645 3363 conceptibnis
678 3295 921 3347 Christus
952 3292 1157 3346 alienus
1188 3302 1287 3345 est.
1328 3292 1385 3346 Et
1440 3296 1559 3359 quia
1612 3294 1664 3347 in
1696 3294 1855 3349 Abra-

276 3386 399 3436 ham
434 3384 477 3436 si
510 3385 801 3436 secundum
834 3385 1064 3434 animam
1109 3382 1317 3446 inissa,
1368 3384 1525 3435 etiam
1561 3385 1672 3450 ipse
1702 3384 1849 3436 der?-

276 3485 451 3527 marm
491 3482 660 3539 esset,
704 3489 805 3527 non
859 3486 977 3526 esse
1019 3482 1192 3526 autrm
1228 3473 1543 3527 dccimatum
1579 3473 1853 3539 Scriptura

274 3577 518 3628 testatur,
563 3580 680 3633 qua:
710 3564 829 3616 hinr
854 3578 1065 3632 quoque
1104 3563 1465 3617 sacerdotium
1490 3564 1604 3634 t-jns
1634 3580 1662 3617 a
1696 3565 1853 3619 Levi.

275 3658 378 3709 liCo
404 3656 708 3709 srccrtlotio
726 3654 1024 3723 distinguit,
1056 3669 1119 3707 an
1150 3654 1287 3708 forte
1310 3654 1489 3708 dicent
1518 3656 1653 3708 sicut
1685 3657 1853 3723 potuit

271 3748 339 3803 ibi
371 3764 490 3803 esse
521 3748 813 3801 secundum
846 3762 1058 3800 enrnetn
1094 3758 1143 3801 et
1178 3762 1279 3800 non
1312 3747 1588 3814 decimari,
1621 3764 1715 3801 cur
1746 3766 1846 3801 nnn

269 3840 429 3891 etiam
464 3839 758 3891 secundum
790 3837 1020 3891 animam
1053 3838 1167 3891 sine
1197 3838 1557 3892 dcclma'ione
1585 3841 1849 3907 potuerit?

271 3928 365 3983 ilic
399 3930 780 3997 rest‘midetur,
814 3931 931 3996 quia
967 3932 1145 3997 utique
1177 3930 1469 3998 simplicem
1506 3932 1695 3983 anima:
1726 3933 1846 3986 sob-

270 4023 517 4074 stantiam
578 4022 925 4074 incrementis
979 4021 1157 4088 augeri
1208 4022 1577 4088 corporalibus
1630 4037 1727 4075 nec
1772 4024 1843 4076 illi

271 4121 593 4180 putaverunt
625 4112 714 4180 qui
764 4126 877 4164 eam
932 4127 1128 4179 corpus
1182 4113 1505 4178 existimant,
1537 4128 1760 4181 quorum
1793 4115 1843 4167 in

269 4210 418 4271 parte
441 4210 570 4257 sunt
604 4203 829 4255 maxime
862 4203 946 4271 qui
972 4218 1087 4255 eam
1111 4217 1170 4256 ex
1198 4202 1503 4271 parentibus
1535 4204 1705 4257 creari
1732 4206 1845 4271 Opi-

268 4306 479 4349 nantur.
512 4293 737 4348 Proinde
780 4294 830 4347 in
876 4295 1115 4361 corporis
1147 4294 1346 4348 semine
1392 4302 1566 4363 potest
1604 4309 1724 4349 esse
1752 4295 1841 4348 vis

268 4386 567 4447 invisibilis,
595 4402 710 4452 qua:
732 4386 1135 4454 incorporaliter
1163 4402 1410 4439 numeros
1437 4387 1683 4455 agit,non
1710 4401 1840 4439 ocu-
1876 4430 1877 4433 η

1959 3211 2037 3254 rat
2074 3218 2086 3253 :
2122 3201 2175 3255 Si
2211 3199 2385 3253 facitis
2415 3199 2468 3253 in
2500 3200 2772 3254 dominum
2806 3213 2980 3253 meum
3015 3198 3435 3253 misericordiam
3468 3208 3523 3253 et

1953 3292 2212 3359 justitiam
2240 3333 2253 3356 ,
2296 3292 2431 3345 sicut
2461 3299 2516 3346 et
2546 3291 2645 3344 istc
2687 3289 2795 3344 ﬁlio
2834 3304 2931 3344 suo
2961 3290 3118 3344 dicit:
3151 3298 3207 3342 ut
3246 3289 3411 3344 facias
3467 3292 3519 3342 in

1956 3400 2039 3437 me
2058 3383 2470 3438 ini-ericordiam
2499 3391 2551 3437 et
2584 3383 2881 3437 veritatem.
2906 3382 3040 3446 Quid
3064 3381 3161 3434 sibi
3188 3392 3361 3435 autem
3387 3384 3517 3437 velit

1954 3492 1980 3528 a
2013 3483 2159 3529 tanto
2194 3476 2309 3528 viro
2340 3484 2445 3528 tam
2477 3474 2705 3528 sollicita
2733 3474 2975 3543 corporis
3023 3472 3435 3541 commendatio,
3466 3488 3521 3527 ut

1953 3567 2128 3621 nonin
2158 3564 2391 3636 Egypto
2410 3566 2718 3633 sepeliatur,
2746 3563 2839 3619 sed
2869 3565 2918 3618 in
2946 3573 3083 3619 terra
3110 3563 3519 3633 Chanaanjuxta

1953 3666 2130 3724 patres
2158 3671 2301 3718 suos,
2334 3656 2530 3709 mirum
2560 3654 2771 3709 videtur
2797 3666 2849 3709 et
2879 3654 3029 3724 quasi
3066 3656 3379 3722 absurdum,
3420 3672 3519 3711 nec

1951 3748 2279 3801 conveniens
2310 3756 2469 3799 tantae
2495 3744 2828 3799 excellentia:
2863 3745 3052 3797 mentis
3101 3746 3442 3814 propheticus,
3473 3748 3518 3799 si

1954 3840 2052 3891 hoc
2079 3854 2142 3891 ex
2176 3837 2447 3890 hominum
2478 3834 2863 3888 consuetudine
2889 3834 3190 3889 metiamur.
3248 3835 3304 3889 Si
3330 3844 3508 3889 autem

1950 3928 2002 3980 in
2039 3928 2121 3981 his
2147 3927 2394 3980 omnibus
2423 3933 2758 3978 sacramenta
2801 3936 3105 3991 qumrantur
3133 3925 3261 3994 65,
3294 3925 3515 3992 majoris

1949 4017 2323 4071 admirationis
2354 4015 2604 4085 gaudium
2633 4015 2731 4081 ipsi
2770 4014 2858 4084 qui
2880 4014 3143 4069 invenerit
3172 4016 3392 4069 orietur.
3415 4015 3518 4068 Ca-

1948 4106 2231 4160 daverihus
2247 4107 2442 4174 quippe
2457 4112 2786 4159 mortuorum
2804 4114 3014 4171 peccata
3032 4104 3313 4171 significari
3330 4105 3380 4157 in
3400 4105 3514 4174 lege

1947 4212 2052 4250 non
2083 4195 2305 4250 dubium
2338 4204 2439 4259 est,
2466 4193 2860 4263 cumjubentur
2893 4193 3137 4247 homines
3168 4204 3286 4263 post
3321 4210 3508 4250 eorum

1945 4290 2416 4343 contrectationem
2456 4290 2575 4342 sive
2599 4287 3019 4357 qualemcunque
3062 4296 3362 4341 contactum
3395 4297 3512 4341 tan-

1948 4396 2103 4449 quam
2134 4380 2201 4433 ab
2226 4379 2559 4432 immunditia
2586 4378 2871 4447 puriﬁcari.
2910 4388 2960 4432 et
2991 4378 3112 4431 hinc
3133 4379 3215 4431 illa
3244 4382 3509 4434 sententia

270 4478 333 4531 lis
354 4478 445 4533 sed
480 4478 758 4531 intellectu
792 4478 1138 4531 discernenda
1170 4479 1237 4531 ab
1266 4493 1325 4533 ea
1367 4480 1699 4546 corpulentia
1728 4496 1841 4542 qua:
1875 4472 1922 4529 D
1947 4473 2103 4527 ducta
2128 4483 2239 4528 est:
2265 4472 2361 4537 Qui
2389 4470 2686 4536 baptizatur
2708 4487 2734 4523 a
2756 4479 2963 4523 mortuo
2982 4478 3033 4522 et
3060 4470 3251 4523 iterum
3271 4472 3434 4539 tangit
3458 4473 3509 4524 il-

268 4569 402 4633 visn,
431 4578 571 4623 tactu
601 4567 739 4639 [visu
775 4568 1041 4638 tactuque]
1074 4570 1315 4630 sentitur.
1351 4579 1402 4623 et
1434 4572 1543 4639 ip>a
1571 4572 1834 4639 quantitas

264 4663 501 4731 corporis
549 4664 786 4727 humani,
821 4677 938 4727 quae
968 4665 1143 4731 utique
1172 4666 1442 4716 modu'utn
1491 4664 1710 4717 seminis
1760 4665 1838 4717 in-

264 4753 700 4821 comparabiliter
727 4753 961 4817 excedit,
992 4756 1123 4806 sath
1156 4754 1383 4807 ostendit
1415 4767 1569 4820 posse
1593 4753 1715 4807 inde
1741 4755 1834 4807 ali-

262 4845 380 4912 quid
413 4847 554 4898 sumi
604 4846 744 4913 quod
802 4860 905 4898 non
964 4846 1159 4899 habeat
1191 4846 1333 4898 illam
1365 4848 1469 4898 vim
1502 4847 1833 4910 setninalem,

262 4938 350 4991 sed
376 4946 580 4991 tantum
609 4936 945 5004 Corporalem
998 4939 1374 5001 SuhSIantiatn,
1420 4952 1535 5005 rpite
1586 4936 1835 4989 divinitus

266 5045 364 5083 non
396 5030 463 5084 de
495 5031 788 5096 propagine
818 5029 1291 5082 eoncumbentinm
1327 5032 1375 5082 in
1406 5045 1619 5081 carnem
1646 5029 1837 5081 Christi

264 5130 532 5188 assumpta
571 5130 731 5185 atque
790 5119 1012 5171 formata
1060 5127 1160 5174 est.
1210 5118 1320 5171 Hoc
1366 5128 1538 5170 autent
1570 5118 1635 5172 de
1664 5118 1836 5171 anima

262 5217 375 5282 quis
400 5216 577 5268 v..leat
598 5214 895 5279 afﬁrmare,
923 5214 1063 5281 qttod
1119 5221 1400 5279 utrumque
1432 5210 1624 5263 habeat
1650 5222 1699 5264 et
1730 5226 1839 5262 ma-

263 5308 441 5362 teriem
466 5304 692 5358 seminis
716 5306 1077 5364 tnattifest.m-,
1110 5311 1163 5353 ιι
1205 5304 1462 5354 rationem
1493 5300 1711 5354 seminis
1741 5314 1831 5351 oc-

262 5396 490 5449 cultam?
516 5394 623 5450 Sed
655 5394 777 5463 quid
813 5394 1049 5446 laborem
1073 5394 1121 5444 in
1149 5406 1203 5445 re
1240 5406 1355 5459 qum
1384 5388 1689 5458 persuaderi
1714 5403 1833 5441 ver-

264 5489 341 5543 bis
368 5488 569 5541 nemini
598 5486 819 5540 forsitan
846 5495 1041 5553 potcsl,
1078 5485 1175 5537 nisi
1206 5494 1407 5536 tantum
1447 5497 1507 5537 ac
1540 5482 1644 5535 tale
1684 5482 1832 5549 ingeo

263 5581 405 5634 nium
426 5580 498 5632 sit
546 5578 688 5648 quod
721 5579 889 5646 possit
931 5578 1196 5645 loquentis
1243 5574 1532 5641 praevelare
1561 5584 1830 5635 conatum,

263 5684 354 5725 nec
379 5680 547 5725 totum
571 5680 882 5738 exspectare
913 5683 939 5721 a
975 5682 1241 5720 sermone.
1296 5666 1533 5721 Breviter
1584 5666 1650 5718 ita
1680 5665 1834 5717 enlli-

654 5806 924 5864 PATROL.
964 5801 1129 5859 [ΧΗ

1948 4566 2078 4629 lum,
2104 4565 2230 4633 quid
2256 4564 2462 4632 proiicit
2482 4564 2675 4618 lavatio
2692 4563 2842 4631 ejus?
2858 4562 2934 4617 sic
2950 4572 3000 4615 et
3021 4564 3107 4630 qui
3128 4563 3333 4631 jejunat
3350 4579 3508 4632 super

1948 4666 2162 4725 peccata
2186 4672 2301 4720 sua,
2326 4665 2377 4709 et
2395 4657 2585 4708 iterum
2608 4654 2885 4707 ambulans
2911 4655 3023 4707 haec
3045 4654 3229 4707 eadem
3253 4654 3392 4709 facit,
3419 4656 3510 4710 se.

1946 4748 2150 4817 pnltura
2170 4761 2296 4813 ergo
2316 4753 2644 4798 mortuorum
2662 4743 3030 4797 remissionem
3048 4744 3307 4811 signiﬁcat
3327 4760 3511 4811 pecca-

1950 4849 2146 4900 totum,
2178 4852 2242 4890 eo
2272 4835 2542 4903 pertinens
2571 4835 2707 4904 quod
2732 4832 2926 4887 dictum
2955 4843 3035 4887 est
3066 4852 3079 4888 :
3115 4834 3258 4887 Beati
3281 4850 3507 4903 quorum

1952 4930 2189 4982 remissa:
2211 4938 2329 4981 sunt
2356 4926 2676 4994 iniquitates,
2706 4932 2759 4978 et
2783 4938 3002 4991 quorum
3023 4931 3158 4978 tecta
3182 4933 3307 4977 sunt
3328 4939 3509 4989 pecca-

1943 5031 2013 5073 ta.
2036 5020 2129 5075 Ubi
2145 5034 2271 5087 ergo
2285 5017 2591 5087 sepelienda
2608 5031 2691 5069 ero
2704 5025 2760 5069 nt
2773 5016 2871 5066 hoc
2885 5012 3235 5083 signiﬁcantia
3252 5014 3507 5068 cadavera

1943 5112 2382 5181 patriarcharum,
2414 5109 2513 5161 nisi
2548 5109 2682 5159 inea
2708 5115 2847 5159 terra
2880 5105 2965 5158 ubi
2990 5106 3077 5159 ille
3114 5104 3399 5160 cruciﬁxus
3428 5115 3509 5157 est

1940 5202 2091 5270 cujus
2112 5198 2364 5267 sanguine
2390 5199 2523 5250 facta
2553 5206 2632 5249 est
2669 5196 2916 5249 remissio
2961 5192 3336 5266 peccatorum?
3367 5208 3508 5245 mor-

1945 5297 2082 5346 tibns
2105 5294 2245 5346 enim
2275 5290 2693 5358 patriarcharum
2744 5299 2957 5357 peccata
2992 5286 3260 5340 hominum
3289 5283 3506 5351 ﬁgurata

1941 5393 2083 5437 sunt.
2131 5382 2240 5435 Dici
2269 5396 2331 5434 ur
2377 5390 2550 5432 autem
2595 5378 2662 5431 ab
2708 5393 2773 5432 eo
2829 5379 2945 5431 loco
2997 5370 3502 5443 quod'nbramium

1944 5473 2331 5548 [Abraemium]
2378 5480 2614 5533 vocatur,
2640 5469 2726 5523 ubi
2773 5478 2896 5521 sunt
2924 5466 3020 5518 ista
3045 5476 3289 5531 corpora,
3312 5462 3503 5515 abesse

1943 5569 2115 5624 locum
2148 5568 2233 5621 ubi
2264 5566 2544 5619 cruciﬁxus
2569 5571 2651 5614 est
2682 5559 2933 5612 Dominus
2962 5556 3070 5607 fere
3116 5552 3326 5620 triginta
3352 5550 3510 5604 milli-

1943 5662 2041 5714 bus
2060 5654 2367 5733 [passibus],
2394 5656 2624 5708 utetiam
2651 5649 2763 5717 ipse
2793 5655 3042 5699 numerus
3062 5656 3182 5696 eum
3208 5638 3509 5710 signiﬁcare

3040 5778 3118 5839 23
