  <div class='ocr_page' id='page_1' title='image "/cluster/home/n/w/nwhite01/storage/ocr_20150623/62/hvd.32044054758693/363.png"; bbox 0 0 3990 6180; ppageno 0'>
   <div class='ocr_carea' id='block_1_1' title="bbox 428 273 533 330">
    <p class='ocr_par' dir='ltr' id='par_1_1' title="bbox 428 273 533 330">
     <span class='ocr_line' id='line_1_1' title="bbox 428 273 533 330; baseline 0.029 -3"><span class='ocrx_word' id='word_1_1' title='bbox 428 273 533 330; x_wconf 74' lang='grc' dir='ltr'><strong>’ἴίὸ</strong></span> 
     </span>
    </p>
   </div>
   <div class='ocr_carea' id='block_1_2' title="bbox 1523 265 2620 325">
    <p class='ocr_par' dir='ltr' id='par_1_2' title="bbox 1523 265 2620 325">
     <span class='ocr_line' id='line_1_2' title="bbox 1523 265 2620 325; baseline 0.004 -4"><span class='ocrx_word' id='word_1_2' title='bbox 1523 268 1583 321; x_wconf 88' lang='grc' dir='ltr'><strong>ῐ).</strong></span> <span class='ocrx_word' id='word_1_3' title='bbox 1614 265 1930 322; x_wconf 78' lang='lat' dir='ltr'><strong>EUGYPPII</strong></span> <span class='ocrx_word' id='word_1_4' title='bbox 1973 265 2261 323; x_wconf 56' lang='lat' dir='ltr'><strong>ABBATia‘</strong></span> <span class='ocrx_word' id='word_1_5' title='bbox 2301 269 2620 325; x_wconf 69' lang='lat' dir='ltr'><strong>AFllltJANl</strong></span> 
     </span>
    </p>
   </div>
   <div class='ocr_carea' id='block_1_3' title="bbox 3589 287 3694 340">
    <p class='ocr_par' dir='ltr' id='par_1_3' title="bbox 3589 287 3694 340">
     <span class='ocr_line' id='line_1_3' title="bbox 3589 287 3694 340; baseline 0.01 -3"><span class='ocrx_word' id='word_1_6' title='bbox 3589 287 3694 340; x_wconf 62' lang='grc'><strong>711)</strong></span> 
     </span>
    </p>
   </div>
   <div class='ocr_carea' id='block_1_4' title="bbox 430 383 3695 462">
    <p class='ocr_par' dir='ltr' id='par_1_4' title="bbox 430 383 3695 462">
     <span class='ocr_line' id='line_1_4' title="bbox 430 383 3695 462; baseline 0.002 -17"><span class='ocrx_word' id='word_1_7' title='bbox 430 388 750 458; x_wconf 83' lang='lat' dir='ltr'><strong>intelligatur</strong></span> <span class='ocrx_word' id='word_1_8' title='bbox 797 387 884 455; x_wconf 91' lang='lat' dir='ltr'><strong>qui</strong></span> <span class='ocrx_word' id='word_1_9' title='bbox 909 387 964 440; x_wconf 90' lang='lat' dir='ltr'><strong>in</strong></span> <span class='ocrx_word' id='word_1_10' title='bbox 1001 385 1264 454; x_wconf 64' lang='lat' dir='ltr'><strong>baptismo</strong></span> <span class='ocrx_word' id='word_1_11' title='bbox 1299 385 1540 451; x_wconf 73' lang='lat' dir='ltr'><strong>apparuit</strong></span> <span class='ocrx_word' id='word_1_12' title='bbox 1590 383 1755 436; x_wconf 81' lang='lat' dir='ltr'><strong>ferme</strong></span> <span class='ocrx_word' id='word_1_13' title='bbox 1787 385 2000 452; x_wconf 81' lang='lat' dir='ltr'><strong>triginta</strong></span> <span class='ocrx_word' id='word_1_14' title='bbox 2031 390 2074 444; x_wconf 82' lang='grc' dir='ltr'><strong>Α</strong></span> <span class='ocrx_word' id='word_1_15' title='bbox 2109 388 2423 454; x_wconf 76' lang='lat' dir='ltr'><strong>pneputium</strong></span> <span class='ocrx_word' id='word_1_16' title='bbox 2453 388 2543 439; x_wconf 87' lang='lat' dir='ltr'><strong>filii</strong></span> <span class='ocrx_word' id='word_1_17' title='bbox 2575 389 2680 453; x_wconf 90' lang='lat' dir='ltr'><strong>sui,</strong></span> <span class='ocrx_word' id='word_1_18' title='bbox 2706 396 2758 440; x_wconf 90' lang='lat' dir='ltr'><strong>et</strong></span> <span class='ocrx_word' id='word_1_19' title='bbox 2783 389 3006 454; x_wconf 78' lang='lat' dir='ltr'><strong>procidit</strong></span> <span class='ocrx_word' id='word_1_20' title='bbox 3034 390 3098 443; x_wconf 90' lang='lat' dir='ltr'><strong>ad</strong></span> <span class='ocrx_word' id='word_1_21' title='bbox 3125 391 3288 458; x_wconf 92' lang='lat' dir='ltr'><strong>pedes</strong></span> <span class='ocrx_word' id='word_1_22' title='bbox 3314 409 3431 462; x_wconf 71' lang='lat' dir='ltr'><strong>ejus</strong></span> <span class='ocrx_word' id='word_1_23' title='bbox 3455 406 3510 448; x_wconf 81' lang='lat' dir='ltr'><strong>et</strong></span> <span class='ocrx_word' id='word_1_24' title='bbox 3532 399 3695 452; x_wconf 75' lang='grc' dir='ltr'><strong>ἀιιιιε</strong></span> 
     </span>
    </p>
   </div>
   <div class='ocr_carea' id='block_1_5' title="bbox 429 473 2009 546">
    <p class='ocr_par' dir='ltr' id='par_1_5' title="bbox 429 473 2009 546">
     <span class='ocr_line' id='line_1_5' title="bbox 429 473 2009 546; baseline -0.003 -13"><span class='ocrx_word' id='word_1_25' title='bbox 429 494 713 542; x_wconf 88' lang='lat' dir='ltr'><strong>annorum,</strong></span> <span class='ocrx_word' id='word_1_26' title='bbox 741 488 791 531; x_wconf 89' lang='lat' dir='ltr'><strong>et</strong></span> <span class='ocrx_word' id='word_1_27' title='bbox 815 479 856 532; x_wconf 91' lang='lat' dir='ltr'><strong>si</strong></span> <span class='ocrx_word' id='word_1_28' title='bbox 889 477 1016 546; x_wconf 91' lang='lat' dir='ltr'><strong>quid</strong></span> <span class='ocrx_word' id='word_1_29' title='bbox 1039 477 1180 530; x_wconf 85' lang='lat' dir='ltr'><strong>aliud</strong></span> <span class='ocrx_word' id='word_1_30' title='bbox 1209 478 1274 528; x_wconf 87' lang='lat' dir='ltr'><strong>de</strong></span> <span class='ocrx_word' id='word_1_31' title='bbox 1311 489 1368 527; x_wconf 92' lang='lat' dir='ltr'><strong>re</strong></span> <span class='ocrx_word' id='word_1_32' title='bbox 1403 481 1544 526; x_wconf 90' lang='lat' dir='ltr'><strong>tanta</strong></span> <span class='ocrx_word' id='word_1_33' title='bbox 1578 473 1658 526; x_wconf 96' lang='lat' dir='ltr'><strong>vel</strong></span> <span class='ocrx_word' id='word_1_34' title='bbox 1702 473 1803 527; x_wconf 86' lang='lat' dir='ltr'><strong>hoc</strong></span> <span class='ocrx_word' id='word_1_35' title='bbox 1851 475 2009 528; x_wconf 92' lang='lat' dir='ltr'><strong>modo</strong></span> 
     </span>
    </p>
   </div>
   <div class='ocr_carea' id='block_1_6' title="bbox 427 565 2007 637">
    <p class='ocr_par' dir='ltr' id='par_1_6' title="bbox 427 565 2007 637">
     <span class='ocr_line' id='line_1_6' title="bbox 427 565 2007 637; baseline -0.001 -14"><span class='ocrx_word' id='word_1_36' title='bbox 427 574 510 626; x_wconf 84' lang='lat' dir='ltr'><strong>vel</strong></span> <span class='ocrx_word' id='word_1_37' title='bbox 537 571 818 624; x_wconf 84' lang='lat' dir='ltr'><strong>sublimius</strong></span> <span class='ocrx_word' id='word_1_38' title='bbox 843 569 1060 637; x_wconf 83' lang='lat' dir='ltr'><strong>intelligi</strong></span> <span class='ocrx_word' id='word_1_39' title='bbox 1089 576 1282 635; x_wconf 87' lang='lat' dir='ltr'><strong>po&#39;est.</strong></span> <span class='ocrx_word' id='word_1_40' title='bbox 1318 567 1451 620; x_wconf 91' lang='lat' dir='ltr'><strong>Dum</strong></span> <span class='ocrx_word' id='word_1_41' title='bbox 1478 577 1652 620; x_wconf 90' lang='lat' dir='ltr'><strong>tamen</strong></span> <span class='ocrx_word' id='word_1_42' title='bbox 1683 581 1785 620; x_wconf 92' lang='lat' dir='ltr'><strong>non</strong></span> <span class='ocrx_word' id='word_1_43' title='bbox 1813 565 2007 621; x_wconf 78' lang='lat' dir='ltr'><strong>frustra</strong></span> 
     </span>
    </p>
   </div>
   <div class='ocr_carea' id='block_1_7' title="bbox 429 659 2010 729">
    <p class='ocr_par' dir='ltr' id='par_1_7' title="bbox 429 659 2010 729">
     <span class='ocr_line' id='line_1_7' title="bbox 429 659 2010 729; baseline -0.003 -12"><span class='ocrx_word' id='word_1_44' title='bbox 429 663 753 717; x_wconf 81' lang='lat' dir='ltr'><strong>arbitremur</strong></span> <span class='ocrx_word' id='word_1_45' title='bbox 787 665 917 714; x_wconf 87' lang='lat' dir='ltr'><strong>ta&#39;es</strong></span> <span class='ocrx_word' id='word_1_46' title='bbox 948 678 1008 714; x_wconf 91' lang='lat' dir='ltr'><strong>ac</strong></span> <span class='ocrx_word' id='word_1_47' title='bbox 1031 670 1206 713; x_wconf 88' lang='lat' dir='ltr'><strong>tantos</strong></span> <span class='ocrx_word' id='word_1_48' title='bbox 1254 659 1498 714; x_wconf 80' lang='lat' dir='ltr'><strong>homines</strong></span> <span class='ocrx_word' id='word_1_49' title='bbox 1527 659 1640 722; x_wconf 92' lang='lat' dir='ltr'><strong>Dei,</strong></span> <span class='ocrx_word' id='word_1_50' title='bbox 1667 669 1864 713; x_wconf 81' lang='lat' dir='ltr'><strong>tantam</strong></span> <span class='ocrx_word' id='word_1_51' title='bbox 1893 675 2010 729; x_wconf 81' lang='lat' dir='ltr'><strong>ges-</strong></span> 
     </span>
    </p>
   </div>
   <div class='ocr_carea' id='block_1_8' title="bbox 429 749 2009 820">
    <p class='ocr_par' dir='ltr' id='par_1_8' title="bbox 429 749 2009 820">
     <span class='ocr_line' id='line_1_8' title="bbox 429 749 2009 820; baseline -0.002 -13"><span class='ocrx_word' id='word_1_52' title='bbox 429 754 564 806; x_wconf 85' lang='lat' dir='ltr'><strong>sisse</strong></span> <span class='ocrx_word' id='word_1_53' title='bbox 590 767 768 806; x_wconf 84' lang='lat' dir='ltr'><strong>curam</strong></span> <span class='ocrx_word' id='word_1_54' title='bbox 798 766 894 820; x_wconf 90' lang='lat' dir='ltr'><strong>pro</strong></span> <span class='ocrx_word' id='word_1_55' title='bbox 925 751 1250 817; x_wconf 84' lang='lat' dir='ltr'><strong>sepeliendis</strong></span> <span class='ocrx_word' id='word_1_56' title='bbox 1279 749 1598 817; x_wconf 88' lang='lat' dir='ltr'><strong>corporibus</strong></span> <span class='ocrx_word' id='word_1_57' title='bbox 1642 751 1771 813; x_wconf 86' lang='lat' dir='ltr'><strong>suis,</strong></span> <span class='ocrx_word' id='word_1_58' title='bbox 1799 764 1919 804; x_wconf 91' lang='lat' dir='ltr'><strong>cum</strong></span> <span class='ocrx_word' id='word_1_59' title='bbox 1943 759 2009 805; x_wconf 73' lang='lat' dir='ltr'><strong>stt</strong></span> 
     </span>
    </p>
   </div>
   <div class='ocr_carea' id='block_1_9' title="bbox 430 843 2012 915">
    <p class='ocr_par' dir='ltr' id='par_1_9' title="bbox 430 843 2012 915">
     <span class='ocr_line' id='line_1_9' title="bbox 430 843 2012 915; baseline -0.002 -16"><span class='ocrx_word' id='word_1_60' title='bbox 430 856 588 915; x_wconf 89' lang='lat' dir='ltr'><strong>atque</strong></span> <span class='ocrx_word' id='word_1_61' title='bbox 618 861 738 899; x_wconf 87' lang='lat' dir='ltr'><strong>esse</strong></span> <span class='ocrx_word' id='word_1_62' title='bbox 773 845 963 898; x_wconf 81' lang='lat' dir='ltr'><strong>debeat</strong></span> <span class='ocrx_word' id='word_1_63' title='bbox 995 843 1227 896; x_wconf 83' lang='lat' dir='ltr'><strong>ﬁdelium</strong></span> <span class='ocrx_word' id='word_1_64' title='bbox 1268 843 1366 896; x_wconf 88' lang='lat' dir='ltr'><strong>ista</strong></span> <span class='ocrx_word' id='word_1_65' title='bbox 1414 843 1699 907; x_wconf 66' lang='lat' dir='ltr'><strong>Securitas,</strong></span> <span class='ocrx_word' id='word_1_66' title='bbox 1725 843 1864 912; x_wconf 91' lang='lat' dir='ltr'><strong>quod</strong></span> <span class='ocrx_word' id='word_1_67' title='bbox 1898 845 2012 896; x_wconf 88' lang='lat' dir='ltr'><strong>nhi-</strong></span> 
     </span>
    </p>
   </div>
   <div class='ocr_carea' id='block_1_10' title="bbox 429 934 2010 1004">
    <p class='ocr_par' dir='ltr' id='par_1_10' title="bbox 429 934 2010 1004">
     <span class='ocr_line' id='line_1_10' title="bbox 429 934 2010 1004; baseline -0.001 -14"><span class='ocrx_word' id='word_1_68' title='bbox 429 951 640 1004; x_wconf 83' lang='lat' dir='ltr'><strong>cunque</strong></span> <span class='ocrx_word' id='word_1_69' title='bbox 696 950 921 1004; x_wconf 86' lang='lat' dir='ltr'><strong>corpora</strong></span> <span class='ocrx_word' id='word_1_70' title='bbox 965 949 1148 989; x_wconf 91' lang='lat' dir='ltr'><strong>eorum</strong></span> <span class='ocrx_word' id='word_1_71' title='bbox 1200 934 1555 1003; x_wconf 85' lang='lat' dir='ltr'><strong>sepeliantur,</strong></span> <span class='ocrx_word' id='word_1_72' title='bbox 1621 935 1700 988; x_wconf 80' lang='lat' dir='ltr'><strong>vel</strong></span> <span class='ocrx_word' id='word_1_73' title='bbox 1751 935 2010 1003; x_wconf 85' lang='lat' dir='ltr'><strong>insepulta</strong></span> 
     </span>
    </p>
   </div>
   <div class='ocr_carea' id='block_1_11' title="bbox 430 1025 2010 1097">
    <p class='ocr_par' dir='ltr' id='par_1_11' title="bbox 430 1025 2010 1097">
     <span class='ocr_line' id='line_1_11' title="bbox 430 1025 2010 1097; baseline -0.003 -16"><span class='ocrx_word' id='word_1_74' title='bbox 430 1029 590 1082; x_wconf 89' lang='lat' dir='ltr'><strong>etiam</strong></span> <span class='ocrx_word' id='word_1_75' title='bbox 624 1043 716 1097; x_wconf 92' lang='lat' dir='ltr'><strong>per</strong></span> <span class='ocrx_word' id='word_1_76' title='bbox 748 1027 1084 1080; x_wconf 90' lang='lat' dir='ltr'><strong>inimicorum</strong></span> <span class='ocrx_word' id='word_1_77' title='bbox 1119 1025 1322 1078; x_wconf 83' lang='lat' dir='ltr'><strong>rabiem</strong></span> <span class='ocrx_word' id='word_1_78' title='bbox 1366 1025 1755 1094; x_wconf 86' lang='lat' dir='ltr'><strong>relinquantur,</strong></span> <span class='ocrx_word' id='word_1_79' title='bbox 1802 1035 1893 1078; x_wconf 92' lang='lat' dir='ltr'><strong>aut</strong></span> <span class='ocrx_word' id='word_1_80' title='bbox 1914 1040 2010 1094; x_wconf 91' lang='lat' dir='ltr'><strong>pro</strong></span> 
     </span>
    </p>
   </div>
   <div class='ocr_carea' id='block_1_12' title="bbox 431 1117 2009 1183">
    <p class='ocr_par' dir='ltr' id='par_1_12' title="bbox 431 1117 2009 1183">
     <span class='ocr_line' id='line_1_12' title="bbox 431 1117 2009 1183; baseline -0.003 -7"><span class='ocrx_word' id='word_1_81' title='bbox 431 1135 623 1176; x_wconf 88' lang='lat' dir='ltr'><strong>eorum</strong></span> <span class='ocrx_word' id='word_1_82' title='bbox 661 1118 880 1174; x_wconf 86' lang='lat' dir='ltr'><strong>libidine</strong></span> <span class='ocrx_word' id='word_1_83' title='bbox 909 1118 1197 1171; x_wconf 84' lang='lat' dir='ltr'><strong>dilacerata</strong></span> <span class='ocrx_word' id='word_1_84' title='bbox 1223 1117 1595 1183; x_wconf 90' lang='lat' dir='ltr'><strong>absumantur,</strong></span> <span class='ocrx_word' id='word_1_85' title='bbox 1635 1132 1738 1171; x_wconf 89' lang='lat' dir='ltr'><strong>non</strong></span> <span class='ocrx_word' id='word_1_86' title='bbox 1779 1118 1899 1172; x_wconf 90' lang='lat' dir='ltr'><strong>ideo</strong></span> <span class='ocrx_word' id='word_1_87' title='bbox 1929 1119 2009 1171; x_wconf 89' lang='lat' dir='ltr'><strong>vel</strong></span> 
     </span>
    </p>
   </div>
   <div class='ocr_carea' id='block_1_13' title="bbox 432 1208 2012 1281">
    <p class='ocr_par' dir='ltr' id='par_1_13' title="bbox 432 1208 2012 1281">
     <span class='ocr_line' id='line_1_13' title="bbox 432 1208 2012 1281; baseline -0.002 -15"><span class='ocrx_word' id='word_1_88' title='bbox 432 1214 611 1266; x_wconf 87' lang='lat' dir='ltr'><strong>minus</strong></span> <span class='ocrx_word' id='word_1_89' title='bbox 640 1213 918 1281; x_wconf 80' lang='lat' dir='ltr'><strong>integram,</strong></span> <span class='ocrx_word' id='word_1_90' title='bbox 955 1209 1038 1263; x_wconf 86' lang='lat' dir='ltr'><strong>vel</strong></span> <span class='ocrx_word' id='word_1_91' title='bbox 1073 1210 1248 1264; x_wconf 87' lang='lat' dir='ltr'><strong>minus</strong></span> <span class='ocrx_word' id='word_1_92' title='bbox 1294 1208 1578 1279; x_wconf 76' lang='lat' dir='ltr'><strong>gloriosam</strong></span> <span class='ocrx_word' id='word_1_93' title='bbox 1609 1223 1795 1263; x_wconf 91' lang='lat' dir='ltr'><strong>eorum</strong></span> <span class='ocrx_word' id='word_1_94' title='bbox 1821 1224 2012 1264; x_wconf 89' lang='lat' dir='ltr'><strong>resur-</strong></span> 
     </span>
    </p>
   </div>
   <div class='ocr_carea' id='block_1_14' title="bbox 430 1305 1015 1360">
    <p class='ocr_par' dir='ltr' id='par_1_14' title="bbox 430 1305 1015 1360">
     <span class='ocr_line' id='line_1_14' title="bbox 430 1305 1015 1360; baseline -0.009 -1"><span class='ocrx_word' id='word_1_95' title='bbox 430 1305 723 1360; x_wconf 89' lang='lat' dir='ltr'><strong>rectionem</strong></span> <span class='ocrx_word' id='word_1_96' title='bbox 767 1306 1015 1355; x_wconf 87' lang='lat' dir='ltr'><strong>futuram.</strong></span> 
     </span>
    </p>
   </div>
   <div class='ocr_carea' id='block_1_15' title="bbox 1023 1432 1420 1489">
    <p class='ocr_par' dir='ltr' id='par_1_15' title="bbox 1023 1432 1420 1489">
     <span class='ocr_line' id='line_1_15' title="bbox 1023 1432 1420 1489; baseline 0.003 -2"><span class='ocrx_word' id='word_1_97' title='bbox 1023 1432 1248 1489; x_wconf 72' lang='lat' dir='ltr'><strong>C.\PUT</strong></span> <span class='ocrx_word' id='word_1_98' title='bbox 1286 1432 1420 1488; x_wconf 87' lang='lat' dir='ltr'><strong>Clll.</strong></span> 
     </span>
    </p>
   </div>
   <div class='ocr_carea' id='block_1_16' title="bbox 433 1549 2011 1622">
    <p class='ocr_par' dir='ltr' id='par_1_16' title="bbox 433 1549 2011 1622">
     <span class='ocr_line' id='line_1_16' title="bbox 433 1549 2011 1622; baseline -0.001 -16"><span class='ocrx_word' id='word_1_99' title='bbox 433 1555 648 1620; x_wconf 75' lang='lat' dir='ltr'><strong>Quidtit</strong></span> <span class='ocrx_word' id='word_1_100' title='bbox 674 1553 809 1622; x_wconf 82' lang='lat' dir='ltr'><strong>quod</strong></span> <span class='ocrx_word' id='word_1_101' title='bbox 838 1551 1082 1620; x_wconf 84' lang='lat' dir='ltr'><strong>scriptum</strong></span> <span class='ocrx_word' id='word_1_102' title='bbox 1118 1560 1227 1604; x_wconf 80' lang='lat' dir='ltr'><strong>est:</strong></span> <span class='ocrx_word' id='word_1_103' title='bbox 1255 1549 1318 1602; x_wconf 86' lang='lat' dir='ltr'><strong>Et</strong></span> <span class='ocrx_word' id='word_1_104' title='bbox 1349 1551 1617 1619; x_wconf 78' lang='lat' dir='ltr'><strong>appositus</strong></span> <span class='ocrx_word' id='word_1_105' title='bbox 1648 1561 1718 1622; x_wconf 72' lang='lat' dir='ltr'><strong>est</strong></span> <span class='ocrx_word' id='word_1_106' title='bbox 1748 1552 1817 1604; x_wconf 88' lang='lat' dir='ltr'><strong>ad</strong></span> <span class='ocrx_word' id='word_1_107' title='bbox 1847 1561 2011 1617; x_wconf 76' lang='lat' dir='ltr'><strong>patres</strong></span> 
     </span>
    </p>
   </div>
   <div class='ocr_carea' id='block_1_17' title="bbox 575 1621 1863 1688">
    <p class='ocr_par' dir='ltr' id='par_1_17' title="bbox 575 1621 1863 1688">
     <span class='ocr_line' id='line_1_17' title="bbox 575 1621 1863 1688; baseline -0.003 -10"><span class='ocrx_word' id='word_1_108' title='bbox 575 1621 717 1688; x_wconf 79' lang='lat' dir='ltr'><strong>suos;</strong></span> <span class='ocrx_word' id='word_1_109' title='bbox 741 1639 802 1675; x_wconf 78' lang='lat' dir='ltr'><strong>ea:</strong></span> <span class='ocrx_word' id='word_1_110' title='bbox 836 1625 1010 1674; x_wconf 88' lang='lat' dir='ltr'><strong>eodem</strong></span> <span class='ocrx_word' id='word_1_111' title='bbox 1035 1623 1164 1674; x_wconf 87' lang='lat' dir='ltr'><strong>libro</strong></span> <span class='ocrx_word' id='word_1_112' title='bbox 1197 1622 1550 1685; x_wconf 74' lang='lat' dir='ltr'><strong>Quwstionum</strong></span> <span class='ocrx_word' id='word_1_113' title='bbox 1578 1625 1638 1675; x_wconf 88' lang='lat' dir='ltr'><strong>de</strong></span> <span class='ocrx_word' id='word_1_114' title='bbox 1663 1621 1863 1676; x_wconf 75' lang='lat' dir='ltr'><strong>Genesi.</strong></span> 
     </span>
    </p>
   </div>
   <div class='ocr_carea' id='block_1_18' title="bbox 2115 475 3701 546">
    <p class='ocr_par' dir='ltr' id='par_1_18' title="bbox 2115 475 3701 546">
     <span class='ocr_line' id='line_1_18' title="bbox 2115 475 3701 546; baseline 0.003 -16"><span class='ocrx_word' id='word_1_115' title='bbox 2115 475 2274 530; x_wconf 88' lang='lat' dir='ltr'><strong>Stetit</strong></span> <span class='ocrx_word' id='word_1_116' title='bbox 2305 477 2519 544; x_wconf 83' lang='lat' dir='ltr'><strong>sanguis</strong></span> <span class='ocrx_word' id='word_1_117' title='bbox 2565 476 2986 530; x_wconf 85' lang='lat' dir='ltr'><strong>circumcisionis</strong></span> <span class='ocrx_word' id='word_1_118' title='bbox 3019 477 3236 533; x_wconf 81' lang='lat' dir='ltr'><strong>infantis</strong></span> <span class='ocrx_word' id='word_1_119' title='bbox 3277 483 3405 546; x_wconf 89' lang='lat' dir='ltr'><strong>mei,</strong></span> <span class='ocrx_word' id='word_1_120' title='bbox 3436 493 3492 537; x_wconf 88' lang='lat' dir='ltr'><strong>et</strong></span> <span class='ocrx_word' id='word_1_121' title='bbox 3523 499 3701 539; x_wconf 58' lang='lat' dir='ltr'><strong>reces-</strong></span> 
     </span>
    </p>
   </div>
   <div class='ocr_carea' id='block_1_19' title="bbox 2113 566 3701 642">
    <p class='ocr_par' dir='ltr' id='par_1_19' title="bbox 2113 566 3701 642">
     <span class='ocr_line' id='line_1_19' title="bbox 2113 566 3701 642; baseline 0.008 -22"><span class='ocrx_word' id='word_1_122' title='bbox 2113 566 2178 620; x_wconf 92' lang='lat' dir='ltr'><strong>sit</strong></span> <span class='ocrx_word' id='word_1_123' title='bbox 2209 567 2277 620; x_wconf 90' lang='lat' dir='ltr'><strong>ab</strong></span> <span class='ocrx_word' id='word_1_124' title='bbox 2299 581 2397 631; x_wconf 91' lang='lat' dir='ltr'><strong>eo;</strong></span> <span class='ocrx_word' id='word_1_125' title='bbox 2431 578 2646 638; x_wconf 90' lang='lat' dir='ltr'><strong>pr0pter</strong></span> <span class='ocrx_word' id='word_1_126' title='bbox 2671 568 2813 637; x_wconf 91' lang='lat' dir='ltr'><strong>quod</strong></span> <span class='ocrx_word' id='word_1_127' title='bbox 2839 569 3004 622; x_wconf 79' lang='lat' dir='ltr'><strong>dixit:</strong></span> <span class='ocrx_word' id='word_1_128' title='bbox 3036 569 3437 642; x_wconf 63' lang='lat' dir='ltr'><strong>Desiitsanguis</strong></span> <span class='ocrx_word' id='word_1_129' title='bbox 3460 577 3701 632; x_wconf 85' lang='lat' dir='ltr'><strong>circum-</strong></span> 
     </span>
    </p>
   </div>
   <div class='ocr_carea' id='block_1_20' title="bbox 2113 657 3707 732">
    <p class='ocr_par' dir='ltr' id='par_1_20' title="bbox 2113 657 3707 732">
     <span class='ocr_line' id='line_1_20' title="bbox 2113 657 3707 732; baseline 0.008 -22"><span class='ocrx_word' id='word_1_130' title='bbox 2113 657 2352 711; x_wconf 89' lang='lat' dir='ltr'><strong>cisionis.</strong></span> <span class='ocrx_word' id='word_1_131' title='bbox 2391 657 2622 711; x_wconf 84' lang='lat' dir='ltr'><strong>Primum</strong></span> <span class='ocrx_word' id='word_1_132' title='bbox 2652 659 2908 728; x_wconf 71' lang='lat' dir='ltr'><strong>qumritur</strong></span> <span class='ocrx_word' id='word_1_133' title='bbox 2934 676 3090 728; x_wconf 84' lang='lat' dir='ltr'><strong>quem</strong></span> <span class='ocrx_word' id='word_1_134' title='bbox 3118 662 3332 716; x_wconf 90' lang='lat' dir='ltr'><strong>volebat</strong></span> <span class='ocrx_word' id='word_1_135' title='bbox 3358 666 3585 732; x_wconf 78' lang='lat' dir='ltr'><strong>angelus</strong></span> <span class='ocrx_word' id='word_1_136' title='bbox 3609 683 3707 722; x_wconf 79' lang='lat' dir='ltr'><strong>oc-</strong></span> 
     </span>
    </p>
   </div>
   <div class='ocr_carea' id='block_1_21' title="bbox 2115 750 3710 820">
    <p class='ocr_par' dir='ltr' id='par_1_21' title="bbox 2115 750 3710 820">
     <span class='ocr_line' id='line_1_21' title="bbox 2115 750 3710 820; baseline 0.008 -19"><span class='ocrx_word' id='word_1_137' title='bbox 2115 750 2318 814; x_wconf 87' lang='lat' dir='ltr'><strong>cidere,</strong></span> <span class='ocrx_word' id='word_1_138' title='bbox 2351 760 2525 803; x_wconf 90' lang='lat' dir='ltr'><strong>utrum</strong></span> <span class='ocrx_word' id='word_1_139' title='bbox 2550 750 2750 817; x_wconf 81' lang='lat' dir='ltr'><strong>Mosen,</strong></span> <span class='ocrx_word' id='word_1_140' title='bbox 2776 752 2895 820; x_wconf 85' lang='lat' dir='ltr'><strong>quia</strong></span> <span class='ocrx_word' id='word_1_141' title='bbox 2929 753 3127 806; x_wconf 90' lang='lat' dir='ltr'><strong>dictum</strong></span> <span class='ocrx_word' id='word_1_142' title='bbox 3155 763 3258 820; x_wconf 87' lang='lat' dir='ltr'><strong>est,</strong></span> <span class='ocrx_word' id='word_1_143' title='bbox 3288 758 3527 810; x_wconf 85' lang='lat' dir='ltr'><strong>occurrit</strong></span> <span class='ocrx_word' id='word_1_144' title='bbox 3547 759 3596 812; x_wconf 89' lang='lat' dir='ltr'><strong>ei</strong></span> <span class='ocrx_word' id='word_1_145' title='bbox 3619 775 3710 812; x_wconf 86' lang='lat' dir='ltr'><strong>an-</strong></span> 
     </span>
    </p>
   </div>
   <div class='ocr_carea' id='block_1_22' title="bbox 2114 841 3713 915">
    <p class='ocr_par' dir='ltr' id='par_1_22' title="bbox 2114 841 3713 915">
     <span class='ocr_line' id='line_1_22' title="bbox 2114 841 3713 915; baseline 0.006 -23"><span class='ocrx_word' id='word_1_146' title='bbox 2114 841 2266 908; x_wconf 90' lang='lat' dir='ltr'><strong>gelus</strong></span> <span class='ocrx_word' id='word_1_147' title='bbox 2297 851 2348 893; x_wconf 92' lang='lat' dir='ltr'><strong>et</strong></span> <span class='ocrx_word' id='word_1_148' title='bbox 2377 841 2651 909; x_wconf 66' lang='lat' dir='ltr'><strong>quaerebat</strong></span> <span class='ocrx_word' id='word_1_149' title='bbox 2688 857 2807 894; x_wconf 90' lang='lat' dir='ltr'><strong>eum</strong></span> <span class='ocrx_word' id='word_1_150' title='bbox 2837 843 3120 896; x_wconf 86' lang='lat' dir='ltr'><strong>occidere?</strong></span> <span class='ocrx_word' id='word_1_151' title='bbox 3147 845 3276 898; x_wconf 81' lang='lat' dir='ltr'><strong>Nam</strong></span> <span class='ocrx_word' id='word_1_152' title='bbox 3305 847 3388 900; x_wconf 93' lang='lat' dir='ltr'><strong>cui</strong></span> <span class='ocrx_word' id='word_1_153' title='bbox 3429 849 3713 915; x_wconf 86' lang='lat' dir='ltr'><strong>putabitnr</strong></span> 
     </span>
    </p>
   </div>
   <div class='ocr_carea' id='block_1_23' title="bbox 2115 931 3712 1009">
    <p class='ocr_par' dir='ltr' id='par_1_23' title="bbox 2115 931 3712 1009">
     <span class='ocr_line' id='line_1_23' title="bbox 2115 931 3712 1009; baseline 0.009 -28"><span class='ocrx_word' id='word_1_154' title='bbox 2115 931 2416 984; x_wconf 87' lang='lat' dir='ltr'><strong>occurrisse</strong></span> <span class='ocrx_word' id='word_1_155' title='bbox 2436 932 2536 984; x_wconf 92' lang='lat' dir='ltr'><strong>nisi</strong></span> <span class='ocrx_word' id='word_1_156' title='bbox 2553 933 2626 985; x_wconf 79' lang='lat' dir='ltr'><strong>illi</strong></span> <span class='ocrx_word' id='word_1_157' title='bbox 2642 933 2729 1000; x_wconf 90' lang='lat' dir='ltr'><strong>qui</strong></span> <span class='ocrx_word' id='word_1_158' title='bbox 2752 934 3003 988; x_wconf 82' lang='lat' dir='ltr'><strong>universo</strong></span> <span class='ocrx_word' id='word_1_159' title='bbox 3021 951 3236 989; x_wconf 83' lang='lat' dir='ltr'><strong>suorum</strong></span> <span class='ocrx_word' id='word_1_160' title='bbox 3263 939 3540 992; x_wconf 89' lang='lat' dir='ltr'><strong>comitatui</strong></span> <span class='ocrx_word' id='word_1_161' title='bbox 3567 956 3712 1009; x_wconf 72' lang='lat' dir='ltr'><strong>pra:-</strong></span> 
     </span>
    </p>
   </div>
   <div class='ocr_carea' id='block_1_24' title="bbox 2117 1020 3714 1102">
    <p class='ocr_par' dir='ltr' id='par_1_24' title="bbox 2117 1020 3714 1102">
     <span class='ocr_line' id='line_1_24' title="bbox 2117 1020 3714 1102; baseline 0.007 -28"><span class='ocrx_word' id='word_1_162' title='bbox 2117 1020 2210 1074; x_wconf 90' lang='lat' dir='ltr'><strong>fuit</strong></span> <span class='ocrx_word' id='word_1_163' title='bbox 2239 1061 2252 1085; x_wconf 95' lang='lat'><strong>,</strong></span> <span class='ocrx_word' id='word_1_164' title='bbox 2286 1030 2337 1076; x_wconf 89' lang='lat' dir='ltr'><strong>et</strong></span> <span class='ocrx_word' id='word_1_165' title='bbox 2367 1037 2395 1074; x_wconf 89' lang='lat' dir='ltr'><strong>a</strong></span> <span class='ocrx_word' id='word_1_166' title='bbox 2426 1039 2529 1090; x_wconf 92' lang='lat' dir='ltr'><strong>quo</strong></span> <span class='ocrx_word' id='word_1_167' title='bbox 2558 1026 2736 1078; x_wconf 71' lang='lat' dir='ltr'><strong>cmteri</strong></span> <span class='ocrx_word' id='word_1_168' title='bbox 2768 1025 3143 1081; x_wconf 77' lang='lat' dir='ltr'><strong>ducebantur?</strong></span> <span class='ocrx_word' id='word_1_169' title='bbox 3174 1029 3252 1081; x_wconf 81' lang='lat' dir='ltr'><strong>An</strong></span> <span class='ocrx_word' id='word_1_170' title='bbox 3299 1045 3522 1096; x_wconf 89' lang='lat' dir='ltr'><strong>puerum</strong></span> <span class='ocrx_word' id='word_1_171' title='bbox 3555 1047 3714 1102; x_wconf 78' lang='lat' dir='ltr'><strong>qua:-</strong></span> 
     </span>
    </p>
   </div>
   <div class='ocr_carea' id='block_1_25' title="bbox 2117 1111 3712 1189">
    <p class='ocr_par' dir='ltr' id='par_1_25' title="bbox 2117 1111 3712 1189">
     <span class='ocr_line' id='line_1_25' title="bbox 2117 1111 3712 1189; baseline 0.008 -25"><span class='ocrx_word' id='word_1_172' title='bbox 2117 1111 2266 1164; x_wconf 89' lang='lat' dir='ltr'><strong>rebat</strong></span> <span class='ocrx_word' id='word_1_173' title='bbox 2295 1112 2570 1178; x_wconf 87' lang='lat' dir='ltr'><strong>occidere,</strong></span> <span class='ocrx_word' id='word_1_174' title='bbox 2600 1113 2683 1168; x_wconf 93' lang='lat' dir='ltr'><strong>cui</strong></span> <span class='ocrx_word' id='word_1_175' title='bbox 2733 1124 2902 1169; x_wconf 88' lang='lat' dir='ltr'><strong>tuater</strong></span> <span class='ocrx_word' id='word_1_176' title='bbox 2939 1117 3372 1174; x_wconf 79' lang='lat' dir='ltr'><strong>circumcidenda</strong></span> <span class='ocrx_word' id='word_1_177' title='bbox 3415 1122 3712 1189; x_wconf 88' lang='lat' dir='ltr'><strong>subvenit,</strong></span> 
     </span>
    </p>
   </div>
   <div class='ocr_carea' id='block_1_26' title="bbox 2116 1203 3714 1282">
    <p class='ocr_par' dir='ltr' id='par_1_26' title="bbox 2116 1203 3714 1282">
     <span class='ocr_line' id='line_1_26' title="bbox 2116 1203 3714 1282; baseline 0.008 -28"><span class='ocrx_word' id='word_1_178' title='bbox 2116 1211 2170 1254; x_wconf 81' lang='grc' dir='ltr'><strong>ιιι</strong></span> <span class='ocrx_word' id='word_1_179' title='bbox 2191 1203 2258 1256; x_wconf 90' lang='lat' dir='ltr'><strong>ob</strong></span> <span class='ocrx_word' id='word_1_180' title='bbox 2289 1204 2388 1257; x_wconf 91' lang='lat' dir='ltr'><strong>hoc</strong></span> <span class='ocrx_word' id='word_1_181' title='bbox 2416 1203 2738 1273; x_wconf 81' lang='lat' dir='ltr'><strong>intelligatur</strong></span> <span class='ocrx_word' id='word_1_182' title='bbox 2759 1205 3003 1260; x_wconf 88' lang='lat' dir='ltr'><strong>occidere</strong></span> <span class='ocrx_word' id='word_1_183' title='bbox 3032 1208 3263 1264; x_wconf 88' lang='lat' dir='ltr'><strong>voluisse</strong></span> <span class='ocrx_word' id='word_1_184' title='bbox 3289 1209 3551 1266; x_wconf 84' lang='lat' dir='ltr'><strong>infantem</strong></span> <span class='ocrx_word' id='word_1_185' title='bbox 3578 1217 3714 1282; x_wconf 84' lang='lat' dir='ltr'><strong>quia</strong></span> 
     </span>
    </p>
   </div>
   <div class='ocr_carea' id='block_1_27' title="bbox 2116 1297 3714 1372">
    <p class='ocr_par' dir='ltr' id='par_1_27' title="bbox 2116 1297 3714 1372">
     <span class='ocr_line' id='line_1_27' title="bbox 2116 1297 3714 1372; baseline 0.007 -26"><span class='ocrx_word' id='word_1_186' title='bbox 2116 1310 2220 1348; x_wconf 90' lang='lat' dir='ltr'><strong>non</strong></span> <span class='ocrx_word' id='word_1_187' title='bbox 2254 1305 2364 1348; x_wconf 89' lang='lat' dir='ltr'><strong>erat</strong></span> <span class='ocrx_word' id='word_1_188' title='bbox 2391 1297 2761 1363; x_wconf 79' lang='lat' dir='ltr'><strong>circumcisus,</strong></span> <span class='ocrx_word' id='word_1_189' title='bbox 2789 1309 2948 1367; x_wconf 90' lang='lat' dir='ltr'><strong>atque</strong></span> <span class='ocrx_word' id='word_1_190' title='bbox 2994 1300 3064 1352; x_wconf 89' lang='lat' dir='ltr'><strong>ita</strong></span> <span class='ocrx_word' id='word_1_191' title='bbox 3112 1303 3324 1356; x_wconf 88' lang='lat' dir='ltr'><strong>sancire</strong></span> <span class='ocrx_word' id='word_1_192' title='bbox 3373 1315 3714 1372; x_wconf 65' lang='lat' dir='ltr'><strong>prmeeptum</strong></span> 
     </span>
    </p>
   </div>
   <div class='ocr_carea' id='block_1_28' title="bbox 2114 1387 3717 1458">
    <p class='ocr_par' dir='ltr' id='par_1_28' title="bbox 2114 1387 3717 1458">
     <span class='ocr_line' id='line_1_28' title="bbox 2114 1387 3717 1458; baseline 0.004 -18"><span class='ocrx_word' id='word_1_193' title='bbox 2114 1387 2538 1442; x_wconf 87' lang='lat' dir='ltr'><strong>circumcisionis</strong></span> <span class='ocrx_word' id='word_1_194' title='bbox 2568 1390 2855 1442; x_wconf 85' lang='lat' dir='ltr'><strong>severitate</strong></span> <span class='ocrx_word' id='word_1_195' title='bbox 2889 1389 3180 1443; x_wconf 61' lang='lat' dir='ltr'><strong>vindictae?</strong></span> <span class='ocrx_word' id='word_1_196' title='bbox 3213 1391 3364 1458; x_wconf 87' lang='lat' dir='ltr'><strong>Quod</strong></span> <span class='ocrx_word' id='word_1_197' title='bbox 3404 1392 3447 1446; x_wconf 88' lang='lat' dir='ltr'><strong>si</strong></span> <span class='ocrx_word' id='word_1_198' title='bbox 3492 1395 3565 1446; x_wconf 85' lang='lat' dir='ltr'><strong>ita</strong></span> <span class='ocrx_word' id='word_1_199' title='bbox 3599 1405 3717 1456; x_wconf 87' lang='lat' dir='ltr'><strong>est,</strong></span> 
     </span>
    </p>
   </div>
   <div class='ocr_carea' id='block_1_29' title="bbox 2117 1479 3718 1550">
    <p class='ocr_par' dir='ltr' id='par_1_29' title="bbox 2117 1479 3718 1550">
     <span class='ocr_line' id='line_1_29' title="bbox 2117 1479 3718 1550; baseline 0.004 -18"><span class='ocrx_word' id='word_1_200' title='bbox 2117 1479 2372 1534; x_wconf 89' lang='lat' dir='ltr'><strong>incertum</strong></span> <span class='ocrx_word' id='word_1_201' title='bbox 2397 1491 2479 1534; x_wconf 93' lang='lat' dir='ltr'><strong>est</strong></span> <span class='ocrx_word' id='word_1_202' title='bbox 2501 1481 2649 1549; x_wconf 91' lang='lat' dir='ltr'><strong>prius</strong></span> <span class='ocrx_word' id='word_1_203' title='bbox 2671 1479 2738 1535; x_wconf 89' lang='lat' dir='ltr'><strong>de</strong></span> <span class='ocrx_word' id='word_1_204' title='bbox 2765 1495 2870 1548; x_wconf 92' lang='lat' dir='ltr'><strong>quo</strong></span> <span class='ocrx_word' id='word_1_205' title='bbox 2896 1481 3122 1550; x_wconf 78' lang='lat' dir='ltr'><strong>dixerit,</strong></span> <span class='ocrx_word' id='word_1_206' title='bbox 3148 1480 3432 1548; x_wconf 69' lang='lat' dir='ltr'><strong>Qumrebat</strong></span> <span class='ocrx_word' id='word_1_207' title='bbox 3453 1499 3585 1539; x_wconf 76' lang='lat' dir='ltr'><strong>eum</strong></span> <span class='ocrx_word' id='word_1_208' title='bbox 3613 1500 3718 1539; x_wconf 90' lang='lat' dir='ltr'><strong>oc-</strong></span> 
     </span>
    </p>
   </div>
   <div class='ocr_carea' id='block_1_30' title="bbox 2115 1570 3718 1643">
    <p class='ocr_par' dir='ltr' id='par_1_30' title="bbox 2115 1570 3718 1643">
     <span class='ocr_line' id='line_1_30' title="bbox 2115 1570 3718 1643; baseline 0.002 -19"><span class='ocrx_word' id='word_1_209' title='bbox 2115 1571 2316 1638; x_wconf 90' lang='lat' dir='ltr'><strong>cidere,</strong></span> <span class='ocrx_word' id='word_1_210' title='bbox 2347 1570 2468 1640; x_wconf 87' lang='lat' dir='ltr'><strong>quia</strong></span> <span class='ocrx_word' id='word_1_211' title='bbox 2500 1572 2772 1640; x_wconf 81' lang='lat' dir='ltr'><strong>ignoratur</strong></span> <span class='ocrx_word' id='word_1_212' title='bbox 2797 1585 2952 1642; x_wconf 87' lang='lat' dir='ltr'><strong>quem</strong></span> <span class='ocrx_word' id='word_1_213' title='bbox 2985 1571 3087 1626; x_wconf 91' lang='lat' dir='ltr'><strong>nisi</strong></span> <span class='ocrx_word' id='word_1_214' title='bbox 3127 1586 3192 1626; x_wconf 84' lang='lat' dir='ltr'><strong>ex</strong></span> <span class='ocrx_word' id='word_1_215' title='bbox 3243 1575 3718 1643; x_wconf 85' lang='lat' dir='ltr'><strong>consequentibus</strong></span> 
     </span>
    </p>
   </div>
   <div class='ocr_carea' id='block_1_31' title="bbox 2117 1663 3718 1735">
    <p class='ocr_par' dir='ltr' id='par_1_31' title="bbox 2117 1663 3718 1735">
     <span class='ocr_line' id='line_1_31' title="bbox 2117 1663 3718 1735; baseline 0.002 -18"><span class='ocrx_word' id='word_1_216' title='bbox 2117 1663 2434 1731; x_wconf 84' lang='lat' dir='ltr'><strong>reperiatur,</strong></span> <span class='ocrx_word' id='word_1_217' title='bbox 2461 1664 2592 1717; x_wconf 90' lang='lat' dir='ltr'><strong>mira</strong></span> <span class='ocrx_word' id='word_1_218' title='bbox 2620 1663 2796 1735; x_wconf 78' lang='lat' dir='ltr'><strong>[sane]</strong></span> <span class='ocrx_word' id='word_1_219' title='bbox 2819 1663 3087 1718; x_wconf 90' lang='lat' dir='ltr'><strong>locutione</strong></span> <span class='ocrx_word' id='word_1_220' title='bbox 3110 1674 3164 1718; x_wconf 89' lang='lat' dir='ltr'><strong>et</strong></span> <span class='ocrx_word' id='word_1_221' title='bbox 3193 1665 3444 1720; x_wconf 88' lang='lat' dir='ltr'><strong>inusitata</strong></span> <span class='ocrx_word' id='word_1_222' title='bbox 3472 1675 3532 1720; x_wconf 93' lang='lat' dir='ltr'><strong>ut</strong></span> <span class='ocrx_word' id='word_1_223' title='bbox 3557 1669 3718 1735; x_wconf 87' lang='lat' dir='ltr'><strong>prius</strong></span> 
     </span>
    </p>
   </div>
   <div class='ocr_carea' id='block_1_32' title="bbox 502 1732 3719 1824">
    <p class='ocr_par' dir='ltr' id='par_1_32' title="bbox 502 1732 3719 1824">
     <span class='ocr_line' id='line_1_32' title="bbox 502 1732 3719 1824; baseline 0 -35"><span class='ocrx_word' id='word_1_224' title='bbox 502 1735 798 1791; x_wconf 85' lang='lat' dir='ltr'><strong>Videndum</strong></span> <span class='ocrx_word' id='word_1_225' title='bbox 819 1732 1085 1802; x_wconf 92' lang='lat' dir='ltr'><strong>quomodo</strong></span> <span class='ocrx_word' id='word_1_226' title='bbox 1103 1732 1283 1786; x_wconf 87' lang='lat' dir='ltr'><strong>dicant</strong></span> <span class='ocrx_word' id='word_1_227' title='bbox 1309 1733 1601 1799; x_wconf 73' lang='lat' dir='ltr'><strong>Scriptura:</strong></span> <span class='ocrx_word' id='word_1_228' title='bbox 1631 1733 1771 1802; x_wconf 89' lang='lat' dir='ltr'><strong>quod</strong></span> <span class='ocrx_word' id='word_1_229' title='bbox 1796 1733 2012 1789; x_wconf 87' lang='lat' dir='ltr'><strong>assidue</strong></span> <span class='ocrx_word' id='word_1_230' title='bbox 2048 1761 2088 1818; x_wconf 75' lang='grc' dir='ltr'><strong><em>Β</em></strong></span> <span class='ocrx_word' id='word_1_231' title='bbox 2119 1754 2319 1810; x_wconf 54' lang='grc' dir='ltr'><strong>ἀίσσει</strong></span> <span class='ocrx_word' id='word_1_232' title='bbox 2364 1755 2595 1809; x_wconf 50' lang='lat' dir='ltr'><strong>cecurri;</strong></span> <span class='ocrx_word' id='word_1_233' title='bbox 2621 1732 2711 1819; x_wconf 48' lang='grc' dir='ltr'><strong>’ρξ’</strong></span> <span class='ocrx_word' id='word_1_234' title='bbox 2741 1732 2794 1808; x_wconf 63' lang='grc' dir='ltr'><strong>εί</strong></span> <span class='ocrx_word' id='word_1_235' title='bbox 2842 1757 3115 1824; x_wconf 39' lang='lat' dir='ltr'><strong>quaret“</strong></span> <span class='ocrx_word' id='word_1_236' title='bbox 3160 1772 3281 1810; x_wconf 70' lang='lat' dir='ltr'><strong>eum</strong></span> <span class='ocrx_word' id='word_1_237' title='bbox 3332 1732 3610 1823; x_wconf 48' lang='grc' dir='ltr'><strong>θραύει-ὲ,</strong></span> <span class='ocrx_word' id='word_1_238' title='bbox 3647 1760 3719 1813; x_wconf 53' lang='grc' dir='ltr'><strong>σύ</strong></span> 
     </span>
    </p>
   </div>
   <div class='ocr_carea' id='block_1_33' title="bbox 433 1824 2004 1893">
    <p class='ocr_par' dir='ltr' id='par_1_33' title="bbox 433 1824 2004 1893">
     <span class='ocr_line' id='line_1_33' title="bbox 433 1824 2004 1893; baseline -0.001 -13"><span class='ocrx_word' id='word_1_239' title='bbox 433 1828 614 1881; x_wconf 87' lang='lat' dir='ltr'><strong>dicunt</strong></span> <span class='ocrx_word' id='word_1_240' title='bbox 645 1827 710 1880; x_wconf 86' lang='lat' dir='ltr'><strong>de</strong></span> <span class='ocrx_word' id='word_1_241' title='bbox 741 1824 966 1880; x_wconf 87' lang='lat' dir='ltr'><strong>mortuis</strong></span> <span class='ocrx_word' id='word_1_242' title='bbox 999 1843 1009 1876; x_wconf 90' lang='lat'>:</span> <span class='ocrx_word' id='word_1_243' title='bbox 1047 1825 1110 1878; x_wconf 85' lang='lat' dir='ltr'><strong>Et</strong></span> <span class='ocrx_word' id='word_1_244' title='bbox 1142 1824 1415 1893; x_wconf 82' lang='lat' dir='ltr'><strong>appositus</strong></span> <span class='ocrx_word' id='word_1_245' title='bbox 1443 1833 1523 1877; x_wconf 90' lang='lat' dir='ltr'><strong>est</strong></span> <span class='ocrx_word' id='word_1_246' title='bbox 1553 1824 1619 1877; x_wconf 90' lang='lat' dir='ltr'><strong>ad</strong></span> <span class='ocrx_word' id='word_1_247' title='bbox 1652 1835 1829 1893; x_wconf 91' lang='lat' dir='ltr'><strong>patres</strong></span> <span class='ocrx_word' id='word_1_248' title='bbox 1857 1839 2004 1889; x_wconf 89' lang='lat' dir='ltr'><strong>suos,</strong></span> 
     </span>
    </p>
   </div>
   <div class='ocr_carea' id='block_1_34' title="bbox 431 1912 2011 1984">
    <p class='ocr_par' dir='ltr' id='par_1_34' title="bbox 431 1912 2011 1984">
     <span class='ocr_line' id='line_1_34' title="bbox 431 1912 2011 1984; baseline 0.001 -16"><span class='ocrx_word' id='word_1_249' title='bbox 431 1917 510 1970; x_wconf 84' lang='lat' dir='ltr'><strong>vel</strong></span> <span class='ocrx_word' id='word_1_250' title='bbox 542 1916 821 1984; x_wconf 89' lang='lat' dir='ltr'><strong>appositus</strong></span> <span class='ocrx_word' id='word_1_251' title='bbox 850 1923 932 1968; x_wconf 91' lang='lat' dir='ltr'><strong>est</strong></span> <span class='ocrx_word' id='word_1_252' title='bbox 978 1913 1043 1967; x_wconf 92' lang='lat' dir='ltr'><strong>ad</strong></span> <span class='ocrx_word' id='word_1_253' title='bbox 1079 1913 1327 1982; x_wconf 90' lang='lat' dir='ltr'><strong>populum</strong></span> <span class='ocrx_word' id='word_1_254' title='bbox 1358 1928 1535 1968; x_wconf 92' lang='lat' dir='ltr'><strong>suum.</strong></span> <span class='ocrx_word' id='word_1_255' title='bbox 1584 1912 1723 1968; x_wconf 85' lang='lat' dir='ltr'><strong>Ecce</strong></span> <span class='ocrx_word' id='word_1_256' title='bbox 1767 1915 1909 1970; x_wconf 88' lang='lat' dir='ltr'><strong>enim</strong></span> <span class='ocrx_word' id='word_1_257' title='bbox 1943 1915 2011 1969; x_wconf 90' lang='lat' dir='ltr'><strong>de</strong></span> 
     </span>
    </p>
   </div>
   <div class='ocr_carea' id='block_1_35' title="bbox 431 2005 2011 2074">
    <p class='ocr_par' dir='ltr' id='par_1_35' title="bbox 431 2005 2011 2074">
     <span class='ocr_line' id='line_1_35' title="bbox 431 2005 2011 2074; baseline -0.003 -10"><span class='ocrx_word' id='word_1_258' title='bbox 431 2009 593 2064; x_wconf 74' lang='lat' dir='ltr'><strong>Jicob</strong></span> <span class='ocrx_word' id='word_1_259' title='bbox 620 2009 811 2061; x_wconf 84' lang='lat' dir='ltr'><strong>dicitur</strong></span> <span class='ocrx_word' id='word_1_260' title='bbox 840 2006 948 2074; x_wconf 91' lang='lat' dir='ltr'><strong>jam</strong></span> <span class='ocrx_word' id='word_1_261' title='bbox 980 2005 1192 2074; x_wconf 89' lang='lat' dir='ltr'><strong>quidem</strong></span> <span class='ocrx_word' id='word_1_262' title='bbox 1226 2014 1467 2070; x_wconf 88' lang='lat' dir='ltr'><strong>mortuo,</strong></span> <span class='ocrx_word' id='word_1_263' title='bbox 1513 2005 1606 2059; x_wconf 88' lang='lat' dir='ltr'><strong>sed</strong></span> <span class='ocrx_word' id='word_1_264' title='bbox 1647 2005 1883 2059; x_wconf 91' lang='lat' dir='ltr'><strong>nondum</strong></span> <span class='ocrx_word' id='word_1_265' title='bbox 1926 2020 2011 2060; x_wconf 41' lang='lat' dir='ltr'><strong>se:</strong></span> 
     </span>
    </p>
   </div>
   <div class='ocr_carea' id='block_1_36' title="bbox 431 2095 2007 2169">
    <p class='ocr_par' dir='ltr' id='par_1_36' title="bbox 431 2095 2007 2169">
     <span class='ocr_line' id='line_1_36' title="bbox 431 2095 2007 2169; baseline -0.003 -16"><span class='ocrx_word' id='word_1_266' title='bbox 431 2100 596 2169; x_wconf 91' lang='lat' dir='ltr'><strong>pulto,</strong></span> <span class='ocrx_word' id='word_1_267' title='bbox 631 2107 685 2153; x_wconf 92' lang='lat' dir='ltr'><strong>et</strong></span> <span class='ocrx_word' id='word_1_268' title='bbox 715 2097 779 2150; x_wconf 90' lang='lat' dir='ltr'><strong>ad</strong></span> <span class='ocrx_word' id='word_1_269' title='bbox 809 2111 965 2165; x_wconf 90' lang='lat' dir='ltr'><strong>quem</strong></span> <span class='ocrx_word' id='word_1_270' title='bbox 1001 2095 1252 2165; x_wconf 85' lang='lat' dir='ltr'><strong>populum</strong></span> <span class='ocrx_word' id='word_1_271' title='bbox 1280 2107 1576 2164; x_wconf 89' lang='lat' dir='ltr'><strong>apponatur</strong></span> <span class='ocrx_word' id='word_1_272' title='bbox 1610 2111 1713 2150; x_wconf 92' lang='lat' dir='ltr'><strong>non</strong></span> <span class='ocrx_word' id='word_1_273' title='bbox 1748 2096 1796 2148; x_wconf 92' lang='lat' dir='ltr'><strong>in</strong></span> <span class='ocrx_word' id='word_1_274' title='bbox 1831 2110 2007 2164; x_wconf 91' lang='lat' dir='ltr'><strong>prom-</strong></span> 
     </span>
    </p>
   </div>
   <div class='ocr_carea' id='block_1_37' title="bbox 434 2185 2007 2260">
    <p class='ocr_par' dir='ltr' id='par_1_37' title="bbox 434 2185 2007 2260">
     <span class='ocr_line' id='line_1_37' title="bbox 434 2185 2007 2260; baseline -0.004 -15"><span class='ocrx_word' id='word_1_275' title='bbox 434 2202 524 2260; x_wconf 90' lang='lat' dir='ltr'><strong>ptu</strong></span> <span class='ocrx_word' id='word_1_276' title='bbox 554 2199 637 2245; x_wconf 90' lang='lat' dir='ltr'><strong>est</strong></span> <span class='ocrx_word' id='word_1_277' title='bbox 669 2189 870 2242; x_wconf 90' lang='lat' dir='ltr'><strong>videre.</strong></span> <span class='ocrx_word' id='word_1_278' title='bbox 907 2187 982 2240; x_wconf 69' lang='lat' dir='ltr'><strong>Et</strong></span> <span class='ocrx_word' id='word_1_279' title='bbox 1023 2186 1115 2241; x_wconf 90' lang='lat' dir='ltr'><strong>illo</strong></span> <span class='ocrx_word' id='word_1_280' title='bbox 1142 2187 1283 2240; x_wconf 90' lang='lat' dir='ltr'><strong>enim</strong></span> <span class='ocrx_word' id='word_1_281' title='bbox 1319 2185 1543 2254; x_wconf 91' lang='lat' dir='ltr'><strong>populus</strong></span> <span class='ocrx_word' id='word_1_282' title='bbox 1576 2188 1721 2254; x_wconf 89' lang='lat' dir='ltr'><strong>prior</strong></span> <span class='ocrx_word' id='word_1_283' title='bbox 1753 2187 2007 2250; x_wconf 84' lang='lat' dir='ltr'><strong>nascitur,</strong></span> 
     </span>
    </p>
   </div>
   <div class='ocr_carea' id='block_1_38' title="bbox 433 2279 2013 2354">
    <p class='ocr_par' dir='ltr' id='par_1_38' title="bbox 433 2279 2013 2354">
     <span class='ocr_line' id='line_1_38' title="bbox 433 2279 2013 2354; baseline -0.003 -17"><span class='ocrx_word' id='word_1_284' title='bbox 433 2285 520 2354; x_wconf 90' lang='lat' dir='ltr'><strong>qui</strong></span> <span class='ocrx_word' id='word_1_285' title='bbox 553 2283 726 2338; x_wconf 87' lang='lat' dir='ltr'><strong>dictus</strong></span> <span class='ocrx_word' id='word_1_286' title='bbox 753 2290 835 2337; x_wconf 89' lang='lat' dir='ltr'><strong>est</strong></span> <span class='ocrx_word' id='word_1_287' title='bbox 866 2281 1093 2350; x_wconf 86' lang='lat' dir='ltr'><strong>populus</strong></span> <span class='ocrx_word' id='word_1_288' title='bbox 1121 2279 1315 2344; x_wconf 88' lang='lat' dir='ltr'><strong>lsrael,</strong></span> <span class='ocrx_word' id='word_1_289' title='bbox 1350 2280 1435 2348; x_wconf 90' lang='lat' dir='ltr'><strong>qui</strong></span> <span class='ocrx_word' id='word_1_290' title='bbox 1464 2293 1590 2334; x_wconf 86' lang='lat' dir='ltr'><strong>vero</strong></span> <span class='ocrx_word' id='word_1_291' title='bbox 1619 2295 1740 2332; x_wconf 91' lang='lat' dir='ltr'><strong>eum</strong></span> <span class='ocrx_word' id='word_1_292' title='bbox 1784 2293 2013 2348; x_wconf 69' lang='lat' dir='ltr'><strong>[ir-I‘CCS-</strong></span> 
     </span>
    </p>
   </div>
   <div class='ocr_carea' id='block_1_39' title="bbox 434 2371 2011 2442">
    <p class='ocr_par' dir='ltr' id='par_1_39' title="bbox 434 2371 2011 2442">
     <span class='ocr_line' id='line_1_39' title="bbox 434 2371 2011 2442; baseline -0.004 -12"><span class='ocrx_word' id='word_1_293' title='bbox 434 2385 638 2436; x_wconf 86' lang='lat' dir='ltr'><strong>serunt.</strong></span> <span class='ocrx_word' id='word_1_294' title='bbox 671 2383 776 2427; x_wconf 88' lang='lat' dir='ltr'><strong>tam</strong></span> <span class='ocrx_word' id='word_1_295' title='bbox 808 2373 958 2442; x_wconf 88' lang='lat' dir='ltr'><strong>pauci</strong></span> <span class='ocrx_word' id='word_1_296' title='bbox 986 2372 1115 2442; x_wconf 89' lang='lat' dir='ltr'><strong>justi</strong></span> <span class='ocrx_word' id='word_1_297' title='bbox 1157 2371 1518 2434; x_wconf 90' lang='lat' dir='ltr'><strong>nominantur,</strong></span> <span class='ocrx_word' id='word_1_298' title='bbox 1554 2381 1608 2424; x_wconf 90' lang='lat' dir='ltr'><strong>ut</strong></span> <span class='ocrx_word' id='word_1_299' title='bbox 1637 2387 1727 2426; x_wconf 90' lang='lat' dir='ltr'><strong>eos</strong></span> <span class='ocrx_word' id='word_1_300' title='bbox 1759 2372 2011 2440; x_wconf 88' lang='lat' dir='ltr'><strong>populum</strong></span> 
     </span>
    </p>
   </div>
   <div class='ocr_carea' id='block_1_40' title="bbox 433 2463 2012 2536">
    <p class='ocr_par' dir='ltr' id='par_1_40' title="bbox 433 2463 2012 2536">
     <span class='ocr_line' id='line_1_40' title="bbox 433 2463 2012 2536; baseline -0.001 -17"><span class='ocrx_word' id='word_1_301' title='bbox 433 2467 700 2536; x_wconf 78' lang='lat' dir='ltr'><strong>appellare</strong></span> <span class='ocrx_word' id='word_1_302' title='bbox 724 2473 1054 2520; x_wconf 82' lang='lat' dir='ltr'><strong>cum-temur.</strong></span> <span class='ocrx_word' id='word_1_303' title='bbox 1082 2463 1210 2517; x_wconf 87' lang='lat' dir='ltr'><strong>Nam</strong></span> <span class='ocrx_word' id='word_1_304' title='bbox 1235 2464 1274 2515; x_wconf 90' lang='lat' dir='ltr'><strong>si</strong></span> <span class='ocrx_word' id='word_1_305' title='bbox 1303 2463 1504 2517; x_wconf 73' lang='lat' dir='ltr'><strong>dictum</strong></span> <span class='ocrx_word' id='word_1_306' title='bbox 1527 2473 1698 2517; x_wconf 85' lang='lat' dir='ltr'><strong>esset:</strong></span> <span class='ocrx_word' id='word_1_307' title='bbox 1727 2463 2012 2530; x_wconf 77' lang='lat' dir='ltr'><strong>Appositns</strong></span> 
     </span>
    </p>
   </div>
   <div class='ocr_carea' id='block_1_41' title="bbox 434 2551 2012 2625">
    <p class='ocr_par' dir='ltr' id='par_1_41' title="bbox 434 2551 2012 2625">
     <span class='ocr_line' id='line_1_41' title="bbox 434 2551 2012 2625; baseline -0.006 -14"><span class='ocrx_word' id='word_1_308' title='bbox 434 2568 514 2612; x_wconf 89' lang='lat' dir='ltr'><strong>cst</strong></span> <span class='ocrx_word' id='word_1_309' title='bbox 537 2557 601 2610; x_wconf 92' lang='lat' dir='ltr'><strong>ad</strong></span> <span class='ocrx_word' id='word_1_310' title='bbox 634 2567 810 2625; x_wconf 90' lang='lat' dir='ltr'><strong>patres</strong></span> <span class='ocrx_word' id='word_1_311' title='bbox 835 2569 981 2619; x_wconf 87' lang='lat' dir='ltr'><strong>suos,</strong></span> <span class='ocrx_word' id='word_1_312' title='bbox 1013 2554 1156 2608; x_wconf 90' lang='lat' dir='ltr'><strong>nulla</strong></span> <span class='ocrx_word' id='word_1_313' title='bbox 1187 2553 1412 2622; x_wconf 72' lang='lat' dir='ltr'><strong>qurestio</strong></span> <span class='ocrx_word' id='word_1_314' title='bbox 1444 2553 1616 2607; x_wconf 64' lang='lat' dir='ltr'><strong>lieres.</strong></span> <span class='ocrx_word' id='word_1_315' title='bbox 1646 2552 1721 2605; x_wconf 84' lang='lat' dir='ltr'><strong>An</strong></span> <span class='ocrx_word' id='word_1_316' title='bbox 1755 2551 1891 2607; x_wconf 82' lang='lat' dir='ltr'><strong>forte</strong></span> <span class='ocrx_word' id='word_1_317' title='bbox 1918 2567 2012 2622; x_wconf 86' lang='lat' dir='ltr'><strong>po-</strong></span> 
     </span>
    </p>
   </div>
   <div class='ocr_carea' id='block_1_42' title="bbox 434 2643 2016 2717">
    <p class='ocr_par' dir='ltr' id='par_1_42' title="bbox 434 2643 2016 2717">
     <span class='ocr_line' id='line_1_42' title="bbox 434 2643 2016 2717; baseline -0.001 -18"><span class='ocrx_word' id='word_1_318' title='bbox 434 2648 590 2717; x_wconf 82' lang='lat' dir='ltr'><strong>pulus</strong></span> <span class='ocrx_word' id='word_1_319' title='bbox 621 2657 721 2711; x_wconf 86' lang='lat' dir='ltr'><strong>est,</strong></span> <span class='ocrx_word' id='word_1_320' title='bbox 758 2662 860 2700; x_wconf 88' lang='lat' dir='ltr'><strong>non</strong></span> <span class='ocrx_word' id='word_1_321' title='bbox 893 2646 1064 2699; x_wconf 92' lang='lat' dir='ltr'><strong>solum</strong></span> <span class='ocrx_word' id='word_1_322' title='bbox 1094 2643 1368 2698; x_wconf 91' lang='lat' dir='ltr'><strong>hominum</strong></span> <span class='ocrx_word' id='word_1_323' title='bbox 1393 2654 1721 2707; x_wconf 89' lang='lat' dir='ltr'><strong>sanctorum,</strong></span> <span class='ocrx_word' id='word_1_324' title='bbox 1750 2658 1934 2697; x_wconf 88' lang='lat' dir='ltr'><strong>verum</strong></span> <span class='ocrx_word' id='word_1_325' title='bbox 1960 2651 2016 2697; x_wconf 92' lang='lat' dir='ltr'><strong>et</strong></span> 
     </span>
    </p>
   </div>
   <div class='ocr_carea' id='block_1_43' title="bbox 431 2734 2014 2809">
    <p class='ocr_par' dir='ltr' id='par_1_43' title="bbox 431 2734 2014 2809">
     <span class='ocr_line' id='line_1_43' title="bbox 431 2734 2014 2809; baseline -0.003 -16"><span class='ocrx_word' id='word_1_326' title='bbox 431 2741 742 2809; x_wconf 84' lang='lat' dir='ltr'><strong>angelorum</strong></span> <span class='ocrx_word' id='word_1_327' title='bbox 795 2739 1021 2806; x_wconf 89' lang='lat' dir='ltr'><strong>populus</strong></span> <span class='ocrx_word' id='word_1_328' title='bbox 1070 2735 1300 2789; x_wconf 72' lang='lat' dir='ltr'><strong>civitatis</strong></span> <span class='ocrx_word' id='word_1_329' title='bbox 1342 2735 1506 2802; x_wconf 89' lang='lat' dir='ltr'><strong>illius,</strong></span> <span class='ocrx_word' id='word_1_330' title='bbox 1543 2735 1681 2788; x_wconf 91' lang='lat' dir='ltr'><strong>unde</strong></span> <span class='ocrx_word' id='word_1_331' title='bbox 1713 2734 1909 2788; x_wconf 87' lang='lat' dir='ltr'><strong>dicitur</strong></span> <span class='ocrx_word' id='word_1_332' title='bbox 1949 2735 2014 2788; x_wconf 90' lang='lat' dir='ltr'><strong>ad</strong></span> 
     </span>
    </p>
   </div>
   <div class='ocr_carea' id='block_1_44' title="bbox 431 2827 2018 2886">
    <p class='ocr_par' dir='ltr' id='par_1_44' title="bbox 431 2827 2018 2886">
     <span class='ocr_line' id='line_1_44' title="bbox 431 2827 2018 2886; baseline -0.004 0"><span class='ocrx_word' id='word_1_333' title='bbox 431 2831 685 2886; x_wconf 63' lang='lat' dir='ltr'><strong>Hebraeos</strong></span> <span class='ocrx_word' id='word_1_334' title='bbox 718 2849 729 2882; x_wconf 91' lang='lat'><strong>:</strong></span> <span class='ocrx_word' id='word_1_335' title='bbox 763 2830 866 2884; x_wconf 83' lang='lat' dir='ltr'><strong>Sed</strong></span> <span class='ocrx_word' id='word_1_336' title='bbox 895 2829 1200 2884; x_wconf 88' lang='lat' dir='ltr'><strong>accessistis</strong></span> <span class='ocrx_word' id='word_1_337' title='bbox 1243 2828 1306 2881; x_wconf 91' lang='lat' dir='ltr'><strong>ad</strong></span> <span class='ocrx_word' id='word_1_338' title='bbox 1342 2836 1576 2881; x_wconf 90' lang='lat' dir='ltr'><strong>montem</strong></span> <span class='ocrx_word' id='word_1_339' title='bbox 1618 2828 1747 2882; x_wconf 92' lang='lat' dir='ltr'><strong>Sion</strong></span> <span class='ocrx_word' id='word_1_340' title='bbox 1778 2836 1832 2882; x_wconf 90' lang='lat' dir='ltr'><strong>et</strong></span> <span class='ocrx_word' id='word_1_341' title='bbox 1857 2827 1921 2881; x_wconf 91' lang='lat' dir='ltr'><strong>ad</strong></span> <span class='ocrx_word' id='word_1_342' title='bbox 1944 2828 2018 2882; x_wconf 90' lang='lat' dir='ltr'><strong>ci-</strong></span> 
     </span>
    </p>
   </div>
   <div class='ocr_carea' id='block_1_45' title="bbox 431 2921 2019 2991">
    <p class='ocr_par' dir='ltr' id='par_1_45' title="bbox 431 2921 2019 2991">
     <span class='ocr_line' id='line_1_45' title="bbox 431 2921 2019 2991; baseline -0.001 -13"><span class='ocrx_word' id='word_1_343' title='bbox 431 2926 646 2978; x_wconf 81' lang='lat' dir='ltr'><strong>vitatem</strong></span> <span class='ocrx_word' id='word_1_344' title='bbox 681 2924 771 2978; x_wconf 93' lang='lat' dir='ltr'><strong>Dei</strong></span> <span class='ocrx_word' id='word_1_345' title='bbox 806 2923 1170 2985; x_wconf 89' lang='lat' dir='ltr'><strong>Hierusalem,</strong></span> <span class='ocrx_word' id='word_1_346' title='bbox 1206 2931 1262 2976; x_wconf 92' lang='lat' dir='ltr'><strong>et</strong></span> <span class='ocrx_word' id='word_1_347' title='bbox 1288 2921 1352 2975; x_wconf 92' lang='lat' dir='ltr'><strong>ad</strong></span> <span class='ocrx_word' id='word_1_348' title='bbox 1379 2922 1539 2975; x_wconf 88' lang='lat' dir='ltr'><strong>millia</strong></span> <span class='ocrx_word' id='word_1_349' title='bbox 1571 2923 1880 2991; x_wconf 83' lang='lat' dir='ltr'><strong>angelorum</strong></span> <span class='ocrx_word' id='word_1_350' title='bbox 1924 2939 2019 2976; x_wconf 86' lang='lat' dir='ltr'><strong>ex-</strong></span> 
     </span>
    </p>
   </div>
   <div class='ocr_carea' id='block_1_46' title="bbox 430 3011 2014 3081">
    <p class='ocr_par' dir='ltr' id='par_1_46' title="bbox 430 3011 2014 3081">
     <span class='ocr_line' id='line_1_46' title="bbox 430 3011 2014 3081; baseline -0.004 -11"><span class='ocrx_word' id='word_1_351' title='bbox 430 3013 761 3070; x_wconf 80' lang='lat' dir='ltr'><strong>sultantium.</strong></span> <span class='ocrx_word' id='word_1_352' title='bbox 796 3013 926 3066; x_wconf 85' lang='lat' dir='ltr'><strong>Huic</strong></span> <span class='ocrx_word' id='word_1_353' title='bbox 958 3012 1153 3081; x_wconf 85' lang='lat' dir='ltr'><strong>pepulo</strong></span> <span class='ocrx_word' id='word_1_354' title='bbox 1178 3020 1518 3078; x_wconf 81' lang='lat' dir='ltr'><strong>apponuntur</strong></span> <span class='ocrx_word' id='word_1_355' title='bbox 1547 3011 1635 3080; x_wconf 91' lang='lat' dir='ltr'><strong>qui</strong></span> <span class='ocrx_word' id='word_1_356' title='bbox 1671 3012 1806 3066; x_wconf 85' lang='lat' dir='ltr'><strong>hanc</strong></span> <span class='ocrx_word' id='word_1_357' title='bbox 1853 3011 2014 3065; x_wconf 69' lang='lat' dir='ltr'><strong>vitam</strong></span> 
     </span>
    </p>
   </div>
   <div class='ocr_carea' id='block_1_47' title="bbox 431 3102 1982 3176">
    <p class='ocr_par' dir='ltr' id='par_1_47' title="bbox 431 3102 1982 3176">
     <span class='ocr_line' id='line_1_47' title="bbox 431 3102 1982 3176; baseline -0.004 -16"><span class='ocrx_word' id='word_1_358' title='bbox 431 3107 698 3176; x_wconf 86' lang='lat' dir='ltr'><strong>placentes</strong></span> <span class='ocrx_word' id='word_1_359' title='bbox 731 3105 843 3159; x_wconf 92' lang='lat' dir='ltr'><strong>Deo</strong></span> <span class='ocrx_word' id='word_1_360' title='bbox 892 3105 1103 3158; x_wconf 89' lang='lat' dir='ltr'><strong>finiunt.</strong></span> <span class='ocrx_word' id='word_1_361' title='bbox 1131 3103 1281 3157; x_wconf 88' lang='lat' dir='ltr'><strong>Tunc</strong></span> <span class='ocrx_word' id='word_1_362' title='bbox 1321 3103 1462 3155; x_wconf 88' lang='lat' dir='ltr'><strong>enim</strong></span> <span class='ocrx_word' id='word_1_363' title='bbox 1505 3102 1759 3156; x_wconf 87' lang='lat' dir='ltr'><strong>diettutur</strong></span> <span class='ocrx_word' id='word_1_364' title='bbox 1788 3105 1982 3172; x_wconf 88' lang='lat' dir='ltr'><strong>apponi</strong></span> 
     </span>
    </p>
   </div>
   <div class='ocr_carea' id='block_1_48' title="bbox 429 3193 2011 3265">
    <p class='ocr_par' dir='ltr' id='par_1_48' title="bbox 429 3193 2011 3265">
     <span class='ocr_line' id='line_1_48' title="bbox 429 3193 2011 3265; baseline -0.002 -13"><span class='ocrx_word' id='word_1_365' title='bbox 429 3198 641 3265; x_wconf 77' lang='lat' dir='ltr'><strong>quando</strong></span> <span class='ocrx_word' id='word_1_366' title='bbox 669 3197 812 3250; x_wconf 89' lang='lat' dir='ltr'><strong>nulla</strong></span> <span class='ocrx_word' id='word_1_367' title='bbox 844 3195 950 3264; x_wconf 85' lang='lat' dir='ltr'><strong>jam</strong></span> <span class='ocrx_word' id='word_1_368' title='bbox 978 3202 1220 3248; x_wconf 90' lang='lat' dir='ltr'><strong>remanet</strong></span> <span class='ocrx_word' id='word_1_369' title='bbox 1245 3193 1549 3248; x_wconf 89' lang='lat' dir='ltr'><strong>sollicitudo</strong></span> <span class='ocrx_word' id='word_1_370' title='bbox 1583 3193 1932 3247; x_wconf 85' lang='lat' dir='ltr'><strong>tentationum</strong></span> <span class='ocrx_word' id='word_1_371' title='bbox 1957 3207 2011 3249; x_wconf 90' lang='lat' dir='ltr'><strong>et</strong></span> 
     </span>
    </p>
   </div>
   <div class='ocr_carea' id='block_1_49' title="bbox 430 3282 2009 3358">
    <p class='ocr_par' dir='ltr' id='par_1_49' title="bbox 430 3282 2009 3358">
     <span class='ocr_line' id='line_1_49' title="bbox 430 3282 2009 3358; baseline -0.003 -15"><span class='ocrx_word' id='word_1_372' title='bbox 430 3288 729 3358; x_wconf 76' lang='lat' dir='ltr'><strong>periculum</strong></span> <span class='ocrx_word' id='word_1_373' title='bbox 765 3294 1127 3354; x_wconf 90' lang='lat' dir='ltr'><strong>peccatorum.</strong></span> <span class='ocrx_word' id='word_1_374' title='bbox 1155 3285 1306 3352; x_wconf 91' lang='lat' dir='ltr'><strong>Quod</strong></span> <span class='ocrx_word' id='word_1_375' title='bbox 1355 3285 1567 3338; x_wconf 89' lang='lat' dir='ltr'><strong>intuens</strong></span> <span class='ocrx_word' id='word_1_376' title='bbox 1612 3283 1685 3337; x_wconf 92' lang='lat' dir='ltr'><strong>ait</strong></span> <span class='ocrx_word' id='word_1_377' title='bbox 1713 3282 2009 3352; x_wconf 78' lang='lat' dir='ltr'><strong>Scriptura,</strong></span> 
     </span>
    </p>
   </div>
   <div class='ocr_carea' id='block_1_50' title="bbox 433 3375 1802 3444">
    <p class='ocr_par' dir='ltr' id='par_1_50' title="bbox 433 3375 1802 3444">
     <span class='ocr_line' id='line_1_50' title="bbox 433 3375 1802 3444; baseline -0.004 -12"><span class='ocrx_word' id='word_1_378' title='bbox 433 3381 567 3432; x_wconf 76' lang='lat' dir='ltr'><strong>An&#39;e</strong></span> <span class='ocrx_word' id='word_1_379' title='bbox 594 3387 820 3432; x_wconf 89' lang='lat' dir='ltr'><strong>mortem</strong></span> <span class='ocrx_word' id='word_1_380' title='bbox 852 3392 919 3431; x_wconf 92' lang='lat' dir='ltr'><strong>nc</strong></span> <span class='ocrx_word' id='word_1_381' title='bbox 949 3375 1131 3431; x_wconf 89' lang='lat' dir='ltr'><strong>laudes</strong></span> <span class='ocrx_word' id='word_1_382' title='bbox 1160 3375 1431 3429; x_wconf 84' lang='lat' dir='ltr'><strong>hominem</strong></span> <span class='ocrx_word' id='word_1_383' title='bbox 1463 3389 1802 3444; x_wconf 89' lang='lat' dir='ltr'><strong>quemquam.</strong></span> 
     </span>
    </p>
   </div>
   <div class='ocr_carea' id='block_1_51' title="bbox 1031 3505 1415 3561">
    <p class='ocr_par' dir='ltr' id='par_1_51' title="bbox 1031 3505 1415 3561">
     <span class='ocr_line' id='line_1_51' title="bbox 1031 3505 1415 3561; baseline -0.008 0"><span class='ocrx_word' id='word_1_384' title='bbox 1031 3505 1256 3561; x_wconf 80' lang='lat' dir='ltr'><strong>CAPUT</strong></span> <span class='ocrx_word' id='word_1_385' title='bbox 1283 3505 1415 3559; x_wconf 85' lang='lat' dir='ltr'><strong>CIV.</strong></span> 
     </span>
    </p>
   </div>
   <div class='ocr_carea' id='block_1_52' title="bbox 432 3597 2014 3667">
    <p class='ocr_par' dir='ltr' id='par_1_52' title="bbox 432 3597 2014 3667">
     <span class='ocr_line' id='line_1_52' title="bbox 432 3597 2014 3667; baseline 0.003 -15"><span class='ocrx_word' id='word_1_386' title='bbox 432 3599 504 3654; x_wconf 79' lang='lat' dir='ltr'><strong>De</strong></span> <span class='ocrx_word' id='word_1_387' title='bbox 531 3599 830 3666; x_wconf 73' lang='lat' dir='ltr'><strong>luctuquem</strong></span> <span class='ocrx_word' id='word_1_388' title='bbox 865 3598 981 3665; x_wconf 76' lang='lat' dir='ltr'><strong>fecit</strong></span> <span class='ocrx_word' id='word_1_389' title='bbox 1009 3597 1204 3665; x_wconf 74' lang='lat' dir='ltr'><strong>Ioseph</strong></span> <span class='ocrx_word' id='word_1_390' title='bbox 1233 3599 1366 3667; x_wconf 85' lang='lat' dir='ltr'><strong>patri</strong></span> <span class='ocrx_word' id='word_1_391' title='bbox 1389 3614 1482 3650; x_wconf 82' lang='lat' dir='ltr'><strong>suo</strong></span> <span class='ocrx_word' id='word_1_392' title='bbox 1509 3609 1696 3664; x_wconf 72' lang='lat' dir='ltr'><strong>septem</strong></span> <span class='ocrx_word' id='word_1_393' title='bbox 1718 3601 1928 3664; x_wconf 77' lang='lat' dir='ltr'><strong>diebus;</strong></span> <span class='ocrx_word' id='word_1_394' title='bbox 1953 3619 2014 3656; x_wconf 71' lang='lat' dir='ltr'><strong>ea:</strong></span> 
     </span>
    </p>
   </div>
   <div class='ocr_carea' id='block_1_53' title="bbox 1045 3668 1400 3722">
    <p class='ocr_par' dir='ltr' id='par_1_53' title="bbox 1045 3668 1400 3722">
     <span class='ocr_line' id='line_1_53' title="bbox 1045 3668 1400 3722; baseline -0.003 -1"><span class='ocrx_word' id='word_1_395' title='bbox 1045 3668 1222 3721; x_wconf 86' lang='lat' dir='ltr'><strong>eodem</strong></span> <span class='ocrx_word' id='word_1_396' title='bbox 1254 3669 1400 3722; x_wconf 68' lang='lat' dir='ltr'><strong>libro.</strong></span> 
     </span>
    </p>
   </div>
   <div class='ocr_carea' id='block_1_54' title="bbox 501 3783 2011 3853">
    <p class='ocr_par' dir='ltr' id='par_1_54' title="bbox 501 3783 2011 3853">
     <span class='ocr_line' id='line_1_54' title="bbox 501 3783 2011 3853; baseline -0.001 -12"><span class='ocrx_word' id='word_1_397' title='bbox 501 3787 565 3841; x_wconf 81' lang='lat' dir='ltr'><strong>Et</strong></span> <span class='ocrx_word' id='word_1_398' title='bbox 593 3786 718 3841; x_wconf 88' lang='lat' dir='ltr'><strong>fecit</strong></span> <span class='ocrx_word' id='word_1_399' title='bbox 738 3785 936 3838; x_wconf 88' lang='lat' dir='ltr'><strong>luctum</strong></span> <span class='ocrx_word' id='word_1_400' title='bbox 958 3783 1092 3853; x_wconf 87' lang='lat' dir='ltr'><strong>patri</strong></span> <span class='ocrx_word' id='word_1_401' title='bbox 1118 3798 1215 3838; x_wconf 89' lang='lat' dir='ltr'><strong>suo</strong></span> <span class='ocrx_word' id='word_1_402' title='bbox 1232 3792 1438 3853; x_wconf 86' lang='lat' dir='ltr'><strong>septem</strong></span> <span class='ocrx_word' id='word_1_403' title='bbox 1459 3785 1596 3841; x_wconf 87' lang='lat' dir='ltr'><strong>dies.</strong></span> <span class='ocrx_word' id='word_1_404' title='bbox 1625 3786 1818 3840; x_wconf 83' lang='lat' dir='ltr'><strong>Nescio</strong></span> <span class='ocrx_word' id='word_1_405' title='bbox 1837 3797 2011 3840; x_wconf 89' lang='lat' dir='ltr'><strong>utrum</strong></span> 
     </span>
    </p>
   </div>
   <div class='ocr_carea' id='block_1_55' title="bbox 430 3879 2014 3950">
    <p class='ocr_par' dir='ltr' id='par_1_55' title="bbox 430 3879 2014 3950">
     <span class='ocr_line' id='line_1_55' title="bbox 430 3879 2014 3950; baseline -0.003 -12"><span class='ocrx_word' id='word_1_406' title='bbox 430 3881 734 3938; x_wconf 86' lang='lat' dir='ltr'><strong>inveniatur</strong></span> <span class='ocrx_word' id='word_1_407' title='bbox 761 3879 990 3948; x_wconf 87' lang='lat' dir='ltr'><strong>alicujus</strong></span> <span class='ocrx_word' id='word_1_408' title='bbox 1017 3887 1322 3933; x_wconf 85' lang='lat' dir='ltr'><strong>sanctorum</strong></span> <span class='ocrx_word' id='word_1_409' title='bbox 1357 3880 1410 3934; x_wconf 91' lang='lat' dir='ltr'><strong>in</strong></span> <span class='ocrx_word' id='word_1_410' title='bbox 1453 3880 1742 3950; x_wconf 89' lang='lat' dir='ltr'><strong>Scripturis</strong></span> <span class='ocrx_word' id='word_1_411' title='bbox 1771 3882 2014 3936; x_wconf 82' lang='lat' dir='ltr'><strong>celebra-</strong></span> 
     </span>
    </p>
   </div>
   <div class='ocr_carea' id='block_1_56' title="bbox 429 3969 2014 4039">
    <p class='ocr_par' dir='ltr' id='par_1_56' title="bbox 429 3969 2014 4039">
     <span class='ocr_line' id='line_1_56' title="bbox 429 3969 2014 4039; baseline 0.001 -14"><span class='ocrx_word' id='word_1_412' title='bbox 429 3980 540 4025; x_wconf 90' lang='lat' dir='ltr'><strong>tum</strong></span> <span class='ocrx_word' id='word_1_413' title='bbox 567 3984 688 4025; x_wconf 87' lang='lat' dir='ltr'><strong>esse</strong></span> <span class='ocrx_word' id='word_1_414' title='bbox 709 3969 908 4023; x_wconf 85' lang='lat' dir='ltr'><strong>luctum</strong></span> <span class='ocrx_word' id='word_1_415' title='bbox 948 3984 1137 4023; x_wconf 85' lang='lat' dir='ltr'><strong>novem</strong></span> <span class='ocrx_word' id='word_1_416' title='bbox 1162 3969 1298 4035; x_wconf 85' lang='lat' dir='ltr'><strong>dies,</strong></span> <span class='ocrx_word' id='word_1_417' title='bbox 1333 3971 1473 4038; x_wconf 89' lang='lat' dir='ltr'><strong>quod</strong></span> <span class='ocrx_word' id='word_1_418' title='bbox 1496 3972 1634 4039; x_wconf 86' lang='lat' dir='ltr'><strong>apud</strong></span> <span class='ocrx_word' id='word_1_419' title='bbox 1667 3971 1887 4025; x_wconf 89' lang='lat' dir='ltr'><strong>Latinos</strong></span> <span class='ocrx_word' id='word_1_420' title='bbox 1919 3985 2014 4026; x_wconf 86' lang='lat' dir='ltr'><strong>no-</strong></span> 
     </span>
    </p>
   </div>
   <div class='ocr_carea' id='block_1_57' title="bbox 431 4057 2014 4130">
    <p class='ocr_par' dir='ltr' id='par_1_57' title="bbox 431 4057 2014 4130">
     <span class='ocr_line' id='line_1_57' title="bbox 431 4057 2014 4130; baseline 0 -14"><span class='ocrx_word' id='word_1_421' title='bbox 431 4062 692 4118; x_wconf 84' lang='lat' dir='ltr'><strong>vendialia</strong></span> <span class='ocrx_word' id='word_1_422' title='bbox 725 4059 1020 4130; x_wconf 88' lang='lat' dir='ltr'><strong>appellant.</strong></span> <span class='ocrx_word' id='word_1_423' title='bbox 1054 4057 1203 4116; x_wconf 87' lang='lat' dir='ltr'><strong>Unde</strong></span> <span class='ocrx_word' id='word_1_424' title='bbox 1232 4059 1359 4114; x_wconf 89' lang='lat' dir='ltr'><strong>mihi</strong></span> <span class='ocrx_word' id='word_1_425' title='bbox 1392 4060 1637 4115; x_wconf 89' lang='lat' dir='ltr'><strong>videntur</strong></span> <span class='ocrx_word' id='word_1_426' title='bbox 1666 4062 1732 4115; x_wconf 92' lang='lat' dir='ltr'><strong>ab</strong></span> <span class='ocrx_word' id='word_1_427' title='bbox 1764 4061 1861 4114; x_wconf 89' lang='lat' dir='ltr'><strong>hac</strong></span> <span class='ocrx_word' id='word_1_428' title='bbox 1890 4075 2014 4116; x_wconf 90' lang='lat' dir='ltr'><strong>con-</strong></span> 
     </span>
    </p>
   </div>
   <div class='ocr_carea' id='block_1_58' title="bbox 429 4151 2010 4220">
    <p class='ocr_par' dir='ltr' id='par_1_58' title="bbox 429 4151 2010 4220">
     <span class='ocr_line' id='line_1_58' title="bbox 429 4151 2010 4220; baseline -0.001 -12"><span class='ocrx_word' id='word_1_429' title='bbox 429 4153 708 4208; x_wconf 86' lang='lat' dir='ltr'><strong>suetudine</strong></span> <span class='ocrx_word' id='word_1_430' title='bbox 732 4151 1084 4219; x_wconf 87' lang='lat' dir='ltr'><strong>prohibendi,</strong></span> <span class='ocrx_word' id='word_1_431' title='bbox 1116 4152 1158 4204; x_wconf 86' lang='lat' dir='ltr'><strong>si</strong></span> <span class='ocrx_word' id='word_1_432' title='bbox 1185 4151 1271 4220; x_wconf 92' lang='lat' dir='ltr'><strong>qui</strong></span> <span class='ocrx_word' id='word_1_433' title='bbox 1303 4151 1732 4206; x_wconf 88' lang='lat' dir='ltr'><strong>Christianorum</strong></span> <span class='ocrx_word' id='word_1_434' title='bbox 1765 4153 1924 4207; x_wconf 91' lang='lat' dir='ltr'><strong>istum</strong></span> <span class='ocrx_word' id='word_1_435' title='bbox 1958 4155 2010 4207; x_wconf 93' lang='lat' dir='ltr'><strong>in</strong></span> 
     </span>
    </p>
   </div>
   <div class='ocr_carea' id='block_1_59' title="bbox 433 4244 2014 4312">
    <p class='ocr_par' dir='ltr' id='par_1_59' title="bbox 433 4244 2014 4312">
     <span class='ocr_line' id='line_1_59' title="bbox 433 4244 2014 4312; baseline -0.001 -12"><span class='ocrx_word' id='word_1_436' title='bbox 433 4245 662 4300; x_wconf 88' lang='lat' dir='ltr'><strong>mortuis</strong></span> <span class='ocrx_word' id='word_1_437' title='bbox 683 4246 794 4298; x_wconf 89' lang='lat' dir='ltr'><strong>suis</strong></span> <span class='ocrx_word' id='word_1_438' title='bbox 817 4259 1098 4298; x_wconf 91' lang='lat' dir='ltr'><strong>numerum</strong></span> <span class='ocrx_word' id='word_1_439' title='bbox 1130 4253 1364 4311; x_wconf 89' lang='lat' dir='ltr'><strong>servant,</strong></span> <span class='ocrx_word' id='word_1_440' title='bbox 1390 4245 1478 4312; x_wconf 91' lang='lat' dir='ltr'><strong>qui</strong></span> <span class='ocrx_word' id='word_1_441' title='bbox 1508 4244 1673 4312; x_wconf 86' lang='lat' dir='ltr'><strong>magis</strong></span> <span class='ocrx_word' id='word_1_442' title='bbox 1703 4252 1785 4297; x_wconf 79' lang='lat' dir='ltr'><strong>est</strong></span> <span class='ocrx_word' id='word_1_443' title='bbox 1811 4245 1860 4298; x_wconf 91' lang='lat' dir='ltr'><strong>in</strong></span> <span class='ocrx_word' id='word_1_444' title='bbox 1887 4259 2014 4311; x_wconf 73' lang='lat' dir='ltr'><strong>gen-</strong></span> 
     </span>
    </p>
   </div>
   <div class='ocr_carea' id='block_1_60' title="bbox 433 4335 2017 4403">
    <p class='ocr_par' dir='ltr' id='par_1_60' title="bbox 433 4335 2017 4403">
     <span class='ocr_line' id='line_1_60' title="bbox 433 4335 2017 4403; baseline -0.001 -12"><span class='ocrx_word' id='word_1_445' title='bbox 433 4339 604 4392; x_wconf 90' lang='lat' dir='ltr'><strong>tilium</strong></span> <span class='ocrx_word' id='word_1_446' title='bbox 635 4335 1043 4391; x_wconf 88' lang='lat' dir='ltr'><strong>consuetudine.</strong></span> <span class='ocrx_word' id='word_1_447' title='bbox 1090 4336 1364 4403; x_wconf 85' lang='lat' dir='ltr'><strong>Septimus</strong></span> <span class='ocrx_word' id='word_1_448' title='bbox 1407 4352 1532 4388; x_wconf 86' lang='lat' dir='ltr'><strong>vero</strong></span> <span class='ocrx_word' id='word_1_449' title='bbox 1562 4335 1677 4388; x_wconf 91' lang='lat' dir='ltr'><strong>dies</strong></span> <span class='ocrx_word' id='word_1_450' title='bbox 1723 4338 2017 4390; x_wconf 86' lang='lat' dir='ltr'><strong>auctorita-</strong></span> 
     </span>
    </p>
   </div>
   <div class='ocr_carea' id='block_1_61' title="bbox 429 4425 2000 4494">
    <p class='ocr_par' dir='ltr' id='par_1_61' title="bbox 429 4425 2000 4494">
     <span class='ocr_line' id='line_1_61' title="bbox 429 4425 2000 4494; baseline -0.001 -12"><span class='ocrx_word' id='word_1_451' title='bbox 429 4439 534 4482; x_wconf 90' lang='lat' dir='ltr'><strong>tem</strong></span> <span class='ocrx_word' id='word_1_452' title='bbox 565 4427 616 4481; x_wconf 92' lang='lat' dir='ltr'><strong>in</strong></span> <span class='ocrx_word' id='word_1_453' title='bbox 645 4426 936 4494; x_wconf 88' lang='lat' dir='ltr'><strong>Scripturis</strong></span> <span class='ocrx_word' id='word_1_454' title='bbox 964 4425 1145 4492; x_wconf 89' lang='lat' dir='ltr'><strong>habet,</strong></span> <span class='ocrx_word' id='word_1_455' title='bbox 1179 4426 1319 4480; x_wconf 87' lang='lat' dir='ltr'><strong>unde</strong></span> <span class='ocrx_word' id='word_1_456' title='bbox 1341 4426 1444 4480; x_wconf 92' lang='lat' dir='ltr'><strong>alio</strong></span> <span class='ocrx_word' id='word_1_457' title='bbox 1475 4429 1590 4479; x_wconf 76' lang='lat' dir='ltr'><strong>leco</strong></span> <span class='ocrx_word' id='word_1_458' title='bbox 1619 4425 1873 4492; x_wconf 90' lang='lat' dir='ltr'><strong>scriptum</strong></span> <span class='ocrx_word' id='word_1_459' title='bbox 1897 4435 2000 4491; x_wconf 91' lang='lat' dir='ltr'><strong>est,</strong></span> 
     </span>
    </p>
   </div>
   <div class='ocr_carea' id='block_1_62' title="bbox 2114 1847 3719 1916">
    <p class='ocr_par' dir='ltr' id='par_1_62' title="bbox 2114 1847 3719 1916">
     <span class='ocr_line' id='line_1_62' title="bbox 2114 1847 3719 1916; baseline 0.002 -16"><span class='ocrx_word' id='word_1_460' title='bbox 2114 1862 2217 1916; x_wconf 90' lang='lat' dir='ltr'><strong>quo</strong></span> <span class='ocrx_word' id='word_1_461' title='bbox 2248 1847 2379 1900; x_wconf 88' lang='lat' dir='ltr'><strong>nihil</strong></span> <span class='ocrx_word' id='word_1_462' title='bbox 2411 1856 2534 1902; x_wconf 92' lang='lat' dir='ltr'><strong>ante</strong></span> <span class='ocrx_word' id='word_1_463' title='bbox 2562 1847 2790 1900; x_wconf 75' lang='lat' dir='ltr'><strong>dixerat.</strong></span> <span class='ocrx_word' id='word_1_464' title='bbox 2821 1847 2923 1900; x_wconf 87' lang='lat' dir='ltr'><strong>Sed</strong></span> <span class='ocrx_word' id='word_1_465' title='bbox 2954 1847 3070 1901; x_wconf 89' lang='lat' dir='ltr'><strong>talis</strong></span> <span class='ocrx_word' id='word_1_466' title='bbox 3096 1858 3176 1902; x_wconf 74' lang='lat' dir='ltr'><strong>est</strong></span> <span class='ocrx_word' id='word_1_467' title='bbox 3208 1848 3258 1901; x_wconf 91' lang='lat' dir='ltr'><strong>in</strong></span> <span class='ocrx_word' id='word_1_468' title='bbox 3288 1848 3498 1916; x_wconf 90' lang='lat' dir='ltr'><strong>psalmo</strong></span> <span class='ocrx_word' id='word_1_469' title='bbox 3526 1867 3537 1900; x_wconf 91' lang='lat'><strong>:</strong></span> <span class='ocrx_word' id='word_1_470' title='bbox 3568 1849 3719 1904; x_wconf 76' lang='lat' dir='ltr'><strong>Fun~</strong></span> 
     </span>
    </p>
   </div>
   <div class='ocr_carea' id='block_1_63' title="bbox 2113 1942 3720 2018">
    <p class='ocr_par' dir='ltr' id='par_1_63' title="bbox 2113 1942 3720 2018">
     <span class='ocr_line' id='line_1_63' title="bbox 2113 1942 3720 2018; baseline 0.003 -24"><span class='ocrx_word' id='word_1_471' title='bbox 2113 1946 2359 1997; x_wconf 85' lang='lat' dir='ltr'><strong>damenta</strong></span> <span class='ocrx_word' id='word_1_472' title='bbox 2392 1943 2508 2013; x_wconf 70' lang='lat' dir='ltr'><strong>ejus</strong></span> <span class='ocrx_word' id='word_1_473' title='bbox 2531 1943 2582 1996; x_wconf 92' lang='lat' dir='ltr'><strong>in</strong></span> <span class='ocrx_word' id='word_1_474' title='bbox 2625 1942 2892 1996; x_wconf 85' lang='lat' dir='ltr'><strong>montibus</strong></span> <span class='ocrx_word' id='word_1_475' title='bbox 2921 1942 3149 2008; x_wconf 87' lang='lat' dir='ltr'><strong>sanctis;</strong></span> <span class='ocrx_word' id='word_1_476' title='bbox 3185 1943 3357 2012; x_wconf 81' lang='lat' dir='ltr'><strong>diligit</strong></span> <span class='ocrx_word' id='word_1_477' title='bbox 3399 1943 3720 2018; x_wconf 90' lang='lat' dir='ltr'><strong>[Dominus]</strong></span> 
     </span>
    </p>
   </div>
   <div class='ocr_carea' id='block_1_64' title="bbox 2116 2034 3716 2107">
    <p class='ocr_par' dir='ltr' id='par_1_64' title="bbox 2116 2034 3716 2107">
     <span class='ocr_line' id='line_1_64' title="bbox 2116 2034 3716 2107; baseline 0.002 -20"><span class='ocrx_word' id='word_1_478' title='bbox 2116 2035 2254 2088; x_wconf 83' lang='lat' dir='ltr'><strong>Deus</strong></span> <span class='ocrx_word' id='word_1_479' title='bbox 2285 2045 2464 2104; x_wconf 88' lang='lat' dir='ltr'><strong>portas</strong></span> <span class='ocrx_word' id='word_1_480' title='bbox 2496 2035 2645 2090; x_wconf 91' lang='lat' dir='ltr'><strong>Sion.</strong></span> <span class='ocrx_word' id='word_1_481' title='bbox 2673 2034 2728 2088; x_wconf 87' lang='lat' dir='ltr'><strong>ltt</strong></span> <span class='ocrx_word' id='word_1_482' title='bbox 2754 2035 2834 2088; x_wconf 83' lang='lat' dir='ltr'><strong>his</strong></span> <span class='ocrx_word' id='word_1_483' title='bbox 2861 2034 3003 2090; x_wconf 89' lang='lat' dir='ltr'><strong>enim</strong></span> <span class='ocrx_word' id='word_1_484' title='bbox 3029 2037 3203 2090; x_wconf 90' lang='lat' dir='ltr'><strong>verbis</strong></span> <span class='ocrx_word' id='word_1_485' title='bbox 3228 2036 3471 2090; x_wconf 83' lang='lat' dir='ltr'><strong>Psalmus</strong></span> <span class='ocrx_word' id='word_1_486' title='bbox 3492 2038 3716 2107; x_wconf 87' lang='lat' dir='ltr'><strong>incipit,</strong></span> 
     </span>
    </p>
   </div>
   <div class='ocr_carea' id='block_1_65' title="bbox 2115 2127 3720 2199">
    <p class='ocr_par' dir='ltr' id='par_1_65' title="bbox 2115 2127 3720 2199">
     <span class='ocr_line' id='line_1_65' title="bbox 2115 2127 3720 2199; baseline 0.004 -18"><span class='ocrx_word' id='word_1_487' title='bbox 2115 2143 2211 2182; x_wconf 88' lang='lat' dir='ltr'><strong>nec</strong></span> <span class='ocrx_word' id='word_1_488' title='bbox 2239 2128 2434 2198; x_wconf 90' lang='lat' dir='ltr'><strong>aliquid</strong></span> <span class='ocrx_word' id='word_1_489' title='bbox 2465 2127 2532 2183; x_wconf 87' lang='lat' dir='ltr'><strong>de</strong></span> <span class='ocrx_word' id='word_1_490' title='bbox 2573 2129 2663 2183; x_wconf 92' lang='lat' dir='ltr'><strong>illo</strong></span> <span class='ocrx_word' id='word_1_491' title='bbox 2692 2129 2771 2182; x_wconf 88' lang='lat' dir='ltr'><strong>vel</strong></span> <span class='ocrx_word' id='word_1_492' title='bbox 2802 2129 2869 2183; x_wconf 89' lang='lat' dir='ltr'><strong>de</strong></span> <span class='ocrx_word' id='word_1_493' title='bbox 2919 2130 3007 2183; x_wconf 87' lang='lat' dir='ltr'><strong>illa</strong></span> <span class='ocrx_word' id='word_1_494' title='bbox 3037 2130 3276 2196; x_wconf 78' lang='lat' dir='ltr'><strong>dixerat,</strong></span> <span class='ocrx_word' id='word_1_495' title='bbox 3317 2131 3475 2199; x_wconf 87' lang='lat' dir='ltr'><strong>cujus</strong></span> <span class='ocrx_word' id='word_1_496' title='bbox 3508 2131 3720 2187; x_wconf 59' lang='lat' dir='ltr'><strong>funda-</strong></span> 
     </span>
    </p>
   </div>
   <div class='ocr_carea' id='block_1_66' title="bbox 2115 2219 3722 2292">
    <p class='ocr_par' dir='ltr' id='par_1_66' title="bbox 2115 2219 3722 2292">
     <span class='ocr_line' id='line_1_66' title="bbox 2115 2219 3722 2292; baseline 0.004 -18"><span class='ocrx_word' id='word_1_497' title='bbox 2115 2231 2291 2276; x_wconf 89' lang='lat' dir='ltr'><strong>menta</strong></span> <span class='ocrx_word' id='word_1_498' title='bbox 2336 2219 2559 2290; x_wconf 90' lang='lat' dir='ltr'><strong>intelligi</strong></span> <span class='ocrx_word' id='word_1_499' title='bbox 2609 2220 2774 2274; x_wconf 90' lang='lat' dir='ltr'><strong>voluit</strong></span> <span class='ocrx_word' id='word_1_500' title='bbox 2807 2221 3040 2275; x_wconf 87' lang='lat' dir='ltr'><strong>dicens:</strong></span> <span class='ocrx_word' id='word_1_501' title='bbox 3089 2221 3452 2277; x_wconf 86' lang='lat' dir='ltr'><strong>Fundamenta</strong></span> <span class='ocrx_word' id='word_1_502' title='bbox 3485 2227 3612 2292; x_wconf 83' lang='lat' dir='ltr'><strong>ejus</strong></span> <span class='ocrx_word' id='word_1_503' title='bbox 3667 2227 3722 2280; x_wconf 94' lang='lat' dir='ltr'><strong>in</strong></span> 
     </span>
    </p>
   </div>
   <div class='ocr_carea' id='block_1_67' title="bbox 2116 2313 3722 2386">
    <p class='ocr_par' dir='ltr' id='par_1_67' title="bbox 2116 2313 3722 2386">
     <span class='ocr_line' id='line_1_67' title="bbox 2116 2313 3722 2386; baseline 0.002 -20"><span class='ocrx_word' id='word_1_504' title='bbox 2116 2314 2386 2366; x_wconf 88' lang='lat' dir='ltr'><strong>montibus</strong></span> <span class='ocrx_word' id='word_1_505' title='bbox 2415 2313 2647 2377; x_wconf 85' lang='lat' dir='ltr'><strong>sanctis;</strong></span> <span class='ocrx_word' id='word_1_506' title='bbox 2681 2313 2775 2367; x_wconf 90' lang='lat' dir='ltr'><strong>sed</strong></span> <span class='ocrx_word' id='word_1_507' title='bbox 2801 2314 2922 2381; x_wconf 91' lang='lat' dir='ltr'><strong>quia</strong></span> <span class='ocrx_word' id='word_1_508' title='bbox 2950 2315 3191 2384; x_wconf 89' lang='lat' dir='ltr'><strong>sequitur</strong></span> <span class='ocrx_word' id='word_1_509' title='bbox 3220 2315 3400 2386; x_wconf 86' lang='lat' dir='ltr'><strong>Diligit</strong></span> <span class='ocrx_word' id='word_1_510' title='bbox 3441 2316 3722 2372; x_wconf 88' lang='lat' dir='ltr'><strong>Dominus</strong></span> 
     </span>
    </p>
   </div>
   <div class='ocr_carea' id='block_1_68' title="bbox 2115 2403 3718 2475">
    <p class='ocr_par' dir='ltr' id='par_1_68' title="bbox 2115 2403 3718 2475">
     <span class='ocr_line' id='line_1_68' title="bbox 2115 2403 3718 2475; baseline 0.004 -18"><span class='ocrx_word' id='word_1_511' title='bbox 2115 2415 2295 2474; x_wconf 88' lang='lat' dir='ltr'><strong>portas</strong></span> <span class='ocrx_word' id='word_1_512' title='bbox 2324 2403 2472 2469; x_wconf 88' lang='lat' dir='ltr'><strong>Sion,</strong></span> <span class='ocrx_word' id='word_1_513' title='bbox 2502 2419 2628 2475; x_wconf 88' lang='lat' dir='ltr'><strong>ergo</strong></span> <span class='ocrx_word' id='word_1_514' title='bbox 2661 2403 3004 2459; x_wconf 89' lang='lat' dir='ltr'><strong>fundatnenta</strong></span> <span class='ocrx_word' id='word_1_515' title='bbox 3047 2407 3127 2460; x_wconf 86' lang='lat' dir='ltr'><strong>vel</strong></span> <span class='ocrx_word' id='word_1_516' title='bbox 3179 2407 3389 2461; x_wconf 89' lang='lat' dir='ltr'><strong>Domini</strong></span> <span class='ocrx_word' id='word_1_517' title='bbox 3422 2409 3504 2462; x_wconf 85' lang='lat' dir='ltr'><strong>vel</strong></span> <span class='ocrx_word' id='word_1_518' title='bbox 3549 2409 3718 2473; x_wconf 90' lang='lat' dir='ltr'><strong>Sion,</strong></span> 
     </span>
    </p>
   </div>
   <div class='ocr_carea' id='block_1_69' title="bbox 2117 2495 3720 2569">
    <p class='ocr_par' dir='ltr' id='par_1_69' title="bbox 2117 2495 3720 2569">
     <span class='ocr_line' id='line_1_69' title="bbox 2117 2495 3720 2569; baseline 0.002 -20"><span class='ocrx_word' id='word_1_519' title='bbox 2117 2495 2214 2569; x_wconf 84' lang='lat' dir='ltr'><strong>[et]</strong></span> <span class='ocrx_word' id='word_1_520' title='bbox 2244 2495 2309 2550; x_wconf 93' lang='lat' dir='ltr'><strong>ad</strong></span> <span class='ocrx_word' id='word_1_521' title='bbox 2337 2495 2631 2550; x_wconf 87' lang='lat' dir='ltr'><strong>faciliorem</strong></span> <span class='ocrx_word' id='word_1_522' title='bbox 2660 2509 2875 2550; x_wconf 89' lang='lat' dir='ltr'><strong>sensum</strong></span> <span class='ocrx_word' id='word_1_523' title='bbox 2902 2497 3069 2566; x_wconf 88' lang='lat' dir='ltr'><strong>magis</strong></span> <span class='ocrx_word' id='word_1_524' title='bbox 3099 2497 3226 2551; x_wconf 87' lang='lat' dir='ltr'><strong>Sion</strong></span> <span class='ocrx_word' id='word_1_525' title='bbox 3260 2507 3316 2551; x_wconf 92' lang='lat' dir='ltr'><strong>ut</strong></span> <span class='ocrx_word' id='word_1_526' title='bbox 3353 2497 3720 2554; x_wconf 89' lang='lat' dir='ltr'><strong>fundamenta</strong></span> 
     </span>
    </p>
   </div>
   <div class='ocr_carea' id='block_1_70' title="bbox 2116 2585 3721 2659">
    <p class='ocr_par' dir='ltr' id='par_1_70' title="bbox 2116 2585 3721 2659">
     <span class='ocr_line' id='line_1_70' title="bbox 2116 2585 3721 2659; baseline 0.002 -17"><span class='ocrx_word' id='word_1_527' title='bbox 2116 2588 2348 2642; x_wconf 87' lang='lat' dir='ltr'><strong>civitatis</strong></span> <span class='ocrx_word' id='word_1_528' title='bbox 2374 2587 2722 2656; x_wconf 89' lang='lat' dir='ltr'><strong>accipiantur.</strong></span> <span class='ocrx_word' id='word_1_529' title='bbox 2754 2585 2860 2641; x_wconf 88' lang='lat' dir='ltr'><strong>Sed</strong></span> <span class='ocrx_word' id='word_1_530' title='bbox 2879 2588 3000 2656; x_wconf 91' lang='lat' dir='ltr'><strong>quia</strong></span> <span class='ocrx_word' id='word_1_531' title='bbox 3024 2604 3071 2641; x_wconf 76' lang='lat' dir='ltr'><strong>tn</strong></span> <span class='ocrx_word' id='word_1_532' title='bbox 3101 2588 3198 2642; x_wconf 90' lang='lat' dir='ltr'><strong>hoc</strong></span> <span class='ocrx_word' id='word_1_533' title='bbox 3223 2591 3542 2657; x_wconf 87' lang='lat' dir='ltr'><strong>pronomine</strong></span> <span class='ocrx_word' id='word_1_534' title='bbox 3565 2592 3721 2659; x_wconf 89' lang='lat' dir='ltr'><strong>quod</strong></span> 
     </span>
    </p>
   </div>
   <div class='ocr_carea' id='block_1_71' title="bbox 2117 2682 3721 2754">
    <p class='ocr_par' dir='ltr' id='par_1_71' title="bbox 2117 2682 3721 2754">
     <span class='ocr_line' id='line_1_71' title="bbox 2117 2682 3721 2754; baseline 0 -15"><span class='ocrx_word' id='word_1_535' title='bbox 2117 2691 2200 2739; x_wconf 90' lang='lat' dir='ltr'><strong>est</strong></span> <span class='ocrx_word' id='word_1_536' title='bbox 2231 2683 2369 2752; x_wconf 88' lang='lat' dir='ltr'><strong>ejus,</strong></span> <span class='ocrx_word' id='word_1_537' title='bbox 2401 2697 2568 2752; x_wconf 89' lang='lat' dir='ltr'><strong>genus</strong></span> <span class='ocrx_word' id='word_1_538' title='bbox 2594 2682 2900 2751; x_wconf 87' lang='lat' dir='ltr'><strong>ambiguum</strong></span> <span class='ocrx_word' id='word_1_539' title='bbox 2952 2693 3066 2743; x_wconf 84' lang='lat' dir='ltr'><strong>est,</strong></span> <span class='ocrx_word' id='word_1_540' title='bbox 3091 2684 3268 2737; x_wconf 92' lang='lat' dir='ltr'><strong>omnis</strong></span> <span class='ocrx_word' id='word_1_541' title='bbox 3311 2685 3456 2738; x_wconf 91' lang='lat' dir='ltr'><strong>enim</strong></span> <span class='ocrx_word' id='word_1_542' title='bbox 3490 2689 3721 2754; x_wconf 86' lang='lat' dir='ltr'><strong>generis</strong></span> 
     </span>
    </p>
   </div>
   <div class='ocr_carea' id='block_1_72' title="bbox 2117 2774 3720 2844">
    <p class='ocr_par' dir='ltr' id='par_1_72' title="bbox 2117 2774 3720 2844">
     <span class='ocr_line' id='line_1_72' title="bbox 2117 2774 3720 2844; baseline 0.002 -14"><span class='ocrx_word' id='word_1_543' title='bbox 2117 2783 2200 2830; x_wconf 90' lang='lat' dir='ltr'><strong>est</strong></span> <span class='ocrx_word' id='word_1_544' title='bbox 2231 2777 2331 2829; x_wconf 86' lang='lat' dir='ltr'><strong>hoc</strong></span> <span class='ocrx_word' id='word_1_545' title='bbox 2359 2790 2674 2844; x_wconf 88' lang='lat' dir='ltr'><strong>pronomen,</strong></span> <span class='ocrx_word' id='word_1_546' title='bbox 2707 2774 2758 2828; x_wconf 91' lang='lat' dir='ltr'><strong>id</strong></span> <span class='ocrx_word' id='word_1_547' title='bbox 2800 2785 2882 2829; x_wconf 90' lang='lat' dir='ltr'><strong>est</strong></span> <span class='ocrx_word' id='word_1_548' title='bbox 2923 2775 3234 2841; x_wconf 78' lang='lat' dir='ltr'><strong>masculini,</strong></span> <span class='ocrx_word' id='word_1_549' title='bbox 3273 2786 3326 2829; x_wconf 92' lang='lat' dir='ltr'><strong>et</strong></span> <span class='ocrx_word' id='word_1_550' title='bbox 3353 2776 3627 2842; x_wconf 73' lang='lat' dir='ltr'><strong>feminini,</strong></span> <span class='ocrx_word' id='word_1_551' title='bbox 3665 2791 3720 2833; x_wconf 89' lang='lat' dir='ltr'><strong>et</strong></span> 
     </span>
    </p>
   </div>
   <div class='ocr_carea' id='block_1_73' title="bbox 2119 2866 3721 2936">
    <p class='ocr_par' dir='ltr' id='par_1_73' title="bbox 2119 2866 3721 2936">
     <span class='ocr_line' id='line_1_73' title="bbox 2119 2866 3721 2936; baseline 0.002 -16"><span class='ocrx_word' id='word_1_552' title='bbox 2119 2867 2320 2932; x_wconf 86' lang='lat' dir='ltr'><strong>neutri,</strong></span> <span class='ocrx_word' id='word_1_553' title='bbox 2356 2867 2407 2919; x_wconf 92' lang='lat' dir='ltr'><strong>in</strong></span> <span class='ocrx_word' id='word_1_554' title='bbox 2440 2866 2630 2920; x_wconf 68' lang='lat' dir='ltr'><strong>Graeco</strong></span> <span class='ocrx_word' id='word_1_555' title='bbox 2674 2876 2849 2920; x_wconf 89' lang='lat' dir='ltr'><strong>autem</strong></span> <span class='ocrx_word' id='word_1_556' title='bbox 2883 2868 2934 2920; x_wconf 89' lang='lat' dir='ltr'><strong>in</strong></span> <span class='ocrx_word' id='word_1_557' title='bbox 2974 2866 3232 2921; x_wconf 89' lang='lat' dir='ltr'><strong>feminino</strong></span> <span class='ocrx_word' id='word_1_558' title='bbox 3268 2883 3467 2936; x_wconf 87' lang='lat' dir='ltr'><strong>genere</strong></span> <span class='ocrx_word' id='word_1_559' title='bbox 3493 2870 3721 2925; x_wconf 86' lang='lat' dir='ltr'><strong>dicatur</strong></span> 
     </span>
    </p>
   </div>
   <div class='ocr_carea' id='block_1_74' title="bbox 2119 2959 3720 3032">
    <p class='ocr_par' dir='ltr' id='par_1_74' title="bbox 2119 2959 3720 3032">
     <span class='ocr_line' id='line_1_74' title="bbox 2119 2959 3720 3032; baseline 0.003 -18"><span class='ocrx_word' id='word_1_560' title='bbox 2119 2959 2354 3032; x_wconf 82' lang='lat' dir='ltr'><strong>[dicitur]</strong></span> <span class='ocrx_word' id='word_1_561' title='bbox 2385 2963 2570 3024; x_wconf 75' lang='grc' dir='ltr'><strong>αὐτῆς,</strong></span> <span class='ocrx_word' id='word_1_562' title='bbox 2605 2961 2896 3016; x_wconf 89' lang='lat' dir='ltr'><strong>masculino</strong></span> <span class='ocrx_word' id='word_1_563' title='bbox 2925 2970 2975 3015; x_wconf 92' lang='lat' dir='ltr'><strong>et</strong></span> <span class='ocrx_word' id='word_1_564' title='bbox 3013 2971 3202 3016; x_wconf 88' lang='lat' dir='ltr'><strong>neutro</strong></span> <span class='ocrx_word' id='word_1_565' title='bbox 3230 2964 3386 3018; x_wconf 76' lang='grc' dir='ltr'><strong>αὑτοῦ</strong></span> <span class='ocrx_word' id='word_1_566' title='bbox 3406 3006 3420 3028; x_wconf 85' lang='grc'>,</span> <span class='ocrx_word' id='word_1_567' title='bbox 3455 2974 3511 3018; x_wconf 91' lang='lat' dir='ltr'><strong>et</strong></span> <span class='ocrx_word' id='word_1_568' title='bbox 3543 2965 3720 3019; x_wconf 85' lang='lat' dir='ltr'><strong>habet</strong></span> 
     </span>
    </p>
   </div>
   <div class='ocr_carea' id='block_1_75' title="bbox 2120 3050 3717 3120">
    <p class='ocr_par' dir='ltr' id='par_1_75' title="bbox 2120 3050 3717 3120">
     <span class='ocr_line' id='line_1_75' title="bbox 2120 3050 3717 3120; baseline 0.002 -14"><span class='ocrx_word' id='word_1_569' title='bbox 2120 3052 2286 3107; x_wconf 83' lang='lat' dir='ltr'><strong>codex</strong></span> <span class='ocrx_word' id='word_1_570' title='bbox 2313 3050 2529 3106; x_wconf 64' lang='lat' dir='ltr'><strong>Graecus</strong></span> <span class='ocrx_word' id='word_1_571' title='bbox 2552 3054 2731 3115; x_wconf 82' lang='grc' dir='ltr'><strong>αὐτοῦ,</strong></span> <span class='ocrx_word' id='word_1_572' title='bbox 2751 3052 2890 3120; x_wconf 88' lang='lat' dir='ltr'><strong>cogit</strong></span> <span class='ocrx_word' id='word_1_573' title='bbox 2912 3050 3207 3119; x_wconf 85' lang='lat' dir='ltr'><strong>intelligere</strong></span> <span class='ocrx_word' id='word_1_574' title='bbox 3231 3067 3333 3106; x_wconf 88' lang='lat' dir='ltr'><strong>non</strong></span> <span class='ocrx_word' id='word_1_575' title='bbox 3359 3052 3717 3109; x_wconf 87' lang='lat' dir='ltr'><strong>fundamenta</strong></span> 
     </span>
    </p>
   </div>
   <div class='ocr_carea' id='block_1_76' title="bbox 1993 3139 3718 3214">
    <p class='ocr_par' dir='ltr' id='par_1_76' title="bbox 1993 3139 3718 3214">
     <span class='ocr_line' id='line_1_76' title="bbox 1993 3139 3718 3214; baseline -0.001 -12"><span class='ocrx_word' id='word_1_576' title='bbox 1993 3146 2006 3214; x_wconf 72' lang='grc' dir='ltr'>Ῐ</span> <span class='ocrx_word' id='word_1_577' title='bbox 2041 3139 2084 3202; x_wconf 85' lang='lat' dir='ltr'>C</span> <span class='ocrx_word' id='word_1_578' title='bbox 2116 3143 2266 3212; x_wconf 93' lang='lat' dir='ltr'><strong>Sion,</strong></span> <span class='ocrx_word' id='word_1_579' title='bbox 2297 3145 2390 3200; x_wconf 91' lang='lat' dir='ltr'><strong>sed</strong></span> <span class='ocrx_word' id='word_1_580' title='bbox 2424 3144 2764 3199; x_wconf 89' lang='lat' dir='ltr'><strong>fundamenta</strong></span> <span class='ocrx_word' id='word_1_581' title='bbox 2801 3143 3028 3208; x_wconf 80' lang='lat' dir='ltr'><strong>Domini,</strong></span> <span class='ocrx_word' id='word_1_582' title='bbox 3063 3145 3112 3196; x_wconf 91' lang='lat' dir='ltr'><strong>id</strong></span> <span class='ocrx_word' id='word_1_583' title='bbox 3156 3154 3238 3198; x_wconf 90' lang='lat' dir='ltr'><strong>est</strong></span> <span class='ocrx_word' id='word_1_584' title='bbox 3278 3161 3395 3214; x_wconf 71' lang='lat' dir='ltr'><strong>que</strong></span> <span class='ocrx_word' id='word_1_585' title='bbox 3424 3147 3718 3201; x_wconf 89' lang='lat' dir='ltr'><strong>constituit</strong></span> 
     </span>
    </p>
   </div>
   <div class='ocr_carea' id='block_1_77' title="bbox 2119 3234 3714 3304">
    <p class='ocr_par' dir='ltr' id='par_1_77' title="bbox 2119 3234 3714 3304">
     <span class='ocr_line' id='line_1_77' title="bbox 2119 3234 3714 3304; baseline 0.001 -15"><span class='ocrx_word' id='word_1_586' title='bbox 2119 3237 2397 3304; x_wconf 83' lang='lat' dir='ltr'><strong>Dominus,</strong></span> <span class='ocrx_word' id='word_1_587' title='bbox 2428 3236 2496 3291; x_wconf 92' lang='lat' dir='ltr'><strong>de</strong></span> <span class='ocrx_word' id='word_1_588' title='bbox 2525 3252 2630 3304; x_wconf 89' lang='lat' dir='ltr'><strong>quo</strong></span> <span class='ocrx_word' id='word_1_589' title='bbox 2660 3236 2858 3289; x_wconf 88' lang='lat' dir='ltr'><strong>dictum</strong></span> <span class='ocrx_word' id='word_1_590' title='bbox 2891 3245 2974 3290; x_wconf 91' lang='lat' dir='ltr'><strong>est</strong></span> <span class='ocrx_word' id='word_1_591' title='bbox 3000 3252 3013 3288; x_wconf 87' lang='lat'><strong>:</strong></span> <span class='ocrx_word' id='word_1_592' title='bbox 3044 3234 3339 3290; x_wconf 61' lang='lat' dir='ltr'><strong>[Edilicans</strong></span> <span class='ocrx_word' id='word_1_593' title='bbox 3365 3235 3714 3292; x_wconf 72' lang='lat' dir='ltr'><strong>Hierusalem</strong></span> 
     </span>
    </p>
   </div>
   <div class='ocr_carea' id='block_1_78' title="bbox 2117 3328 3715 3384">
    <p class='ocr_par' dir='ltr' id='par_1_78' title="bbox 2117 3328 3715 3384">
     <span class='ocr_line' id='line_1_78' title="bbox 2117 3328 3715 3384; baseline 0 -1"><span class='ocrx_word' id='word_1_594' title='bbox 2117 3330 2392 3384; x_wconf 89' lang='lat' dir='ltr'><strong>Dominus.</strong></span> <span class='ocrx_word' id='word_1_595' title='bbox 2439 3328 2548 3383; x_wconf 79' lang='lat' dir='ltr'><strong>Nec</strong></span> <span class='ocrx_word' id='word_1_596' title='bbox 2585 3329 2713 3383; x_wconf 89' lang='lat' dir='ltr'><strong>Sion</strong></span> <span class='ocrx_word' id='word_1_597' title='bbox 2749 3340 2924 3382; x_wconf 89' lang='lat' dir='ltr'><strong>tamen</strong></span> <span class='ocrx_word' id='word_1_598' title='bbox 2962 3343 3062 3383; x_wconf 89' lang='lat' dir='ltr'><strong>nec</strong></span> <span class='ocrx_word' id='word_1_599' title='bbox 3094 3328 3374 3383; x_wconf 90' lang='lat' dir='ltr'><strong>Dominum</strong></span> <span class='ocrx_word' id='word_1_600' title='bbox 3412 3339 3572 3384; x_wconf 87' lang='lat' dir='ltr'><strong>antea</strong></span> <span class='ocrx_word' id='word_1_601' title='bbox 3611 3347 3715 3384; x_wconf 83' lang='lat' dir='ltr'><strong>no-</strong></span> 
     </span>
    </p>
   </div>
   <div class='ocr_carea' id='block_1_79' title="bbox 2116 3419 3715 3489">
    <p class='ocr_par' dir='ltr' id='par_1_79' title="bbox 2116 3419 3715 3489">
     <span class='ocr_line' id='line_1_79' title="bbox 2116 3419 3715 3489; baseline -0.001 -14"><span class='ocrx_word' id='word_1_602' title='bbox 2116 3422 2411 3475; x_wconf 89' lang='lat' dir='ltr'><strong>minaverat</strong></span> <span class='ocrx_word' id='word_1_603' title='bbox 2431 3436 2550 3474; x_wconf 92' lang='lat' dir='ltr'><strong>cum</strong></span> <span class='ocrx_word' id='word_1_604' title='bbox 2581 3421 2799 3483; x_wconf 88' lang='lat' dir='ltr'><strong>diceret,</strong></span> <span class='ocrx_word' id='word_1_605' title='bbox 2827 3419 3190 3475; x_wconf 86' lang='lat' dir='ltr'><strong>Fundamenta</strong></span> <span class='ocrx_word' id='word_1_606' title='bbox 3213 3425 3326 3489; x_wconf 89' lang='lat' dir='ltr'><strong>ejus</strong></span> <span class='ocrx_word' id='word_1_607' title='bbox 3355 3420 3405 3474; x_wconf 91' lang='lat' dir='ltr'><strong>in</strong></span> <span class='ocrx_word' id='word_1_608' title='bbox 3425 3422 3715 3476; x_wconf 83' lang='lat' dir='ltr'><strong>montibus</strong></span> 
     </span>
    </p>
   </div>
   <div class='ocr_carea' id='block_1_80' title="bbox 2116 3513 3713 3576">
    <p class='ocr_par' dir='ltr' id='par_1_80' title="bbox 2116 3513 3713 3576">
     <span class='ocr_line' id='line_1_80' title="bbox 2116 3513 3713 3576; baseline 0.002 -9"><span class='ocrx_word' id='word_1_609' title='bbox 2116 3515 2338 3576; x_wconf 89' lang='lat' dir='ltr'><strong>sanctis,</strong></span> <span class='ocrx_word' id='word_1_610' title='bbox 2379 3513 2456 3566; x_wconf 92' lang='lat' dir='ltr'><strong>sic</strong></span> <span class='ocrx_word' id='word_1_611' title='bbox 2486 3521 2537 3565; x_wconf 83' lang='lat' dir='ltr'><strong>et</strong></span> <span class='ocrx_word' id='word_1_612' title='bbox 2565 3513 2648 3565; x_wconf 87' lang='lat' dir='ltr'><strong>hic</strong></span> <span class='ocrx_word' id='word_1_613' title='bbox 2679 3515 2910 3566; x_wconf 88' lang='lat' dir='ltr'><strong>nondum</strong></span> <span class='ocrx_word' id='word_1_614' title='bbox 2945 3513 3220 3567; x_wconf 86' lang='lat' dir='ltr'><strong>nominato</strong></span> <span class='ocrx_word' id='word_1_615' title='bbox 3258 3513 3461 3568; x_wconf 90' lang='lat' dir='ltr'><strong>infante</strong></span> <span class='ocrx_word' id='word_1_616' title='bbox 3495 3514 3713 3570; x_wconf 89' lang='lat' dir='ltr'><strong>dictum</strong></span> 
     </span>
    </p>
   </div>
   <div class='ocr_carea' id='block_1_81' title="bbox 2116 3603 3715 3676">
    <p class='ocr_par' dir='ltr' id='par_1_81' title="bbox 2116 3603 3715 3676">
     <span class='ocr_line' id='line_1_81' title="bbox 2116 3603 3715 3676; baseline 0.001 -17"><span class='ocrx_word' id='word_1_617' title='bbox 2116 3615 2218 3673; x_wconf 81' lang='lat' dir='ltr'><strong>est,</strong></span> <span class='ocrx_word' id='word_1_618' title='bbox 2247 3605 2473 3660; x_wconf 83' lang='lat' dir='ltr'><strong>occurrit</strong></span> <span class='ocrx_word' id='word_1_619' title='bbox 2499 3603 2570 3667; x_wconf 92' lang='lat' dir='ltr'><strong>ei,</strong></span> <span class='ocrx_word' id='word_1_620' title='bbox 2601 3615 2652 3658; x_wconf 92' lang='lat' dir='ltr'><strong>et</strong></span> <span class='ocrx_word' id='word_1_621' title='bbox 2673 3606 2946 3672; x_wconf 76' lang='lat' dir='ltr'><strong>quaerebat</strong></span> <span class='ocrx_word' id='word_1_622' title='bbox 2966 3620 3086 3659; x_wconf 91' lang='lat' dir='ltr'><strong>eum</strong></span> <span class='ocrx_word' id='word_1_623' title='bbox 3119 3605 3386 3670; x_wconf 87' lang='lat' dir='ltr'><strong>occidere,</strong></span> <span class='ocrx_word' id='word_1_624' title='bbox 3412 3619 3466 3660; x_wconf 93' lang='lat' dir='ltr'><strong>ut</strong></span> <span class='ocrx_word' id='word_1_625' title='bbox 3494 3605 3564 3661; x_wconf 90' lang='lat' dir='ltr'><strong>de</strong></span> <span class='ocrx_word' id='word_1_626' title='bbox 3599 3623 3715 3676; x_wconf 89' lang='lat' dir='ltr'><strong>quo</strong></span> 
     </span>
    </p>
   </div>
   <div class='ocr_carea' id='block_1_82' title="bbox 2116 3697 3716 3769">
    <p class='ocr_par' dir='ltr' id='par_1_82' title="bbox 2116 3697 3716 3769">
     <span class='ocr_line' id='line_1_82' title="bbox 2116 3697 3716 3769; baseline 0.003 -19"><span class='ocrx_word' id='word_1_627' title='bbox 2116 3697 2307 3751; x_wconf 80' lang='lat' dir='ltr'><strong>dixerit</strong></span> <span class='ocrx_word' id='word_1_628' title='bbox 2335 3697 2388 3751; x_wconf 90' lang='lat' dir='ltr'><strong>in</strong></span> <span class='ocrx_word' id='word_1_629' title='bbox 2420 3698 2869 3764; x_wconf 43' lang='lat' dir='ltr'><strong>consequentibus</strong></span> <span class='ocrx_word' id='word_1_630' title='bbox 2899 3713 3271 3766; x_wconf 87' lang='lat' dir='ltr'><strong>agnoscamus.</strong></span> <span class='ocrx_word' id='word_1_631' title='bbox 3302 3699 3627 3769; x_wconf 88' lang='lat' dir='ltr'><strong>Quanquam</strong></span> <span class='ocrx_word' id='word_1_632' title='bbox 3660 3713 3716 3754; x_wconf 89' lang='lat' dir='ltr'><strong>et</strong></span> 
     </span>
    </p>
   </div>
   <div class='ocr_carea' id='block_1_83' title="bbox 2119 3790 3717 3860">
    <p class='ocr_par' dir='ltr' id='par_1_83' title="bbox 2119 3790 3717 3860">
     <span class='ocr_line' id='line_1_83' title="bbox 2119 3790 3717 3860; baseline 0.001 -16"><span class='ocrx_word' id='word_1_633' title='bbox 2119 3791 2163 3844; x_wconf 77' lang='lat' dir='ltr'><strong>si</strong></span> <span class='ocrx_word' id='word_1_634' title='bbox 2197 3791 2259 3843; x_wconf 90' lang='lat' dir='ltr'><strong>de</strong></span> <span class='ocrx_word' id='word_1_635' title='bbox 2290 3790 2434 3844; x_wconf 87' lang='lat' dir='ltr'><strong>Mose</strong></span> <span class='ocrx_word' id='word_1_636' title='bbox 2467 3791 2711 3858; x_wconf 88' lang='lat' dir='ltr'><strong>accipere</strong></span> <span class='ocrx_word' id='word_1_637' title='bbox 2749 3792 3027 3860; x_wconf 67' lang='lat' dir='ltr'><strong>quisquam</strong></span> <span class='ocrx_word' id='word_1_638' title='bbox 3061 3792 3310 3859; x_wconf 89' lang='lat' dir='ltr'><strong>voluerit,</strong></span> <span class='ocrx_word' id='word_1_639' title='bbox 3341 3807 3443 3845; x_wconf 91' lang='lat' dir='ltr'><strong>non</strong></span> <span class='ocrx_word' id='word_1_640' title='bbox 3475 3802 3557 3845; x_wconf 92' lang='lat' dir='ltr'><strong>est</strong></span> <span class='ocrx_word' id='word_1_641' title='bbox 3596 3810 3717 3846; x_wconf 85' lang='lat' dir='ltr'><strong>nta-</strong></span> 
     </span>
    </p>
   </div>
   <div class='ocr_carea' id='block_1_84' title="bbox 2116 3881 3714 3951">
    <p class='ocr_par' dir='ltr' id='par_1_84' title="bbox 2116 3881 3714 3951">
     <span class='ocr_line' id='line_1_84' title="bbox 2116 3881 3714 3951; baseline 0.005 -21"><span class='ocrx_word' id='word_1_642' title='bbox 2116 3896 2349 3949; x_wconf 82' lang='lat' dir='ltr'><strong>gquere</strong></span> <span class='ocrx_word' id='word_1_643' title='bbox 2383 3881 2759 3935; x_wconf 88' lang='lat' dir='ltr'><strong>resistendum.</strong></span> <span class='ocrx_word' id='word_1_644' title='bbox 2804 3881 2937 3935; x_wconf 92' lang='lat' dir='ltr'><strong>lllud</strong></span> <span class='ocrx_word' id='word_1_645' title='bbox 2986 3881 3163 3949; x_wconf 91' lang='lat' dir='ltr'><strong>potius</strong></span> <span class='ocrx_word' id='word_1_646' title='bbox 3203 3883 3342 3950; x_wconf 90' lang='lat' dir='ltr'><strong>quod</strong></span> <span class='ocrx_word' id='word_1_647' title='bbox 3383 3883 3631 3951; x_wconf 79' lang='lat' dir='ltr'><strong>sequitur</strong></span> <span class='ocrx_word' id='word_1_648' title='bbox 3669 3886 3714 3938; x_wconf 88' lang='lat' dir='ltr'><strong>si</strong></span> 
     </span>
    </p>
   </div>
   <div class='ocr_carea' id='block_1_85' title="bbox 2120 3971 3715 4041">
    <p class='ocr_par' dir='ltr' id='par_1_85' title="bbox 2120 3971 3715 4041">
     <span class='ocr_line' id='line_1_85' title="bbox 2120 3971 3715 4041; baseline 0.004 -18"><span class='ocrx_word' id='word_1_649' title='bbox 2120 3973 2231 4025; x_wconf 83' lang='lat' dir='ltr'><strong>fieri</strong></span> <span class='ocrx_word' id='word_1_650' title='bbox 2257 3981 2432 4039; x_wconf 92' lang='lat' dir='ltr'><strong>potest</strong></span> <span class='ocrx_word' id='word_1_651' title='bbox 2455 3971 2780 4039; x_wconf 90' lang='lat' dir='ltr'><strong>intelligatur</strong></span> <span class='ocrx_word' id='word_1_652' title='bbox 2810 3971 2933 4041; x_wconf 88' lang='lat' dir='ltr'><strong>quid</strong></span> <span class='ocrx_word' id='word_1_653' title='bbox 2953 3973 3052 4025; x_wconf 92' lang='lat' dir='ltr'><strong>sibi</strong></span> <span class='ocrx_word' id='word_1_654' title='bbox 3087 3973 3234 4034; x_wconf 88' lang='lat' dir='ltr'><strong>velit,</strong></span> <span class='ocrx_word' id='word_1_655' title='bbox 3268 3972 3384 4027; x_wconf 89' lang='lat' dir='ltr'><strong>ideo</strong></span> <span class='ocrx_word' id='word_1_656' title='bbox 3411 3977 3715 4031; x_wconf 80' lang='lat' dir='ltr'><strong>recessisse</strong></span> 
     </span>
    </p>
   </div>
   <div class='ocr_carea' id='block_1_86' title="bbox 2117 4059 3718 4130">
    <p class='ocr_par' dir='ltr' id='par_1_86' title="bbox 2117 4059 3718 4130">
     <span class='ocr_line' id='line_1_86' title="bbox 2117 4059 3718 4130; baseline 0.004 -18"><span class='ocrx_word' id='word_1_657' title='bbox 2117 4062 2362 4130; x_wconf 82' lang='lat' dir='ltr'><strong>angelum</strong></span> <span class='ocrx_word' id='word_1_658' title='bbox 2393 4063 2459 4113; x_wconf 91' lang='lat' dir='ltr'><strong>ab</strong></span> <span class='ocrx_word' id='word_1_659' title='bbox 2492 4061 2857 4114; x_wconf 86' lang='lat' dir='ltr'><strong>interfectione</strong></span> <span class='ocrx_word' id='word_1_660' title='bbox 2883 4059 3167 4128; x_wconf 81' lang='lat' dir='ltr'><strong>cujuslibet</strong></span> <span class='ocrx_word' id='word_1_661' title='bbox 3191 4076 3374 4115; x_wconf 91' lang='lat' dir='ltr'><strong>eorum</strong></span> <span class='ocrx_word' id='word_1_662' title='bbox 3405 4063 3528 4130; x_wconf 88' lang='lat' dir='ltr'><strong>quia</strong></span> <span class='ocrx_word' id='word_1_663' title='bbox 3569 4063 3718 4118; x_wconf 66' lang='lat' dir='ltr'><strong>dixit</strong></span> 
     </span>
    </p>
   </div>
   <div class='ocr_carea' id='block_1_87' title="bbox 2118 4149 3715 4219">
    <p class='ocr_par' dir='ltr' id='par_1_87' title="bbox 2118 4149 3715 4219">
     <span class='ocr_line' id='line_1_87' title="bbox 2118 4149 3715 4219; baseline 0.004 -16"><span class='ocrx_word' id='word_1_664' title='bbox 2118 4151 2308 4204; x_wconf 86' lang='lat' dir='ltr'><strong>mulier</strong></span> <span class='ocrx_word' id='word_1_665' title='bbox 2344 4168 2354 4202; x_wconf 92' lang='lat'><strong>:</strong></span> <span class='ocrx_word' id='word_1_666' title='bbox 2385 4149 2543 4204; x_wconf 88' lang='lat' dir='ltr'><strong>Stetit</strong></span> <span class='ocrx_word' id='word_1_667' title='bbox 2572 4152 2787 4218; x_wconf 71' lang='lat' dir='ltr'><strong>sanguis</strong></span> <span class='ocrx_word' id='word_1_668' title='bbox 2831 4150 3254 4206; x_wconf 90' lang='lat' dir='ltr'><strong>circumcisionis</strong></span> <span class='ocrx_word' id='word_1_669' title='bbox 3297 4153 3551 4219; x_wconf 81' lang='lat' dir='ltr'><strong>infantis;</strong></span> <span class='ocrx_word' id='word_1_670' title='bbox 3600 4171 3715 4209; x_wconf 92' lang='lat' dir='ltr'><strong>non</strong></span> 
     </span>
    </p>
   </div>
   <div class='ocr_carea' id='block_1_88' title="bbox 2115 4243 3718 4313">
    <p class='ocr_par' dir='ltr' id='par_1_88' title="bbox 2115 4243 3718 4313">
     <span class='ocr_line' id='line_1_88' title="bbox 2115 4243 3718 4313; baseline 0.002 -17"><span class='ocrx_word' id='word_1_671' title='bbox 2115 4243 2259 4296; x_wconf 90' lang='lat' dir='ltr'><strong>enim</strong></span> <span class='ocrx_word' id='word_1_672' title='bbox 2282 4243 2375 4308; x_wconf 90' lang='lat' dir='ltr'><strong>ait,</strong></span> <span class='ocrx_word' id='word_1_673' title='bbox 2406 4243 2622 4296; x_wconf 90' lang='lat' dir='ltr'><strong>recessit</strong></span> <span class='ocrx_word' id='word_1_674' title='bbox 2658 4243 2724 4296; x_wconf 92' lang='lat' dir='ltr'><strong>ab</strong></span> <span class='ocrx_word' id='word_1_675' title='bbox 2750 4257 2814 4296; x_wconf 92' lang='lat' dir='ltr'><strong>eo</strong></span> <span class='ocrx_word' id='word_1_676' title='bbox 2843 4251 3058 4311; x_wconf 89' lang='lat' dir='ltr'><strong>propter</strong></span> <span class='ocrx_word' id='word_1_677' title='bbox 3087 4244 3226 4313; x_wconf 89' lang='lat' dir='ltr'><strong>quod</strong></span> <span class='ocrx_word' id='word_1_678' title='bbox 3259 4245 3595 4300; x_wconf 87' lang='lat' dir='ltr'><strong>circumcidit</strong></span> <span class='ocrx_word' id='word_1_679' title='bbox 3630 4247 3718 4302; x_wconf 89' lang='lat' dir='ltr'><strong>in-</strong></span> 
     </span>
    </p>
   </div>
   <div class='ocr_carea' id='block_1_89' title="bbox 2119 4334 3714 4402">
    <p class='ocr_par' dir='ltr' id='par_1_89' title="bbox 2119 4334 3714 4402">
     <span class='ocr_line' id='line_1_89' title="bbox 2119 4334 3714 4402; baseline 0.005 -16"><span class='ocrx_word' id='word_1_680' title='bbox 2119 4335 2346 4396; x_wconf 84' lang='lat' dir='ltr'><strong>fantem,</strong></span> <span class='ocrx_word' id='word_1_681' title='bbox 2375 4334 2469 4388; x_wconf 91' lang='lat' dir='ltr'><strong>sed</strong></span> <span class='ocrx_word' id='word_1_682' title='bbox 2496 4335 2618 4402; x_wconf 91' lang='lat' dir='ltr'><strong>quia</strong></span> <span class='ocrx_word' id='word_1_683' title='bbox 2655 4336 2805 4388; x_wconf 86' lang='lat' dir='ltr'><strong>stetit</strong></span> <span class='ocrx_word' id='word_1_684' title='bbox 2845 4335 3061 4402; x_wconf 86' lang='lat' dir='ltr'><strong>sanguis</strong></span> <span class='ocrx_word' id='word_1_685' title='bbox 3105 4337 3560 4402; x_wconf 89' lang='lat' dir='ltr'><strong>circumcisionis,</strong></span> <span class='ocrx_word' id='word_1_686' title='bbox 3601 4355 3714 4394; x_wconf 88' lang='lat' dir='ltr'><strong>non</strong></span> 
     </span>
    </p>
   </div>
   <div class='ocr_carea' id='block_1_90' title="bbox 2119 4425 3713 4497">
    <p class='ocr_par' dir='ltr' id='par_1_90' title="bbox 2119 4425 3713 4497">
     <span class='ocr_line' id='line_1_90' title="bbox 2119 4425 3713 4497; baseline 0.003 -19"><span class='ocrx_word' id='word_1_687' title='bbox 2119 4426 2239 4494; x_wconf 86' lang='lat' dir='ltr'><strong>quia</strong></span> <span class='ocrx_word' id='word_1_688' title='bbox 2268 4427 2526 4490; x_wconf 90' lang='lat' dir='ltr'><strong>cucurrit,</strong></span> <span class='ocrx_word' id='word_1_689' title='bbox 2549 4425 2644 4480; x_wconf 87' lang='lat' dir='ltr'><strong>sed</strong></span> <span class='ocrx_word' id='word_1_690' title='bbox 2673 4425 2797 4494; x_wconf 90' lang='lat' dir='ltr'><strong>quia</strong></span> <span class='ocrx_word' id='word_1_691' title='bbox 2844 4426 3026 4491; x_wconf 90' lang='lat' dir='ltr'><strong>stetit;</strong></span> <span class='ocrx_word' id='word_1_692' title='bbox 3068 4442 3262 4497; x_wconf 84' lang='lat' dir='ltr'><strong>magno</strong></span> <span class='ocrx_word' id='word_1_693' title='bbox 3292 4429 3396 4484; x_wconf 90' lang='lat' dir='ltr'><strong>nisi</strong></span> <span class='ocrx_word' id='word_1_694' title='bbox 3426 4429 3582 4484; x_wconf 87' lang='lat' dir='ltr'><strong>fallor</strong></span> <span class='ocrx_word' id='word_1_695' title='bbox 3616 4446 3713 4484; x_wconf 83' lang='lat' dir='ltr'><strong>sa-</strong></span> 
     </span>
    </p>
   </div>
   <div class='ocr_carea' id='block_1_91' title="bbox 431 4517 2412 4584">
    <p class='ocr_par' dir='ltr' id='par_1_91' title="bbox 431 4517 2412 4584">
     <span class='ocr_line' id='line_1_91' title="bbox 431 4517 2412 4584; baseline -0.001 -11"><span class='ocrx_word' id='word_1_696' title='bbox 431 4519 629 4574; x_wconf 87' lang='lat' dir='ltr'><strong>Luctus</strong></span> <span class='ocrx_word' id='word_1_697' title='bbox 671 4517 868 4572; x_wconf 89' lang='lat' dir='ltr'><strong>mortui</strong></span> <span class='ocrx_word' id='word_1_698' title='bbox 914 4527 1118 4584; x_wconf 89' lang='lat' dir='ltr'><strong>septem</strong></span> <span class='ocrx_word' id='word_1_699' title='bbox 1168 4517 1400 4582; x_wconf 89' lang='lat' dir='ltr'><strong>dierum,</strong></span> <span class='ocrx_word' id='word_1_700' title='bbox 1433 4517 1562 4570; x_wconf 89' lang='lat' dir='ltr'><strong>fatui</strong></span> <span class='ocrx_word' id='word_1_701' title='bbox 1594 4526 1772 4569; x_wconf 77' lang='lat' dir='ltr'><strong>autem</strong></span> <span class='ocrx_word' id='word_1_702' title='bbox 1822 4531 2010 4571; x_wconf 89' lang='lat' dir='ltr'><strong>omnes</strong></span> <span class='ocrx_word' id='word_1_703' title='bbox 2043 4517 2094 4576; x_wconf 90' lang='lat' dir='ltr'><strong>D</strong></span> <span class='ocrx_word' id='word_1_704' title='bbox 2119 4527 2412 4574; x_wconf 88' lang='lat' dir='ltr'><strong>cramento.</strong></span> 
     </span>
    </p>
   </div>
   <div class='ocr_carea' id='block_1_92' title="bbox 429 4607 2011 4678">
    <p class='ocr_par' dir='ltr' id='par_1_92' title="bbox 429 4607 2011 4678">
     <span class='ocr_line' id='line_1_92' title="bbox 429 4607 2011 4678; baseline -0.002 -14"><span class='ocrx_word' id='word_1_705' title='bbox 429 4609 544 4664; x_wconf 89' lang='lat' dir='ltr'><strong>dies</strong></span> <span class='ocrx_word' id='word_1_706' title='bbox 573 4610 694 4663; x_wconf 72' lang='lat' dir='ltr'><strong>vitae</strong></span> <span class='ocrx_word' id='word_1_707' title='bbox 719 4607 858 4678; x_wconf 86' lang='lat' dir='ltr'><strong>ejus.</strong></span> <span class='ocrx_word' id='word_1_708' title='bbox 891 4609 1236 4677; x_wconf 79' lang='lat' dir='ltr'><strong>Septenarius</strong></span> <span class='ocrx_word' id='word_1_709' title='bbox 1278 4617 1454 4661; x_wconf 91' lang='lat' dir='ltr'><strong>autem</strong></span> <span class='ocrx_word' id='word_1_710' title='bbox 1506 4622 1758 4660; x_wconf 88' lang='lat' dir='ltr'><strong>numerus</strong></span> <span class='ocrx_word' id='word_1_711' title='bbox 1794 4616 2011 4674; x_wconf 89' lang='lat' dir='ltr'><strong>propter</strong></span> 
     </span>
    </p>
   </div>
   <div class='ocr_carea' id='block_1_93' title="bbox 429 4696 2006 4765">
    <p class='ocr_par' dir='ltr' id='par_1_93' title="bbox 429 4696 2006 4765">
     <span class='ocr_line' id='line_1_93' title="bbox 429 4696 2006 4765; baseline -0.003 -10"><span class='ocrx_word' id='word_1_712' title='bbox 429 4700 635 4756; x_wconf 88' lang='lat' dir='ltr'><strong>sabbati</strong></span> <span class='ocrx_word' id='word_1_713' title='bbox 658 4709 1049 4754; x_wconf 89' lang='lat' dir='ltr'><strong>sacramentum</strong></span> <span class='ocrx_word' id='word_1_714' title='bbox 1081 4699 1344 4764; x_wconf 53' lang='lat' dir='ltr'><strong>pra‘cipue</strong></span> <span class='ocrx_word' id='word_1_715' title='bbox 1382 4698 1573 4765; x_wconf 87' lang='lat' dir='ltr'><strong>quietis</strong></span> <span class='ocrx_word' id='word_1_716' title='bbox 1625 4696 1874 4751; x_wconf 91' lang='lat' dir='ltr'><strong>indicium</strong></span> <span class='ocrx_word' id='word_1_717' title='bbox 1905 4707 2006 4760; x_wconf 91' lang='lat' dir='ltr'><strong>est,</strong></span> 
     </span>
    </p>
   </div>
   <div class='ocr_carea' id='block_1_94' title="bbox 431 4787 2009 4858">
    <p class='ocr_par' dir='ltr' id='par_1_94' title="bbox 431 4787 2009 4858">
     <span class='ocr_line' id='line_1_94' title="bbox 431 4787 2009 4858; baseline -0.002 -15"><span class='ocrx_word' id='word_1_718' title='bbox 431 4794 573 4844; x_wconf 85' lang='lat' dir='ltr'><strong>unde</strong></span> <span class='ocrx_word' id='word_1_719' title='bbox 605 4791 798 4844; x_wconf 92' lang='lat' dir='ltr'><strong>merito</strong></span> <span class='ocrx_word' id='word_1_720' title='bbox 827 4791 1049 4844; x_wconf 86' lang='lat' dir='ltr'><strong>mortuis</strong></span> <span class='ocrx_word' id='word_1_721' title='bbox 1082 4799 1330 4858; x_wconf 84' lang='lat' dir='ltr'><strong>tanquam</strong></span> <span class='ocrx_word' id='word_1_722' title='bbox 1361 4787 1818 4858; x_wconf 86' lang='lat' dir='ltr'><strong>requiescentibus</strong></span> <span class='ocrx_word' id='word_1_723' title='bbox 1858 4788 2009 4840; x_wconf 66' lang='lat' dir='ltr'><strong>exhi-</strong></span> 
     </span>
    </p>
   </div>
   <div class='ocr_carea' id='block_1_95' title="bbox 431 4877 2008 4942">
    <p class='ocr_par' dir='ltr' id='par_1_95' title="bbox 431 4877 2008 4942">
     <span class='ocr_line' id='line_1_95' title="bbox 431 4877 2008 4942; baseline -0.003 -7"><span class='ocrx_word' id='word_1_724' title='bbox 431 4881 586 4935; x_wconf 88' lang='lat' dir='ltr'><strong>betur</strong></span> <span class='ocrx_word' id='word_1_725' title='bbox 617 4897 628 4930; x_wconf 89' lang='lat'>:</span> <span class='ocrx_word' id='word_1_726' title='bbox 661 4895 816 4942; x_wconf 84' lang='lat' dir='ltr'><strong>quem</strong></span> <span class='ocrx_word' id='word_1_727' title='bbox 850 4888 1026 4934; x_wconf 86' lang='lat' dir='ltr'><strong>tamen</strong></span> <span class='ocrx_word' id='word_1_728' title='bbox 1058 4895 1340 4934; x_wconf 90' lang='lat' dir='ltr'><strong>numerum</strong></span> <span class='ocrx_word' id='word_1_729' title='bbox 1389 4879 1440 4931; x_wconf 93' lang='lat' dir='ltr'><strong>in</strong></span> <span class='ocrx_word' id='word_1_730' title='bbox 1475 4878 1618 4932; x_wconf 92' lang='lat' dir='ltr'><strong>luctu</strong></span> <span class='ocrx_word' id='word_1_731' title='bbox 1653 4877 1816 4931; x_wconf 84' lang='lat' dir='ltr'><strong>Jacob</strong></span> <span class='ocrx_word' id='word_1_732' title='bbox 1846 4877 2008 4930; x_wconf 87' lang='lat' dir='ltr'><strong>decu-</strong></span> 
     </span>
    </p>
   </div>
   <div class='ocr_carea' id='block_1_96' title="bbox 430 4965 2002 5039">
    <p class='ocr_par' dir='ltr' id='par_1_96' title="bbox 430 4965 2002 5039">
     <span class='ocr_line' id='line_1_96' title="bbox 430 4965 2002 5039; baseline -0.001 -18"><span class='ocrx_word' id='word_1_733' title='bbox 430 4970 709 5039; x_wconf 86' lang='lat' dir='ltr'><strong>plaverunt</strong></span> <span class='ocrx_word' id='word_1_734' title='bbox 735 4967 1004 5037; x_wconf 65' lang='lat' dir='ltr'><strong>Egyptii,</strong></span> <span class='ocrx_word' id='word_1_735' title='bbox 1045 4969 1134 5037; x_wconf 91' lang='lat' dir='ltr'><strong>qui</strong></span> <span class='ocrx_word' id='word_1_736' title='bbox 1162 4984 1284 5023; x_wconf 90' lang='lat' dir='ltr'><strong>eum</strong></span> <span class='ocrx_word' id='word_1_737' title='bbox 1327 4965 1659 5037; x_wconf 79' lang='lat' dir='ltr'><strong>septuaginta</strong></span> <span class='ocrx_word' id='word_1_738' title='bbox 1702 4967 1816 5021; x_wconf 88' lang='lat' dir='ltr'><strong>dies</strong></span> <span class='ocrx_word' id='word_1_739' title='bbox 1854 4966 2002 5020; x_wconf 83' lang='lat' dir='ltr'><strong>luxe-</strong></span> 
     </span>
    </p>
   </div>
   <div class='ocr_carea' id='block_1_97' title="bbox 430 5069 574 5118">
    <p class='ocr_par' dir='ltr' id='par_1_97' title="bbox 430 5069 574 5118">
     <span class='ocr_line' id='line_1_97' title="bbox 430 5069 574 5118; baseline -0.035 0"><span class='ocrx_word' id='word_1_740' title='bbox 430 5069 574 5118; x_wconf 83' lang='lat' dir='ltr'><strong>runt.</strong></span> 
     </span>
    </p>
   </div>
   <div class='ocr_carea' id='block_1_98' title="bbox 1031 5172 1393 5239">
    <p class='ocr_par' dir='ltr' id='par_1_98' title="bbox 1031 5172 1393 5239">
     <span class='ocr_line' id='line_1_98' title="bbox 1031 5172 1393 5239; baseline -0.008 -12"><span class='ocrx_word' id='word_1_741' title='bbox 1031 5172 1259 5239; x_wconf 82' lang='lat' dir='ltr'><strong>CAPUT</strong></span> <span class='ocrx_word' id='word_1_742' title='bbox 1283 5174 1393 5228; x_wconf 83' lang='lat' dir='ltr'><strong>ev.</strong></span> 
     </span>
    </p>
   </div>
   <div class='ocr_carea' id='block_1_99' title="bbox 430 5263 2008 5334">
    <p class='ocr_par' dir='ltr' id='par_1_99' title="bbox 430 5263 2008 5334">
     <span class='ocr_line' id='line_1_99' title="bbox 430 5263 2008 5334; baseline -0.006 -11"><span class='ocrx_word' id='word_1_743' title='bbox 430 5268 509 5323; x_wconf 80' lang='lat' dir='ltr'><strong>De</strong></span> <span class='ocrx_word' id='word_1_744' title='bbox 539 5283 596 5321; x_wconf 85' lang='lat' dir='ltr'><strong>eo</strong></span> <span class='ocrx_word' id='word_1_745' title='bbox 620 5267 754 5334; x_wconf 85' lang='lat' dir='ltr'><strong>quod</strong></span> <span class='ocrx_word' id='word_1_746' title='bbox 772 5266 1017 5332; x_wconf 80' lang='lat' dir='ltr'><strong>scriptum</strong></span> <span class='ocrx_word' id='word_1_747' title='bbox 1042 5273 1113 5316; x_wconf 79' lang='lat' dir='ltr'><strong>est</strong></span> <span class='ocrx_word' id='word_1_748' title='bbox 1137 5265 1188 5316; x_wconf 87' lang='lat' dir='ltr'><strong>in</strong></span> <span class='ocrx_word' id='word_1_749' title='bbox 1216 5263 1428 5318; x_wconf 74' lang='lat' dir='ltr'><strong>Exodo:</strong></span> <span class='ocrx_word' id='word_1_750' title='bbox 1461 5265 1692 5316; x_wconf 82' lang='lat' dir='ltr'><strong>Occurrit</strong></span> <span class='ocrx_word' id='word_1_751' title='bbox 1719 5267 1764 5317; x_wconf 86' lang='lat' dir='ltr'><strong>ei</strong></span> <span class='ocrx_word' id='word_1_752' title='bbox 1793 5264 2008 5332; x_wconf 69' lang='lat' dir='ltr'><strong>angelus</strong></span> 
     </span>
    </p>
   </div>
   <div class='ocr_carea' id='block_1_100' title="bbox 501 5335 2002 5463">
    <p class='ocr_par' dir='ltr' id='par_1_100' title="bbox 501 5335 2002 5463">
     <span class='ocr_line' id='line_1_100' title="bbox 501 5335 2002 5398; baseline -0.003 -6"><span class='ocrx_word' id='word_1_753' title='bbox 501 5350 546 5392; x_wconf 86' lang='lat' dir='ltr'><strong>et</strong></span> <span class='ocrx_word' id='word_1_754' title='bbox 606 5338 798 5390; x_wconf 83' lang='lat' dir='ltr'><strong>volebat</strong></span> <span class='ocrx_word' id='word_1_755' title='bbox 859 5352 970 5390; x_wconf 85' lang='lat' dir='ltr'><strong>eum</strong></span> <span class='ocrx_word' id='word_1_756' title='bbox 1025 5336 1292 5397; x_wconf 86' lang='lat' dir='ltr'><strong>occidere;</strong></span> <span class='ocrx_word' id='word_1_757' title='bbox 1345 5351 1406 5388; x_wconf 75' lang='lat' dir='ltr'><strong>ex</strong></span> <span class='ocrx_word' id='word_1_758' title='bbox 1461 5335 1588 5386; x_wconf 84' lang='lat' dir='ltr'><strong>libro</strong></span> <span class='ocrx_word' id='word_1_759' title='bbox 1649 5335 2002 5398; x_wconf 68' lang='lat' dir='ltr'><strong>Quaestionum</strong></span> 
     </span>
     <span class='ocr_line' id='line_1_101' title="bbox 503 5409 693 5463; baseline -0.016 0"><span class='ocrx_word' id='word_1_760' title='bbox 503 5409 693 5463; x_wconf 73' lang='lat' dir='ltr'><strong>Exodi.</strong></span> 
     </span>
    </p>
   </div>
   <div class='ocr_carea' id='block_1_101' title="bbox 551 5425 693 5462">
    <p class='ocr_par' dir='ltr' id='par_1_101' title="bbox 551 5425 693 5462">
     <span class='ocr_line' id='line_1_102' title="bbox 551 5425 693 5462; baseline -0.014 0"><span class='ocrx_word' id='word_1_761' title='bbox 551 5425 693 5462; x_wconf 72' lang='grc' dir='ltr'><strong>ποαι.</strong></span> 
     </span>
    </p>
   </div>
   <div class='ocr_carea' id='block_1_102' title="bbox 501 5495 2004 5570">
    <p class='ocr_par' dir='ltr' id='par_1_102' title="bbox 501 5495 2004 5570">
     <span class='ocr_line' id='line_1_103' title="bbox 501 5495 2004 5570; baseline -0.004 -16"><span class='ocrx_word' id='word_1_762' title='bbox 501 5501 557 5554; x_wconf 92' lang='lat' dir='ltr'><strong>lu</strong></span> <span class='ocrx_word' id='word_1_763' title='bbox 581 5515 646 5554; x_wconf 90' lang='lat' dir='ltr'><strong>eo</strong></span> <span class='ocrx_word' id='word_1_764' title='bbox 674 5498 814 5570; x_wconf 91' lang='lat' dir='ltr'><strong>quod</strong></span> <span class='ocrx_word' id='word_1_765' title='bbox 838 5498 1092 5566; x_wconf 89' lang='lat' dir='ltr'><strong>scriptum</strong></span> <span class='ocrx_word' id='word_1_766' title='bbox 1125 5509 1244 5552; x_wconf 86' lang='lat' dir='ltr'><strong>est:</strong></span> <span class='ocrx_word' id='word_1_767' title='bbox 1279 5497 1342 5551; x_wconf 84' lang='lat' dir='ltr'><strong>Et</strong></span> <span class='ocrx_word' id='word_1_768' title='bbox 1380 5495 1577 5551; x_wconf 90' lang='lat' dir='ltr'><strong>factum</strong></span> <span class='ocrx_word' id='word_1_769' title='bbox 1612 5506 1693 5550; x_wconf 88' lang='lat' dir='ltr'><strong>est</strong></span> <span class='ocrx_word' id='word_1_770' title='bbox 1723 5496 1776 5549; x_wconf 92' lang='lat' dir='ltr'><strong>in</strong></span> <span class='ocrx_word' id='word_1_771' title='bbox 1811 5496 1892 5550; x_wconf 89' lang='lat' dir='ltr'><strong>via</strong></span> <span class='ocrx_word' id='word_1_772' title='bbox 1940 5496 2004 5549; x_wconf 90' lang='lat' dir='ltr'><strong>ad</strong></span> 
     </span>
    </p>
   </div>
   <div class='ocr_carea' id='block_1_103' title="bbox 432 5590 2004 5662">
    <p class='ocr_par' dir='ltr' id='par_1_103' title="bbox 432 5590 2004 5662">
     <span class='ocr_line' id='line_1_104' title="bbox 432 5590 2004 5662; baseline -0.003 -16"><span class='ocrx_word' id='word_1_773' title='bbox 432 5592 799 5658; x_wconf 86' lang='lat' dir='ltr'><strong>refectionem,</strong></span> <span class='ocrx_word' id='word_1_774' title='bbox 828 5592 1066 5647; x_wconf 82' lang='lat' dir='ltr'><strong>obviavit</strong></span> <span class='ocrx_word' id='word_1_775' title='bbox 1112 5593 1158 5647; x_wconf 89' lang='lat' dir='ltr'><strong>ei</strong></span> <span class='ocrx_word' id='word_1_776' title='bbox 1209 5591 1427 5662; x_wconf 83' lang='lat' dir='ltr'><strong>angelus</strong></span> <span class='ocrx_word' id='word_1_777' title='bbox 1472 5599 1526 5644; x_wconf 93' lang='lat' dir='ltr'><strong>et</strong></span> <span class='ocrx_word' id='word_1_778' title='bbox 1555 5590 1832 5660; x_wconf 63' lang='lat' dir='ltr'><strong>quaerebat</strong></span> <span class='ocrx_word' id='word_1_779' title='bbox 1881 5605 2004 5644; x_wconf 90' lang='lat' dir='ltr'><strong>eum</strong></span> 
     </span>
    </p>
   </div>
   <div class='ocr_carea' id='block_1_104' title="bbox 434 5682 2002 5758">
    <p class='ocr_par' dir='ltr' id='par_1_104' title="bbox 434 5682 2002 5758">
     <span class='ocr_line' id='line_1_105' title="bbox 434 5682 2002 5758; baseline 0.001 -23"><span class='ocrx_word' id='word_1_780' title='bbox 434 5685 704 5748; x_wconf 85' lang='lat' dir='ltr'><strong>occidere,</strong></span> <span class='ocrx_word' id='word_1_781' title='bbox 734 5694 788 5740; x_wconf 89' lang='lat' dir='ltr'><strong>et</strong></span> <span class='ocrx_word' id='word_1_782' title='bbox 813 5695 1085 5757; x_wconf 89' lang='lat' dir='ltr'><strong>assumpto</strong></span> <span class='ocrx_word' id='word_1_783' title='bbox 1133 5686 1374 5758; x_wconf 87' lang='lat' dir='ltr'><strong>Sephora</strong></span> <span class='ocrx_word' id='word_1_784' title='bbox 1421 5684 1624 5741; x_wconf 88' lang='lat' dir='ltr'><strong>calculo</strong></span> <span class='ocrx_word' id='word_1_785' title='bbox 1667 5682 2002 5738; x_wconf 88' lang='lat' dir='ltr'><strong>circumcidit</strong></span> 
     </span>
    </p>
   </div>
   <div class='ocr_carea' id='block_1_105' title="bbox 2709 4651 3106 4708">
    <p class='ocr_par' dir='ltr' id='par_1_105' title="bbox 2709 4651 3106 4708">
     <span class='ocr_line' id='line_1_106' title="bbox 2709 4651 3106 4708; baseline 0 -3"><span class='ocrx_word' id='word_1_786' title='bbox 2709 4651 2936 4708; x_wconf 77' lang='lat' dir='ltr'><strong>CAPUT</strong></span> <span class='ocrx_word' id='word_1_787' title='bbox 2974 4652 3106 4706; x_wconf 78' lang='lat' dir='ltr'><strong>CVI.</strong></span> 
     </span>
    </p>
   </div>
   <div class='ocr_carea' id='block_1_106' title="bbox 2122 4761 3715 4832">
    <p class='ocr_par' dir='ltr' id='par_1_106' title="bbox 2122 4761 3715 4832">
     <span class='ocr_line' id='line_1_107' title="bbox 2122 4761 3715 4832; baseline 0.001 -15"><span class='ocrx_word' id='word_1_788' title='bbox 2122 4765 2194 4818; x_wconf 89' lang='lat' dir='ltr'><strong>De</strong></span> <span class='ocrx_word' id='word_1_789' title='bbox 2220 4780 2276 4816; x_wconf 77' lang='lat' dir='ltr'><strong>eo</strong></span> <span class='ocrx_word' id='word_1_790' title='bbox 2302 4764 2438 4832; x_wconf 83' lang='lat' dir='ltr'><strong>quod</strong></span> <span class='ocrx_word' id='word_1_791' title='bbox 2469 4763 2673 4815; x_wconf 77' lang='lat' dir='ltr'><strong>assidue</strong></span> <span class='ocrx_word' id='word_1_792' title='bbox 2701 4761 2836 4814; x_wconf 76' lang='lat' dir='ltr'><strong>Deus</strong></span> <span class='ocrx_word' id='word_1_793' title='bbox 2866 4764 2986 4815; x_wconf 67' lang='lat' dir='ltr'><strong>dicit</strong></span> <span class='ocrx_word' id='word_1_794' title='bbox 3019 4779 3036 4816; x_wconf 90' lang='lat'><strong><em>:</em></strong></span> <span class='ocrx_word' id='word_1_795' title='bbox 3066 4761 3326 4816; x_wconf 85' lang='lat' dir='ltr'><strong>Indurabn</strong></span> <span class='ocrx_word' id='word_1_796' title='bbox 3347 4780 3433 4816; x_wconf 86' lang='lat' dir='ltr'><strong>eor</strong></span> <span class='ocrx_word' id='word_1_797' title='bbox 3465 4761 3715 4819; x_wconf 84' lang='lat' dir='ltr'><strong>Pharao-</strong></span> 
     </span>
    </p>
   </div>
   <div class='ocr_carea' id='block_1_107' title="bbox 2327 4833 3479 4900">
    <p class='ocr_par' dir='ltr' id='par_1_107' title="bbox 2327 4833 3479 4900">
     <span class='ocr_line' id='line_1_108' title="bbox 2327 4833 3479 4900; baseline 0.001 -14"><span class='ocrx_word' id='word_1_798' title='bbox 2327 4835 2406 4887; x_wconf 74' lang='lat' dir='ltr'><strong>nis</strong></span> <span class='ocrx_word' id='word_1_799' title='bbox 2427 4849 2446 4896; x_wconf 80' lang='lat'><strong>,&#39;</strong></span> <span class='ocrx_word' id='word_1_800' title='bbox 2469 4851 2529 4886; x_wconf 80' lang='lat' dir='ltr'><strong>ea:</strong></span> <span class='ocrx_word' id='word_1_801' title='bbox 2556 4836 2728 4887; x_wconf 85' lang='lat' dir='ltr'><strong>eodem</strong></span> <span class='ocrx_word' id='word_1_802' title='bbox 2751 4834 2881 4886; x_wconf 83' lang='lat' dir='ltr'><strong>libro</strong></span> <span class='ocrx_word' id='word_1_803' title='bbox 2911 4833 3259 4900; x_wconf 72' lang='lat' dir='ltr'><strong>Quwstiunnm</strong></span> <span class='ocrx_word' id='word_1_804' title='bbox 3292 4834 3479 4888; x_wconf 73' lang='lat' dir='ltr'><strong>Exodi.</strong></span> 
     </span>
    </p>
   </div>
   <div class='ocr_carea' id='block_1_108' title="bbox 2191 4942 3714 5006">
    <p class='ocr_par' dir='ltr' id='par_1_108' title="bbox 2191 4942 3714 5006">
     <span class='ocr_line' id='line_1_109' title="bbox 2191 4942 3714 5006; baseline 0.002 -9"><span class='ocrx_word' id='word_1_805' title='bbox 2191 4943 2414 4997; x_wconf 83' lang='lat' dir='ltr'><strong>Assidue</strong></span> <span class='ocrx_word' id='word_1_806' title='bbox 2441 4944 2579 4997; x_wconf 87' lang='lat' dir='ltr'><strong>Deus</strong></span> <span class='ocrx_word' id='word_1_807' title='bbox 2608 4942 2769 4996; x_wconf 91' lang='lat' dir='ltr'><strong>dicit:</strong></span> <span class='ocrx_word' id='word_1_808' title='bbox 2798 4943 3064 4997; x_wconf 85' lang='lat' dir='ltr'><strong>lndurabo</strong></span> <span class='ocrx_word' id='word_1_809' title='bbox 3092 4959 3184 4997; x_wconf 93' lang='lat' dir='ltr'><strong>cor</strong></span> <span class='ocrx_word' id='word_1_810' title='bbox 3209 4945 3502 5000; x_wconf 71' lang='lat' dir='ltr'><strong>Pharaonis</strong></span> <span class='ocrx_word' id='word_1_811' title='bbox 3529 4959 3583 5002; x_wconf 92' lang='lat' dir='ltr'><strong>et</strong></span> <span class='ocrx_word' id='word_1_812' title='bbox 3617 4965 3714 5006; x_wconf 76' lang='lat' dir='ltr'><strong>ve-</strong></span> 
     </span>
    </p>
   </div>
   <div class='ocr_carea' id='block_1_109' title="bbox 2124 5033 3707 5110">
    <p class='ocr_par' dir='ltr' id='par_1_109' title="bbox 2124 5033 3707 5110">
     <span class='ocr_line' id='line_1_110' title="bbox 2124 5033 3707 5110; baseline 0.004 -23"><span class='ocrx_word' id='word_1_813' title='bbox 2124 5035 2199 5088; x_wconf 91' lang='lat' dir='ltr'><strong>lut</strong></span> <span class='ocrx_word' id='word_1_814' title='bbox 2227 5049 2440 5087; x_wconf 86' lang='lat' dir='ltr'><strong>causam</strong></span> <span class='ocrx_word' id='word_1_815' title='bbox 2493 5033 2654 5087; x_wconf 69' lang='lat' dir='ltr'><strong>infert</strong></span> <span class='ocrx_word' id='word_1_816' title='bbox 2684 5049 2779 5089; x_wconf 90' lang='lat' dir='ltr'><strong>cur</strong></span> <span class='ocrx_word' id='word_1_817' title='bbox 2810 5037 2913 5088; x_wconf 87' lang='lat' dir='ltr'><strong>ltoe</strong></span> <span class='ocrx_word' id='word_1_818' title='bbox 2975 5034 3151 5090; x_wconf 86' lang='lat' dir='ltr'><strong>faciat.</strong></span> <span class='ocrx_word' id='word_1_819' title='bbox 3187 5037 3474 5102; x_wconf 90' lang='lat' dir='ltr'><strong>lndurabo,</strong></span> <span class='ocrx_word' id='word_1_820' title='bbox 3507 5041 3707 5110; x_wconf 89' lang='lat' dir='ltr'><strong>inquit,</strong></span> 
     </span>
    </p>
   </div>
   <div class='ocr_carea' id='block_1_110' title="bbox 2119 5123 3708 5200">
    <p class='ocr_par' dir='ltr' id='par_1_110' title="bbox 2119 5123 3708 5200">
     <span class='ocr_line' id='line_1_111' title="bbox 2119 5123 3708 5200; baseline 0.006 -22"><span class='ocrx_word' id='word_1_821' title='bbox 2119 5141 2211 5178; x_wconf 87' lang='lat' dir='ltr'><strong>eor</strong></span> <span class='ocrx_word' id='word_1_822' title='bbox 2241 5123 2552 5188; x_wconf 89' lang='lat' dir='ltr'><strong>Pharaonis,</strong></span> <span class='ocrx_word' id='word_1_823' title='bbox 2579 5124 2740 5178; x_wconf 90' lang='lat' dir='ltr'><strong>etiam</strong></span> <span class='ocrx_word' id='word_1_824' title='bbox 2789 5125 3020 5194; x_wconf 89' lang='lat' dir='ltr'><strong>implebo</strong></span> <span class='ocrx_word' id='word_1_825' title='bbox 3047 5126 3196 5195; x_wconf 88' lang='lat' dir='ltr'><strong>signa</strong></span> <span class='ocrx_word' id='word_1_826' title='bbox 3244 5143 3358 5182; x_wconf 91' lang='lat' dir='ltr'><strong>mea</strong></span> <span class='ocrx_word' id='word_1_827' title='bbox 3402 5129 3603 5200; x_wconf 88' lang='lat' dir='ltr'><strong>[faciat.</strong></span> <span class='ocrx_word' id='word_1_828' title='bbox 3643 5133 3708 5186; x_wconf 79' lang='lat' dir='ltr'><strong>Et</strong></span> 
     </span>
    </p>
   </div>
   <div class='ocr_carea' id='block_1_111' title="bbox 2119 5217 3708 5290">
    <p class='ocr_par' dir='ltr' id='par_1_111' title="bbox 2119 5217 3708 5290">
     <span class='ocr_line' id='line_1_112' title="bbox 2119 5217 3708 5290; baseline 0.003 -16"><span class='ocrx_word' id='word_1_829' title='bbox 2119 5221 2350 5289; x_wconf 85' lang='lat' dir='ltr'><strong>implebo</strong></span> <span class='ocrx_word' id='word_1_830' title='bbox 2381 5222 2529 5286; x_wconf 74' lang='lat' dir='ltr'><strong>signa</strong></span> <span class='ocrx_word' id='word_1_831' title='bbox 2556 5217 2695 5288; x_wconf 89' lang='lat' dir='ltr'><strong>mea]</strong></span> <span class='ocrx_word' id='word_1_832' title='bbox 2718 5227 2771 5274; x_wconf 90' lang='lat' dir='ltr'><strong>et</strong></span> <span class='ocrx_word' id='word_1_833' title='bbox 2800 5230 3042 5289; x_wconf 87' lang='lat' dir='ltr'><strong>portenta</strong></span> <span class='ocrx_word' id='word_1_834' title='bbox 3068 5235 3182 5274; x_wconf 89' lang='lat' dir='ltr'><strong>mea</strong></span> <span class='ocrx_word' id='word_1_835' title='bbox 3217 5222 3268 5274; x_wconf 93' lang='lat' dir='ltr'><strong>in</strong></span> <span class='ocrx_word' id='word_1_836' title='bbox 3298 5222 3552 5290; x_wconf 62' lang='lat' dir='ltr'><strong>Egypto,</strong></span> <span class='ocrx_word' id='word_1_837' title='bbox 3582 5235 3708 5278; x_wconf 84' lang='lat' dir='ltr'><strong>tan-</strong></span> 
     </span>
    </p>
   </div>
   <div class='ocr_carea' id='block_1_112' title="bbox 2115 5310 3704 5380">
    <p class='ocr_par' dir='ltr' id='par_1_112' title="bbox 2115 5310 3704 5380">
     <span class='ocr_line' id='line_1_113' title="bbox 2115 5310 3704 5380; baseline 0.004 -17"><span class='ocrx_word' id='word_1_838' title='bbox 2115 5328 2270 5380; x_wconf 83' lang='lat' dir='ltr'><strong>quam</strong></span> <span class='ocrx_word' id='word_1_839' title='bbox 2316 5312 2618 5365; x_wconf 34' lang='lat' dir='ltr'><strong>necesiaria</strong></span> <span class='ocrx_word' id='word_1_840' title='bbox 2658 5310 2815 5365; x_wconf 91' lang='lat' dir='ltr'><strong>fuerit</strong></span> <span class='ocrx_word' id='word_1_841' title='bbox 2849 5310 3133 5366; x_wconf 89' lang='lat' dir='ltr'><strong>obduratio</strong></span> <span class='ocrx_word' id='word_1_842' title='bbox 3173 5313 3348 5367; x_wconf 84' lang='lat' dir='ltr'><strong>cordis</strong></span> <span class='ocrx_word' id='word_1_843' title='bbox 3402 5315 3704 5370; x_wconf 80' lang='lat' dir='ltr'><strong>Pharaonis</strong></span> 
     </span>
    </p>
   </div>
   <div class='ocr_carea' id='block_1_113' title="bbox 2117 5403 3699 5475">
    <p class='ocr_par' dir='ltr' id='par_1_113' title="bbox 2117 5403 3699 5475">
     <span class='ocr_line' id='line_1_114' title="bbox 2117 5403 3699 5475; baseline 0.002 -17"><span class='ocrx_word' id='word_1_844' title='bbox 2117 5417 2172 5458; x_wconf 94' lang='lat' dir='ltr'><strong>ut</strong></span> <span class='ocrx_word' id='word_1_845' title='bbox 2219 5408 2366 5475; x_wconf 86' lang='lat' dir='ltr'><strong>signa</strong></span> <span class='ocrx_word' id='word_1_846' title='bbox 2426 5404 2516 5458; x_wconf 88' lang='lat' dir='ltr'><strong>Dei</strong></span> <span class='ocrx_word' id='word_1_847' title='bbox 2571 5403 3049 5471; x_wconf 88' lang='lat' dir='ltr'><strong>multiplicarentur</strong></span> <span class='ocrx_word' id='word_1_848' title='bbox 3099 5405 3182 5459; x_wconf 89' lang='lat' dir='ltr'><strong>vel</strong></span> <span class='ocrx_word' id='word_1_849' title='bbox 3240 5405 3592 5473; x_wconf 88' lang='lat' dir='ltr'><strong>implerentur</strong></span> <span class='ocrx_word' id='word_1_850' title='bbox 3646 5410 3699 5461; x_wconf 88' lang='lat' dir='ltr'><strong>itt</strong></span> 
     </span>
    </p>
   </div>
   <div class='ocr_carea' id='block_1_114' title="bbox 2115 5494 3698 5578">
    <p class='ocr_par' dir='ltr' id='par_1_114' title="bbox 2115 5494 3698 5578">
     <span class='ocr_line' id='line_1_115' title="bbox 2115 5494 3698 5578; baseline 0.001 -27"><span class='ocrx_word' id='word_1_851' title='bbox 2115 5495 2363 5566; x_wconf 65' lang='lat' dir='ltr'><strong>IEgypto.</strong></span> <span class='ocrx_word' id='word_1_852' title='bbox 2398 5495 2568 5578; x_wconf 59' lang='lat' dir='ltr'><strong>Utitur</strong></span> <span class='ocrx_word' id='word_1_853' title='bbox 2599 5511 2726 5564; x_wconf 86' lang='lat' dir='ltr'><strong>ergo</strong></span> <span class='ocrx_word' id='word_1_854' title='bbox 2747 5494 2886 5549; x_wconf 89' lang='lat' dir='ltr'><strong>Deus</strong></span> <span class='ocrx_word' id='word_1_855' title='bbox 2912 5496 3048 5551; x_wconf 91' lang='lat' dir='ltr'><strong>bene</strong></span> <span class='ocrx_word' id='word_1_856' title='bbox 3080 5498 3332 5552; x_wconf 91' lang='lat' dir='ltr'><strong>cordibus</strong></span> <span class='ocrx_word' id='word_1_857' title='bbox 3357 5499 3511 5551; x_wconf 89' lang='lat' dir='ltr'><strong>malis</strong></span> <span class='ocrx_word' id='word_1_858' title='bbox 3542 5499 3608 5550; x_wconf 88' lang='lat' dir='ltr'><strong>ad</strong></span> <span class='ocrx_word' id='word_1_859' title='bbox 3647 5499 3698 5552; x_wconf 87' lang='lat' dir='ltr'><strong>id</strong></span> 
     </span>
    </p>
   </div>
   <div class='ocr_carea' id='block_1_115' title="bbox 2115 5587 3697 5658">
    <p class='ocr_par' dir='ltr' id='par_1_115' title="bbox 2115 5587 3697 5658">
     <span class='ocr_line' id='line_1_116' title="bbox 2115 5587 3697 5658; baseline 0.003 -16"><span class='ocrx_word' id='word_1_860' title='bbox 2115 5589 2256 5658; x_wconf 91' lang='lat' dir='ltr'><strong>quod</strong></span> <span class='ocrx_word' id='word_1_861' title='bbox 2284 5588 2394 5642; x_wconf 84' lang='lat' dir='ltr'><strong>vult</strong></span> <span class='ocrx_word' id='word_1_862' title='bbox 2423 5587 2710 5643; x_wconf 90' lang='lat' dir='ltr'><strong>ostendere</strong></span> <span class='ocrx_word' id='word_1_863' title='bbox 2737 5587 2921 5647; x_wconf 90' lang='lat' dir='ltr'><strong>bonis.</strong></span> <span class='ocrx_word' id='word_1_864' title='bbox 2946 5591 3026 5642; x_wconf 84' lang='lat' dir='ltr'><strong>vel</strong></span> <span class='ocrx_word' id='word_1_865' title='bbox 3067 5605 3202 5658; x_wconf 91' lang='lat' dir='ltr'><strong>quos</strong></span> <span class='ocrx_word' id='word_1_866' title='bbox 3235 5593 3472 5643; x_wconf 86' lang='lat' dir='ltr'><strong>facturus</strong></span> <span class='ocrx_word' id='word_1_867' title='bbox 3495 5601 3579 5645; x_wconf 90' lang='lat' dir='ltr'><strong>est</strong></span> <span class='ocrx_word' id='word_1_868' title='bbox 3603 5592 3697 5646; x_wconf 83' lang='lat' dir='ltr'><strong>bo-</strong></span> 
     </span>
    </p>
   </div>
   <div class='ocr_carea' id='block_1_116' title="bbox 2119 5677 3694 5750">
    <p class='ocr_par' dir='ltr' id='par_1_116' title="bbox 2119 5677 3694 5750">
     <span class='ocr_line' id='line_1_117' title="bbox 2119 5677 3694 5750; baseline 0.003 -16"><span class='ocrx_word' id='word_1_869' title='bbox 2119 5695 2214 5736; x_wconf 92' lang='lat' dir='ltr'><strong>nos</strong></span> <span class='ocrx_word' id='word_1_870' title='bbox 2242 5680 2388 5750; x_wconf 85' lang='lat' dir='ltr'><strong>[quid</strong></span> <span class='ocrx_word' id='word_1_871' title='bbox 2423 5679 2657 5734; x_wconf 72' lang='lat' dir='ltr'><strong>facturus</strong></span> <span class='ocrx_word' id='word_1_872' title='bbox 2691 5687 2772 5736; x_wconf 85' lang='lat' dir='ltr'><strong>est</strong></span> <span class='ocrx_word' id='word_1_873' title='bbox 2818 5677 3028 5749; x_wconf 88' lang='lat' dir='ltr'><strong>bonis],</strong></span> <span class='ocrx_word' id='word_1_874' title='bbox 3061 5689 3114 5736; x_wconf 92' lang='lat' dir='ltr'><strong>et</strong></span> <span class='ocrx_word' id='word_1_875' title='bbox 3149 5681 3391 5750; x_wconf 82' lang='lat' dir='ltr'><strong>quamvis</strong></span> <span class='ocrx_word' id='word_1_876' title='bbox 3437 5681 3694 5739; x_wconf 88' lang='lat' dir='ltr'><strong>uniuscu-</strong></span> 
     </span>
    </p>
   </div>
  </div>
