3990 6180
328 265 426 322 717

1569 272 2006 333 TIIESAURUS.
2047 277 2198 333 CAP.
2241 277 2373 335 CIX.

3419 337 3428 348 .
3476 296 3582 350 7l8

318 381 512 450 jusque
542 377 725 433 cordis
766 378 818 433 in
866 380 1068 434 malitia
1111 383 1376 451 qualitas,
1414 383 1463 437 id
1497 397 1579 439 est
1625 387 1783 455 quale
1817 404 1910 442 cor
1941 396 1986 453 Α
2019 403 2155 447 terra
2196 395 2524 463 gignentium
2573 407 2841 453 creatures
2880 400 3093 456 d'ceudi
3139 414 3294 472 sunt,
3343 415 3587 477 quamvis

322 469 516 524 habeat
562 470 628 522 ad
670 471 904 536 malum,
936 486 1036 525 suo
1080 473 1170 526 ﬁat
1225 475 1353 528 vitio
1395 475 1536 544 quod
1582 477 1806 532 inolevit
1844 493 1910 532 ex

320 561 542 617 arbitrio
601 562 930 627 voluntatis,
991 578 1054 618 ea
1106 574 1282 620 tamen
1339 567 1601 636 qualitate
1660 569 1799 622 mala
1854 578 1912 623 ut

321 651 424 705 huc
467 651 552 704 vel
586 651 712 705 illuc
763 661 1062 719 moveatur,
1111 669 1231 709 cum
1289 656 1390 710 huc
1428 657 1543 712 sive
1596 658 1724 712 illuc
1771 661 1910 714 male

320 753 636 809 moveatur,
694 745 872 799 causis
929 745 988 798 ﬁt
1044 746 1235 815 quibus
1291 749 1503 803 animus
1573 752 1907 819 propellitur.

319 836 448 901 Qua:
486 850 662 889 causa:
721 844 778 888 ut
819 837 1050 890 existant
1097 838 1180 891 vel
1229 855 1334 892 non
1385 841 1615 894 existant
1664 858 1768 896 non
1827 852 1910 896 est

320 928 370 981 in
419 927 652 980 hominis
705 935 997 991 potestate,
1032 929 1124 982 sed
1165 930 1384 983 veniunt
1429 947 1491 985 ex
1536 934 1742 987 occulta
1787 949 1908 998 pro-

318 1017 556 1071 videntia
600 1017 896 1084 justissima
948 1017 1105 1085 plane
1131 1028 1186 1071 et
1227 1019 1654 1087 sapientissima,
1687 1021 1906 1076 univer-

319 1125 435 1164 sum
468 1109 610 1178 quod
635 1111 840 1163 creavit
869 1109 1201 1178 disponentis
1231 1122 1286 1166 et
1314 1113 1741 1168 administrantis
1781 1113 1902 1168 Dei.

318 1202 424 1272 66
456 1201 526 1256 Ut
553 1215 682 1270 ergo
717 1201 819 1255 tale
847 1217 939 1256 cor
975 1202 1196 1257 haberet
1241 1204 1446 1258 Pharao
1477 1207 1615 1272 qttod
1649 1206 1903 1273 patientia

322 1296 411 1350 Dei
439 1309 546 1348 non
576 1301 882 1347 moveretur
906 1293 969 1347 ad
998 1294 1270 1362 pietatem,
1300 1297 1390 1348 sed
1424 1296 1598 1364 potius
1621 1295 1686 1349 ad
1718 1296 1903 1364 impie-

320 1396 506 1450 tatem,
555 1385 668 1438 vitii
726 1385 926 1454 proprii
970 1387 1088 1441 luit.
1111 1386 1262 1452 Quod
1308 1401 1436 1440 vero
1477 1401 1538 1440 ea
1584 1385 1722 1440 Iacta
1755 1397 1900 1453 sunt,

316 1477 506 1546 quibus
551 1490 646 1528 cor
686 1490 788 1528 suo
818 1477 945 1529 vitio
976 1485 1080 1530 tam
1127 1477 1416 1546 malignum
1464 1479 1742 1535 resisteret
1781 1479 1899 1549 jus-

316 1566 556 1621 sionibus
585 1564 682 1620 Dei
717 1566 847 1635 (hoc
875 1576 956 1619 est
997 1567 1136 1622 enim
1167 1568 1306 1635 quod
1351 1569 1542 1623 dicitur
1569 1570 1895 1634 induratum,

315 1659 436 1726 quia
481 1672 588 1710 non
618 1656 929 1712 ﬂexibiliter
957 1658 1360 1724 consentiebat,
1402 1659 1496 1714 sed
1535 1660 1900 1716 inﬂexibiliter

316 1746 651 1816 resistebat),
683 1747 1099 1814 dispensationis
1129 1749 1223 1802 fuit
1251 1748 1450 1804 divinae
1480 1766 1582 1819 qua
1614 1751 1705 1805 tali
1747 1752 1894 1807 cordi
1932 1770 1978 1829 Β

313 1853 420 1892 non
444 1838 618 1893 solum
642 1853 748 1893 non
782 1838 998 1906 injusta,
1026 1838 1120 1892 sed
1149 1838 1428 1894 evidenter
1447 1839 1588 1910 justa
1621 1856 1774 1908 pinna
1806 1857 1900 1911 pa-

313 1935 554 1998 rabatur,
597 1948 701 2003 qua
743 1933 990 1987 timentes
1023 1933 1188 1986 Deutn
1231 1934 1643 2001 corrigerentur.
1700 1934 1900 2004 Prop0«

313 2031 416 2083 sito
445 2028 643 2097 quippe
674 2025 856 2092 luero,
888 2025 1038 2079 verbi
1066 2026 1260 2094 gratia,
1308 2033 1526 2095 propter
1553 2026 1691 2096 quod
1725 2026 1897 2079 homi-

311 2120 512 2174 cidium
556 2118 946 2183 committatur,
999 2116 1154 2170 aliter
1195 2131 1412 2182 avarus,
1462 2117 1617 2172 aliter
1657 2118 1895 2186 pecuniae

311 2219 648 2279 contemptor
690 2218 931 2262 movetur
958 2225 971 2260 :
1006 2209 1093 2261 ille
1121 2208 1330 2262 scilicet
1358 2207 1424 2262 ad
1469 2208 1674 2263 facinus
1706 2223 1866 2277 perpe

311 2301 579 2365 trandum,
611 2299 702 2354 ille
724 2299 786 2352 ad
818 2299 1141 2364 cavendum,
1175 2300 1342 2368 ipsius
1375 2308 1551 2355 tamen
1595 2301 1724 2355 lucri
1763 2319 1890 2370 prn-

310 2393 508 2462 positio
557 2392 610 2444 in
648 2389 876 2459 alienjus
925 2390 1136 2444 illorum
1186 2399 1452 2459 potestate
1497 2406 1603 2446 non
1650 2392 1770 2448 fuit.
1822 2392 1894 2446 Ita

309 2497 486 2536 causa:
513 2480 736 2535 veniunt
768 2480 1077 2535 hominibus
1119 2480 1272 2535 malis
1293 2521 1307 2544 ,
1340 2497 1458 2551 quae
1488 2497 1594 2537 non
1625 2493 1750 2538 sunt
1779 2485 1898 2552 qui-

309 2571 428 2626 dem
476 2572 527 2624 in
575 2585 761 2625 eorum
814 2580 1100 2639 potestate,
1151 2572 1244 2625 sed
1297 2571 1397 2626 huc
1439 2571 1507 2627 de
1549 2573 1656 2626 illis
1697 2572 1896 2627 iaciunt

309 2663 494 2731 quales
539 2677 635 2718 eos
674 2663 975 2716 invenerint
1015 2662 1124 2730 jam
1175 2663 1345 2718 factus
1394 2665 1624 2732 propriis
1651 2665 1791 2719 vitiis
1829 2681 1892 2719 ex

311 2757 578 2821 pr.rterita
597 2754 891 2808 voluntate.
930 2753 1227 2808 Videndum
1258 2768 1386 2809 sane
1412 2767 1493 2809 est
1525 2764 1700 2810 utrum
1733 2758 1892 2810 etiam

310 2844 387 2898 sic
430 2845 600 2911 accipi
652 2843 838 2912 possit,
889 2845 999 2913 Ego
1035 2843 1318 2912 indurabo,
1355 2855 1601 2916 tanquam
1653 2845 1891 2912 diceret,

311 2950 467 3004 quam
501 2935 695 2990 durum
721 2937 792 2990 sit
813 2935 1217 2991 demonstrabo.

883 3065 1111 3121 CAPUT
1162 3065 1320 3120 CVII.

313 3155 460 3224 Quod
495 3155 755 3210 absorbuit
789 3156 932 3224 uirga
965 3157 1136 3209 Aaron
1163 3158 1330 3226 virgas
1364 3173 1477 3226 mag

666 3228 780 3280 dem
806 3228 938 3279 libro
969 3229 1321 3293 Quaestionum
1341 3227 1531 3280 Exodi.

379 3317 446 3372 Et
485 3316 763 3371 absorbuit
804 3318 947 3386 virga
982 3323 1157 3371 Aaron
1208 3317 1382 3387 virgas
1419 3317 1679 3372 illorum:
1724 3319 1767 3373 si
1813 3318 1890 3373 di-

311 3419 454 3463 ctum
485 3417 632 3463 esset
657 3408 935 3462 absorbuit
965 3409 1129 3460 draco
1146 3409 1323 3461 Aaron
1350 3406 1527 3476 virgas
1556 3407 1794 3475 illorum,
1813 3408 1893 3462 in-

315 3502 644 3570 telligeretur
673 3513 832 3554 verus
866 3499 1029 3553 draco
1068 3500 1250 3552 Aaron
1296 3499 1631 3566 pbantastica
1665 3499 1753 3554 illa
1788 3500 1891 3570 ﬁg-

312 3599 491 3644 menta
522 3603 626 3644 non
657 3589 1020 3653 absorbuisse,
1051 3587 1147 3643 sed
1175 3589 1372 3659 virgas.
1405 3589 1516 3644 Hoc
1545 3591 1686 3645 enim
1717 3591 1890 3660 potuit

310 3682 602 3738 absorbere
633 3681 774 3751 quod
803 3691 977 3746 erant,
1011 3696 1118 3735 non
1150 3681 1294 3750 quod
1327 3697 1449 3737 esse
1491 3683 1808 3739 videbantur
1836 3697 1891 3740 et

311 3788 413 3827 non
438 3784 610 3828 erant.
646 3771 753 3827 Sed
782 3773 1031 3842 quoniam
1063 3771 1202 3826 dixit
1227 3772 1503 3828 absorbuit
1531 3774 1677 3843 virga
1710 3777 1887 3828 Aaron

311 3869 485 3935 virgas
513 3865 751 3931 illorum,
783 3865 945 3920 draco
973 3865 1154 3932 utique
1186 3864 1356 3933 potuit
1381 3864 1555 3935 virgas
1578 3867 1885 3933 absorbere,

309 3975 413 4012 non
454 3959 600 4029 virga
627 3999 642 4022 ,
695 3958 792 4014 sed
827 3973 892 4012 eo
937 3961 1152 4012 nomine
1196 3959 1460 4027 appellata
1498 3972 1585 4012 res
1623 3969 1706 4012 est
1749 3961 1888 4014 unde

309 4067 459 4106 versa
491 4059 594 4116 est,
638 4067 741 4106 non
782 4050 833 4104 in
865 4050 1005 4120 quod
1039 4065 1193 4105 versa
1229 4060 1332 4116 est,
1375 4052 1501 4120 quia
1545 4051 1597 4106 in
1643 4051 1693 4106 id
1723 4053 1883 4107 etiam

308 4157 524 4197 reversa
555 4154 668 4206 est,
700 4152 754 4196 et
786 4140 909 4195 ideo
941 4141 1042 4196 hoc
1071 4144 1248 4196 vocari
1280 4142 1536 4206 debebat,
1567 4143 1707 4212 quod
1743 4143 1887 4210 prin-

307 4234 546 4303 cipaliter
571 4243 704 4288 erat.
739 4234 876 4300 Quid
906 4249 1036 4302 ergo
1065 4233 1349 4288 dicendum
1381 4242 1466 4289 est
1489 4235 1554 4288 de
1583 4235 1744 4303 virgis
1776 4251 1885 4288 ina-

306 4327 529 4396 gnrum?
563 4337 741 4380 utrum
771 4334 826 4382 et
851 4325 982 4393 ipsa:
1021 4325 1134 4380 veri
1173 4324 1433 4380 dracones
1463 4324 1615 4379 {actin
1646 4325 1878 4391 fuerant,

306 4419 397 4472 sed
446 4433 508 4472 ea
550 4419 756 4472 ratione
797 4418 959 4486 virga:
1007 4417 1290 4485 appellata:
1331 4427 1457 4471 sunt
1493 4432 1595 4486 qua
1641 4426 1696 4472 et
1737 4418 1880 4485 virga

2018 486 2260 540 noverint
2301 489 2540 557 praabere
2590 492 2846 560 quasdam
2879 494 3114 550 visibiles
3163 502 3589 566 opportunitates

2014 585 2066 629 et
2091 591 2279 631 causas
2309 589 2363 633 ut
2393 579 2482 634 illa
2512 591 2822 636 nascantur.
2872 584 3022 650 Quod
3052 599 3232 640 autem
3274 589 3360 642 isti
3391 589 3591 645 iaciunt

2014 666 2313 734 visibiliter,
2364 670 2463 725 hoc
2513 674 2687 742 angeli
2721 675 3082 732 invisibiliter.
3117 677 3256 734 Dens
3288 695 3415 736 vero
3444 683 3592 737 solus

2012 773 2167 812 verus
2204 771 2415 816 creator
2442 773 2524 818 est
2553 766 2642 834 qui
2689 781 2879 822 causas
2910 769 3052 836 ipsas
3080 780 3134 824 et
3162 773 3394 828 rationes
3425 776 3591 830 semi-

2011 847 2190 901 narias
2218 850 2376 905 rebus
2408 853 2617 906 insevit.
2673 855 2777 909 [tes
2807 857 3042 912 breviter
3083 859 3226 914 dicta
3255 871 3358 929 est,
3393 879 3511 932 qua:
3543 866 3586 918 si

2007 939 2271 1006 exemplis
2301 951 2356 994 et
2380 944 2598 1011 cepiosa
2629 944 2992 1014 disputatione
3021 951 3342 1017 explicetur,
3373 963 3426 1005 ut
3456 953 3582 1008 faci-

2009 1027 2115 1082 lius
2145 1029 2472 1100 intelligatur
2513 1034 2669 1102 Iongo
2711 1052 2960 1093 sermone
3003 1056 3138 1108 opus
3181 1052 3284 1110 est,
3319 1058 3347 1096 a
3379 1060 3486 1115 quo
3526 1060 3587 1101 se

2008 1120 2146 1176 ratio
2170 1131 2366 1176 nostra:
2393 1125 2750 1179 lesﬁnationis
2778 1139 3018 1182 exeusat.

2574 1260 2802 1318 CAPUT
2831 1264 3010 1320 CVIII.

2010 1367 2160 1422 Unde
2182 1378 2460 1449 potuerunt
2483 1371 2818 1449 incantatores
2846 1392 3031 1443 aquam
3057 1379 3107 1428 in
3139 1381 3439 1449 sanguinem
3479 1398 3587 1434 vcr-

2076 1449 2179 1519 tere
2199 1442 2240 1492 si
2255 1442 2373 1520 janr
2389 1442 2556 1520 utique
2588 1444 2781 1510 factum
2807 1442 2947 1510 erat;
2979 1462 3042 1499 ea:
3070 1442 3255 1502 eodeni
3274 1451 3402 1504 libro
3433 1453 3586 1520 Qua:-

2074 1509 2296 1562 stionum
2331 1509 2522 1564 Exodi.

2077 1620 2342 1677 Fecerunt
2388 1634 2567 1681 autem
2612 1628 2860 1683 similder
2903 1637 2958 1684 et
2989 1629 3347 1688 incantatnres
3378 1634 3584 1707 Egyp-

2005 1715 2197 1769 tiorum
2228 1717 2502 1770 veneliciis
2533 1717 2662 1782 suis,
2698 1727 2753 1772 et
2783 1722 3079 1777 eduxerunt
3104 1739 3258 1778 ranas
3286 1741 3448 1795 super
3476 1740 3582 1783 ter-

2003 1823 2117 1861 ram
2162 1806 2399 1878 ίΕεγριὶ.
2440 1807 2706 1875 ρυαπὶιυι·
2739 1812 2874 1864 unde
2915 1813 2960 1865 si
2996 1812 3107 1880 jam
3150 1814 3345 1884 ubique
3385 1816 3580 1872 factum

2001 1907 2146 1954 erat.
2179 1901 2281 1953 Sed
2315 1899 2508 1954 similis
2548 1899 2776 1970 qua-stic
2805 1912 2887 1956 est
2917 1903 3055 1957 unde
3084 1913 3138 1958 et
3162 1921 3350 1974 aquam
3382 1907 3432 1961 in
3462 1923 3586 1962 san-

2002 1991 2216 2060 guinem
2260 1992 2537 2055 verterint,
2570 1992 2615 2046 si
2641 2002 2749 2045 tota
2780 2009 2914 2063 aqua
2941 1993 3156 2065 IEgypti
3188 1998 3238 2050 in
3271 2000 3582 2068 sanguinem

2001 2095 2261 2136 conversa
2294 2080 2404 2150 jam
2436 2080 2635 2136 fuerat.
2685 2083 2914 2138 Proinde
2952 2085 3354 2154 intelligendum
3385 2097 3466 2142 est
3501 2104 3586 2144 re-

2002 2173 2214 2242 gionem
2247 2173 2334 2227 ubi
2368 2173 2458 2226 ﬁlii
2495 2173 2656 2226 Israel
2685 2171 3020 2240 habitabant,
3053 2175 3218 2245 plagis
3251 2175 3443 2231 talibus
3474 2193 3582 2232 non

2002 2265 2168 2319 luisse
2208 2278 2537 2334 percus~am,
2587 2273 2642 2318 ct
2689 2265 2809 2319 inde
2853 2277 3076 2334 potuere
3116 2265 3473 2322 incantatores
3502 2270 3583 2322 vel

2001 2368 2192 2423 aquam
2244 2355 2461 2408 haurire
2506 2369 2665 2423 quam
2709 2356 2760 2408 in
2801 2358 3114 2425 sanguinem
3158 2369 3449 2425 verterent,
3498 2363 3583 2415 vel

1998 2448 2206 2516 aliquas
2254 2461 2410 2500 ranas
2455 2448 2686 2501 educere
2735 2447 2800 2501 ad
2852 2450 3020 2502 solam
3068 2449 3579 2507 demonstrationem

2000 2541 2221 2610 magica:
2253 2543 2542 2609 potentiae;
2577 2555 2879 2610 quanquam
2929 2549 3216 2611 potuerunt
3245 2545 3405 2598 etiam
3439 2559 3582 2614 pOSl-

1998 2645 2222 2701 eaquam
2267 2631 2355 2684 illa
2403 2645 2709 2699 compressa
2756 2641 2881 2686 sunt
2923 2633 3118 2698 facere,
3172 2633 3263 2688 sed
3309 2637 3580 2703 Scriptura

1997 2723 2105 2775 cito
2134 2723 2400 2777 narrando
2429 2724 2706 2791 conjunxit
2741 2724 2881 2794 quod
2914 2726 3069 2778 etiam
3115 2736 3301 2794 postea
3337 2724 3448 2780 ﬁcti
3483 2742 3578 2795 po-

2001 2815 2117 2867 luit.

2591 2929 2813 2984 CAPUT
2841 2930 2974 2984 CIX.

2224 3019 2355 3075 Item
2385 3021 2448 3075 a'e
2476 3022 2800 3076 induratioue
2830 3025 2997 3077 cordia
3029 3023 3342 3081 Pharaonis.

1481 3172 1670 3222 orum;
1707 3172 1770 3211 ex
1807 3174 1892 3212 ω-
1916 3132 1965 3196 c
2070 3115 2134 3169 Et
2163 3115 2293 3169 vidit
2323 3114 2531 3170 Pharao
2558 3115 2812 3184 quoniam
2841 3116 2978 3172 facta
3010 3128 3094 3173 est
3130 3120 3489 3190 refrigeratio,
3519 3133 3573 3176 et

1995 3210 2326 3279 ingravatum
2355 3218 2440 3264 est
2467 3223 2561 3263 cor
2586 3209 2704 3278 ejus
2733 3217 2788 3265 et
2818 3226 2922 3264 non
2953 3211 3223 3267 exaudivit
3263 3228 3358 3268 eos
3383 3255 3398 3278 ,
3433 3215 3572 3269 sicut

1994 3304 2202 3357 dixerat
2231 3301 2508 3355 Dominus.
2540 3301 2634 3355 llic
2664 3311 2887 3370 apparet
2914 3317 3017 3355 non
3041 3303 3160 3357 illas
3184 3314 3386 3358 tantum
3411 3305 3581 3360 fuisse

1994 3407 2184 3448 causas
2225 3392 2596 3448 obduratinnis
2639 3393 2817 3448 cordis
2850 3393 3141 3449 Pharaonis
3167 3398 3306 3466 quod
3339 3401 3577 3454 incaut-

1999 3493 2140 3538 tnres
2169 3483 2287 3552 ejus
2331 3483 2522 3537 similia
2573 3483 2867 3549 faciebant,
2896 3501 3079 3540 verum
3123 3489 3282 3541 etiam
3324 3499 3379 3543 et
3409 3491 3578 3560 ipsam

2001 3575 2091 3629 Dei
2131 3576 2462 3643 patientiam,
2495 3590 2596 3643 qua
2639 3577 2914 3644 parcebat.
2948 3577 3204 3631 Patientia
3245 3579 3336 3633 Dei
3379 3595 3569 3635 secun-

1994 3666 2122 3721 dum
2150 3666 2309 3721 corda
2340 3667 2636 3733 hominum,
2681 3667 3000 3736 quibusdam
3032 3669 3176 3725 utilis
3217 3672 3280 3722 ad
3315 3672 3579 3739 pteniten-

1993 3759 2143 3820 dum,
2174 3758 2493 3825 quibusdam
2525 3757 2726 3811 inutilis
2769 3760 2834 3811 ad
2877 3760 3234 3815 resistendum
3279 3761 3389 3817 Deo
3428 3773 3482 3816 et
3523 3765 3575 3818 in

1993 3851 2138 3904 man
2169 3851 2642 3920 perseverandum.
2689 3850 2804 3904 Non
2840 3861 3013 3905 tamen
3057 3867 3153 3921 per
3182 3868 3240 3908 se
3269 3854 3382 3922 ipsa
3415 3855 3576 3909 inuti-

1993 3941 2061 3996 lis
2091 3951 2191 4006 est,
2237 3942 2331 3994 sed
2381 3941 2674 3995 secundum
2723 3957 2816 3996 cor
2845 3944 3067 4010 malum,
3116 3944 3251 3998 sicut
3283 3945 3394 4012 jam
3434 3945 3575 3999 dixi-

1992 4047 2144 4099 mus;
2195 4032 2298 4087 hoc
2326 4041 2381 4086 et
2406 4032 2693 4100 Apostolus
2723 4033 2851 4086 dicit
2879 4051 2889 4085 :
2927 4035 3142 4104 Ignoras
3172 4035 3292 4104 quia
3317 4035 3572 4104 patientia

1993 4123 2087 4177 Dei
2111 4121 2175 4176 ad
2206 4123 2578 4192 paenitentiam
2605 4132 2656 4178 te
2677 4122 2920 4188 adduxit,
2950 4125 3244 4180 secundum
3273 4135 3450 4180 autem
3473 4126 3572 4179 du-

1989 4214 2168 4268 ritiam
2200 4214 2379 4269 cordis
2411 4215 2486 4268 tui
2516 4223 2570 4268 et
2596 4229 2690 4268 cor
2719 4215 3084 4283 impaenitens,
3114 4216 3440 4270 thesaurizas
3476 4217 3573 4272 tibi

1988 4305 2121 4359 iram
2153 4306 2204 4357 in
2244 4303 2330 4358 die
2361 4307 2452 4358 ira:
2481 4314 2535 4359 et
2567 4305 2909 4360 revelationis
2943 4305 3071 4374 justi
3098 4306 3288 4376 judicii
3321 4307 3413 4362 Dei
3435 4347 3451 4372 ,
3479 4308 3570 4376 qui

1991 4396 2176 4449 reddet
2205 4396 2486 4466 unicuique
2515 4399 2804 4451 secundum
2835 4413 2992 4468 opera
3035 4400 3172 4469 ejus.
3203 4400 3332 4454 Nam
3365 4410 3419 4455 et
3446 4401 3572 4456 alibi

307 4513 506 4566 Amm.
547 4511 628 4564 An
674 4511 849 4579 potius
892 4511 1211 4564 videbam“,
1241 4525 1360 4565 esse
1404 4512 1544 4579 quod
1590 4527 1696 4566 non
1726 4521 1882 4567 eram
1915 4501 2108 4559 Deum
2154 4487 2392 4554 diceret,
2447 4486 2645 4541 Chrisu
2703 4489 2872 4543 bonus
2915 4488 3048 4543 odor
3097 4504 3279 4544 sumus
3328 4491 3378 4544 in
3419 4494 3566 4545 omni

309 4600 663 4655 ludiﬁcatione
692 4601 968 4655 veneﬁca?
1005 4598 1116 4655 Cur
1146 4615 1273 4671 ergo
1301 4618 1363 4656 et
1393 4611 1615 4670 utraque
1644 4611 1797 4671 parte
1827 4613 1882 4659 et

308 4693 466 4762 virga:
497 4691 748 4746 dicuntur
779 4702 831 4746 et
860 4692 1143 4757 dracones,
1176 4703 1232 4746 ut
1275 4692 1339 4748 de
1371 4695 1634 4763 ﬁgmentis
1665 4696 1768 4750 illis
1801 4695 1882 4748 ni-

307 4784 381 4837 hil
413 4783 624 4837 dilferat
653 4783 905 4854 loquendi
940 4784 1170 4839 modus?
1202 4785 1306 4841 Sed
1337 4785 1706 4841 demonSIrare
1735 4787 1879 4840 difﬁ-

305 4876 409 4929 cile
437 4884 521 4930 est
561 4876 851 4946 quomodo,
904 4877 1112 4930 etiamsi
1152 4877 1265 4930 veri
1309 4877 1570 4931 dracones
1602 4878 1722 4932 lacti
1755 4890 1879 4933 sunt

303 4982 364 5020 ex
415 4969 579 5036 virgis
630 4983 928 5038 magorum,
978 4983 1086 5023 non
1137 4970 1332 5023 fuerint
1382 4978 1558 5024 tamen
1609 4979 1881 5026 creatores

303 5059 620 5123 draconum,
656 5072 754 5111 nec
786 5058 946 5126 magi,
977 5073 1075 5112 nec
1104 5060 1279 5126 angeli
1314 5060 1459 5122 mali,
1503 5061 1696 5129 quibus
1727 5060 1882 5114 mini-

301 5149 426 5201 stris
460 5148 544 5202 illa
571 5149 954 5216 operabantur.
993 5148 1178 5202 Insunt
1213 5148 1358 5202 enim
1403 5150 1562 5203 rebus
1605 5151 1880 5219 corporeis

303 5252 396 5308 per
423 5240 602 5293 omnia
641 5242 904 5294 elementa
951 5240 1138 5294 mundi
1181 5239 1425 5308 quaadam
1466 5243 1687 5296 occultae
1718 5243 1881 5298 semi-

301 5331 464 5384 naria:
494 5332 753 5397 rationes,
785 5331 977 5400 quibus
1006 5346 1129 5386 cum
1159 5330 1281 5385 data
1313 5330 1470 5385 fuerit
1509 5333 1880 5399 opportunitas

302 5422 610 5490 temporalis
640 5432 805 5490 atque
853 5423 1118 5486 causalis,
1167 5435 1525 5490 prorumpunt
1571 5421 1624 5476 in
1669 5423 1878 5492 species

300 5513 505 5568 debitas
549 5513 662 5568 suis
707 5513 878 5568 modis
923 5526 976 5568 et
1008 5514 1221 5569 ﬁnibus.
1276 5517 1340 5567 δι
1381 5528 1458 5567 sic
1488 5530 1591 5567 non
1629 5515 1881 5569 dicuntur

301 5608 467 5674 angeli
509 5607 599 5675 qui
656 5607 755 5660 ista
799 5609 998 5661 faciunt
1030 5608 1338 5661 animalium
1391 5621 1690 5674 creatores,
1737 5610 1880 5662 sicut

301 5710 396 5750 nec
421 5697 676 5767 agricola:
707 5709 944 5768 segetum
973 5698 1054 5753 vel
1084 5699 1335 5754 arborum
1362 5698 1443 5756 vel
1466 5714 1799 5769 quorumque
1827 5702 1876 5754 in

1990 4579 2130 4648 loco,
2154 4580 2314 4633 etiam
2341 4579 2470 4632 illud
2501 4579 2765 4647 adjunxit,
2788 4592 2842 4634 et
2869 4581 2920 4635 in
2950 4581 3032 4634 bis
3060 4583 3146 4650 qui
3178 4583 3306 4636 salvi
3333 4581 3486 4648 ﬁunt,
3514 4592 3566 4636 et

1988 4671 2044 4726 iu
2079 4671 2161 4726 his
2192 4671 2280 4740 qui
2309 4681 2550 4740 pereunt.
2581 4673 2692 4728 Non
2719 4674 2854 4727 dixit
2882 4672 3078 4728 Christ.
3108 4675 3304 4728 bonum
3337 4675 3564 4730 odorem

1989 4780 2050 4820 se
2080 4780 2199 4818 esse
2230 4765 2313 4818 his
2339 4765 2429 4834 qui
2458 4765 2588 4818 salvi
2621 4767 2772 4831 ﬁunt,
2805 4766 3000 4820 malum
3027 4777 3204 4822 autem
3237 4769 3320 4823 his
3350 4770 3437 4838 qui
3475 4784 3569 4838 pe-

1989 4866 2164 4921 reunt,
2197 4860 2290 4911 sed
2323 4867 2525 4912 tantum
2567 4859 2763 4912 bonum
2795 4858 3012 4912 odorem
3043 4875 3101 4912 se
3133 4861 3290 4915 dixit.
3329 4861 3406 4915 Illi
3439 4875 3568 4916 vero

1985 4951 2118 5004 tales
2162 4961 2285 5003 sunt
2329 4959 2384 5003 ut
2424 4960 2477 5002 et
2514 4951 2654 5003 bono
2691 4953 2857 5005 odore
2891 4960 3112 5018 pereant
3149 4953 3440 5008 secundum
3481 4955 3566 5007 sui

1987 5042 2184 5107 θυι-ὼς,
2210 5050 2266 5094 ut
2287 5055 2427 5108 saape
2449 5041 2649 5094 dictum
2672 5051 2774 5106 est,
2799 5042 3133 5110 qualitatem,
3163 5059 3282 5114 qua:
3311 5045 3560 5098 mutanda

1986 5146 2088 5202 est,
2139 5135 2278 5189 bona
2318 5138 2593 5188 voluntate
2634 5135 2686 5188 in
2738 5135 2831 5188 Dei
2879 5137 3070 5206 gratia,
3120 5145 3177 5189 ut
3220 5136 3471 5202 incipiant
3514 5139 3564 5190 ei

1987 5227 2246 5296 prodesse
2279 5225 2478 5294 judicia
2523 5227 2638 5290 Dei,
2688 5242 2808 5295 qua:
2852 5227 3007 5281 malis
3049 5229 3300 5281 cordibus
3348 5235 3563 5280 nocent.

1990 5318 2142 5372 Unde
2172 5318 2280 5383 ille,
2313 5326 2517 5370 mutato
2549 5318 2600 5370 in
2633 5319 2828 5372 melius
2870 5319 3052 5384 corde,
3080 5318 3332 5372 cantabat
3365 5333 3378 5368 :
3409 5315 3565 5371 Vivet

1987 5412 2159 5462 anima
2193 5424 2309 5462 mea
2339 5420 2393 5462 et
2423 5409 2660 5464 laudabit
2691 5421 2742 5466 te
2767 5452 2779 5476 ,
2811 5420 2865 5466 et
2889 5410 3089 5479 judicia
3125 5420 3212 5462 tua
3239 5408 3575 5476 adjuvabunt

1983 5518 2089 5556 me.
2123 5501 2236 5556 Non
2278 5503 2415 5556 dixit
2444 5518 2667 5557 munera
2701 5513 2811 5570 tua,
2849 5505 2930 5556 vel
2966 5501 3182 5570 praemia
3216 5508 3328 5566 tua,
3358 5500 3454 5555 sed
3481 5501 3573 5571 ju-

1983 5595 2118 5647 dicia
2151 5602 2258 5646 tua.
2303 5593 2526 5648 Multum
2571 5605 2655 5648 est
2690 5603 2865 5646 autem
2898 5599 2954 5645 ut
2984 5591 3196 5646 sincera
3243 5591 3436 5646 ﬁducia
3467 5592 3570 5647 dici

1986 5687 2186 5756 possit:
2221 5684 2393 5740 Proba
2432 5698 2537 5751 me,
2582 5683 2826 5749 Domine,
2852 5691 2906 5738 ct
2949 5691 3090 5738 tenta
3128 5698 3244 5749 me;
3282 5699 3380 5740 ure
3411 5699 3572 5740 renes
