3990 6180
346 395 438 449 ’121

345 513 448 565 rint
497 511 550 564 in
598 509 908 565 servitutem
949 507 1280 582 [servitute],

343 603 723 671 quadringenti
753 602 875 656 anni
900 605 964 658 ad
1008 605 1059 657 id
1102 605 1245 674 quod
1291 603 1492 659 dictum
1525 615 1608 662 est
1644 625 1655 658 :
1691 607 1935 678 Peregri-

345 711 472 749 num
505 696 610 749 erit
639 711 823 751 semen
872 706 1018 750 tuum
1069 698 1121 750 in
1170 707 1312 752 terra
1360 713 1464 752 non
1513 699 1762 767 propria;
1808 701 1931 769 quia

345 790 456 842 sive
495 789 546 841 in
583 797 722 842 terra
761 788 1040 855 Chanaan,
1089 788 1203 844 sive
1235 791 1286 843 in
1329 789 1564 860 Egypto
1592 792 1930 860 peregrinum

342 890 456 934 crat
514 879 643 935 illud
676 895 864 935 semen
908 891 1194 949 antequam
1244 882 1612 936 haereditatem
1659 892 1934 936 sumerent

346 980 540 1024 terram
573 987 642 1026 ex
679 971 1037 1039 promissione
1069 972 1182 1038 Dei,
1214 972 1354 1040 quod
1383 972 1582 1026 factum
1607 983 1688 1028 est
1715 983 1931 1037 postea-

343 1076 502 1127 quam
532 1075 596 1114 ex
620 1059 858 1131 Egypto
893 1061 1098 1115 liberali
1141 1073 1286 1127 sunt,
1319 1071 1376 1116 ut
1404 1064 1691 1139 ὑπερϐατόν
1720 1064 1806 1118 hic
1853 1064 1935 1116 in-

346 1151 634 1218 telligatur,
678 1159 734 1206 ει
761 1151 897 1206 ordo
919 1153 1208 1208 verborum
1241 1155 1350 1209 sit:
1378 1154 1611 1210 Sciendo
1641 1154 1780 1209 scias
1807 1155 1931 1224 quia

347 1241 685 1310 peregrinum
725 1243 827 1296 erit
863 1257 1050 1297 semen
1095 1252 1242 1298 tuum
1277 1245 1328 1298 in
1377 1254 1519 1300 terra
1575 1260 1681 1299 non
1723 1246 1932 1314 propria

344 1332 754 1399 quadringentis
784 1333 976 1395 annis;
1016 1334 1142 1387 illud
1175 1344 1353 1390 aulem
1384 1337 1757 1408 interpositum
1781 1338 1932 1392 intel-

285 1451 288 1453 >
345 1423 561 1491 ligatur,
599 1424 662 1476 Et
695 1425 745 1477 in
777 1425 1101 1478 servitutem
1135 1427 1380 1496 redigent
1414 1443 1540 1493 eos,
1574 1437 1632 1483 ει
1669 1429 1934 1484 nocebunt

345 1513 474 1579 iliis,
500 1515 569 1568 ita
603 1523 660 1569 nt
697 1515 759 1568 ad
798 1517 1219 1586 quadringentos
1257 1533 1428 1574 annos
1458 1519 1556 1573 ista
1601 1520 1936 1590 interpositio

345 1621 449 1659 n.n
504 1607 792 1675 pertineat.
853 1608 907 1660 ln
978 1620 1218 1667 extrema
1274 1611 1419 1668 enim
1477 1621 1625 1678 parte
1669 1625 1932 1666 annorum

340 1711 565 1750 summa:
595 1697 772 1764 hujus,
809 1697 908 1752 hoc
938 1709 1023 1754 est
1055 1707 1178 1767 post
1217 1712 1442 1753 mortem
1481 1698 1702 1766 Joseph,
1732 1700 1932 1754 factum

341 1800 425 1843 est
448 1803 505 1843 ut
532 1791 582 1844 in
613 1791 845 1862 Egypto
895 1794 1120 1862 populus
1154 1795 1248 1848 Dei
1283 1794 1467 1849 duram
1500 1806 1782 1866 perageret
1818 1811 1933 1851 scr-

339 1892 592 1939 vrtutem.

912 1995 1140 2052 CAPUT
1179 1997 1364 2052 CXIV.

339 2083 458 2146 Qua
480 2085 727 2141 diviiimte
748 2091 1066 2162 numerando
1091 2099 1210 2162 sunt
1235 2091 1406 2143 decem
1419 2098 1672 2162 praecepta
1695 2092 1843 2162 legis;
1867 2107 1928 2144 ea:

661 2160 835 2212 eodem
866 2161 996 2212 libro
1021 2160 1372 2226 Quwstionum
1410 2159 1598 2215 Exodi.

409 2247 680 2314 Qumritnr
719 2251 903 2305 decem
969 2261 1234 2321 prterepta
1293 2252 1426 2322 legis
1473 2253 1925 2323 quemadmodum

332 2339 631 2395 dividenda
656 2344 783 2403 sint,
818 2354 994 2396 utrum
1018 2353 1249 2412 quatuor
1279 2345 1389 2399 sint
1419 2360 1588 2412 usque
1618 2345 1685 2398 ad
1724 2361 1926 2408 praece-

333 2441 487 2500 ptnm
517 2435 584 2488 de
610 2436 842 2490 Sabbato
877 2451 1000 2504 qua:
1041 2437 1106 2489 ad
1147 2438 1311 2492 Deum
1349 2435 1572 2510 [ipsum]
1616 2439 1881 2508 pertinent
1911 2456 1923 2501 ;

332 2540 432 2579 se:
463 2537 640 2579 autem
675 2527 876 2594 reliqua
908 2544 1134 2593 quorum
1166 2531 1396 2598 primum
1429 2540 1512 2583 est
1535 2572 1549 2594 ,
1585 2530 1799 2583 Honora
1836 2545 1927 2598 pa-

333 2626 472 2671 trem
504 2628 560 2671 et
590 2627 836 2682 matrem,
873 2634 988 2688 qua:
1009 2619 1076 2672 ad
1110 2619 1380 2673 hominem
1406 2623 1676 2687 pertinent
1701 2635 1716 2672 :
1737 2635 1803 2672 an
1830 2634 1927 2687 po-

333 2705 440 2760 tius
472 2707 561 2760 illa
592 2709 691 2760 tria
717 2708 825 2761 sint
849 2720 900 2762 et
929 2709 1026 2761 ista
1052 2709 1297 2776 septem?
1327 2710 1424 2776 Qui
1450 2709 1590 2764 enim
1621 2710 1807 2765 dicunt
1839 2710 1926 2764 illa

331 2805 570 2867 quatuor
601 2812 740 2862 esse,
775 2808 1027 2866 separant
1057 2801 1198 2869 quod
1229 2801 1431 2855 dictum
1464 2811 1586 2854 est:
1621 2801 1736 2855 Non
1769 2812 1928 2855 erunt

333 2889 431 2942 tibi
465 2888 536 2942 dii
570 2889 657 2941 alii
693 2899 886 2956 praeter
913 2905 1033 2953 me;
1070 2901 1126 2945 nt
1157 2891 1298 2944 aliud
1327 2901 1651 2960 przeceptum
1685 2893 1774 2953 sit,
1810 2892 1923 2946 Non

335 2981 503 3034 facies
549 2981 640 3035 tibi
671 2981 898 3047 idolum,
942 2992 997 3038 ει
1023 2995 1244 3049 caetera,
1275 2984 1364 3040 ubi
1418 2987 1666 3054 figmenta
1706 2986 1926 3041 colenda

335 3073 719 3143 prohibentur.
757 3075 928 3130 Unum
963 3087 1140 3130 autem
1167 3076 1351 3132 volunt
1379 3093 1498 3132 esse
1528 3096 1539 3131 :
1575 3077 1690 3132 Non
1730 3093 1927 3134 concu-

333 3167 512 3235 pisces
547 3185 764 3222 uxorem
799 3169 1026 3237 proximi
1054 3171 1128 3224 tui
1156 3186 1169 3224 :
1197 3169 1313 3224 Non
1338 3171 1684 3241 concupisces
1706 3173 1922 3226 domum

1533 392 1974 451 TllES.\URUS.
2016 391 2168 448 CAP.
2203 393 2386 447 CXIV.

1333 511 1427 565 sed
1484 512 1755 568 referendi
1798 523 1927 566 sunt
1959 511 2003 567 Α
2035 518 2087 561 ει
2120 521 2308 565 cmtcra
2339 530 2351 576 ;
2386 511 2479 565 sed
2513 511 2733 565 omn'no
2764 521 3023 580 apparent
3054 510 3165 565 inec
3191 525 3312 564 csse
3344 510 3623 579 conjuncta

3523 393 3627 445 7'3

2039 619 2154 668 qua:
2188 603 2380 675 unolin
2404 603 2813 675 unojprzecepto
2844 605 3090 658 videntur
3117 601 3402 665 contineri,
3433 612 3487 655 et
3509 603 3624 656 dis-

2037 704 2180 748 creta
2212 696 2278 749 ab
2308 697 2399 750 illo
2427 698 2519 750 ubi
2557 714 2690 752 uxor
2715 698 2984 750 nominata
3013 708 3114 751 est.
3151 696 3281 749 Illud
3311 704 3486 750 autem
3536 694 3624 747 ubi

2036 785 2232 839 dictum
2264 799 2342 842 est
2365 830 2379 851 ,
2409 788 2520 842 Non
2547 800 2704 843 erunt
2731 789 2823 843 tibi
2852 789 2921 842 dii
2949 789 3034 842 alii
3060 802 3253 858 praeter
3276 803 3379 854 me,
3406 797 3628 856 apparet

2040 876 2196 944 hujus
2225 878 2298 930 rei
2326 876 2712 946 diligentiorem
2737 880 3132 934 exsecutionem
3162 893 3283 933 esse
3314 878 3366 932 in
3399 879 3479 931 his
3505 893 3626 945 quas

2037 969 2316 1036 subjuncta
2347 969 2626 1042 [subjecta]
2657 981 2798 1026 sunt.
2834 972 3097 1039 Quoniam
3141 973 3267 1042 [quo
3297 969 3464 1041 enim]
3507 988 3623 1036 per-

2039 1059 2204 1122 tinet,
2238 1061 2352 1114 Non
2384 1062 2544 1116 facies
2572 1064 2664 1116 tibi
2699 1063 2928 1128 idolum,
2974 1080 3146 1135 neque
3196 1065 3358 1119 ullum
3405 1065 3624 1118 simula-

2039 1165 2186 1204 crum
2212 1161 2540 1221 qiimcunqne
2562 1153 2614 1207 in
2645 1155 2783 1208 cudo
2804 1163 2927 1207 sunt
2954 1171 3188 1222 sursum,
3219 1165 3269 1210 et
3291 1169 3624 1225 qumeunqno

2039 1243 2088 1293 in
2120 1252 2258 1297 terra
2291 1245 2564 1308 deorsum,
2595 1257 2648 1300 et
2696 1262 3027 1316 qna'cunque
3068 1248 3166 1303 sub
3195 1259 3333 1303 terra
3377 1251 3427 1303 in
3467 1264 3623 1318 aqua,

2041 1353 2144 1388 non
2176 1339 2424 1393 adorabis
2455 1341 2531 1394 eis
2561 1340 2659 1412 [ea
2687 1341 2726 1408 ‘l,
2761 1357 2930 1410 neque
2960 1345 3166 1396 servies
3193 1343 3315 1408 illis,
3349 1343 3447 1396 nisi
3480 1345 3543 1396 ad
3574 1343 3623 1395 id

2037 1428 2177 1496 quod
2207 1429 2408 1484 dictum
2438 1442 2518 1485 est
2555 1450 2564 1482 :
2600 1431 2710 1485 Non
2743 1443 2900 1486 erunt
2930 1433 3020 1487 tibi
3055 1433 3124 1487 dii
3157 1434 3244 1487 alii
3279 1443 3472 1502 prmter
3518 1449 3622 1488 me.

2040 1520 2142 1573 Sed
2173 1535 2355 1574 rursus
2386 1523 2640 1588 quzcritur
2669 1538 2775 1591 quo
2803 1523 3011 1577 differat
3045 1523 3156 1577 Νοιι
3193 1523 3387 1577 furtum
3421 1524 3583 1578 facies
3609 1566 3622 1584 .

2038 1612 2106 1664 ab
2125 1627 2190 1665 eo
2216 1613 2356 1680 quod
2389 1614 2544 1682 paulo
2571 1624 2692 1681 post
2721 1615 2785 1668 de
2814 1631 2918 1669 non
2941 1614 3377 1683 concupiscendis
3398 1616 3622 1683 proximi

2039 1706 2196 1755 rebus
2224 1705 2562 1772 pra'cipitur?
2584 1705 2695 1758 Non
2719 1705 2932 1775 quidem
2953 1708 3127 1761 omnis
3151 1709 3237 1776 qui
3263 1724 3370 1760 rem
3393 1708 3622 1776 proximi

2038 1795 2119 1848 sui
2145 1799 2472 1864 concupiscit
2501 1797 2735 1862 furatur;
2763 1799 2854 1853 sed
2886 1799 2928 1853 si
2958 1799 3130 1852 omnis
3161 1799 3248 1867 qui
3282 1801 3480 1853 furatur
3511 1813 3622 1854 rem

1967 1881 2011 1936 Β
2041 1888 2264 1953 proximi
2295 1892 2375 1942 sui
2407 1892 2732 1958 concupiscit
2761 1935 2773 1955 ,
2802 1902 3007 1959 poterat
3039 1894 3089 1948 in
3119 1893 3205 1946 illa
3237 1892 3581 1961 generalitate
3607 1937 3620 1958 ,

2034 1980 2122 2033 nfii
2168 1981 2235 2036 de
2289 1998 2391 2036 non
2441 1985 2866 2052 concupiscenda
2913 2002 2972 2040 re
3015 1987 3244 2054 proximi
3292 1975 3619 2054 praccipitur,

2031 2073 2191 2124 etiam
2222 2072 2348 2125 illud
2383 2075 2522 2142 quod
2560 2077 2624 2129 ad
2657 2074 2853 2129 furtum
2888 2079 3114 2142 pertinet
3146 2075 3426 2129 contineri.
3457 2074 3622 2130 Sinti-

2033 2162 2152 2216 liter
2181 2165 2338 2218 etiam
2372 2168 2629 2234 quaeritur
2671 2184 2776 2237 quo
2817 2168 3028 2223 differat
3073 2168 3211 2236 quod
3257 2169 3458 2223 dictum
3496 2178 3573 2221 est
3605 2209 3619 2228 ,

2032 2254 2144 2307 Non
2171 2255 2547 2324 mmchaberis,
2573 2259 2641 2312 ab
2666 2274 2730 2312 eo
2757 2261 2898 2329 quod
2934 2260 3090 2327 paulo
3125 2275 3234 2328 ι-οε*
3267 2261 3478 2325 dicitur,
3507 2259 3619 2312 Non

2030 2351 2376 2417 concupisces
2407 2365 2626 2404 uxorem
2676 2351 2903 2418 proximi
2940 2355 3045 2405 tui?
3080 2354 3131 2406 In
3160 2369 3224 2406 eo
3255 2355 3449 2422 quippe
3481 2353 3618 2420 quod

2030 2439 2228 2493 dictum
2255 2449 2366 2503 est,
2399 2441 2512 2494 Non
2546 2441 2921 2508 mmehaberis,
2955 2451 3161 2511 poterat
3207 2443 3336 2496 illud
3366 2443 3616 2508 intelligi,

2032 2531 2130 2583 nisi
2163 2531 2297 2585 forte
2341 2531 2391 2584 in
2425 2532 2527 2585 illis
2558 2531 2766 2586 duobus
2815 2536 3046 2600 peccatis
3087 2535 3388 2588 mmehandi
3438 2545 3490 2587 et
3537 2534 3618 2586 fu-

2031 2623 2178 2676 randi
2209 2623 2506 2693 [prmceptis
2536 2639 2640 2678 non
2673 2626 2973 2680 mmehandi
3013 2635 3066 2680 et
3096 2641 3195 2678 non
3234 2621 3464 2696 furandi]
3509 2628 3619 2695 ipsa

2029 2729 2189 2779 opera
2224 2725 2398 2768 notata
2431 2725 2583 2777 sunt;
2616 2717 2666 2768 in
2700 2717 2778 2769 his
2810 2733 2937 2771 vero
2967 2719 3243 2782 extremis,
3281 2718 3392 2785 ipsa
3421 2732 3618 2770 coni-n-

2031 2805 2310 2873 piscentia,
2337 2822 2452 2873 quae
2483 2815 2683 2860 tantum
2711 2807 2962 2861 differunt
2992 2819 3043 2861 ut
3067 2808 3352 2877 aliquando
3381 2807 3616 2862 mtecltc-

2031 2905 2116 2948 tttr
2143 2896 2231 2964 qui
2258 2911 2359 2948 non
2387 2897 2712 2964 concupiscit
2750 2913 2970 2953 uxorem
3003 2899 3256 2968 proximi,
3285 2913 3404 2953 cum
3431 2898 3503 2952 illi
3527 2901 3618 2952 ali-

2029 3003 2132 3056 qua
2164 2988 2264 3042 alia
2314 3004 2474 3044 causa
2513 2990 2794 3055 mi‘cetur,
2833 2993 3118 3059 aliquando
3147 3001 3324 3046 autem
3363 2993 3616 3062 concnpio

2028 3090 2140 3134 scat
2173 3096 2268 3134 nec
2291 3082 2339 3135 ei
2374 3082 2661 3136 misceatur
2691 3096 2899 3150 poenam
2937 3085 3162 3145 timens,
3192 3091 3244 3137 ει
3272 3085 3371 3138 1ιοε
3395 3084 3620 3140 fortasse

2031 3173 2111 3225 lex
2147 3171 2430 3227 ostendere
2455 3171 2619 3226 voluit
2649 3175 2786 3240 quod
2821 3183 3041 3244 utraque
3083 3185 3293 3245 peccati
3325 3176 3449 3231 sint.
3490 3176 3617 3230 Item

333 3260 571 3326 proximi
601 3261 698 3322 tui,
730 3271 781 3313 ct
808 3261 985 3314 omnia
1019 3277 1188 3330 usque
1216 3263 1268 3315 in
1315 3262 1497 3316 finem.
1525 3263 1623 3330 Qui
1673 3277 1802 3318 vero
1840 3264 1923 3318 illa
1953 3243 1999 3304 (ἶ
2031 3264 2194 3332 qua-ri
2227 3265 2382 3328 solet,
2409 3274 2584 3317 utrum
2617 3265 2862 3319 moechis)
2904 3267 3116 3320 nomine
3146 3269 3306 3320 etiam
3343 3267 3620 3321 fot‘niratio

334 3355 437 3406 tria
470 3353 661 3407 dicunt
705 3367 846 3417 esse,
881 3363 935 3408 ct
974 3355 1072 3408 ista
1121 3367 1351 3424 septem,
1387 3372 1547 3410 unum
1595 3358 1779 3411 volunt
1806 3372 1926 3414 esse

333 3444 596 3514 quidquid
625 3445 694 3500 de
727 3461 833 3500 uno
853 3446 1079 3502 coletdo
1113 3449 1220 3502 Deo
1255 3452 1583 3518 prmcipitnr,
1624 3467 1689 3506 nc
1730 3454 1926 3521 a'iquid

333 3537 479 3591 aliud
514 3547 713 3606 pra-ter
746 3538 893 3592 illum
930 3555 1026 3608 pro
1060 3540 1168 3595 Deo
1209 3543 1436 3596 colatur.
1476 3543 1599 3597 llzrc
1635 3556 1808 3598 autem
1839 3561 1927 3598 ex-

333 3640 503 3685 trema
533 3630 585 3683 in
614 3631 720 3684 duo
748 3632 1010 3692 dividunt,
1037 3644 1092 3686 ut
1121 3634 1266 3687 aliud
1299 3636 1362 3687 sit
1393 3653 1404 3687 ε
1437 3636 1551 3688 Non
1575 3639 1927 3705 εοιιριιιιιεειεε

333 3739 562 3779 uxorem
594 3725 820 3790 proximi
855 3727 960 3789 tui;
993 3727 1163 3779 aliud:
1197 3725 1311 3780 Non
1336 3729 1684 3795 concupisces
1714 3730 1928 3783 domum
1965 3725 1968 3728 ’

334 3815 571 3883 proximi
603 3817 696 3868 tui.
720 3815 911 3869 Decem
941 3827 1117 3872 tamen
1161 3831 1282 3871 esse
1317 3830 1584 3888 praecepta
1611 3820 1785 3873 neutri
1811 3836 1928 3872 am-

334 3907 546 3976 bignnt,
579 3907 837 3976 quoniam
873 3907 973 3962 hoc
994 3907 1271 3977 Scriptura
1297 3917 1317 3963 t
1339 3919 1546 3977 statur,
1595 3913 1722 3965 mihi
1749 3921 1928 3967 tamen

335 3999 554 4053 videtur
584 4001 972 4068 congruentius
999 4002 1166 4070 accipi
1201 4002 1300 4055 tria
1331 4002 1442 4066 illa,
1478 4015 1531 4056 et
1563 4003 1659 4056 ista
1691 4013 1927 4072 septem:

334 4091 459 4160 quia
490 4099 546 4145 et
566 4089 884 4145 Trinitatem
915 4091 1162 4144 videntur
1189 4092 1278 4146 illa
1313 4108 1432 4162 qua:
1458 4093 1522 4147 ad
1561 4094 1726 4148 Deum
1768 4095 1932 4164 perti-

335 4193 469 4238 nent
535 4183 808 4238 insinuare
850 4183 1156 4252 diligentius
1207 4185 1560 4240 intuentibus.
1620 4186 1687 4240 Et
1744 4201 1930 4242 revera

335 4275 480 4346 quod
513 4276 712 4330 dictum
745 4284 856 4343 est,
889 4274 1003 4330 Non
1037 4285 1195 4330 erunt
1226 4275 1320 4332 tibi
1353 4276 1423 4331 dii
1456 4276 1544 4331 alii
1579 4288 1772 4347 prteter
1801 4294 1888 4334 me
1909 4319 1926 4343 ,

336 4370 442 4423 hoc
465 4369 639 4438 ipsum
674 4367 966 4438 perfectum
989 4367 1290 4431 explicatur
1318 4382 1439 4422 cum
1469 4369 1820 4436 prohibentur
1840 4385 1930 4425 co-

340 4459 498 4513 lenda
528 4459 802 4528 figmenta.
828 4459 1270 4525 Concupiscentia
1303 4473 1465 4527 porro
1495 4459 1680 4515 uxoris
1707 4460 1925 4528 alienm,

338 4559 392 4605 et
460 4550 894 4620 concupiscentia
949 4549 1138 4604 domus
1185 4549 1393 4616 alienae,
1451 4559 1654 4605 tantum
1697 4551 1750 4606 in
1799 4566 1926 4621 pec-

340 4643 515 4700 cando
555 4644 831 4710 differunt,
862 4655 917 4699 ut
950 4646 1024 4699 illi
1056 4647 1196 4715 quod
1226 4646 1428 4701 dictum
1474 4655 1595 4702 est:
1627 4645 1743 4700 Non
1792 4660 1921 4702 con-

338 4741 584 4810 cupisces
635 4741 849 4796 domum
912 4743 1140 4812 proximi
1184 4743 1282 4811 tui,
1345 4743 1593 4813 adjuncta
1652 4743 1802 4807 sint,
1871 4752 1926 4798 et

341 4833 479 4896 alia,
519 4832 732 4887 dicente
773 4833 1078 4902 Seiiptura,
1125 4848 1297 4899 neque
1335 4849 1518 4903 agrum
1559 4834 1707 4899 eius,
1751 4849 1925 4902 neque

336 4925 449 4993 68
477 4939 690 4978 servum
722 4923 857 4992 ejus,
893 4939 1062 4992 neque
1090 4925 1335 4977 ancillam
1365 4923 1499 4993 ojus,
1533 4939 1598 4979 ne
1620 4939 1705 4992 ,ue
1735 4924 1924 4978 bovem

339 5019 458 5085 ejus
507 5015 739 5087 [boves],
799 5029 970 5085 neque
1026 5016 1307 5085 subjugale
1355 5014 1920 5088 [subjugalcm]cjus,

341 5123 439 5160 nec
478 5122 636 5161 tiniae
687 5122 846 5175 pecus
890 5107 1036 5173 ejus,
1089 5122 1186 5161 nec
1220 5123 1543 5176 qumcnnque
1572 5107 1794 5176 proximi
1847 5109 1928 5160 sui

341 5198 352 5268 ί
385 5201 456 5252 ιιιί
489 5197 498 5268 1
544 5207 688 5250 sunt.
731 5197 1058 5253 Discrevisse
1097 5210 1271 5253 autem
1303 5201 1351 5252 vi
1378 5203 1509 5253 ἲειιιι·
1549 5199 1932 5268 conetipiscen-

342 5294 466 5342 tiam
510 5292 692 5344 usuris
742 5291 929 5345 aliena:
977 5306 1005 5343 a
1055 5289 1483 5358 coocnpiscentia
1531 5289 1811 5360 cujuslibet
1851 5292 1927 5344 rei

339 5383 550 5444 alienae,
574 5382 786 5452 quando
809 5393 1090 5452 utrumque
1117 5383 1194 5436 sic
1216 5383 1378 5450 erepit
1406 5399 1420 5436 :
1449 5382 1557 5435 Noa
1582 5383 1928 5452 concupisces

339 5492 561 5528 ιιιιιιη-ιη
622 5475 847 5545 proximi
911 5476 983 5529 tui
1041 5493 1053 5528 :
1125 5477 1238 5530 Non
1303 5478 1645 5544 concupisces
1705 5476 1920 5530 domum

342 5568 570 5635 proximi
618 5569 713 5632 tui,
758 5581 810 5622 et
846 5569 966 5622 huic
1015 5569 1179 5635 carpit
1223 5578 1415 5622 ca‘tera
1460 5568 1542 5637 adj
1570 5584 1765 5636 :ngere.
1810 5567 1922 5620 Non

341 5669 519 5710 autem
544 5674 659 5710 cum
683 5659 925 5710 dixisset:
949 5658 1060 5710 Non
1085 5659 1431 5727 concupisces
1455 5673 1670 5713 uxorem
1697 5658 1922 5726 proximi

343 5748 417 5798 tui
441 5787 452 5808 ,
501 5749 622 5801 huic
668 5747 940 5802 contexuit
988 5748 1322 5819 [connexnit
1355 5748 1486 5817 Iulia
1517 5750 1721 5812 dicens,
1755 5764 1926 5818 neque

344 5836 552 5890 domum
578 5837 718 5904 ejus,
756 5855 927 5906 neque
959 5855 1138 5907 agrum
1171 5839 1305 5907 ejus,
1337 5857 1506 5908 neque
1535 5857 1583 5894 ει
1598 5856 1746 5894 rvunt
1783 5841 1923 5908 ejus,

1957 4613 2007 4673 D

2034 3357 2316 3408 teneatur?
2367 3356 2466 3409 hoc
2511 3354 2652 3409 enim
2687 3355 2932 3410 Grmcnm
2982 3359 3200 3410 verbum
3240 3368 3322 3412 est
3362 3374 3467 3425 qtto
3511 3359 3619 3426 jam

2034 3446 2310 3514 Scriptura
2364 3447 2526 3502 utitur
2555 3463 2650 3518 pro
2696 3449 2919 3510 Latino,
2955 3451 3194 3505 tumultos
3227 3459 3404 3504 tamen
3437 3449 3622 3505 Οτίερε

2033 3556 2136 3591 non
2170 3540 2265 3592 nisi
2291 3539 2564 3594 adulteros
2593 3540 2739 3595 dicit.
2772 3541 2876 3597 Sed
2911 3543 3094 3612 utique
3119 3543 3214 3596 ista
3247 3542 3329 3596 lex
3359 3557 3460 3596 non
3492 3544 3622 3597 solis

2035 3628 2161 3683 viris
2185 3632 2234 3682 in
2269 3647 2386 3699 ρον·
2415 3633 2486 3695 lo,
2516 3648 2700 3686 verum
2733 3634 2890 3687 etiam
2926 3634 3138 3688 feminis
3165 3635 3283 3688 data
3313 3645 3411 3690 Erl.
3442 3635 3623 3704 Neque

2032 3726 2173 3776 enim
2229 3726 2350 3792 quia
2406 3725 2604 3778 dictum
2658 3735 2780 3790 est,
2838 3727 2951 3779 Non
2999 3728 3344 3795 concupi~ces
3400 3743 3622 3782 uxorem

2037 3815 2262 3878 proximi
2311 3815 2407 3878 tui,
2442 3815 2570 3867 nihil
2615 3815 2699 3868 hic
2746 3817 2843 3870 sibi
2878 3829 3200 3885 prmceptutn
3232 3817 3387 3871 debet
3437 3829 3624 3886 putare

2036 3905 2228 3960 femina
2262 3919 2312 3961 et
2350 3917 2598 3976 tanquam
2636 3907 2778 3962 licite
2809 3909 3188 3977 concupiscere
3219 3909 3388 3962 virum
3436 3912 3622 3977 proxi-

2035 4013 2134 4051 mrr.
2161 4013 2294 4052 sine.
2324 3999 2377 4055 Si
2409 4015 2538 4069 ergo
2570 3999 2656 4054 hic
2676 4015 2740 4054 ex
2764 4000 2855 4055 illo
2885 4002 3025 4070 quod
3055 4001 3170 4055 viro
3193 4000 3390 4055 dictum
3420 4011 3503 4056 est
3542 4001 3624 4056 in-
3676 4062 3682 4068 _

2034 4087 2306 4158 telligitur,
2350 4092 2593 4158 quamvis
2636 4106 2739 4144 non
2787 4090 2987 4144 dictum
3028 4091 3129 4153 sit,
3176 4091 3316 4160 quod
3356 4088 3517 4145 etiam
3555 4090 3622 4145 ad

2033 4178 2284 4233 feminam
2317 4181 2597 4249 pertineat,
2621 4189 2820 4250 quanto
2863 4181 3031 4250 magis
3061 4197 3126 4235 ex
3155 4195 3222 4235 eo
3247 4181 3388 4248 quod
3419 4181 3619 4235 dictum

2032 4281 2135 4337 εει,
2160 4273 2275 4329 Non
2303 4275 2682 4338 mtechaberis,
2714 4285 2937 4346 uterque
2965 4293 3122 4331 sexus
3145 4276 3470 4345 astringitur,
3497 4293 3618 4332 cum

2033 4375 2088 4420 et
2117 4366 2288 4434 ipsum
2319 4377 2643 4436 prmeeptum
2674 4377 2846 4437 potest
2877 4369 3064 4424 referri
3108 4371 3172 4422 ad
3205 4377 3510 4438 utrumque,
3543 4372 3620 4422 si-

2033 4469 2120 4511 cut
2147 4456 2258 4510 Non
2287 4457 2521 4521 occides,
2552 4457 2669 4512 Non
2698 4459 2981 4526 furaberis,
3010 4470 3063 4513 et
3089 4459 3188 4513 alia
3221 4474 3340 4528 qua:
3367 4461 3620 4513 similiter

2035 4565 2138 4604 non
2169 4565 2424 4619 expressi
2451 4566 2554 4604 uno
2579 4566 2710 4607 sexu
2741 4552 2950 4622 utrique
2979 4553 3222 4607 videntur
3251 4565 3447 4606 sonare
3474 4566 3622 4605 corn-

2035 4642 2284 4695 muniter.
2315 4641 2518 4696 Tamen
2545 4642 2632 4696 ubi
2658 4659 2793 4698 unus
2815 4644 3147 4712 exprimitur,
3178 4642 3490 4698 honoratior
3515 4644 3621 4696 uti-

2033 4751 2135 4802 que
2165 4737 2502 4803 exprimitur,
2536 4737 2586 4791 id
2609 4746 2690 4792 est
2730 4739 3075 4803 masculinus,
3111 4748 3165 4791 ut
3192 4753 3256 4792 ex
3291 4739 3393 4793 hoc
3424 4737 3620 4792 intelli-

2033 4839 2122 4896 gat
2150 4829 2310 4883 etiam
2337 4828 2527 4884 femina
2557 4830 2682 4898 quid
2708 4831 2807 4884 sibi
2835 4841 3156 4898 praeceptum
3186 4831 3274 4884 sit.
3306 4829 3382 4884 Ac
3405 4845 3498 4899 per
3518 4829 3624 4884 hoc

2033 4922 2077 4976 si
2108 4922 2299 4976 femina
2330 4922 2590 4977 moecham
2636 4932 2719 4976 est
2750 4922 2951 4975 habens
2983 4923 3178 4988 virum,
3213 4919 3620 4975 concumbendo

2035 5027 2154 5066 cum
2180 5027 2244 5067 eo
2271 5013 2357 5080 qui
2391 5014 2472 5066 vir
2499 5012 2614 5081 ejus
2645 5027 2747 5067 non
2777 5022 2880 5077 est,
2923 5014 3130 5067 etiamsi
3162 5013 3251 5067 ille
3293 5027 3395 5065 non
3430 5012 3622 5063 habeat

2038 5121 2282 5170 uxorem,
2312 5105 2550 5172 profecto
2576 5107 2817 5161 mrechns
2844 5116 2927 5161 est
2959 5124 2970 5158 :
2995 5116 3050 5160 et
3072 5106 3150 5160 vir
3175 5105 3372 5159 habens
3399 5117 3619 5157 uxorem

2033 5198 2438 5253 concumbendo
2461 5214 2582 5252 cum
2614 5215 2674 5251 ea
2702 5214 2822 5269 qua:
2850 5213 2983 5252 uxor
3005 5198 3120 5266 ejus
3151 5212 3255 5249 non
3282 5204 3386 5257 εει,
3407 5193 3618 5247 etiamsi

2034 5291 2118 5344 illa
2149 5306 2252 5344 non
2279 5292 2468 5344 habeat
2493 5292 2684 5346 virum.
2716 5291 2821 5346 Sed
2842 5301 3016 5344 utrum
3037 5289 3078 5341 si
3105 5289 3260 5341 faciat
3284 5284 3371 5355 qui
3396 5299 3615 5338 uxorein

2034 5399 2138 5436 non
2165 5383 2344 5445 habet,
2375 5399 2493 5436 cum
2527 5383 2722 5437 femina
2748 5399 2866 5453 qua:
2893 5383 3068 5436 virum
3102 5395 3206 5433 non
3239 5377 3426 5442 habet,
3461 5377 3621 5428 ambo

2035 5475 2282 5543 przecepti
2316 5477 2457 5528 illius
2487 5475 2907 5545 transgressione
2935 5480 3234 5534 teneantur,
3270 5467 3464 5521 merito
3484 5479 3619 5532 qure-

2036 5567 2200 5619 ritur:
2233 5567 2277 5619 si
2301 5568 2442 5619 enim
2467 5583 2570 5620 non
2598 5575 2869 5631 tenentur,
2897 5579 3001 5615 non
3026 5570 3110 5617 est
3141 5558 3409 5630 prohibita
3441 5558 3493 5610 in
3520 5557 3620 5610 De-

2034 5658 2218 5726 calogo
2246 5656 2542 5717 foi-nieatio,
2573 5657 2664 5711 sed
2689 5655 2798 5708 sola
2821 5655 3052 5726 μοιχεία,
3083 5652 3134 5706 id
3158 5659 3241 5706 est
3273 5648 3469 5705 adultci
3488 5648 3621 5713 ium,

2032 5749 2268 5815 quamvis
2307 5751 2479 5804 omnis
2521 5750 2736 5820 μοιχεία
2767 5745 3058 5800 fornicatio
3098 5758 3219 5800 esse
3266 5741 3620 5811 intelligatur,

2033 5841 2168 5896 sicut
2213 5821 2498 5911 loquuntur
2547 5841 2854 5909 Scriptum.
2910 5837 3173 5896 Dominus
3221 5836 3362 5894 enim
3400 5834 3533 5889 dicit
3570 5832 3622 5888 in
