3990 6180
385 379 488 434 7‘23

1450 382 1514 438 ἰ).
1557 377 1877 436 EL'GYPPII
1919 377 2206 435 ABBATIS
2245 379 2568 437 AFlilCANl

3555 382 3655 435 79.!

385 498 673 570 Evangelio
700 517 713 553 :
745 499 1057 571 Quicunque
1088 500 1354 555 dimiserit
1393 517 1612 554 uxorem
1657 515 1830 558 suam.
1877 514 1967 552 ex-
2001 500 2048 558 Α
2079 499 2236 569 virga:
2260 515 2532 568 magorum
2561 500 2738 569 populi
2763 499 3047 569 impiorum
3079 500 3202 556 victi
3225 499 3420 557 Christi
3446 503 3657 556 nomine

384 601 534 660 cepta
566 607 722 647 cau-a
769 594 1162 656 fornicationis,
1206 593 1327 648 facit
1375 610 1492 649 eam
1547 595 1819 648 mmchari.
1871 595 1966 649 llic

389 686 570 753 utique
606 685 1010 740 fornicationem
1042 686 1363 755 appellavit,
1397 690 1440 740 si
1473 702 1591 740 cum
1640 687 1746 740 alio
1787 695 1967 755 pi-ccet

387 792 506 840 quae
534 777 702 830 virum
736 765 912 840 habet,
940 779 1076 846 quod
1105 786 1187 832 est
1217 778 1473 832 moechari
1508 777 1782 850 [μοιχεία],
1809 779 1858 830 id
1886 786 1969 832 est

387 863 724 918 adulterium.
776 867 958 920 Omnis
1004 882 1131 935 ergo
1157 873 1367 937 μοιχιία
1399 869 1556 922 etiam
1602 867 1877 922 l'ornicatio
1914 869 1964 920 in

388 954 678 1020 Scripturis
696 955 910 1018 dicitur,
946 955 1037 1008 sed
1070 967 1354 1024 utrumque
1373 957 1530 1009 etiam
1557 957 1754 1027 [utrum
1781 954 1967 1024 etiam]

390 1045 564 1101 omnis
595 1046 870 1101 fornicatio
895 1051 1108 1118 μοιχεία
1149 1048 1252 1101 diei
1285 1049 1451 1117 possit
1494 1048 1547 1102 in
1577 1048 1776 1103 eisdem
1825 1047 1972 1102 Scri-

391 1135 560 1202 pturis
591 1153 692 1190 non
735 1137 862 1190 mihi
916 1137 1125 1190 inti-rim
1168 1138 1404 1192 occurrit
1455 1138 1738 1193 locutionis
1781 1153 1968 1193 exem-

394 1225 556 1292 plum.
591 1225 694 1280 Sed
729 1227 766 1278 si
800 1242 903 1278 non
938 1227 1110 1279 t'lllltlS
1140 1227 1415 1281 fornicatio
1437 1228 1595 1282 etiam
1627 1231 1840 1300 μοιχεία
1864 1227 1967 1280 dici

396 1326 588 1384 p0test,
617 1317 704 1370 tibi
735 1316 870 1389 [ubi]
903 1317 968 1372 sit
1000 1319 1050 1371 in
1085 1318 1348 1388 Decalogo
1379 1320 1643 1388 prohibita
1677 1319 1762 1371 illa
1803 1318 1972 1372 forni-

394 1404 556 1468 catio,
584 1419 741 1472 quam
773 1405 969 1460 faciunt
1003 1407 1104 1459 viri
1137 1408 1224 1475 qui
1255 1423 1449 1463 uxores
1477 1423 1580 1462 non
1613 1408 1812 1461 habent
1850 1423 1968 1461 cum

397 1495 610 1551 feminis
640 1513 756 1564 (piae
793 1497 1010 1552 maritos
1032 1513 1133 1552 non
1155 1497 1372 1565 habent,
1397 1509 1572 1554 utrum
1599 1499 1829 1554 inveniri
1854 1514 1974 1567 pos-

396 1588 466 1641 sit
499 1587 704 1656 ignoro,
727 1588 817 1643 sed
849 1589 892 1642 si
922 1588 1045 1644 furti
1075 1590 1289 1646 nomine
1311 1592 1442 1646 bene
1467 1591 1776 1660 intelligitur
1802 1591 1975 1644 omnis

396 1680 575 1736 illicita
609 1683 878 1749 usurpatio
910 1685 984 1740 rei
1015 1685 1231 1748 aliena).
1260 1699 1364 1739 non
1405 1685 1546 1739 enim
1575 1686 1812 1754 rapinam
1852 1700 1971 1753 per-

398 1773 541 1826 misit
563 1774 650 1841 qui
687 1773 882 1828 furtum
919 1775 1211 1842 prohibuit,
1243 1775 1336 1832 sed
1365 1775 1545 1844 utique
1573 1791 1602 1830 a
1627 1785 1776 1844 parte
1804 1785 1972 1830 totum

2067 605 2188 645 cum
2239 595 2290 643 lu
2341 596 2457 659 ejus
2503 605 2696 659 corpus
2727 595 3144 656 transferuntur,
3193 602 3445 661 tanquam
3474 608 3502 644 a
3546 608 3658 646 ser-

2071 692 2229 749 pente
2261 683 2426 753 Moysi
2474 683 2830 748 devorantur,
2861 683 3032 737 donec
3063 684 3250 737 redeat
3297 699 3520 751 ri-gnum
3567 684 3658 738 Dei

2069 774 2134 826 ad
2181 789 2393 826 manum
2431 774 2560 838 Dei,
2593 775 2684 828 sed
2718 774 2768 826 in
2805 775 2907 827 ﬁne
2954 775 3198 827 mortalis
3247 775 3460 835 saeculi,
3515 773 3658 842 quod

2073 863 2347 932 significat
2395 864 2563 917 cauda
2619 865 2919 933 serpentis,
2977 880 3227 934 magnum
3278 866 3487 935 signum
3546 867 3658 916 fiat.

2072 955 2315 1009 Audistis
2343 969 2461 1023 qua:
2499 955 2741 1010 debeatis
2783 955 3108 1008 desiderare.
3158 956 3353 1011 Audite
3394 956 3534 1025 quod
3579 957 3664 1010 de-

2073 1046 2241 1098 beatis
2275 1047 2466 1099 vitare.
2502 1046 2735 1100 Primum
2765 1060 3087 1116 pracceptum
3118 1047 3168 1100 in
3199 1049 3316 1119 lcge
3346 1049 3413 1103 de
3429 1049 3662 1104 colendo

2074 1152 2179 1190 uno
2213 1137 2340 1202 Deo,
2373 1137 2483 1188 Non
2510 1147 2688 1201 erunt,
2725 1138 2914 1205 inquit,
2963 1137 3051 1189 tibi
3081 1138 3150 1189 dii
3195 1139 3281 1191 alii
3316 1147 3511 1206 praeter
3544 1156 3656 1194 me.

2077 1225 2246 1280 Prima
2300 1227 2451 1294 plaga
2501 1227 2912 1297 ngyptiorum,
2946 1243 3078 1296 aqua
3126 1244 3386 1282 conv.rsa
3434 1229 3486 1282 in
3535 1244 3662 1282 san-

2073 1317 2310 1384 guinem.
2343 1315 2606 1386 Compara
2663 1319 2773 1388 69
2821 1319 3046 1386 primum
3103 1327 3422 1387 praeceptum
3473 1322 3663 1388 prima:

2077 1409 2266 1475 plagas,
2295 1407 2460 1460 Deum
2485 1423 2645 1461 unum
2671 1423 2734 1462 ex
2761 1424 2865 1476 quo
2885 1419 3009 1462 sunt
3036 1410 3213 1463 omnia
3235 1411 3286 1463 in
3313 1410 3666 1464 similitudine

2077 1498 2317 1566 intellige
2347 1515 2516 1569 aquai,
2536 1517 2601 1555 ex
2623 1515 2726 1569 qua
2752 1501 2830 1572 [iu
2859 1501 3263 1555 s'militudiuem
3287 1517 3436 1570 aqua:
3454 1517 3517 1556 ex
3535 1500 3664 1571 qui]

2077 1600 2407 1659 generantur
2431 1593 2630 1645 omnia.
2666 1592 2780 1658 Quo
2811 1602 2984 1644 autem
3014 1591 3099 1664 [ad
3126 1608 3282 1660 quam
3315 1603 3492 1646 autem
3527 1591 3664 1662 rem]

2082 1686 2312 1753 pertinet
2344 1684 2580 1752 Sanguis,
2615 1684 2714 1737 nisi
2740 1683 2805 1736 ad
2833 1699 3048 1738 carnem
3081 1685 3396 1739 mortalem?
3422 1684 3554 1750 Quid
3581 1695 3668 1738 est

2079 1793 2208 1845 ergo
2228 1781 2508 1830 conversio
2531 1791 2680 1844 aquai
2700 1775 2750 1828 in
2769 1777 3076 1846 sanguineo
3095 1816 3109 1839 ,
3141 1777 3238 1831 nisi
3264 1777 3385 1844 quia
3410 1777 3667 1829 obscura-

399 1863 526 1917 intel
554 1864 619 1932 igi
654 1863 821 1918 voluit
867 1865 1120 1934 quidquid
1170 1866 1352 1921 illicite
1399 1883 1576 1922 rerum
1611 1868 1840 1936 proximi
1872 1882 1969 1921 au-
2007 1862 2051 1920 B
2083 1883 2192 1922 tum
2211 1878 2294 1922 est
2315 1869 2571 1936 insipiens
2598 1883 2689 1920 cor
2705 1883 2886 1922 eorum
2908 1887 2921 1922 :
2945 1869 3183 1922 dicentes
3204 1870 3344 1922 enim
3368 1881 3427 1922 se
3450 1883 3570 1922 esse
3594 1882 3669 1920 sa-

406 1955 611 2020 fi-rtur;
647 1958 890 2023 profecto
931 1965 984 2012 et
1026 1957 1242 2012 nomine
1282 1958 1527 2013 mmchia:
1559 1958 1734 2012 omnis
1764 1957 1978 2011 illicitos

401 2045 716 2098 concubitus
764 2055 921 2113 atque
967 2045 1176 2101 illorum
1230 2047 1589 2102 membrorum
1651 2063 1755 2102 non
1809 2054 1979 2118 legiu-

403 2148 520 2186 tnus
575 2147 703 2187 usus
755 2132 1053 2202 prohibitus
1087 2136 1248 2192 debet
1297 2137 1550 2207 intelligi,
1598 2147 1653 2193 et
1705 2138 1847 2208 quod
1900 2138 1981 2192 di-

405 2233 550 2278 ctum
580 2230 666 2279 est
710 2222 825 2280 Non
866 2225 1101 2292 occides,
1147 2241 1250 2282 non
1285 2228 1573 2297 putandum
1605 2238 1686 2284 est
1709 2229 1820 2284 fieri
1849 2243 1980 2284 con-

407 2326 485 2370 tra
533 2326 855 2386 praeceptum
908 2317 1026 2383 hoc,
1060 2319 1274 2386 quando
1312 2320 1397 2374 lex
1437 2319 1633 2375 occidit
1675 2318 1759 2374 vel
1810 2319 1980 2374 occidi

409 2409 639 2478 aliquem
667 2408 807 2464 Deus
829 2409 1012 2480 jubet;
1044 2410 1132 2466 ille
1158 2411 1299 2466 enim
1331 2411 1454 2467 facit
1475 2413 1565 2482 qui
1592 2411 1742 2482 jubet
1766 2411 1984 2482 quando

411 2497 767 2552 ministerium
801 2514 994 2570 negare
1024 2516 1127 2554 non
1163 2501 1306 2556 lit-et.
1336 2501 1390 2556 lu
1437 2517 1501 2556 eo
1531 2502 1690 2557 etiam
1737 2501 1877 2570 quod
1907 2500 1987 2556 di-

365 2633 378 2642 .
412 2597 555 2642 ctum
586 2597 698 2652 est,
733 2587 946 2643 Falsum
995 2589 1357 2645 testinmnium
1405 2607 1508 2645 non
1550 2591 1696 2645 dices
1726 2590 1987 2646 adversus

411 2675 718 2744 proximum
753 2685 928 2743 tutttn,
958 2679 1123 2745 quaeri
1157 2680 1294 2734 solet
1342 2689 1515 2734 utrum
1562 2680 1886 2748 prohibitum
1919 2680 1989 2734 sit

411 2781 570 2822 omne
601 2766 977 2822 mendacium?
1007 2785 1072 2823 ne
1103 2767 1238 2824 forte
1266 2785 1369 2822 non
1405 2769 1474 2824 sit
1507 2769 1609 2824 hoc
1661 2781 1986 2839 prmeeptum

415 2857 670 2913 adversus
683 2872 777 2914 eos
794 2859 883 2928 qui
897 2858 1080 2913 dicunt
1098 2869 1221 2915 tunc
1235 2875 1353 2915 esse
1369 2860 1756 2927 mentiendum,
1775 2859 1987 2930 quando

415 2949 464 3002 id
495 2949 836 3005 mendacium
866 2951 1083 3018 prodest
1122 2952 1316 3016 alicui,
1345 2963 1395 3008 et
1428 2953 1559 3006 nihil
1596 2953 1749 3007 obest
1778 2950 1873 3024 [ei]
1902 2951 1986 3007 cui

417 3040 699 3096 mentiris:
735 3042 838 3097 tale
885 3043 1081 3114 quippe
1133 3059 1236 3098 non
1276 3053 1357 3099 est
1397 3042 1654 3099 adversus
1689 3045 1988 3113 proximum

419 3140 598 3196 tuum;
627 3139 684 3185 ut
715 3131 832 3186 ideo
864 3131 1111 3186 videatur
1144 3131 1244 3187 hoc
1269 3131 1539 3186 addidisse
1571 3131 1845 3200 Scriptura
1873 3147 1993 3200 quae

2083 1959 2284 2026 pientes
2315 1957 2460 2011 S'ulti
2510 1959 2632 2012 facti
2671 1970 2825 2023 sunt,
2854 1969 2907 2012 et
2937 1967 3400 2013 commutaverunt
3435 1960 3664 2027 gloriam

2082 2047 2500 2118 incorruptibilis
2533 2049 2619 2103 Dei
2658 2049 2711 2102 in
2756 2047 3152 2104 similitudinem
3187 2050 3434 2118 imaginis
3481 2064 3667 2104 eorru-

2081 2139 2286 2210 ptibilis
2318 2140 2568 2194 hominis.
2592 2141 2767 2196 Gloria
2801 2142 3217 2212 incorruptibilis
3237 2142 3326 2195 Dei
3345 2144 3483 2195 sicut
3507 2159 3666 2209 aqua,

2082 2233 2374 2288 simi‘itudo
2389 2232 2633 2302 imaginis
2655 2232 3013 2298 corruptibilis
3033 2235 3258 2287 hominis
3274 2235 3410 2288 sicut
3430 2234 3665 2302 sanguis,

2084 2334 2139 2379 et
2169 2324 2268 2378 hoc
2295 2323 2510 2394 quidem
2545 2325 2599 2376 lit
2633 2325 2684 2378 in
2711 2324 2874 2380 corde
2902 2326 3205 2394 impiorum.
3241 2325 3372 2380 Nam
3407 2325 3545 2380 Deus
3584 2327 3660 2378 in-

2085 2414 2478 2469 commutabilis
2520 2424 2718 2479 mauet,
2755 2431 2929 2484 neque
2964 2415 3107 2468 enim
3133 2416 3258 2484 quia
3300 2425 3355 2470 et
3381 2415 3670 2483 Apostolus

2087 2506 2217 2560 dixit
2245 2507 2718 2560 Commutaverunt
2737 2547 2750 2566 ,
2779 2506 2898 2559 ideo
2927 2514 3156 2560 mutatus
3181 2517 3262 2560 est
3284 2507 3440 2560 Deus.
3468 2506 3670 2561 Secuno

2089 2596 2212 2650 dum
2242 2605 2595 2665 praeceptum:
2623 2595 2738 2649 Non
2763 2595 2990 2664 accipies
3014 2611 3208 2650 n0men
3237 2596 3443 2650 Domini
3468 2597 3555 2648 Dei
3597 2595 3669 2648 tui

2091 2689 2142 2743 in
2179 2703 2395 2742 vanum.
2447 2688 2548 2752 Qui
2575 2686 2714 2740 enim
2747 2689 2938 2754 accipit
2984 2701 3178 2742 nomen
3212 2687 3417 2740 Domini
3451 2687 3541 2740 Dei
3590 2688 3672 2741 sui

2094 2782 2144 2832 in
2171 2794 2362 2830 vanum
2393 2793 2496 2831 non
2525 2777 2886 2831 mundahitur.
2918 2777 3120 2832 Nomen
3149 2778 3358 2831 Domini
3389 2779 3476 2832 Dei
3508 2780 3672 2831 nostri

2092 2870 2216 2924 Jesu
2245 2868 2439 2924 Christi
2471 2869 2670 2922 veritas
2697 2879 2818 2935 est;
2850 2872 2962 2937 ipse
2997 2869 3139 2923 enim
3171 2869 3309 2923 dixit
3341 2884 3356 2922 :
3401 2869 3511 2937 Ego
3555 2883 3673 2921 sum

2097 2961 2310 3014 veritas.
2366 2959 2570 3013 Veritas
2626 2974 2755 3028 ergo
2785 2959 3025 3024 mundat,
3061 2958 3270 3012 vanitas
3323 2960 3590 3028 inquinat,
3624 2968 3678 3012 et

2095 3051 2343 3120 quoniam
2383 3052 2470 3118 qui
2497 3053 2728 3121 loquitur
2751 3051 3028 3106 veritatem
3051 3052 3116 3106 de
3163 3053 3271 3106 Deo
3300 3052 3552 3121 loquitur,
3586 3053 3676 3122 qui

2095 3157 2237 3196 en:m
2265 3143 2499 3212 loquitur
2521 3143 2856 3197 mendacium
2883 3141 2948 3196 de
2972 3158 3067 3197 sun
3099 3143 3332 3213 loquitur
3357 3162 3367 3195 :
3399 3144 3678 3198 veritatem

420 3229 599 3288 posset
620 3221 1064 3284 breviterdicere,
1088 3222 1296 3275 Falsum
1317 3221 1678 3276 testimonium
1698 3237 1800 3275 non
1824 3221 1992 3285 dices,
2022 3229 2064 3290 ε
2099 3237 2243 3304 loqu;
2275 3245 2358 3290 ρει
2389 3235 2778 3290 “amabiliter
2809 3235 2974 3306 loqui,
3007 3235 3294 3289 vanitatem
3325 3246 3500 3289 autem
3534 3236 3678 3305 ιοηηί

419 3311 557 3364 sicut
586 3311 746 3364 dixit:
781 3312 892 3366 Nan
917 3311 1149 3376 occides,
1181 3327 1283 3366 non
1311 3311 1690 3375 mmchaberis,
1719 3327 1823 3364 non
1855 3310 1991 3363 fura-

421 3399 584 3466 beris;
609 3400 702 3454 sed
729 3399 851 3453 hinc
874 3415 1059 3470 magna
1083 3402 1304 3470 qurcstio
1326 3411 1429 3466 est,
1448 3415 1545 3454 nec
1567 3414 1596 3453 a
1624 3399 1997 3454 frstinantibus

420 3506 450 3542 c
490 3491 702 3542 mmode
723 3489 981 3556 explicari
1008 3500 1202 3560 potest,
1219 3491 1490 3560 quomodo
1514 3491 1881 3559 accipiendum
1905 3492 1993 3544 sit:

426 3580 624 3634 Perdes
669 3593 861 3634 omnes
901 3581 989 3649 qui
1041 3582 1332 3650 loquuntur
1372 3580 1755 3644 mendacium;
1798 3591 1851 3634 et
1892 3580 1996 3633 noli

423 3673 561 3729 velle
610 3673 826 3728 mentiri
873 3688 1031 3729 omne
1071 3675 1426 3741 mendacium,
1477 3687 1529 3730 ct
1577 3683 1767 3728 caetera
1817 3671 1999 3741 hujus-

424 3764 588 3818 modi.

1000 3878 1221 3935 CAPUT
1252 3876 1411 3934 CXV.

425 3985 691 4059 Expositio
721 3988 891 4042 decem
913 4002 1280 4056 prmreplorum
1304 4000 1350 4042 et
1375 3993 1542 4043 decem
1571 3992 1841 4059 plagarum
1862 3991 2003 4043 salva

456 4058 700 4124 ﬁrmita'e
728 4059 806 4112 sui
823 4075 840 4123 ;
870 4076 934 4113 ex
966 4059 1209 4131 Decalogi
1245 4058 1576 4129 Exposiiioue
1602 4061 1670 4114 ad
1696 4060 1962 4131 papulum.

493 4170 650 4226 Prius
673 4172 724 4226 in
757 4171 1107 4228 fundamento
1135 4174 1303 4242 posita
1333 4189 1511 4228 rerum
1535 4187 1802 4241 gestarum
1837 4175 2000 4228 firmi-

426 4269 556 4321 tate,
584 4259 994 4329 significantiam
1024 4262 1283 4317 debemus
1305 4260 1598 4330 inquirere,
1633 4277 1701 4317 ne
1729 4263 2006 4318 subtracto

423 4351 768 4407 fundamento
817 4352 868 4407 in
914 4367 1040 4408 aere
1087 4353 1224 4407 velle
1272 4352 1538 4406 :rdificare
1589 4352 1885 4408 videamur.
1924 4353 2003 4407 Ad

424 4444 604 4514 plagas
633 4444 817 4498 decem
851 4458 954 4498 non
987 4444 1215 4510 pertinet
1245 4444 1382 4512 quod
1418 4445 1647 4512 primum
1681 4443 1877 4498 factum
1924 4453 2008 4498 est

421 4534 560 4601 signi
608 4548 798 4597 causa,
845 4542 901 4587 ut
943 4533 1086 4603 virga
1129 4536 1183 4587 in
1223 4543 1525 4601 serpentem
1577 4542 2002 4596 converteretur;

2099 3334 2342 3394 strepere
2375 3327 2548 3392 potius
2577 3340 2735 3394 quam
2770 3325 2935 3394 loqui,
2987 3326 3182 3379 merito
3216 3325 3336 3392 quia
3384 3326 3679 3379 secundum

2101 3427 2424 3487 przeceptum
2447 3427 2530 3473 est
2558 3417 2775 3472 dilectio
2803 3417 3064 3482 veritatis,
3087 3417 3170 3470 cui
3194 3418 3462 3472 contraria
3492 3427 3573 3472 est
3601 3416 3681 3471 di-

2102 3507 2260 3562 lectio
2308 3507 2577 3560 vanitatis.
2628 3506 2886 3576 Loquitur
2928 3515 3104 3561 autem
3137 3507 3354 3570 veritas,
3393 3508 3683 3576 perstrepit

2101 3596 2329 3653 vanitas.
2367 3597 2498 3652 iluic
2529 3607 2799 3668 prmcepto
2847 3598 3085 3653 secundo
3131 3600 3452 3653 contrariam
3504 3599 3683 3653 videte

2101 3689 2388 3743 secundam
2412 3688 2649 3757 plagam;
2685 3704 2802 3758 quas
2826 3698 2906 3742 est
2928 3688 3014 3742 illa
3046 3687 3279 3743 secunda
3304 3679 3488 3758 plaga?
3522 3705 3683 3744 rana-

2103 3797 2218 3833 rum
2245 3780 2562 3835 abundantia
2590 3796 2602 3832 :
2635 3779 2800 3836 habes
2827 3792 3136 3847 evpressam
3163 3779 3511 3848 signiﬁcatam
3539 3779 3683 3832 vani-

2106 3885 2291 3937 tatem,
2325 3875 2367 3928 si
2397 3874 2639 3927 attendas
2669 3888 2917 3927 ranarum
2951 3871 3347 3939 loquacitatem.
3376 3869 3505 3925 Vide
3533 3885 3682 3922 ama-

2107 3981 2250 4022 tores
2281 3967 2522 4022 veritatis
2551 3982 2656 4020 non
2687 3966 3012 4034 accipientes
3049 3965 3100 4017 in
3131 3978 3325 4019 vanum
3358 3977 3554 4016 nomen
3585 3963 3686 4016 Dn-

2107 4060 2235 4115 mini
2273 4059 2366 4113 Dei
2394 4059 2496 4123 sui,
2524 4058 2665 4127 loqui
2697 4056 3006 4125 sapientiam
3041 4056 3178 4109 inter
3208 4053 3502 4124 perfectus,
3527 4054 3684 4107 etiam

2109 4155 2246 4207 inter
2278 4149 2618 4217 imperfectos
2651 4167 2662 4200 :
2697 4163 2800 4203 non
2847 4148 3058 4216 quidem
3111 4147 3251 4216 loqui
3299 4145 3440 4214 quod
3491 4159 3686 4212 capere

2109 4259 2212 4297 non
2261 4250 2504 4311 possunt,
2540 4256 2642 4296 nou
2675 4250 2852 4294 tuneo
2883 4239 3133 4293 recedere
3163 4253 3192 4292 a
3223 4240 3448 4292 veritate
3476 4245 3531 4291 ct
3561 4251 3688 4303 per-

2105 4350 2230 4403 gere
2280 4333 2330 4385 in
2389 4331 2693 4385 vanitatem.
2748 4329 3004 4397 Quamvis
3051 4328 3192 4382 enim
3236 4325 3530 4396 imperfecti
3582 4340 3687 4380 non

2106 4427 2319 4492 Cupiunt
2354 4426 2396 4477 si
2439 4423 2562 4491 quid
2593 4422 2746 4490 paulo
2775 4422 3039 4474 exce'sius
3079 4418 3238 4473 fuerit
3267 4417 3589 4486 disputatum
3620 4417 3689 4470 de

2108 4514 2283 4569 Verbo
2309 4513 2400 4568 Dei
2430 4513 2540 4568 Deo
2563 4513 2700 4582 apud
2735 4511 2920 4569 Deum.
2954 4525 3046 4578 per
3083 4509 3226 4580 quod
3259 4508 3393 4563 facta
3419 4517 3546 4562 sunt
3573 4523 3690 4560 om-

423 4625 601 4680 aditus
631 4635 748 4680 erat
773 4626 916 4680 enim
968 4627 1084 4694 ipse
1123 4625 1186 4679 ad
1220 4626 1550 4680 Pharaonem
1583 4640 1690 4694 quo
1729 4639 1987 4679 commcn-

2108 4609 2215 4671 nia,
2250 4611 2558 4677 possintque
2584 4620 2775 4673 capere
2804 4604 2943 4674 quod
2969 4607 3091 4657 inte:
3128 4617 3220 4657 eos
3240 4600 3470 4669 loquitur
3492 4597 3696 4652 Paufus

425 4713 651 4770 dabatur
677 4716 905 4786 Moyses,
937 4717 1226 4772 educturus
1247 4731 1312 4771 ex
1336 4715 1567 4785 Egypto
1591 4714 1840 4784 populum
1869 4714 1957 4768 Dei
1980 4732 1990 4765 :

425 4805 658 4860 nondum
682 4817 858 4862 autem
906 4817 1249 4864 contumaces
1289 4807 1648 4870 feriebantur,
1675 4805 1769 4860 sed
1817 4805 2000 4859 divino

423 4900 576 4969 signo
603 4898 711 4969 jam
746 4902 1100 4956 terrebantur.
1136 4902 1289 4972 Virga
1327 4900 1592 4971 significat
1636 4915 1856 4967 regnum
1886 4897 1998 4963 Dei,

425 4991 674 5059 idemque
707 5005 928 5058 regnum
965 4991 1057 5047 Dei
1086 5008 1204 5048 esse
1237 4995 1419 5063 utique
1451 4992 1699 5062 populum
1731 4989 1821 5044 Dei
1847 5007 1859 5054 ;
1891 5005 2004 5044 ser-

428 5095 560 5148 pens
589 5090 764 5132 autem
799 5089 1005 5148 tempus
1043 5082 1383 5137 mortalitatis
1430 5082 1622 5150 hujus,
1672 5094 1815 5134 mors
1859 5079 1999 5133 enim

424 5188 454 5225 a
485 5181 735 5239 serpente
767 5175 1041 5239 propitiata
1075 5182 1178 5226 est.
1207 5171 1478 5240 Tanquam
1509 5188 1635 5241 ergo
1656 5171 1910 5225 cadentes
1937 5169 2003 5224 de

426 5280 585 5318 manu
619 5263 830 5316 Domini
864 5264 912 5316 in
961 5273 1154 5317 terram
1199 5262 1453 5317 mortales
1481 5263 1654 5317 elici-ti
1689 5272 1831 5325 sunt,
1863 5260 2003 5313 unde

425 5353 660 5424 projecta
693 5357 839 5424 virga
868 5371 930 5408 ex
964 5371 1119 5408 manu
1153 5370 1376 5422 serpens
1405 5357 1592 5410 ell‘ecta
1625 5366 1729 5418 est,
1766 5355 2004 5407 fecerunt

424 5458 472 5500 et
509 5448 644 5517 magi
677 5445 971 5501 Pharaonis
1003 5447 1272 5512 similiter,
1301 5447 1465 5516 virgis
1514 5463 1699 5501 eorum
1752 5443 2002 5514 projccus

423 5549 700 5604 serpentes
723 5538 842 5592 facti
867 5549 1012 5603 sunt,
1045 5539 1140 5592 sed
1188 5539 1335 5608 prius
1362 5552 1586 5606 serpens
1617 5536 1809 5604 Moysi,
1843 5534 1892 5588 id
1925 5541 2008 5587 est

425 5627 566 5692 virga
599 5625 798 5696 Moysi,
849 5627 1130 5684 devoravit
1170 5643 1359 5683 omnes
1399 5636 1677 5696 serpentes
1707 5638 2006 5693 magorum.

426 5717 575 5770 Tunc
605 5718 818 5772 demum
865 5721 1034 5775 cauda
1081 5722 1496 5790 comprehensa,
1536 5719 1826 5774 identidem
1865 5719 2010 5786 virga

426 5807 562 5861 iacta
589 5815 668 5860 est
713 5817 764 5862 et
796 5824 1019 5880 regnum
1053 5814 1312 5868 remeavit
1344 5812 1408 5866 ad
1441 5826 1657 5866 manum
1691 5829 1699 5861 ι
1734 5817 1858 5863 sunt
1889 5821 2014 5877 ergo

2107 4713 2354 4769 tanquam
2370 4701 2506 4754 inter
2521 4715 2551 4768 p
2572 4695 3162 4754 .rvulosChristiJesum
3177 4695 3467 4757 Christum,
3483 4703 3534 4746 et
3549 4693 3691 4746 hunc

2107 4793 2442 4857 crucifixum,
2473 4806 2577 4845 non
2603 4799 2777 4843 tamen
2806 4789 2889 4840 illa
2931 4798 3011 4842 est
3035 4786 3230 4840 vet-itas
3255 4793 3310 4838 et
3333 4785 3428 4838 ista
3457 4784 3684 4836 vanitas.

2114 4883 2326 4940 Vanitas
2345 4892 2521 4940 autem
2550 4891 2692 4938 esset
2719 4884 2760 4936 si
2791 4877 3061 4935 Christum
3095 4887 3320 4932 mortem
3367 4890 3474 4929 non
3500 4875 3691 4944 imple-

2113 4978 2252 5031 visse
2280 4975 2373 5031 sed
2408 4976 2628 5029 finxisse
2651 4973 2972 5034 diceremus,
3004 4973 3049 5025 si
3082 4969 3296 5022 vulnera
3315 4967 3404 5020 illa
3438 4966 3489 5020 in
3521 4966 3690 5036 phan-

2114 5077 2337 5122 tasmate
2363 5066 2545 5131 fuisse,
2565 5064 2610 5118 si
2639 5064 2947 5132 sanguinem
2980 5077 3082 5116 non
3116 5075 3318 5121 verum,
3354 5057 3446 5112 sed
3474 5057 3689 5111 simula-

2109 5168 2216 5212 tum
2240 5157 2304 5211 de
2326 5156 2630 5210 vulneribus
2656 5170 2956 5220 emanasse,
2987 5155 3027 5207 si
3062 5152 3221 5207 falsus
3244 5169 3366 5209 eum
3413 5152 3689 5210 cicatrices

2110 5259 2356 5317 tanquam
2401 5257 2521 5316 post
2552 5247 2684 5300 falsa
2722 5246 2941 5300 vulnera
2973 5245 3541 5302 detnoustrasse.Cum
3565 5258 3690 5298 vero

2109 5340 2204 5393 ista
2226 5340 2402 5394 omnia
2427 5352 2549 5393 vera
2576 5338 2821 5401 dicimus,
2838 5338 2970 5391 facta
2988 5337 3213 5392 dicimus
3234 5347 3399 5400 ci-rta,
3420 5350 3685 5405 expressa.

2109 5430 2322 5496 impleta
2354 5429 2620 5483 credimus
2645 5437 2697 5482 et
2726 5427 3093 5496 prardicatnus,
3117 5429 3360 5497 quamvis
3386 5427 3452 5483 de
3480 5427 3690 5481 sublimi

2112 5521 2252 5576 illius
2273 5531 2328 5576 et
2353 5522 2418 5576 de
2445 5520 2860 5574 incommutabili
2894 5521 3111 5575 veritate
3125 5535 3227 5573 non
3258 5520 3558 5588 loquamur,
3591 5534 3690 5571 non

2117 5623 2290 5667 tamen
2315 5614 2451 5666 imus
2501 5613 2552 5665 iu
2600 5611 2911 5664 vanitatem.
2970 5612 3067 5677 Qui
3100 5621 3274 5664 autem
3325 5611 3412 5662 illa
3435 5609 3611 5662 omnia
3642 5609 3689 5661 iu

2116 5707 2327 5760 Christo
2355 5705 2486 5760 falsa
2513 5715 2566 5758 et
2591 5705 2836 5759 simulata
2862 5704 3063 5768 dicunt,
3092 5720 3232 5757 rana:
3255 5713 3376 5757 sunt
3405 5703 3694 5760 clamantes

2121 5802 2172 5857 in
2206 5798 2394 5870 palude
2415 5799 2724 5867 ;stt'epitum
2751 5799 2895 5854 vocis
2921 5797 3116 5853 habere
3134 5805 3376 5867 possunt,
3396 5796 3692 5851 doctrinam
