3990 6180
306 325 407 383 725

1492 323 1925 383 THESAURUS.
1966 326 2119 382 CAP.
2159 327 2320 385 CXV.

3467 334 3571 391 726

303 438 584 505 sapientiae
625 438 896 493 insinuare
930 451 1035 491 non
1080 444 1320 506 possunt.
1382 433 1625 507 Denique
1682 437 1734 491 in
1778 436 1882 491 Ec-
1911 442 1959 498 A
1988 440 2407 512 Comparemus:
2441 442 2506 499 da
2556 443 2827 501 hominem
2876 447 3135 503 mmchari
3186 448 3566 519 meditantem,

302 529 463 583 clesia
482 529 771 597 loquuntur
794 531 1059 582 haerentes
1074 529 1287 582 veritati
1307 529 1585 583 veritatem
1615 543 1708 598 per
1726 544 1884 600 quam

304 622 440 675 facta
470 629 595 674 sunt
622 620 826 683 omnia,
859 619 1149 674 Veritatem
1186 619 1416 675 Verbum
1446 634 1663 676 carnem
1687 621 1883 675 factum

301 724 359 768 et
378 714 704 769 habitantem
732 714 785 767 in
812 714 1291 777 nobis,veritatem
1316 710 1590 768 Christum
1616 721 1796 767 uatum
1819 712 1886 768 de

300 805 437 874 Deo,
466 820 628 860 unum
654 805 722 859 de
745 821 871 872 uno,
904 805 1236 875 unigenitum
1263 812 1317 859 et
1346 812 1697 867 comternum,
1743 803 1886 857 veri-

300 905 465 953 tatem
477 908 694 967 accepta
710 896 878 951 forma
894 900 1038 951 servi
1059 905 1240 950 natum
1254 911 1318 951 ex
1334 895 1540 965 virgine
1561 894 1748 959 Maria,
1768 909 1888 963 pas-

300 1005 443 1048 sum.
468 990 806 1052 crucifixum,
828 998 1222 1057 resurgentem,
1252 985 1630 1041 ascendentem
1658 1003 1670 1037 :
1692 985 1888 1053 ubique

300 1080 586 1133 Veritatem
620 1089 673 1133 et
692 1093 853 1148 quam
884 1077 1110 1147 perfecti
1130 1076 1348 1147 capiunt
1367 1085 1424 1131 et
1449 1090 1605 1144 quam
1635 1075 1886 1143 parvulus

302 1183 498 1239 capere
517 1183 623 1222 non
639 1176 818 1238 potest
837 1184 851 1232 ;
875 1168 1177 1233 veritatem,
1192 1176 1247 1221 et
1271 1167 1319 1219 in
1344 1180 1481 1235 pane
1497 1175 1551 1219 et
1578 1165 1630 1219 in
1654 1165 1813 1231 lacte,
1831 1165 1885 1219 in

302 1276 441 1331 pane
458 1274 773 1329 magnorum
784 1302 797 1322 ,
816 1260 866 1312 in
882 1258 1019 1312 lacte
1035 1258 1400 1326 parvulorum.
1417 1256 1560 1311 Idem
1574 1256 1774 1326 quippe
1786 1269 1885 1325 pa-

302 1352 391 1407 nis
407 1362 463 1406 ut
477 1351 559 1405 lac
579 1351 669 1405 fiat
688 1365 783 1418 per
794 1364 1012 1404 carnem
1030 1348 1313 1418 trajicitur.
1328 1347 1430 1415 Qui
1447 1354 1624 1403 autem
1642 1347 1770 1400 huic
1797 1361 1888 1401 ve-

300 1440 858 1506 ritaticontradicunt,
872 1448 926 1494 et
938 1440 991 1493 in
1008 1454 1101 1493 sua
1121 1439 1355 1493 vanitate
1366 1437 1573 1507 decepti
1590 1437 1882 1506 decipiunt,

299 1531 817 1587 rantesunttmdium
841 1530 1134 1585 inferentes
1161 1528 1404 1595 auribus,
1423 1544 1527 1583 non
1553 1528 1728 1584 cibum
1749 1542 1891 1581 meu-

298 1623 468 1677 tibus.
483 1623 620 1678 Audi
642 1622 874 1691 denique
906 1620 1151 1675 homines
1176 1618 1567 1674 rationabiliter
1583 1619 1882 1687 loquentes,

299 1730 411 1769 non
425 1724 551 1768 sunt
566 1714 790 1783 loquela:
804 1727 974 1782 neque
993 1725 1270 1766 sermones
1287 1725 1512 1779 quorum
1527 1724 1632 1763 non
1650 1708 1877 1762 audian-

1988 534 2237 603 conjugio
2279 549 2382 588 non
2429 543 2739 591 contentum
2788 551 2908 603 suo,
2938 540 3228 609 appetitum
3275 540 3563 609 quemdam

1986 626 2164 680 carnis
2195 627 2249 680 in
2275 640 2334 681 se
2363 626 2583 684 domare
2610 644 2716 683 non
2764 631 2896 696 vult,
2930 632 3017 700 qui
3048 640 3133 687 est
3172 632 3326 688 nobis
3353 634 3565 701 pecori-

1990 717 2195 784 busque
2224 720 2523 774 communis
2546 736 2564 773 :
2596 721 2793 775 etenim
2825 722 3184 776 concumbere
3214 731 3270 777 et
3300 738 3561 793 generare

1986 808 2147 862 etiam
2177 810 2443 877 pecudum
2474 820 2556 864 est
2582 829 2597 877 ;
2628 811 2935 866 ratiocinari
2963 854 2977 876 ,
3012 812 3336 882 intelligere,
3372 814 3565 868 huma-

1988 912 2113 951 num
2145 906 2246 951 est.
2281 896 2406 952 ldeo
2433 898 2570 952 ratio
2600 914 2719 968 qua:
2767 900 3015 967 praesidet
3054 902 3105 955 in
3160 912 3338 956 mente
3386 913 3564 958 mutus

1988 985 2271 1041 inferiores
2300 987 2475 1041 carnis
2503 998 2755 1058 tanquam
2799 1004 3031 1058 regnans
3058 999 3110 1044 et
3138 992 3421 1046 dominans
3449 991 3547 1047 fre-

1987 1090 2117 1131 nare
2160 1076 2340 1141 debet,
2368 1091 2473 1132 non
2514 1077 2864 1132 immoderate
2908 1086 2962 1132 et
3006 1079 3187 1133 illicite
3227 1082 3425 1147 passim
3469 1094 3562 1134 va-

1986 1181 2157 1235 geque
2188 1167 2391 1234 laxare,
2418 1168 2647 1237 ideoque
2689 1168 2822 1238 ipsis
2855 1170 3135 1238 pecoribus
3165 1178 3348 1223 natura
3377 1171 3559 1225 datum

1987 1269 2090 1325 est,
2120 1260 2431 1323 instituente
2459 1260 2737 1329 Creatore,
2768 1272 2828 1316 ut
2851 1277 2954 1316 non
2979 1272 3291 1317 moveantur
3316 1264 3382 1329 a_d
3414 1264 3559 1318 femi‘

1991 1366 2085 1404 nas
2122 1359 2176 1405 et
2197 1351 2262 1405 ad
2292 1352 2633 1406 concubitum
2668 1353 2765 1407 nisi
2797 1353 2961 1407 certis
3006 1353 3356 1420 temporibus,
3389 1369 3562 1424 neque

1987 1443 2131 1497 enim
2155 1443 2361 1498 ratione
2387 1458 2445 1499 se
2470 1443 2687 1499 cohibet
2708 1444 2812 1498 alio
2844 1456 3081 1513 tempore
3110 1458 3291 1513 pecus,
3322 1444 3416 1499 sed
3447 1460 3564 1499 orn-

1991 1534 2117 1588 uino
2143 1536 2258 1602 ipso
2287 1544 2430 1589 motu
2476 1534 2791 1603 frigescente
2840 1534 3111 1604 torpescit.
3169 1534 3340 1587 llomo
3386 1544 3561 1588 autem

1992 1625 2114 1680 ideo
2143 1639 2360 1693 semper
2399 1625 2602 1680 moveri
2644 1634 2855 1691 potest,
2891 1624 3014 1695 quia
3047 1632 3103 1679 et
3149 1624 3422 1678 refrenare
3450 1640 3563 1683 mo-

1991 1726 2099 1769 tum
2132 1726 2322 1785 potest.
2358 1717 2473 1771 Tibi
2502 1716 2925 1771 dominationem
2960 1716 3181 1770 rationis
3218 1716 3439 1769 Creator
3471 1713 3565 1770 de-

298 1814 392 1859 tur
414 1819 572 1860 voccs
588 1805 902 1869 eorum,sed
923 1817 1080 1858 voces
1097 1818 1200 1856 non
1226 1801 1639 1869 inanes,quiaiu
1666 1814 1881 1853 omnem
1915 1795 1960 1856 Β
1988 1809 2087 1869 dit,
2122 1807 2215 1862 tibi
2264 1818 2529 1878 praecepta
2576 1808 2918 1863 continentia:
2972 1818 3219 1878 tanquam
3267 1807 3319 1861 in
3366 1807 3564 1863 bestias

299 1906 507 1952 terram
530 1898 691 1953 exivit
706 1911 869 1951 sonus
893 1911 1076 1950 eorum
1090 1906 1141 1949 et
1167 1895 1217 1948 in
1237 1894 1369 1948 fines
1380 1893 1526 1946 orbis
1549 1902 1705 1946 teme
1722 1891 1882 1945 verba

298 2003 516 2044 eorum.
547 1988 603 2043 Si
630 1997 809 2043 autem
841 1997 894 2043 et
920 2002 1081 2042 ranas
1119 1986 1201 2040 vis
1231 1984 1533 2041 rcontrario
1563 1982 1881 2052 intelligere,

301 2080 460 2133 illum
489 2094 702 2134 versum
735 2078 921 2147 psalmi
952 2078 1128 2132 recole
1158 2096 1167 2129 ;
1202 2075 1346 2129 Vana
1377 2074 1537 2129 locuti
1569 2081 1694 2128 sunt
1720 2087 1884 2128 unus-

300 2173 537 2243 quisque
573 2170 640 2226 ad
680 2171 979 2241 proximum
1009 2184 1183 2223 suum.
1236 2165 1474 2221 Tertium
1515 2174 1838 2235 praeceptum
1869 2181 1883 2217 :

301 2266 577 2321 ﬂemento
597 2264 738 2320 diem
762 2262 974 2318 sabbati
998 2260 1337 2315 sanctifieare
1357 2273 1499 2314 eum.
1526 2257 1579 2311 ln
1602 2257 1762 2312 tertio
1784 2256 1888 2310 isto

301 2362 578 2425 pracepto
608 2354 906 2408 insinuatur
925 2352 1169 2422 quaedam
1190 2347 1484 2404 vacationis
1506 2346 1744 2413 indictio,
1767 2360 1889 2413 quat

302 2460 389 2505 eat
432 2448 614 2503 cordis
654 2445 1012 2516 tranquillitas
1060 2459 1123 2497 ac
1154 2442 1371 2509 mentis,
1399 2454 1558 2510 quam
1587 2440 1709 2494 facit
1749 2438 1887 2493 bona

302 2540 641 2595 conscientia
666 2554 683 2605 ;
710 2537 781 2593 ibi
820 2534 1203 2600 sanctificatio,
1233 2534 1357 2603 quia
1388 2532 1458 2587 ibi
1489 2532 1721 2600 Spiritus
1768 2530 1887 2585 Dei.

304 2632 549 2701 Denique
578 2630 753 2685 videte
786 2630 1145 2693 vacationem,
1180 2626 1281 2681 hoc
1310 2634 1394 2680 est
1420 2625 1687 2694 quietem:
1718 2622 1893 2691 Super

305 2738 493 2794 quem,
527 2721 700 2791 inquit
731 2720 1068 2793 (Dominus),
1104 2716 1406 2787 requiescet
1435 2714 1667 2785 Spiritus
1697 2712 1892 2768 meus?

304 2829 475 2882 super
495 2811 777 2877 humilem,
793 2820 847 2865 et
867 2810 1126 2879 quietum,
1144 2818 1200 2863 et
1224 2815 1540 2863 trementem
1564 2804 1727 2860 verba
1752 2817 1892 2857 mea.

307 2904 537 2974 lnquieti
580 2918 710 2973 ergo
756 2903 1002 2958 resiliunt
1045 2900 1113 2956 ab
1153 2899 1355 2970 Spiritu
1399 2907 1610 2963 sancto,
1659 2896 1895 2950 rixarum

307 3002 605 3059 amatores,
651 2991 1041 3049 calumniarum
1102 2991 1481 3053 scminatores,
1530 2986 1895 3044 contentionis

309 3102 471 3157 quam
529 3084 773 3141 veritatis
835 3083 1181 3153 cupidiores,
1225 3079 1590 3151 inquietudine
1639 3093 1734 3134 sua
1790 3092 1895 3132 non

1990 1900 2272 1957 inferiores
2317 1902 2426 1955 lora
2478 1903 2770 1967 concessit;
2814 1909 2965 1956 tenes
2996 1909 3049 1954 tu
3081 1899 3221 1969 quod
3250 1914 3411 1969 pecus
3458 1914 3566 1955 non

1991 2000 2181 2060 potest,
2209 2003 2261 2045 et
2298 1992 2421 2047 ideo
2447 2007 2632 2061 speras
2657 2002 2710 2047 tu
2740 1992 2881 2063 quod
2914 2006 3076 2062 pecus
3106 2008 3212 2047 non
3247 2000 3455 2060 potest;
3489 1993 3567 2047 la-

1989 2085 2147 2139 boras
2176 2083 2506 2155 aliquantum
2539 2085 2592 2138 in
2623 2084 2971 2148 continendo,
2998 2098 3105 2137 nou
3144 2082 3350 2137 laborat
3378 2096 3562 2152 pecus,

1989 2176 2083 2231 sed
2129 2176 2382 2246 gaudebis
2425 2190 2640 2244 semper
2689 2176 2740 2229 in
2787 2175 3106 2239 mternitate,
3141 2173 3209 2228 ad
3253 2185 3412 2242 quam
3460 2188 3566 2226 non

1990 2266 2232 2335 pervenit
2257 2278 2443 2335 pecus;
2467 2266 2509 2318 si
2536 2279 2671 2333 opus
2699 2263 2901 2334 fatigat,
2927 2278 3133 2320 merces
3158 2263 3486 2327 consoletur,
3509 2272 3566 2317 et

1990 2356 2107 2423 ipsa
2136 2355 2277 2409 enim
2310 2355 2561 2424 patientia
2599 2363 2683 2427 est
2730 2354 3039 2410 interiorem
3086 2363 3288 2410 motum
3331 2354 3568 2421 frenare,

1990 2445 2209 2515 etquod
2257 2444 2421 2500 habes
2449 2458 2733 2499 commune
2779 2459 2899 2500 cum
2945 2458 3160 2514 pecore,
3178 2458 3285 2498 non
3314 2452 3571 2513 tanquam

1992 2553 2061 2607 pe
2097 2553 2156 2591 us
2183 2539 2235 2592 in
2266 2538 2446 2593 omnia
2492 2537 2693 2593 laxare.
2735 2535 2887 2604 Quod
2914 2537 2959 2592 si
2986 2534 3372 2602 contempseris
3417 2540 3471 2588 te
3512 2534 3570 2589 in

1994 2640 2065 2693 te,
2094 2639 2148 2685 et
2174 2630 2456 2701 imaginem
2492 2630 2582 2684 Dei
2614 2632 2667 2683 in
2692 2645 2794 2700 qua
2823 2620 2946 2684 fecit
2977 2637 3029 2684 te
3054 2626 3372 2697 neglexeris,
3393 2626 3570 2679 victus

1993 2720 2287 2788 cupiditate
2353 2721 2739 2774 insinuatarum
2800 2734 3015 2784 rerum,
3067 2728 3314 2787 tanquam
3372 2716 3573 2772 amisso

1997 2811 2213 2867 homine
2251 2810 2357 2866 eris
2394 2824 2591 2881 pecus,
2638 2825 2742 2864 non
2787 2810 2938 2880 quasi
2980 2821 3275 2863 conversus
3323 2807 3377 2862 in
3419 2815 3575 2862 natu-

1997 2920 2111 2959 ram
2152 2904 2383 2975 pecoris,
2415 2903 2507 2958 sed
2540 2904 2591 2957 in
2624 2901 2854 2956 hominis
2882 2900 3056 2955 forma
3086 2899 3287 2955 habens
3317 2898 3571 2954 similitu-

1997 2997 2175 3051 dinem
2227 2995 2472 3065 pecoris,
2524 2994 2615 3061 qui
2664 3008 2767 3047 non
2816 2991 2968 3047 audis
3024 2992 3343 3047 dicentem:
3400 2990 3576 3046 Nolite

1998 3100 2119 3141 esse
2169 3085 2308 3140 sicut
2357 3098 2527 3153 equus
2581 3092 2636 3137 et
2676 3082 2851 3137 mulus
2907 3097 3012 3137 non
3063 3083 3321 3137 habentes
3369 3081 3578 3136 intelle-

312 3179 381 3233 ad
418 3193 481 3234 sc
518 3176 809 3233 admittunt
844 3176 1077 3247 quietem
1118 3174 1325 3229 sabbati
1363 3172 1675 3243 spiritalem.
1699 3170 1897 3225 Contra
1923 3176 1970 3239 ο
2002 3186 2170 3234 dum,
2213 3176 2319 3234 sed
2350 3178 2488 3233 forte
2525 3176 2674 3247 eligis
2714 3176 2808 3231 [ibi
2853 3190 2972 3231 esse
3002 3190 3165 3247 pecus
3196 3176 3304 3246 ⁷ο
3331 3184 3384 3231 οι
3415 3175 3579 3230 ubera

314 3272 545 3327 istorum
577 3269 1000 3341 inquietudinem
1024 3268 1244 3335 dicitur,
1271 3276 1524 3335 tanquam
1547 3273 1602 3321 ut
1620 3264 1899 3319 sabbatum

318 3362 556 3420 habeant
584 3366 637 3419 in
670 3365 832 3420 corde
861 3363 1338 3417 sanetifltationem
1369 3361 1601 3430 Spiritus
1629 3357 1742 3414 Dei.
1775 3358 1904 3413 Esto

320 3459 516 3528 inquit,
538 3466 853 3513 mansuetus
866 3459 931 3511 ad
950 3455 1274 3511 audiendum
1291 3456 1513 3510 verbum
1537 3463 1593 3507 ut
1615 3451 1902 3520 intelligas,

319 3548 457 3616 Quid
490 3547 864 3603 intellecturus
896 3548 1060 3601 sum?
1092 3545 1257 3600 Deum
1287 3545 1560 3600 dicentem
1587 3560 1603 3599 :
1645 3542 1810 3599 Cessa
1838 3541 1906 3594 ab

319 3637 691 3709 inquietudine
722 3647 841 3704 tua,
883 3652 989 3691 non
1020 3636 1089 3693 sit
1127 3635 1383 3691 tumultus
1414 3634 1627 3704 quidam
1659 3633 1710 3687 in
1744 3631 1908 3687 corde

320 3743 455 3799 tuo,
488 3745 584 3799 per
610 3730 1009 3797 corruptionem
1062 3726 1408 3782 volitantibus
1451 3722 1909 3795 phantasmatibus

320 3831 380 3879 et
432 3820 924 3891 compungentibus
975 3829 1051 3875 te.
1106 3819 1223 3874 Non
1282 3818 1372 3873 sit.
1422 3818 1496 3871 Ita
1546 3816 1691 3870 enim
1737 3814 1908 3869 D.um

325 3916 707 3971 intellecturus
759 3929 820 3970 es
871 3914 1143 3968 dicentem
1192 3912 1334 3966 tibi:
1391 3910 1591 3964 Vacate
1636 3918 1691 3964 et
1732 3907 1913 3962 videte

323 4008 584 4077 quoniam
622 4020 724 4075 ego
763 4020 883 4059 sum
922 4004 1222 4067 Dominus;
1264 4010 1320 4056 tu
1362 4015 1458 4070 per
1491 3996 1911 4068 inquietudinem

326 4114 522 4155 vacare
563 4113 669 4153 non
712 4098 820 4165 vis,
867 4095 1270 4152 contentionum
1318 4104 1524 4147 tuarum
1571 4088 1914 4157 corruptione

328 4203 592 4260 ca'catus,
642 4193 814 4264 exigis
869 4192 1051 4246 videre
1104 4190 1243 4257 quod
1295 4202 1401 4241 non
1461 4194 1633 4255 potes.
1684 4179 1915 4237 Attende

331 4285 477 4339 enim
509 4293 565 4338 et
590 4281 919 4337 contrariam
970 4280 1181 4333 tertiam
1231 4278 1441 4345 p'agam
1482 4274 1606 4329 huic
1650 4278 1917 4341 prmeepto

335 4375 516 4429 tertio.
575 4372 835 4442 Ciniphes
895 4380 1033 4425 natae
1093 4377 1220 4423 sunt
1273 4368 1325 4421 in
1387 4375 1530 4421 terra
1580 4362 1799 4435 IEgypti
1848 4360 1918 4417 de

336 4467 493 4521 limo:
518 4479 721 4519 muscae
763 4463 1006 4533 quaedam
1046 4469 1169 4515 sunt
1212 4458 1606 4520 minutissimas,
1637 4454 1919 4524 inquietis-

2003 3270 2183 3338 vagari
2212 3268 2450 3335 libidine,
2475 3267 2618 3322 nulla
2646 3268 2759 3335 lege
2788 3266 3082 3335 appetitum
3113 3266 3291 3321 carnis
3314 3266 3379 3320 ad
3410 3266 3581 3320 conti-

2005 3362 2241 3418 nentiam
2273 3361 2616 3417 relrenando.
2647 3358 2881 3415 Attende
2907 3358 3113 3428 plagam
3140 3377 3153 3411 :
3189 3357 3232 3412 si
3274 3372 3438 3427 pecus
3466 3371 3585 3411 esse

2008 3469 2113 3506 non
2159 3452 2346 3517 times,
2376 3450 2563 3505 saltem
2593 3449 2727 3503 mori
2766 3449 2916 3503 time.
2958 3447 3177 3504 Sextum
3224 3454 3583 3516 praeceptum:

2007 3546 2125 3601 Non
2154 3544 2408 3609 occides;
2439 3550 2586 3597 sexta
2619 3541 2771 3612 plaga
2806 3539 3033 3609 pustulae
3063 3538 3117 3593 in
3157 3552 3386 3607 corpore
3416 3547 3471 3592 et
3500 3552 3589 3591 ve-

2010 3636 2136 3691 sica:
2167 3634 2451 3690 bullientes
2472 3640 2529 3688 et
2550 3640 2838 3696 scatentes,
2866 3639 2919 3684 et
2941 3629 3186 3685 incendia
3210 3629 3489 3683 vulnerum
3519 3642 3588 3683 ex
3630 3620 3643 3635 “

2012 3725 2191 3780 favilla
2221 3723 2473 3779 fornacis.
2518 3722 2678 3776 Tales
2702 3728 2827 3774 sunt
2851 3720 3042 3773 anima-
3085 3719 3471 3774 homicidales:
3504 3732 3590 3773 ar-

2011 3816 2138 3871 dent
2168 3817 2267 3885 ira,
2300 3815 2422 3898 quia
2455 3828 2550 3882 per
2581 3813 2713 3867 iram
2763 3810 3034 3865 homicidii
3084 3809 3389 3864 fraternitas
3430 3808 3593 3879 depe-

2013 3908 2138 3973 riit;
2170 3907 2359 3962 ardent
2404 3904 2649 3958 homines
2679 3903 2777 3967 ira,
2806 3900 2994 3955 ardent
3025 3908 3079 3955 et
3106 3900 3298 3969 gratia,
3330 3898 3425 3954 sed
3455 3901 3593 3955 alius

2013 4006 2096 4051 est
2138 3996 2317 4051 fervor
2362 3994 2644 4057 sanitatis,
2673 3992 2811 4045 alius
2856 3990 3034 4046 fervor
3081 3989 3301 4056 ult-eris,
3342 3987 3594 4044 ardentes

2016 4087 2224 4157 papula:
2252 4101 2348 4158 per
2374 4094 2543 4140 totum
2572 4093 2826 4151 concepta
2855 4079 3137 4136 homicidia
3168 4086 3396 4142 scatent,
3427 4088 3482 4133 et
3510 4094 3596 4133 sa-

2018 4196 2142 4234 num
2166 4194 2270 4233 non
2296 4188 2415 4243 est;
2445 4176 2633 4243 fervet,
2664 4174 2761 4230 sed
2791 4189 2895 4228 non
2925 4172 2992 4228 de
3018 4172 3219 4240 Spiritu
3250 4171 3364 4226 Dei.
3391 4170 3519 4225 Nam
3543 4178 3597 4225 et

2018 4269 2105 4338 qui
2136 4268 2247 4323 vult
2275 4268 2561 4323 subvenire
2582 4265 2774 4330 fervet,
2798 4272 2852 4319 et
2873 4263 2963 4333 qui
2989 4261 3101 4316 vult
3125 4260 3371 4314 occidere
3397 4258 3594 4315 fervet:

2020 4361 2112 4414 ille
2141 4367 2429 4430 praecepto,
2463 4357 2565 4413 iste
2594 4354 2818 4419 morbo;
2861 4353 2952 4408 ille
2990 4351 3145 4407 bonis
3190 4349 3467 4419 operibus,
3497 4349 3599 4404 iste

2021 4451 2248 4506 saniosis
2269 4449 2558 4505 ulceribus.
2590 4447 2648 4502 Si
2679 4460 2956 4517 possemus
2981 4443 3166 4498 videre
3194 4441 3401 4496 animas
3428 4440 3600 4496 homi-

337 4558 509 4623 simze,
536 4532 839 4611 inordinate
866 4553 1176 4619 volitantes,
1205 4551 1257 4604 in
1284 4550 1472 4604 oculos
1493 4552 1782 4610 irruentes,
1810 4560 1916 4600 non
1947 4538 1998 4600 D
2024 4544 2282 4608 cidarum,
2314 4542 2431 4611 plus
2476 4539 2849 4609 plangeremus
2898 4550 3053 4605 quam
3101 4532 3454 4601 putrescentis
3486 4547 3604 4588 cor-

339 4653 715 4719 permittentes
779 4647 1047 4701 hominem
1117 4646 1395 4715 quiescere
1449 4641 1574 4695 dum
1631 4640 1916 4709 abiguntur

339 4751 394 4795 et
419 4742 653 4804 irruunt,
682 4738 808 4793 du-n
856 4739 1061 4791 abactte
1097 4748 1283 4789 rursus
1332 4734 1557 4789 redeunt
1596 4732 1811 4803 [iterum
1849 4732 1921 4786 ir-

342 4841 527 4893 ruunt,
555 4830 687 4885 dum
728 4829 967 4898 expulsae
999 4826 1196 4880 fuerint
1242 4826 1435 4879 iterum
1478 4820 1750 4892 redeunt],
1783 4821 1923 4874 sicut

341 4923 561 4977 omnino
600 4935 732 4973 vana
782 4923 1156 4988 phantaSmata
1205 4916 1386 4971 cordis
1437 4912 1919 4968 contentiosorum.

340 5016 543 5070 Tenete
589 5019 1152 5081 prmceptum,cavete
1206 5007 1436 5075 plagam.
1484 5004 1743 5070 Quartum
1791 5018 1922 5071 prae-

341 5118 556 5176 ceptum
586 5117 669 5160 est
698 5123 710 5157 :
744 5105 958 5158 Honora
994 5113 1195 5172 patrem
1226 5108 1372 5153 tuum
1404 5108 1459 5152 et
1490 5107 1711 5150 matrem
1746 5104 1923 5149 trram:

348 5201 465 5256 huic
513 5198 783 5253 contraria
828 5203 1017 5264 quarta
1066 5191 1443 5263 [Egyptiorum
1492 5190 1641 5258 plaga
1684 5187 1929 5257 κυνόμυια

344 5300 457 5357 est;
484 5290 609 5359 quid
651 5296 735 5343 est
763 5288 1051 5358 κυνόμυιαῖ
1095 5284 1286 5337 canina
1317 5294 1523 5345 muSt-a,
1556 5277 1801 5332 Graecum
1835 5291 1927 5331 vo-

346 5380 592 5434 cabulum
624 5385 728 5432 est.
757 5376 1022 5431 Caninum
1053 5382 1137 5427 est
1166 5381 1416 5440 parentes
1462 5384 1566 5422 non
1608 5380 1923 5437 agnoscere,

350 5472 478 5525 nihil
509 5479 618 5524 tam
649 5469 899 5524 caninum
927 5481 1090 5535 quam
1120 5479 1241 5517 cum
1274 5462 1347 5515 illi
1373 5460 1461 5530 qui
1488 5466 1787 5530 genuerunt
1818 5472 1924 5511 non

352 5572 711 5634 agnoscuntur
734 5601 751 5627 ,
786 5559 981 5613 merito
1010 5569 1140 5624 ergo
1165 5562 1219 5607 et
1260 5552 1419 5607 catuli
1450 5564 1640 5605 canum
1669 5548 1796 5602 caeci
1828 5561 1926 5600 na-

355 5665 591 5709 scuntur.
639 5653 897 5719 Quintum
929 5654 1258 5717 praeceptum
1304 5652 1425 5698 est:
1458 5641 1573 5697 Non
1621 5638 1927 5694 mmchabe-

356 5746 463 5810 ris;
493 5743 679 5815 quinta
711 5742 864 5813 plaga
908 5747 988 5794 est
1018 5749 1162 5792 mors
1211 5733 1265 5789 in
1305 5748 1496 5802 pecora
1529 5729 1925 5800 Egyptiorum.

2030 4651 2154 4705 pora
2206 4635 2582 4688 ulceratorum.
2635 4630 2922 4698 Sequitur:
2963 4625 3076 4680 Non
3121 4621 3422 4685 furaberis,
3468 4637 3606 4692 prte-

2028 4736 2239 4796 ceptum
2268 4725 2576 4794 septimum,
2596 4731 2648 4776 et
2676 4720 2824 4790 plaga
2852 4716 3077 4785 septima
3108 4712 3311 4786 grando
3336 4710 3389 4766 in
3422 4712 3609 4766 fructi-

2031 4819 2160 4880 bus;
2191 4817 2331 4887 quod
2359 4826 2541 4871 contra
2572 4820 2898 4884 praeceptum
2927 4808 3045 4880 [per
3074 4808 3270 4861 furtum
3299 4812 3483 4860 contra
3514 4804 3609 4860 Dei

2032 4904 2379 4977 praeceptum]
2409 4903 2685 4965 subducis,
2715 4900 2782 4955 de
2829 4898 2970 4953 etelo
3015 4895 3214 4965 perdis.
3265 4893 3436 4950 Nemo
3464 4896 3607 4949 enim

2032 4999 2193 5054 habet
2221 4997 2474 5067 iniustum
2506 4995 2711 5049 lucrum
2742 4991 2856 5046 sine
2874 4990 3020 5060 justo
3047 4988 3243 5042 damno
3300 4984 3455 5041 Verbi
3483 4999 3608 5052 gra-

2031 5092 2123 5156 tia,
2154 5089 2243 5157 qui
2272 5088 2477 5141 furatur
2512 5082 2741 5154 acquirit
2787 5089 3015 5146 vestem,
3043 5077 3136 5133 sed
3180 5075 3383 5131 caelesti
3409 5071 3610 5142 judicio

2032 5180 2228 5234 amittit
2250 5179 2441 5242 fidem;
2471 5174 2558 5230 ubi
2594 5175 2820 5237 lucrum,
2843 5171 2913 5228 ibi
2940 5170 3213 5232 damnum,
3245 5159 3616 5219 visibiliterlu-

2031 5286 2205 5338 crum,
2231 5268 2574 5324 invisibiliter
2595 5264 2880 5319 damnum:
2908 5262 3111 5315 lucrum
3136 5259 3203 5311 de
3224 5269 3317 5309 sua
3344 5253 3609 5338 caecitate,

2032 5335 2283 5415 damn-um
2300 5360 2366 5413 de
2380 5356 2589 5412 Domini
2606 5356 2763 5409 nube.
2794 5352 2973 5419 Neque
2988 5348 3127 5403 enim
3141 5344 3334 5411 aliquid
3348 5343 3465 5397 sine
3484 5335 3613 5395 Pro-

2034 5454 2290 5517 videntia,
2304 5447 2607 5505 charissimi
2625 5464 2637 5500 :
2654 5453 2746 5499 aut
2761 5442 2976 5498 evenire
2995 5436 3188 5507 putatis
3202 5447 3260 5486 ea
3279 5446 3399 5501 qua:
3416 5428 3616 5499 patiun-

2034 5556 2119 5601 tur
2150 5544 2419 5609 homines,
2452 5541 2749 5595 dormiente
2780 5533 2890 5587 Deo
2913 5529 3019 5600 pati
3045 5528 3107 5581 ﬂ?
3134 5525 3334 5579 Passim
3366 5524 3617 5579 videntur

2036 5638 2149 5693 ﬁeri
2183 5636 2328 5700 haec,
2359 5633 2526 5688 nubes
2552 5625 2761 5693 colligi,
2791 5621 2991 5675 imbres
3036 5615 3274 5683 infundi,
3304 5614 3615 5686 grandinem

2035 5726 2160 5796 jaci,
2191 5723 2440 5781 tonitruis
2472 5732 2667 5776 terram
2708 5707 2946 5777 concuti,
2987 5705 3360 5762 coruscatimie
3404 5703 3614 5766 terreri,
