3990 6180
481 346 581 404 ’127

1541 346 1601 401 D.
1636 340 1959 400 EUGYPPII
2003 339 2294 397 ABBATIS
2332 340 2656 397 AFRICAM

3618 347 3707 404 728

478 463 677 533 passim
706 469 957 529 putantur
991 458 1123 523 fieri,
1157 468 1203 512 et
1237 458 1385 527 quasi
1414 456 1478 511 ad
1502 456 1737 511 divinam
1768 453 2057 523 providen-
2091 458 2135 515 Α
2164 456 2347 522 corde,
2380 458 2591 511 etiamsi
2614 460 2811 527 jUslam
2844 456 2913 509 ibi
2944 457 3341 512 successione'n
3373 474 3587 527 quaeras,
3618 477 3707 517 non

477 556 605 608 tiam
641 568 745 608 non
776 556 1069 621 pertinere.
1101 551 1297 603 Contra
1332 550 1463 603 tales
1503 547 1850 615 cogitationes
1880 545 2062 613 vigilat

476 644 567 698 llic
592 642 865 713 psalmus:
893 642 1124 695 Laudate
1172 642 1452 694 Dominum
1481 640 1549 694 de
1582 648 1723 693 terra
1748 680 1761 701 ,
1791 651 1912 690 cum
1946 635 2060 688 lau-

473 739 570 791 des
595 737 755 792 dictae
785 746 965 790 essent
995 735 1061 788 de
1087 736 1247 799 caelo,
1280 733 1543 787 dracones
1564 739 1620 787 et
1640 745 1829 785 onmes
1852 728 2053 799 abyssi,

474 826 629 896 ignis.
661 826 885 894 grando,
920 826 1031 889 nix,
1064 824 1284 893 glacies,
1315 825 1532 893 spiritus
1562 822 1913 891 tempestatis,
1937 836 2055 889 qure

472 919 674 974 faciunt
722 917 941 972 verbum
986 918 1122 986 ejus.
1158 918 1297 985 Ergo
1327 918 1417 986 qui
1466 931 1563 970 suo
1604 916 1745 969 malo
1786 914 2055 968 desiderio

470 1010 766 1064 forinsecus
799 1009 1063 1075 furantur,
1097 1009 1189 1065 Dei
1224 1010 1429 1078 judicio
1468 1009 1793 1063 intrinsecus
1837 1006 2051 1075 grandi-

469 1110 684 1157 nztntur.
734 1102 779 1155 0
824 1102 867 1155 si
916 1112 1133 1170 possent
1175 1102 1438 1169 inspicere
1487 1114 1671 1169 agrum
1720 1100 1898 1154 cordis
1944 1099 2046 1161 sui,

468 1191 707 1260 profecto
756 1192 1017 1262 lugerent,
1050 1192 1174 1246 dum
1208 1192 1275 1247 ibi
1330 1207 1434 1245 non
1484 1192 1787 1245 invenirent
1826 1192 1963 1257 quoi
1995 1192 2045 1242 in

463 1297 531 1335 os
573 1284 769 1337 mentis
808 1283 1118 1346 mitterent;
1149 1292 1201 1336 et
1231 1282 1276 1337 si
1321 1286 1372 1336 in
1422 1282 1563 1335 furto
1604 1297 1701 1335 suo
1748 1281 2047 1334 invenirent

463 1372 605 1441 quod
639 1372 691 1425 in
727 1371 1031 1425 aviditatem
1078 1372 1281 1426 ventris
1329 1372 1622 1436 mitterent,
1657 1370 1829 1439 major
1878 1372 2043 1425 fames

465 1474 609 1518 esset
638 1462 875 1517 hominis
907 1463 1178 1517 interioris
1202 1503 1219 1527 ,
1254 1463 1423 1531 major
1455 1461 1624 1517 fames
1644 1503 1658 1528 ,
1694 1462 2045 1530 periculosior

464 1557 616 1628 plaga
662 1566 716 1611 et
762 1558 976 1625 gravior
1006 1571 1170 1610 mors.
1219 1556 1365 1611 Multi
1425 1558 1618 1611 mortui
1665 1557 1955 1621 ambulant,
1989 1567 2043 1612 et

462 1650 611 1703 inulti
656 1646 940 1702 facinorosi
970 1648 1036 1701 de
1067 1648 1216 1702 vanis
1247 1648 1443 1702 divitiis
1476 1648 1763 1702 exsultant.
1804 1648 2039 1716 Denique

458 1754 671 1794 servum
718 1738 808 1793 Dei
840 1738 1115 1806 Scriptura
1161 1738 1302 1792 intus
1331 1738 1650 1807 locupletem
1683 1739 1807 1793 dicit
1841 1756 1852 1790 :
1896 1740 2033 1793 Abs-

2167 547 2308 599 licet.
2343 548 2578 617 Denique
2623 550 2711 616 qui
2745 550 2926 601 volunt
2972 562 3056 601 res
3094 550 3295 602 alienas
3328 558 3561 614 tanquam
3586 552 3709 617 juste

2164 643 2457 710 possidere,
2493 643 2737 696 lueredes
2778 658 2837 696 se
2883 652 3127 709 «ιυςρτυηῑ
3159 643 3273 695 fieri
3306 658 3332 695 a
3359 644 3705 699 morientibus.

2160 736 2295 800 Quid
2329 736 2469 788 enim
2504 745 2609 789 tam
2633 738 2833 803 justam
2868 736 3100 799 videtur,
3124 752 3281 804 quam
3314 752 3422 790 rem
3450 737 3544 791 sibi
3572 738 3706 791 dere-

2160 827 2337 879 lctam
2390 828 2683 894 pOssiderc,
2719 828 2916 883 habere
2941 829 3061 897 jure
3092 830 3398 881 communi?
3427 828 3558 895 Quid
3587 831 3707 898 apud

2158 929 2209 972 te
2234 918 2380 981 facit,
2403 918 2595 971 homo?
2615 919 2893 973 dimissum
2917 930 3000 973 est
3022 919 3171 973 mihi.
3199 918 3566 974 Hiereditatem
3591 934 3705 974 cen-

2156 1020 2371 1062 SPCIllttS
2401 1024 2539 1072 sum,
2579 1019 2951 1064 testamentum
2984 1011 3120 1081 li-go,
3153 1010 3284 1063 nihil
3316 1009 3707 1079 videturjustius

2156 1102 2250 1152 ista
2284 1114 2411 1151 voce
2458 1101 2715 1153 avaritiae.
2752 1100 2831 1154 Tu
2876 1101 3060 1155 laudas
3100 1102 3249 1168 quasi
3292 1101 3412 1169 jure
3453 1103 3707 1168 possiden-

2153 1200 2293 1252 tem,
2341 1191 2481 1244 Deus
2533 1191 2754 1244 damnat
2810 1190 3006 1258 injuste
3048 1193 3538 1259 concupiscentem.
3590 1193 3706 1248 Vide

2149 1282 2320 1351 qualis
2349 1296 2407 1333 es
2436 1282 2524 1350 qui
2555 1291 2710 1350 optas
2741 1292 2793 1336 te
2821 1282 2887 1335 ab
2933 1283 3111 1351 aliquo
3144 1283 3411 1337 lueredetn
3443 1284 3571 1338 fieri.
3602 1284 3705 1337 Non

2147 1373 2228 1426 vis
2273 1382 2328 1425 ut
2375 1372 2565 1426 habeat
2613 1373 2875 1428 hzeredes.
2920 1374 2975 1428 lu
3024 1375 3325 1429 heredibus
3371 1386 3543 1430 autem
3586 1377 3704 1431 nihil

2146 1464 2358 1518 ch-rius
2409 1464 2783 1533 primogenita.
2823 1465 3052 1519 Proinde
3100 1466 3161 1517 in“
3201 1466 3561 1535 primogenitis
3608 1468 3704 1519 tuis

2145 1557 2379 1624 punieris
2407 1556 2519 1625 qui,
2550 1556 2977 1623 concupiscendo
3006 1570 3092 1611 res
3116 1558 3343 1621 alienas,
3374 1558 3421 1611 itl
3451 1558 3586 1627 quod
3612 1558 3702 1611 thi

2137 1648 2257 1716 jure
2281 1661 2385 1701 non
2410 1647 2705 1703 debebatur
2733 1648 2882 1715 quasi
2910 1648 3047 1716 juris
3071 1649 3312 1701 umbram
3348 1649 3623 1717 perquiris.
3647 1649 3704 1702 Et

2143 1741 2295 1796 facile
2316 1750 2395 1796 est
2413 1742 2648 1812 quidem,
2676 1741 2887 1799 fratres.
2911 1742 3321 1809 corporabillter
3343 1744 3583 1797 amittere
3604 1742 3702 1810 pri-

456 1829 721 1894 conditus,
768 1829 962 1897 inquit,
1010 1828 1187 1882 cordis
1228 1829 1389 1883 vestri
1439 1828 1620 1895 homo,
1650 1832 1739 1899 qui
1785 1839 1868 1884 est
1916 1839 2039 1885 ante
2074 1824 2116 1883 Β
2144 1832 2457 1901 tnogenitos.
2493 1834 2786 1887 Moriuntur
2814 1833 2955 1887 enim
2989 1832 3254 1899 homines,
3305 1836 3423 1891 sive
3466 1847 3581 1889 ante
3621 1848 3702 1903 pas

455 1918 624 1972 Deum
675 1918 859 1973 dives?
904 1934 1009 1972 non
1065 1930 1189 1973 ante
1245 1918 1488 1973 homines
1538 1920 1725 1986 dives,
1768 1922 1861 1975 sed
1911 1933 2033 1977 ante

457 2011 619 2067 Deum
670 2014 852 2077 dives;
912 2023 963 2067 et
1018 2013 1105 2065 ubi
1158 2013 1297 2067 Deus
1344 2012 1485 2065 videt
1542 2014 1611 2067 ibi
1666 2015 1837 2069 dives.
1893 2016 2029 2082 Quid

454 2116 583 2173 ergo
643 2103 736 2158 tibi
799 2104 1014 2174 prodest
1077 2106 1123 2159 si
1179 2106 1266 2158 ubi
1320 2104 1481 2159 homo
1539 2120 1641 2158 non
1691 2106 1836 2161 videt
1889 2107 2029 2160 fura-

451 2196 555 2266 tis,
589 2210 643 2255 et
684 2200 773 2254 ubi
816 2201 952 2255 Deus
994 2202 1136 2254 videt
1182 2200 1552 2270 grandinaris?
1590 2202 1849 2253 Octavum
1892 2214 2028 2268 prae—

448 2300 693 2358 ceptum:
751 2289 966 2345 Falsum
1023 2290 1383 2345 testimonium
1444 2305 1546 2341 non
1607 2288 1793 2353 dices;
1845 2299 2027 2343 octava

448 2376 891 2448 plaga,locusta,
926 2379 1119 2433 animal
1171 2378 1331 2433 dente
1380 2379 1615 2433 noxium.
1665 2379 1799 2445 Quid
1850 2390 2027 2435 autem

445 2471 557 2524 vult
588 2469 751 2524 falsus
782 2470 950 2536 testis,
974 2470 1073 2525 nisi
1098 2484 1291 2525 nocere
1318 2471 1612 2526 mordendo
1638 2481 1693 2526 et
1714 2486 2028 2528 consumere

444 2562 775 2617 mentiendo.
813 2562 1049 2632 Denique
1077 2565 1370 2618 admonens
1402 2563 1644 2618 homines
1678 2565 1770 2618 Dei
1802 2569 2028 2634 Aposto-

441 2651 544 2717 lus,
567 2666 634 2706 ne
658 2666 717 2707 se
744 2652 892 2707 falsis
914 2654 1375 2708 criminationibus
1406 2663 1655 2723 appetant
1689 2656 1779 2729 [ne
1808 2671 1904 2711 nos
1930 2657 2026 2710 fa!-

439 2745 749 2801 criminibus
798 2745 1175 2818 appetamus]:
1211 2746 1265 2802 Si
1308 2747 1583 2815 mordctis,
1618 2747 1805 2817 inquit,
1853 2759 1906 2803 et
1935 2764 2025 2804 co-

410 2838 651 2893 .tneditis
679 2839 927 2903 invicem,
958 2840 1130 2895 videte
1158 2855 1224 2894 ne
1250 2840 1315 2894 ab
1356 2840 1581 2895 invicem
1611 2843 2018 2896 consumamini.

437 2928 641 2984 Nonum
695 2944 1024 3000 praeceptum
1073 2942 1188 2986 est:
1242 2932 1357 2986 Non
1407 2934 1753 3000 concupisces
1802 2949 2020 2988 uxorem

439 3021 665 3085 proximi
702 3022 775 3075 tui
807 3039 819 3086 ;
856 3037 993 3075 nona
1029 3022 1182 3091 plaga
1212 3064 1227 3087 ,
1272 3022 1455 3076 densa:
1504 3026 1757 3077 tenebraa.
1813 3023 2019 3078 Etenim

435 3124 515 3168 est
542 3114 786 3184 qumdutn
818 3116 1069 3177 tittecltirt,
1094 3124 1277 3167 contra
1309 3130 1465 3182 quam
1499 3129 1658 3182 supra
1691 3124 2014 3183 prmccptum

2137 1932 2315 1976 rentes
2344 1937 2498 1989 suos,
2532 1924 2649 1978 sive
2682 1933 2799 1989 post
2830 1935 3082 1994 parentes
3111 1940 3235 1980 suos
3258 1968 3271 1988 .
3292 1964 3300 1969 -
3322 1929 3565 1980 morituri
3600 1946 3700 1982 Πιο-

2137 2015 2368 2077 riuntur,
2413 2014 2540 2069 illud
2588 2016 2871 2069 molestum
2918 2026 3029 2079 est,
3062 2032 3127 2071 ne
3159 2032 3253 2085 per
3284 2017 3423 2072 hanc
3457 2022 3699 2075 occultant

2134 2112 2188 2157 et
2235 2104 2481 2173 injustam
2525 2105 3012 2169 concupiscentiam
3047 2107 3406 2175 primogenita
3438 2110 3605 2163 cordis
3636 2114 3697 2165 tui

2136 2196 2348 2265 perdas.
2374 2195 2762 2264 Primogeuittts
2793 2198 2935 2251 enim
2974 2196 3024 2250 in
3055 2198 3206 2252 nobis
3238 2199 3520 2268 imaginem
3553 2202 3694 2255 habet

2133 2285 2315 2354 gratim
2352 2286 2441 2339 Dei
2470 2327 2483 2349 ,
2516 2301 2683 2339 novus
2716 2295 2868 2340 natus
2897 2328 2909 2351 ,
2942 2290 3087 2355 prior
3115 2298 3270 2341 natos
3294 2330 3307 2352 ,
3349 2292 3485 2344 inter
3530 2306 3698 2344 omnes

2134 2385 2383 2444 tanquam
2414 2386 2564 2429 natos
2592 2419 2605 2439 ,
2638 2377 2816 2430 cordis
2846 2378 3015 2431 nostri
3043 2381 3407 2449 primogenita
3442 2382 3567 2437 lides
3593 2393 3691 2446 est;

2132 2483 2287 2521 nemo
2329 2469 2471 2520 enim
2520 2468 2658 2521 bene
2704 2478 2959 2533 operatur
3006 2471 3103 2523 nisi
3158 2472 3290 2525 ﬁdes
3344 2472 3693 2542 prmeess-erit:

2129 2562 2305 2611 Omnia
2338 2573 2496 2628 opera
2545 2568 2628 2613 tua
2673 2561 2838 2625 bona,
2885 2562 2973 2614 filii
3006 2563 3077 2615 tui
3115 2574 3239 2616 sunt
3280 2565 3585 2633 spiritales,
3614 2566 3694 2620 sed

2128 2648 2265 2703 inter
2297 2652 2393 2704 hos
2440 2651 2528 2704 tibi
2579 2652 2931 2719 primogenita
2977 2664 3057 2706 est
3105 2654 3269 2719 fides;
3304 2656 3550 2725 quisquis
3595 2673 3692 2710 rem

2128 2742 2355 2797 alienam
2402 2743 2608 2796 occolte
2655 2741 3007 2811 concupiscis,
3040 2745 3263 2798 interius
3317 2746 3481 2802 fidem
3515 2748 3690 2816 perdis.

2128 2833 2247 2886 Eris
2295 2832 2434 2886 enim
2483 2832 2652 2900 primo
2697 2834 2811 2886 sine
2851 2833 3013 2886 dubio
3062 2834 3342 2889 simulator
3371 2878 3385 2903 ,
3418 2838 3690 2906 obsequens

2126 2939 2230 2977 non
2277 2924 2538 2977 cltaiitite
2567 2924 2659 2977 sed
2705 2922 2910 2985 fraude,
2946 2925 3104 2977 veluti
3153 2941 3347 2981 amans
3396 2944 3511 2982 eunt
3542 2944 3568 2982 a
3598 2942 3690 2997 quo

2126 3025 2176 3069 te
2204 3018 2357 3085 cupis
2404 3018 2513 3067 tieri
2549 3016 2814 3069 hacredem
2843 3056 2856 3077 ,
2890 3016 3117 3069 amando
3148 3032 3270 3070 eum
3303 3020 3449 3072 mori
3494 3020 3686 3087 quartis.

2124 3116 2260 3159 etut
2292 3108 2342 3157 in
2371 3121 2429 3159 re
2478 3106 2593 3173 ejus
2633 3114 2683 3159 te
2730 3106 2912 3160 videas
2960 3121 3357 3174 possessorem,
3384 3108 3456 3163 illi
3505 3109 3688 3163 invich

433 3214 536 3272 cst,
570 3207 731 3259 etiam
762 3205 812 3258 in
845 3222 947 3258 nou
982 3206 1274 3270 appetenda
1307 3208 1551 3259 castitate
1583 3206 1766 3258 uxoris
1805 3206 2011 3259 alienre.
2045 3195 2092 3257 C
2124 3211 2510 3251 successorem.
2542 3198 2661 3249 Eia!
2692 3197 2902 3261 fratres,
2934 3199 3172 3252 decursis
3198 3199 3395 3254 decem
3430 3203 3686 3269 precantis

434 3295 673 3351 Milichus
719 3302 802 3347 est
850 3296 989 3347 enim
1038 3296 1126 3363 qui
1159 3310 1263 3347 non
1313 3298 1349 3348 it
1386 3295 1450 3349 ad
1492 3310 1715 3349 uxorem
1765 3296 2013 3361 alienam,

432 3395 635 3441 tantum
665 3386 785 3453 quia
816 3400 921 3439 non
962 3395 1244 3440 contentus
1281 3397 1361 3441 est
1400 3402 1514 3439 sua.
1568 3386 1686 3440 Jam
1732 3404 1859 3441 vt-ro
1910 3405 2013 3442 non

432 3477 603 3531 solum
639 3487 754 3543 post
783 3489 933 3529 suam
980 3490 1232 3545 peccare,
1262 3478 1355 3531 sed
1385 3479 1543 3531 etiam
1576 3480 1801 3534 alienam
1847 3493 2015 3535 atten-

433 3580 568 3633 tare,
596 3582 723 3624 vere
750 3569 928 3623 densa:
956 3578 1079 3622 sunt
1114 3570 1367 3624 tenebor.
1403 3571 1542 3625 Nihil
1576 3578 1718 3626 en'tn
1763 3576 1839 3628 sic
1869 3576 2016 3629 dolet

432 3665 485 3715 iit
513 3661 673 3716 corde
707 3663 953 3730 patientis
982 3679 993 3727 ;
1029 3673 1082 3716 et
1113 3663 1200 3731 qui
1254 3663 1353 3716 hoc
1400 3663 1524 3717 facit
1555 3664 1737 3733 alteri,
1776 3666 1902 3719 nihil
1938 3669 2013 3721 sic

431 3752 577 3805 volet
602 3752 732 3821 pati.
762 3752 839 3805 Ad
872 3752 1100 3806 alienam
1131 3754 1365 3820 paratior
1389 3762 1471 3807 est
1498 3755 1670 3809 omnis
1698 3754 1877 3808 homo:
1915 3758 2013 3811 huc

428 3855 604 3896 autem
637 3841 817 3897 nescio
861 3856 1105 3897 u'rutnue
1142 3851 1224 3896 est
1261 3845 1351 3911 qui
1402 3845 1753 3899 tolerabiliter
1784 3848 1933 3900 forat.
1968 3847 2012 3903 Ο

427 3934 623 3988 densas
668 3932 912 3987 tenebras
954 3933 1052 3987 ista
1088 3933 1427 4002 facientium,
1461 3936 1583 3988 talia
1628 3940 2011 4007 concupiscen-

427 4032 559 4083 tiuui
589 4026 601 4079 !
634 4043 761 4082 vere
792 4038 1131 4082 exerceantur
1162 4027 1341 4082 furore
1374 4029 1614 4081 horribili
1644 4048 1654 4081 ;
1690 4029 1838 4083 furor
1866 4032 2007 4085 enim

426 4118 716 4177 indomitus
770 4131 852 4177 est
906 4123 1223 4176 conculcarc
1282 4121 1376 4174 viri
1435 4137 1677 4175 uxorem.
1732 4122 2006 4178 Decimum

427 4222 747 4282 praeceptum
780 4225 892 4267 est:
923 4211 1035 4267 Non
1067 4212 1415 4281 concupisces
1446 4213 1604 4265 ollim
1637 4228 1747 4267 rem
1782 4213 2003 4281 proximi

426 4304 498 4357 tui
524 4342 541 4369 ,
574 4320 680 4359 non
721 4319 902 4371 pecus,
934 4320 1039 4358 non
1079 4306 1503 4373 possessionem,
1540 4321 1642 4359 non
1690 4306 2002 4375 subjugutu;

423 4411 531 4450 non
578 4396 774 4465 aliquid
826 4397 1045 4451 omnino
1092 4397 1317 4464 proximi
1362 4398 1433 4449 tui
1468 4396 1837 4463 concupiscas.
1872 4397 2004 4451 lluic

418 4488 564 4545 malo
611 4488 906 4563 [mandato]
960 4488 1112 4559 plaga
1162 4490 1426 4541 contraria
1474 4498 1555 4542 est
1592 4488 1829 4554 decima,
1858 4505 2001 4543 mors

2122 3297 2173 3339 et
2190 3288 2373 3341 decem
2398 3289 2581 3355 plagis,
2596 3301 2971 3353 comparantes
2988 3299 3399 3357 contemptores
3419 3300 3683 3360 przecepto-

2122 3392 2237 3429 rum
2285 3378 2635 3429 contumacia:
2666 3375 3057 3446 IEgyptiorum,
3093 3390 3277 3432 cautos
3310 3396 3414 3435 vos
3461 3381 3681 3443 fecimus,

2123 3480 2174 3519 ut
2208 3468 2448 3521 habeatis
2476 3467 2651 3519 securi
2683 3482 2767 3521 res
2803 3480 3011 3520 vestras
3044 3471 3093 3522 in
3131 3476 3422 3539 prmcteptis
3453 3474 3579 3527 Dei:
3612 3487 3684 3525 res

2122 3567 2347 3619 vestras,
2376 3556 2611 3624 inquam,
2644 3572 2728 3610 res
2755 3557 3023 3613 interioris
3063 3576 3201 3614 arere
3229 3572 3450 3627 vestra},
3482 3564 3683 3617 interio-

2118 3650 2191 3701 ris
2219 3645 2453 3700 thesauri
2481 3646 2663 3712 vestri,
2690 3663 2775 3702 res
2806 3665 2935 3716 quis
2966 3652 3114 3705 vobis
3144 3667 3241 3706 nec
3269 3654 3383 3719 fur,
3418 3669 3511 3710 nec
3542 3656 3682 3717 lattro,

2120 3756 2216 3795 nec
2263 3739 2468 3793 vicinus
2517 3750 2707 3806 potens
2736 3740 2951 3811 [malus]
2985 3742 3152 3809 possit
3199 3743 3443 3807 auferre,
3476 3746 3560 3800 ubi
3599 3760 3684 3799 nec

2116 3835 2256 3886 tinea
2305 3847 2402 3886 nec
2452 3832 2639 3900 rubigo
2687 3833 2971 3887 metuenda
3022 3844 3122 3899 est,
3152 3850 3272 3889 cum
3325 3840 3524 3907 quibus
3552 3838 3683 3893 dives

2115 3923 2223 3977 exit
2265 3932 2318 3977 et
2362 3924 2653 3991 naufragus
2679 3941 2689 3974 :
2721 3924 2797 3977 sic
2825 3923 2967 3978 enim
2997 3926 3148 3981 eritis
3178 3929 3408 3996 populus
3443 3932 3532 3985 Dei
3560 3930 3683 3984 inter

2114 4014 2325 4082 iniquos
2360 4013 2675 4084 Egyptios,
2706 4013 2811 4067 illis
2857 4015 2971 4068 haec
3021 4017 3071 4070 in
3127 4020 3292 4074 corde
3351 4022 3680 4090 patientibus,

2110 4106 2264 4158 vobis
2316 4114 2493 4158 autem
2544 4104 2922 4173 incolumibus,
2956 4109 3007 4162 in
3042 4109 3169 4177 ipsis
3215 4111 3565 4171 interioribus
3593 4118 3680 4169 ho-

2112 4200 2344 4254 minibus
2374 4200 2586 4265 vestris,
2606 4200 2779 4257 donec
2806 4200 3069 4277 educatur
3098 4207 3326 4273 populus
3366 4210 3435 4263 de
3463 4208 3681 4280 {Egypto

2108 4292 2338 4359 quodam
2394 4290 2578 4344 Exodo
2624 4305 2741 4355 suo,
2774 4292 2915 4360 quod
2947 4304 3003 4347 et
3050 4296 3139 4362 lit,
3174 4311 3294 4349 naut
3355 4299 3482 4353 illud
3526 4300 3678 4353 semel

2108 4380 2302 4434 factum
2331 4390 2413 4433 est
2438 4424 2451 4446 ,
2486 4380 2584 4433 hoc
2618 4395 2721 4435 non
2750 4391 2925 4436 cessat
2962 4383 3098 4437 lieri.
3149 4384 3519 4441 Sanctificatio
3547 4390 3675 4441 nulla

2106 4473 2281 4527 divina
2313 4485 2364 4527 et
2395 4488 2516 4527 vera
2559 4483 2641 4527 est
2671 4475 2768 4526 nisi
2818 4490 2847 4527 a
2891 4475 3089 4541 Spiritu
3137 4487 3350 4531 san-to.
3403 4479 3517 4532 Non
3546 4481 3676 4533 cuitu

392 4562 928 4651 primogenitorum,
991 4582 1041 4633 in
1097 4594 1199 4647 qua
1256 4580 1406 4649 plaga
1472 4594 1592 4632 cum
1646 4581 2001 4648 compamio-
2033 4562 2300 4622 Dfrustra
2332 4563 2504 4617 dictus
2533 4574 2613 4616 est
2662 4565 2875 4631 proprie
2917 4565 3146 4633 Spiritus
3195 4581 3444 4633 sanctus,
3473 4586 3589 4624 cum
3616 4570 3679 4623 sit

419 4688 538 4727 nem
587 4673 867 4741 quantdaru
904 4686 1107 4740 quacro,
1145 4670 1273 4723 nihil
1316 4670 1443 4723 mihi
1480 4671 1691 4725 interim
1740 4673 1995 4736 occurrit,

421 4762 659 4815 fortassis
691 4771 935 4815 occurrat
983 4762 1173 4816 melius
1216 4760 1632 4830 diligentiusque
1678 4762 1998 4831 inquirenti-

417 4855 533 4916 bus,
562 4854 660 4906 nisi
688 4853 775 4921 qui
801 4868 988 4906 omnes
1018 4869 1103 4908 res
1131 4867 1261 4922 quas
1288 4854 1448 4908 habet
1473 4852 1772 4907 liznredibus
1796 4866 1991 4920 servat,

413 4940 841 5008 reprehenditur.
890 4942 984 4996 llic
1038 4954 1214 4997 autem
1256 4945 1451 4998 clamat
1489 4945 1577 5009 qui
1614 4960 1724 4998 rem
1767 4944 1991 5013 proximi

410 5034 757 5101 concupiscit,
781 5044 835 5087 et
860 5034 945 5097 qui
978 5035 1113 5087 l'urto
1140 5035 1329 5097 aufert,
1357 5045 1410 5091 et
1440 5038 1525 5105 qui
1560 5038 1764 5089 furatur
1792 5038 1985 5106 aliquid

412 5124 659 5195 proximi,
693 5139 797 5177 ttOn
833 5135 1006 5191 potest
1040 5128 1135 5179 nisi
1172 5142 1283 5179 rem
1316 5129 1539 5196 proximi
1576 5128 1766 5191 furari;
1801 5130 1892 5183 sed
1924 5130 1989 5181 de

410 5216 551 5269 furto
580 5216 829 5283 superius
855 5214 963 5281 jam
992 5224 1319 5283 przeceptum
1353 5228 1469 5280 est;
1502 5216 1589 5270 ubi
1626 5216 1888 5284 intelligas
1933 5227 1990 5271 et

404 5307 642 5375 rapinam
674 5323 685 5359 :
714 5321 818 5359 non
847 5306 986 5359 enim
1014 5305 1081 5359 de
1112 5306 1249 5358 furto
1282 5307 1594 5373 praeciperet
1623 5317 1675 5360 et
1704 5308 1771 5360 de
1802 5306 1984 5375 rapina

405 5406 605 5452 taceret
648 5398 949 5465 Scriptura,
984 5397 1082 5450 nisi
1135 5408 1186 5450 te
1238 5396 1533 5465 intelligere
1579 5399 1833 5450 voluisset
1863 5397 1986 5465 quia

400 5489 447 5539 si
483 5487 690 5557 ptenale
719 5498 797 5542 est
829 5490 1073 5541 clanculo
1104 5489 1337 5552 auferre,
1368 5491 1532 5541 multo
1564 5489 1782 5554 majoris
1810 5502 1984 5551 patuit:

399 5588 482 5632 est
512 5581 772 5636 violenter
818 5585 1050 5649 eripere.
1110 5581 1338 5635 Auferre
1367 5596 1492 5650 ergo
1525 5581 1724 5634 nolenti
1754 5578 1865 5634 sive
1894 5594 1984 5633 oc—

397 5667 539 5722 culte
590 5671 703 5725 sive
756 5674 925 5737 palam
978 5673 1134 5726 habet
1168 5682 1487 5741 pr:et:cptum
1536 5686 1714 5725 suum.
1769 5669 1979 5730 Concd-

399 5760 600 5817 piscere
648 5768 821 5813 autem
876 5778 987 5817 retu
1040 5767 1295 5832 proximi,
1347 5765 1488 5835 quod
1535 5773 1685 5819 notat
1739 5763 1874 5820 Deus
1922 5764 1975 5817 in

2107 4666 2161 4708 et
2212 4654 2365 4707 Pater
2410 4665 2627 4708 sanctus
2667 4664 2721 4708 et
2755 4655 2918 4708 Filius
2964 4666 3220 4724 sanctus,
3272 4676 3470 4715 nomen
3515 4672 3677 4714 tamen

2103 4748 2377 4815 proprium
2415 4747 2513 4802 hoc
2541 4746 2769 4817 Spiritus
2799 4749 3028 4818 accepit,
3065 4760 3123 4803 ut
3154 4752 3308 4805 trrtia
3344 4753 3397 4806 in
3428 4752 3677 4806 Triuitate

2103 4852 2331 4907 persona
2380 4839 2610 4906 Spiritus
2659 4851 2877 4894 sanctus
2926 4842 3217 4896 diceretur.
3251 4843 3367 4912 Ipse
3397 4844 3677 4913 requiescit

2098 4944 2261 4997 Super
2291 4932 2542 4984 humilem
2582 4941 2630 4985 ct
2663 4933 2898 5001 quietum
2943 4944 3193 5004 tauquam
3224 4937 3275 4991 in
3310 4939 3535 4993 sabbato
3560 4953 3670 4993 suo.

2102 5021 2178 5073 Ad
2214 5021 2310 5075 hoc
2356 5024 2689 5089 septenarius
2737 5039 2992 5078 numerus
3027 5031 3188 5080 etiam
3241 5039 3431 5084 sancto
3462 5029 3672 5098 Spiritui

2098 5113 2262 5180 deput
2300 5123 2405 5177 tur,
2428 5116 2530 5185 71
2570 5118 2668 5169 hoc
2700 5116 2991 5183 Scriptura
3036 5129 3231 5174 nostra:
3262 5123 3393 5177 satis
3425 5122 3668 5177 indicant.

2100 5203 2342 5258 Viderint
2373 5208 2590 5259 meliora
2624 5209 2869 5263 meliores
2901 5220 2950 5261 et
3000 5210 3201 5279 majora
3254 5213 3505 5281 majores.
3536 5216 3671 5268 etde

2097 5296 2198 5347 isto
2227 5298 2529 5363 septenario
2562 5314 2781 5352 numero
2830 5302 3080 5354 subtilius
3133 5304 3328 5371 aliquid
3358 5314 3414 5359 et
3448 5303 3670 5357 divinius

2094 5387 2294 5454 aliquid
2326 5388 2501 5441 dicant
2534 5403 2585 5441 et
2613 5390 2899 5457 explicent.
2937 5392 3044 5460 Ego
3076 5401 3252 5447 tamen
3285 5396 3426 5463 quod
3463 5396 3514 5448 in
3544 5408 3672 5464 praz~

2092 5482 2229 5534 senti
2260 5491 2340 5535 sat
2370 5492 2453 5536 est
2484 5483 2609 5537 illud
2638 5485 2813 5550 video,
2836 5485 2961 5538 illud
2993 5502 3090 5539 vos
3116 5488 3181 5540 ad
3216 5488 3501 5541 videndum
3529 5502 3665 5542 com-

2092 5592 2352 5643 memoro,
2390 5581 2744 5647 scptcnariam
2792 5583 2948 5633 istam
2989 5582 3252 5636 rationem
3288 5580 3517 5636 inveniri
3551 5596 3671 5649 pro~

2091 5670 2202 5736 prie
2251 5680 2435 5724 sancto
2486 5671 2706 5739 Spiritui
2756 5672 3086 5740 deputatam,
3136 5674 3259 5739 quia
3308 5674 3539 5737 septimo
3581 5672 3664 5723 die

2086 5774 2235 5817 sonat
2268 5763 2634 5817 sanctificatio.
2657 5763 2715 5817 Et
2750 5764 2887 5818 unde
2911 5767 3198 5834 probamus
3228 5774 3410 5839 sancto
3442 5761 3659 5833 Spiritui
