3974 6184
241 307 332 362 7‘29

1432 294 1864 353 THESAURUS.
1905 291 2053 350 CAP.
2104 297 2186 352 CX
2202 297 2286 353 Vl.

3398 308 3500 362 750

240 417 466 490 deputari
509 418 867 487 septenariam
904 417 1112 472 numeri
1157 417 1450 471 rationem?
1479 415 1616 468 Dicit
1647 415 1811 468 Isaias
1845 412 1894 470 Α
1925 411 2018 464 tibi
2045 409 2119 463 dii
2150 413 2236 464 alii
2272 423 2470 477 prmtcr
2500 428 2626 469 me:
2661 415 2746 469 cui
2775 417 3039 469 contraria
3073 416 3224 486 plaga
3255 427 3337 472 est
3366 435 3499 488 aqua

241 514 479 582 Spiritum
518 510 607 564 Dei
653 508 835 562 venire
874 523 1036 576 super
1069 507 1306 571 ﬁdelem,
1339 520 1502 575 super
1551 501 1809 556 Christia.

240 617 354 658 num
380 644 395 665 ,
425 616 588 668 super
631 598 828 653 Christi
878 605 1178 651 membrum
1207 641 1220 660 ,
1271 596 1548 666 sapientiae
1575 604 1626 648 et
1659 591 1814 644 intel-

239 699 416 758 lectus,
449 691 660 746 consilii
711 701 765 746 et
813 690 1169 752 fortitud'nis,
1205 689 1447 743 scientia:
1497 695 1551 739 et
1599 685 1814 754 pietatis

237 788 472 856 spiritum
505 783 717 837 timoris
741 782 856 835 Dei.
883 782 937 834 Si
970 783 1142 836 secuti
1169 783 1320 846 estis,
1350 789 1556 848 septem
1582 792 1666 831 res
1695 792 1816 844 per-

235 878 391 941 curri,
425 887 671 943 tanquam
703 873 1120 928 descendentem
1167 872 1233 926 ad
1271 887 1370 926 nos
1398 871 1659 940 Spiritum
1696 868 1813 929 ΗΘΒ

239 985 263 1022 a
284 968 542 1036 sapientia
571 981 737 1034 usque
768 966 833 1018 ad
879 965 1148 1031 timorem,
1181 973 1241 1017 ut
1282 978 1380 1017 nos
1409 962 1761 1016 ascendamus
1785 974 1814 1013 a

240 1062 424 1114 timore
451 1057 515 1110 ad
546 1057 897 1124 sapientiam;
931 1056 1141 1109 initium
1191 1053 1472 1124 sapientia
1502 1053 1665 1107 timor
1695 1051 1813 1104 Dei.

243 1153 308 1204 Ita
329 1164 460 1218 ergo
487 1145 824 1216 septenarius
856 1145 1078 1211 Spiritus
1108 1154 1162 1197 ct
1194 1158 1332 1196 unus
1362 1142 1605 1210 spiritus,
1634 1147 1816 1206 septe-

245 1241 379 1296 naria
411 1240 724 1309 operatione
755 1251 912 1300 unus,
941 1251 1006 1288 an
1051 1233 1250 1303 aliquid
1283 1233 1583 1287 evidentius
1621 1229 1820 1284 vultis?

243 1338 588 1390 Pentecosten
613 1331 752 1387 diem
777 1331 969 1385 festum
985 1329 1259 1396 Scriptum
1279 1336 1460 1380 sancta
1485 1326 1548 1379 de
1566 1325 1820 1392 septima-

244 1429 317 1480 nis
337 1426 537 1480 factum
567 1431 976 1478 commemorat.
1005 1420 1221 1474 Habetis
1252 1420 1301 1471 in
1331 1417 1604 1486 Scriptura
1634 1415 1677 1468 Τ
1681 1415 1816 1468 obire

241 1518 320 1572 ubi
344 1517 628 1572 evidenter
655 1515 853 1569 dicitur
884 1515 1042 1568 istum
1069 1513 1208 1566 diem
1241 1511 1432 1564 factum
1466 1511 1534 1564 de
1564 1510 1818 1576 septima-

244 1612 334 1662 nis.
398 1607 612 1676 Septies
666 1607 809 1660 enim
855 1615 1065 1674 septem
1122 1602 1470 1672 quadraginta
1529 1615 1720 1653 novem
1769 1597 1820 1652 in

241 1716 444 1756 summa
478 1699 723 1754 redeunt.
751 1698 858 1754 Sed
888 1709 1138 1766 tanquam
1170 1706 1225 1750 ut
1253 1690 1504 1750 redeatur
1533 1692 1598 1745 ad
1626 1700 1817 1759 caput:

1915 517 2172 557 conversa
2207 506 2256 557 in
2279 507 2619 574 sanguinein,
2647 521 2860 575 prop'er
2886 509 3026 577 quod
3053 525 3319 563 summum
3351 513 3500 578 prin—

1915 593 2112 660 cipium
2153 595 2423 649 Creatoris
2469 585 2536 649 ad
2584 597 2989 651 simulationem
3042 599 3288 654 humana:
3325 602 3504 654 carnis

1917 685 2225 738 adductum.
2245 685 2550 742 Secn'ndum
2579 701 2936 758 praeceptum:
2963 691 3036 744 Ne
3055 692 3284 757 accipias
3309 709 3500 747 nomen

1922 777 2130 830 Domini
2181 778 2270 833 Dei
2322 780 2394 832 tui
2447 781 2496 832 in
2535 797 2750 844 vaatnn,
2786 785 3048 851 pertinet,
3077 797 3329 849 quantum
3362 788 3504 839 arbi-

1919 874 2049 929 tror,
2078 868 2143 920 ad
2169 883 2388 935 regnum
2419 869 2531 931 Dei,
2558 872 2699 938 quod
2731 881 2814 926 est
2847 873 3008 926 Filius
3043 875 3154 928 Dei.
3190 875 3337 930 Unus
3360 881 3502 931 enim

1923 958 2061 1010 Deus
2104 971 2157 1011 et
2208 975 2343 1012 unus
2389 961 2643 1013 Duniuus
2689 974 2873 1016 noster
2923 965 3078 1018 Jesus
3118 963 3364 1022 Christus
3410 983 3504 1036 per

1920 1067 2077 1119 quem
2111 1053 2310 1106 omnia.
2359 1053 2556 1107 Contra
2587 1056 2806 1108 verbum
2831 1093 2846 1118 ,
2878 1070 3021 1109 rana:
3052 1097 3066 1115 .
3097 1059 3270 1113 v'dete
3317 1070 3500 1114 contra

1923 1143 2142 1196 verbum
2171 1157 2350 1208 ranas,
2375 1152 2562 1198 contra
2587 1145 2844 1200 rationem
2871 1149 3175 1215 strepitum,
3201 1159 3385 1203 contra
3414 1168 3506 1205 ve-

1926 1235 2138 1288 ritatem
2172 1237 2476 1288 vanitatem.
2511 1236 2750 1290 Tertium
2785 1249 3107 1305 print-cptum
3143 1240 3210 1292 de
3237 1241 3460 1293 sabbato
3492 1279 3506 1301 .

1925 1326 2199 1392 pertinens
2227 1326 2293 1379 ad
2323 1326 2579 1393 Spiritum
2613 1340 2853 1381 sanctum
2889 1338 3106 1397 pt'oplt'l‘
3129 1333 3510 1387 sini-tilicatio-

1925 1431 2068 1480 nern,
2096 1434 2214 1486 qua:
2239 1417 2404 1484 prima
2435 1418 2485 1470 in
2511 1419 2735 1472 sabbato
2763 1423 2960 1483 sonuit,
2997 1424 3138 1490 quod
3164 1423 3314 1476 Vobis
3345 1424 3506 1491 paulo

1925 1517 2048 1560 ante
2098 1508 2444 1562 vehementer
2482 1521 2739 1576 quantum
2793 1513 3063 1578 potuimus
3105 1513 3508 1567 commendavi-

1927 1615 2045 1652 nius
2073 1620 2082 1650 ;
2119 1600 2242 1654 huic
2277 1611 2543 1670 prazeepto
2574 1603 2841 1656 contraria
2873 1601 3184 1670 inquietudo
3231 1605 3281 1657 in
3313 1606 3509 1660 muscis

1927 1694 1994 1746 de
2042 1693 2388 1760 conuptione
2436 1693 2776 1747 nascentibus
2799 1737 2812 1758 ,
2847 1695 2898 1747 in
2931 1696 3115 1748 oculos
3148 1688 3469 1749 irruentibus
3496 1713 3509 1761 ;

243 1793 442 1861 Spiritu
472 1795 612 1845 enim
645 1799 831 1844 sancto
857 1789 920 1843 ad
973 1789 1228 1842 unitatem
1261 1783 1586 1854 colligimur,
1622 1799 1726 1836 non
1755 1783 1823 1834 ab
1862 1781 1899 1838 Β
1931 1784 2050 1837 ideo
2098 1786 2147 1836 in
2203 1786 2302 1837 hoc
2357 1785 2519 1838 tertio
2573 1787 2727 1856 signo
2783 1785 3112 1846 defecerunt,
3148 1787 3236 1854 qui
3293 1787 3514 1840 unitatis

243 1889 443 1940 unitate
492 1885 890 1953 dispergimnr:
941 1880 1181 1934 ideo-ad
1231 1875 1581 1947 quadraginta
1631 1887 1822 1926 novem

244 1980 452 2034 additur
500 1993 660 2032 unum
695 1975 946 2037 unitatis,
988 1983 1041 2027 et
1092 1973 1225 2025 [inut
1271 1964 1678 2038 quinquaginta.
1710 1963 1825 2016 Non

245 2086 360 2140 erg»
398 2071 510 2139 jam
550 2071 670 2123 sine
705 2083 867 2122 causa
907 2063 1348 2135 quinquagesimo
1373 2061 1462 2114 die
1495 2066 1614 2127 pOst
1639 2070 1829 2111 ascen-

245 2163 441 2217 sionem
495 2161 706 2215 Domiui
749 2160 894 2213 venit
943 2156 1176 2225 Spiritus
1223 2161 1463 2206 sanctus.
1515 2148 1830 2203 itesurrexit

249 2253 520 2316 Dominus,
555 2252 798 2305 ascendit
824 2252 888 2304 ab
921 2247 1126 2311 inferis,
1159 2245 1392 2299 nomium
1431 2243 1480 2295 in
1507 2243 1700 2295 cmlum
1727 2257 1736 2290 :
1763 2240 1830 2293 ab

249 2343 330 2398 illa
351 2345 774 2405 resurrectione,
806 2342 874 2394 ab
898 2340 983 2393 illa
1017 2339 1084 2392 ab
1113 2338 1300 2391 inieris
1327 2336 1692 2400 assumptione
1729 2347 1830 2384 nu-

249 2446 519 2491 nterantur
540 2433 924 2505 quinquaginta
947 2432 1084 2493 dies,
1115 2437 1169 2482 et
1191 2430 1336 2482 venit
1363 2425 1592 2494 Spiritus
1613 2437 1721 2476 san-
1748 2433 1831 2476 tus

250 2529 297 2583 in
338 2527 803 2597 quinquagenario
854 2537 1100 2587 numero,
1155 2531 1404 2587 tanquam
1453 2516 1684 2570 natalem
1730 2514 1832 2567 sibi

249 2620 380 2688 apud
413 2633 514 2672 nos
546 2617 769 2671 faciens.
802 2613 1160 2682 Quadraginta
1191 2613 1330 2665 enim
1375 2609 1563 2662 diebus
1589 2607 1674 2659 hic
1706 2620 1836 2659 cou-

253 2718 492 2764 versatus
532 2717 618 2762 est
666 2707 920 2761 Dominus
948 2719 1069 2758 cum
1101 2701 1383 2768 discipulis
1429 2700 1562 2761 suis,
1606 2697 1834 2766 quadra-

249 2799 446 2867 gesimo
471 2800 562 2852 die
589 2797 833 2852 ascendit
863 2795 916 2848 in
940 2795 1157 2857 coelum,
1189 2800 1244 2845 et
1285 2791 1513 2860 peractis
1549 2789 1617 2841 ibi
1649 2788 1833 2841 decem

250 2892 429 2946 diebus
477 2901 726 2958 tanquam
775 2889 986 2942 decimo
1028 2895 1419 2955 praeceptorum
1471 2881 1656 2947 signo,
1690 2877 1836 2932 venit

250 2985 472 3053 Spiritus
515 2996 753 3046 sanctus,
781 2983 902 3050 quia
949 2996 1104 3034 nemo
1150 2980 1327 3044 implet
1380 2979 1550 3045 legem
1600 2973 1696 3025 nisi
1743 2987 1836 3040 per

251 3075 466 3145 gratiam
497 3074 731 3143 Spiritus
759 3073 950 3125 sancti.
1009 3073 1210 3139 Itaque,
1247 3069 1458 3129 fratres.
1494 3066 1836 3119 manifestum

1931 1877 2128 1930 inimici
2173 1877 2226 1941 S_
2252 1878 2426 1930 iritnm
2456 1887 2701 1932 sanctum
2745 1895 2848 1931 non
2893 1878 3166 1931 habuere:
3203 1877 3326 1932 facit
3370 1880 3512 1932 enim

1934 1970 2032 2021 hoc
2075 1969 2305 2036 Spiritus
2335 1979 2551 2023 sanctus
2585 1985 2761 2036 poena.
2798 1970 2957 2023 Aliud
2991 1959 3132 2023 eiiim
3167 1971 3293 2023 facit
3320 1973 3512 2039 gratia,

1931 2061 2072 2112 aliud
2107 2075 2190 2128 pm
2231 2073 2297 2124 a;
2331 2061 2470 2113 aliud
2506 2060 2648 2113 enim
2690 2059 2814 2113 facit
2848 2061 3152 2127 implendo,
3186 2063 3325 2114 aliud
3355 2061 3515 2116 desc-

1935 2153 2120 2206 rende.
2152 2153 2389 2219 Denique
2429 2161 2485 2205 ut
2527 2152 2634 2220 jam
2669 2153 2950 2205 evidenter
2981 2151 3112 2218 ipsis
3140 2153 3520 2206 conﬁtentibus

1935 2247 2102 2312 magis
2155 2245 2448 2298 Pharaonis
2497 2259 2791 2312 agnoscere
2823 2245 3094 2296 valeamus
3127 2247 3397 2313 quomodo
3425 2261 3520 2314 ap-

1935 2337 2160 2404 pellatus
2178 2346 2257 2387 est
2285 2335 2337 2388 in
2363 2335 2648 2402 Evangelia
2674 2335 2907 2402 Spiritus
2931 2334 3043 2397 Dei,
3073 2336 3199 2389 vidc
3221 2353 3285 2388 um
3329 2351 3354 2389 s
3376 2333 3515 2404 quod

1937 2443 2129 2479 nomen
2155 2427 2381 2493 accepit,
2414 2425 2729 2494 ohjicicntes
2764 2426 2989 2479 Domino
3017 2429 3316 2479 Convicium
3348 2427 3515 2481 Judzei

1935 2535 2054 2574 cum
2086 2519 2374 2572 dixissent:
2412 2519 2504 2572 llic
2537 2535 2641 2571 ttnn
2675 2518 2823 2586 ejicit
2851 2519 3112 2572 dicmonia
3147 2518 3246 2570 nisi
3279 2520 3328 2572 in
3364 2520 3520 2574 Beel-

1937 2615 2109 2667 zebub
2139 2614 2377 2680 principe
2407 2612 2830 2677 dieinnnioruu'i;
2867 2612 3141 2680 respondit
3177 2611 3300 2665 ille:
3335 2613 3390 2670 Si
3420 2627 3520 2681 ego

1938 2707 1990 2759 in
2022 2706 2220 2775 Spiritu
2272 2705 2362 2758 Dei
2412 2706 2570 2771 cjicio
2618 2705 3085 2766 dannonia,certe
3117 2705 3425 2771 snpeivcnit
3471 2706 3522 2760 in

1941 2796 2090 2850 vobis
2133 2811 2357 2864 regnum
2393 2796 2483 2848 Dri
2516 2812 2528 2846 :
2559 2795 2697 2860 quod
2732 2795 2868 2848 alius
2900 2796 3224 2865 evangelista
3262 2796 3339 2849 sic
3369 2812 3523 2850 enar-

1940 2898 2020 2942 rat
2046 2903 2060 2942 :
2090 2888 2145 2941 Si
2178 2901 2275 2956 rgo
2304 2888 2352 2939 in
2380 2887 2546 2954 d'gito
2582 2885 2670 2939 Dei
2703 2885 2859 2954 ejicio
2889 2886 3175 2938 daemonia.
3207 2886 3356 2952 Quod
3389 2888 3524 2940 alius

1939 2995 2004 3033 ev
2043 2979 2266 3046 ugelasta
2315 2978 2446 3029 dixit
2501 2977 2733 3039 Spiritus
2781 2977 2908 3041 Dei,
2958 2976 3094 3031 alius
3144 2976 3278 3030 dixit
3329 2978 3526 3047 digitus

1943 3071 2032 3125 Dei
2064 3089 2076 3135 ;
2107 3086 2233 3138 ergo
2275 3069 2470 3136 digitus
2520 3069 2613 3122 Dei
2657 3069 2887 3136 Spiritus
2937 3069 3072 3135 Dei,
3106 3069 3226 3123 ideo
3271 3071 3352 3124 lex
3403 3071 3525 3124 data

252 3177 331 3220 est
364 3167 734 3236 septenariutn
779 3165 941 3217 istum
986 3175 1267 3215 numerum
1307 3158 1374 3211 ad
1411 3155 1668 3225 Spiritum
1719 3170 1840 3208 sau-
1867 3163 1912 3224 c
1946 3163 2140 3230 scriplzl
2190 3163 2354 3230 digito
2407 3161 2530 3228 Dei,
2566 3175 2682 3228 qmc
2715 3162 2794 3214 lex
2829 3161 2858 3212 d
2881 3170 2948 3213 ita
2980 3170 3062 3214 est
3108 3163 3155 3212 in
3191 3169 3371 3214 monte
3400 3160 3524 3213 Sina

251 3267 387 3312 ctum
423 3259 714 3327 pertinere.
741 3256 992 3325 Quisquis
1026 3269 1202 3308 autem
1235 3268 1338 3304 non
1383 3252 1620 3305 coluerit
1646 3249 1835 3304 unitati

253 3351 471 3413 Christi,
503 3357 558 3402 et
606 3349 834 3401 oblatrat
882 3347 1143 3400 advrsus
1195 3346 1452 3396 unitatem
1495 3341 1725 3403 Clnisti,
1760 3340 1838 3391 in-

254 3442 593 3510 telligendum
623 3448 704 3492 est
732 3453 854 3492 eum
887 3454 990 3490 non
1025 3436 1227 3489 habere
1253 3435 1510 3505 Spiritum
1557 3442 1834 3497 sanctum;

252 3533 624 3584 contentiones
663 3531 804 3584 enim
847 3536 899 3583 et
939 3528 1309 3582 dissensiones
1341 3543 1446 3581 non
1485 3526 1691 3579 faciunt
1736 3524 1839 3579 nisi

253 3621 529 3683 animales,
553 3620 620 3674 de
646 3621 837 3688 quibus
861 3620 1146 3686 Apostolus
1176 3617 1333 3671 dicit:
1368 3617 1628 3670 Auimalis
1659 3624 1836 3669 autem

255 3714 412 3764 homo
447 3727 549 3764 non
581 3709 804 3778 percipit
833 3723 892 3762 ea
917 3723 1034 3776 qur
1065 3717 1187 3760 sunt
1231 3708 1461 3776 Spirittis
1491 3707 1605 3760 Dei.
1639 3704 1839 3760 Deinde

254 3801 509 3870 scriptum
539 3810 621 3854 est
640 3808 694 3854 et
721 3800 770 3853 in
797 3799 1032 3867 Epistola
1057 3797 1206 3851 Judze
1231 3799 1491 3864 apostoli:
1522 3797 1582 3850 Hi
1607 3805 1730 3850 sunt
1751 3798 1837 3864 qui

254 3904 537 3962 segregant
563 3892 909 3960 semetipsos:
944 3891 1347 3959 reprehendens
1391 3890 1708 3959 loquebatur
1737 3907 1750 3947 :
1786 3891 1839 3944 bi

256 3993 373 4037 sunt
416 3984 504 4050 qui
547 3990 831 4052 segregant
875 3983 1231 4050 semetipsos,
1273 3983 1533 4034 animales
1583 3981 1839 4051 Spiritum

257 4090 357 4126 non
409 4073 687 4126 habentes.
738 4071 873 4138 Quid
922 4071 1286 4125 manifestius?
1338 4071 1462 4140 quid
1505 4070 1842 4125 evidentius?

258 4166 450 4218 merito
471 4163 688 4219 veniant
718 4164 818 4218 etsi
848 4162 1034 4218 eadem
1065 4163 1348 4218 credentes
1374 4179 1490 4233 quae
1520 4177 1639 4225 nos,
1666 4172 1840 4217 t;unen

257 4256 526 4325 accepturi
570 4257 826 4323 Spiritum
860 4263 1102 4307 sanctum
1152 4271 1309 4324 quem
1345 4255 1541 4309 habere
1573 4270 1676 4307 non
1720 4269 1842 4324 pos-

257 4360 386 4401 sunt
413 4349 646 4416 quandin
677 4356 801 4399 sunt
846 4346 1028 4399 hostes
1061 4347 1298 4400 unitatis.
1337 4347 1446 4400 llos
1475 4358 1652 4399 autem
1691 4361 1842 4399 com-

260 4449 410 4506 parat
438 4437 724 4507 Apostolus
755 4436 924 4503 magis
955 4436 1246 4490 Pharaonis
1273 4455 1285 4489 :
1314 4437 1582 4491 Habentes
1602 4479 1617 4501 ,
1648 4437 1841 4506 inquit,

1938 3256 2387 3323 quinqu'tgesilttn
2418 3253 2505 3306 die
2549 3241 2666 3319 post
2697 3252 3023 3305 occisionem
3075 3253 3210 3318 ovis,
3255 3252 3527 3305 celebrato

1944 3345 2144 3399 Pascha
2176 3360 2202 3396 a
2237 3345 2431 3412 populo
2481 3343 2810 3396 λιιιιωοιυηι.
2866 3343 3160 3411 Implentur
3204 3342 3320 3395 dies
3376 3345 3529 3410 quin-

1943 3438 2190 3506 quaginta
2230 3444 2348 3504 post
2393 3436 2715 3506 uerisimiem
2750 3437 2886 3500 ovis,
2920 3444 2974 3488 ct
3009 3436 3165 3488 (hitur
3198 3437 3281 3488 lex
3330 3447 3527 3502 scripta

1942 3526 2108 3594 digito
2137 3526 2251 3588 Dei.
2274 3524 2571 3593 Implentur
2593 3525 2976 3595 quinquaginta
3006 3526 3120 3578 dies
3155 3537 3270 3593 post
3303 3525 3528 3580 OCCiSi-l-

1944 3633 2063 3672 nem
2105 3617 2302 3672 Christi
2332 3658 2344 3680 ,
2377 3626 2431 3671 et
2463 3619 2608 3671 venit
2640 3619 2870 3685 Spiritus
2903 3627 3138 3670 sanctus.
3188 3619 3398 3671 Gratias
3431 3619 3530 3670 lio-

1945 3712 2108 3771 mino,
2136 3710 2425 3762 occultanti
2463 3709 2823 3776 providenter,
2851 3711 3109 3773 aperienti
3140 3709 3526 3761 suavitchain

1943 3802 2122 3855 videte
2167 3801 2266 3852 hoc
2298 3801 2481 3862 etiam,
2517 3799 2726 3863 fratres,
2763 3798 3052 3851 Pharaonis
3095 3813 3210 3863 mag
3252 3814 3276 3851 s
3305 3799 3526 3851 eviden-

1947 3891 2151 3943 tissime
2177 3890 2420 3942 confiteri
2444 3906 2457 3953 ;
2483 3889 2795 3944 delicientes
2819 3889 2868 3941 in
2895 3891 3054 3942 tertio
3081 3891 3231 3955 signo
3254 3891 3525 3943 dzxet‘ttnt:

1944 3982 2150 4052 Digitus
2181 3981 2277 4035 Dei
2307 3988 2390 4035 est
2422 3980 2527 4035 hic.

2519 4093 2745 4149 CAPUT
2785 4092 2967 4147 CXVI.

1945 4185 2077 4242 Izem
2123 4187 2372 4256 expositio
2414 4185 2654 4254 Ilecalogi
2703 4187 2770 4236 ad
2808 4186 3087 4256 populum;
3120 4200 3182 4234 cx
3213 4191 3434 4235 tractatu
3465 4187 3532 4238 de

2374 4256 2556 4309 Decem
2602 4257 2804 4308 chordis
2849 4255 3096 4322 psallerii.

2016 4351 2149 4404 Tota
2196 4350 2280 4404 lex
2327 4349 2378 4402 in
2424 4348 2630 4402 duobus
2686 4336 2969 4415 preceptis
3007 4357 3107 4409 est,
3145 4345 3196 4398 in
3245 4345 3532 4398 dilectione

1947 4444 2038 4498 Dei
2073 4455 2123 4496 et
2153 4442 2442 4496 dilectione
2486 4439 2734 4507 proximi.
2770 4440 2850 4493 Ad
2879 4437 2985 4491 duo
3036 4438 3214 4504 itaque
3245 4446 3530 4504 praecepta,

259 4528 482 4582 formam
531 4527 764 4596 pietatis,
795 4527 888 4582 sed
939 4529 1188 4581 virtutem
1219 4527 1335 4596 ejus
1365 4529 1714 4594 abncgantes,
1751 4531 1836 4596 qui
1871 4547 1922 4605 ι)
1951 4537 1998 4587 id
2031 4545 2111 4587 est
2153 4534 2220 4588 ad
2259 4532 2598 4587 dilectionem
2635 4530 2728 4584 Dei
2759 4539 2812 4583 et
2861 4529 3087 4598 proximi
3140 4528 3371 4596 pertinet
3422 4525 3530 4578 De-

256 4619 308 4672 in
338 4623 490 4688 signo
521 4620 679 4673 tertio
702 4619 1035 4672 defecerunt.
1068 4619 1182 4670 .lam
1215 4621 1388 4673 videte
1413 4634 1576 4686 quare
1598 4619 1652 4672 in
1683 4630 1841 4672 terno

256 4712 411 4780 signo
448 4710 803 4774 defecerunt;
837 4719 1167 4764 mementote
1216 4724 1309 4763 eos
1349 4709 1438 4777 qui
1491 4711 1843 4763 adversantur

257 4802 447 4855 unitati
491 4817 596 4856 non
629 4802 832 4855 habere
860 4800 1116 4870 Spiritum
1139 4813 1402 4854 sanetum.
1436 4801 1563 4855 Tria
1597 4817 1723 4855 vero
1755 4801 1842 4855 illa

256 4904 521 4962 prmcepm
551 4893 721 4959 prima
753 4895 803 4946 in
843 4893 1105 4960 Deealogo
1132 4893 1196 4945 ad
1232 4895 1322 4947 Dei
1345 4893 1688 4946 dilectionem
1727 4909 1844 4959 per-

257 4993 431 5035 tinere
461 4985 854 5050 intelliguntur,
884 4991 942 5035 ut
989 4989 1196 5051 septem
1244 4991 1434 5034 caztera
1481 4982 1845 5050 intelligantur

255 5079 318 5125 at
347 5075 690 5128 diiectionem
724 5075 958 5144 proximi
1005 5075 1299 5142 pertinere,
1333 5082 1389 5126 ut
1415 5073 1621 5127 duabus
1654 5076 1847 5128 tabulis

255 5165 391 5233 legis
413 5176 461 5218 et
489 5165 676 5219 decem
705 5165 994 5234 prmceptis
1019 5165 1124 5218 duo
1155 5165 1241 5217 illa
1277 5173 1524 5231 tanquam
1555 5167 1846 5218 smnmaria

257 5269 521 5324 praecepta
567 5267 882 5311 teneantur:
935 5257 1132 5323 Diliges
1175 5255 1452 5308 Dominum
1489 5255 1652 5308 Deum
1701 5268 1847 5309 tuum

255 5365 318 5401 ex
353 5358 467 5400 toto
505 5349 667 5402 corde
697 5359 807 5412 tuo,
835 5356 890 5401 et
937 5363 1001 5402 ex
1050 5359 1155 5401 tota
1205 5346 1383 5400 anima
1416 5357 1498 5399 tua
1521 5388 1533 5412 ,
1561 5357 1616 5401 ct
1645 5364 1706 5400 ex
1743 5358 1848 5401 tota

259 5446 460 5493 vrtute
504 5455 612 5504 tua,
643 5451 696 5494 ct
745 5442 935 5508 diliges
989 5442 1287 5509 proximum
1332 5450 1476 5492 tuum
1523 5447 1771 5510 tanquam
1801 5452 1850 5496 te

262 5533 474 5593 ipsum;
507 5531 560 5583 in
591 5533 675 5584 his
715 5531 931 5585 duobus
977 5533 1258 5598 praeceptis
1299 5539 1405 5582 tota
1439 5530 1521 5583 lex
1569 5535 1765 5599 pendet
1796 5542 1852 5585 et

264 5621 561 5689 prophetae.
618 5624 938 5678 Referamus
979 5637 1107 5690 ergo
1143 5623 1237 5675 tria
1272 5622 1437 5689 prima
1487 5638 1751 5692 praecepta
1786 5627 1849 5678 ad

263 5713 607 5768 dilectionem
629 5714 888 5779 Dei.Qtl:B
916 5712 1236 5783 triaprima?
1261 5713 1498 5768 Primum
1551 5715 1668 5770 Non
1691 5728 1847 5773 erunt

1947 4628 2185 4694 calogns.
2227 4626 2306 4678 Ad
2341 4623 2566 4688 primum
2613 4629 2934 4690 prmceptum
2987 4629 3093 4671 tres
3120 4617 3336 4669 chorda:
3369 4615 3532 4682 petii-

1949 4735 2014 4772 ne
2039 4726 2094 4782 .t,
2117 4720 2236 4787 quia
2258 4716 2396 4770 Deus
2422 4724 2504 4769 est
2528 4716 2756 4768 trinitas.
2782 4712 2864 4765 Ad
2895 4711 3118 4764 alterum
3146 4725 3271 4763 vero
3299 4725 3534 4778 μικροί-ρ-

1951 4826 2083 4874 tum,
2113 4811 2160 4860 id
2186 4817 2290 4871 est,
2318 4808 2382 4860 ad
2405 4807 2747 4860 dilectionem
2777 4803 3026 4872 proximi,
3057 4817 3262 4872 septem
3297 4803 3531 4857 chordae:

1953 4901 2219 4971 quomodo
2251 4903 2456 4952 vivatur
2498 4899 2634 4952 inter
2667 4897 2934 4951 homines.
2971 4898 3100 4949 Nam
3139 4899 3254 4965 ipse
3285 4912 3535 4950 numerus

1952 5001 2287 5066 Septenarius
2334 5004 2584 5063 tanquam
2627 5004 2830 5061 septem
2877 4993 3200 5047 chordarum
3248 4994 3426 5058 incipit
3469 4989 3534 5042 ab

1955 5092 2158 5143 honore
2206 5099 2502 5157 parentutn.
2544 5087 2754 5140 Honora
2804 5097 3007 5156 patrem
3054 5099 3197 5138 tuum
3231 5095 3283 5138 ct
3314 5092 3536 5135 matrem

1956 5192 2112 5234 tuam.
2151 5181 2228 5232 Ad
2264 5189 2511 5246 parentes
2536 5179 2676 5232 enim
2701 5195 2827 5232 suos
2861 5180 3024 5230 homo
3049 5192 3164 5245 ape:
3185 5177 3223 5227 it
3255 5173 3458 5236 oeulos,
3485 5187 3531 5222 ct

1958 5278 2070 5325 ham
2101 5275 2202 5323 vita
2234 5271 2300 5324 ab
2333 5270 2543 5323 illorum
2594 5271 2826 5323 amicitia
2860 5272 3021 5322 sumit
3051 5267 3349 5320 exordium.
3383 5265 3535 5325 ρεηδ-

1955 5364 2074 5430 quis
2122 5371 2298 5415 anlem
2341 5365 2453 5414 suis
2506 5361 2812 5428 parentibus
2865 5376 2966 5412 non
3014 5358 3180 5411 defert
3235 5357 3526 5410 honorent,

1960 5453 2150 5522 quibus
2183 5468 2400 5520 parcere
2433 5455 2668 5518 poterit?
2700 5453 2764 5505 Et
2793 5451 2921 5503 dicit
2966 5448 3285 5513 ApOstolus:
3323 5447 3536 5498 Honora

1962 5556 2162 5612 patrem
2208 5553 2352 5596 tuum
2393 5554 2447 5597 et
2483 5555 2707 5596 matrem
2739 5553 2906 5603 Iunn,
2935 5537 3072 5604 quod
3103 5547 3182 5589 est
3231 5537 3536 5588 mandatum

1961 5635 2513 5702 prtmum.Quomodo
2562 5634 2786 5700 primum
2837 5628 3048 5693 quando
3092 5639 3344 5695 quartum
3396 5643 3537 5682 utan.

1960 5726 2140 5780 datum
2185 5733 2299 5791 est,
2335 5726 2430 5778 tua
2482 5725 2600 5792 quia
2637 5726 2685 5776 in
2716 5721 3020 5788 septenario
3052 5736 3276 5774 numero
3315 5732 3395 5780 est
3440 5721 3538 5791 pti-
