3974 6184
470 352 564 411 ἹὭ

1544 344 1603 398 D.
1647 340 1966 398 EUGYPPII
2008 337 2300 396 ABBATIS
2346 338 2666 396 AFRICANI

3613 343 3709 396 7'52

470 464 652 518 mum?
683 463 758 515 Ad
788 462 1131 516 dilectionem
1164 457 1389 526 proximi
1420 458 1651 525 primmu
1683 457 1846 509 estin
1870 455 2042 509 altera
2071 460 2123 516 Α
2217 456 2655 526 nem‘maritorum
2681 453 3080 526 adulterandum
3101 472 3117 518 ;
3142 470 3207 509 ea:
3234 456 3363 510 libro
3385 454 3449 508 de
3469 456 3711 510 adulterio

471 552 674 607 tabula.
708 552 837 605 Nam
868 551 987 605 ideo
1016 552 1134 603 dum
1162 549 1353 603 tabul:e
1385 549 1519 615 legis
1552 547 1692 600 datae
1720 556 1867 600 sunt.
1902 544 2045 599 Deus

471 644 611 697 enim
632 642 828 695 famulo
843 656 939 695 suo
957 641 1123 710 Moysi
1144 642 1193 693 in
1214 650 1394 694 monte
1413 641 1548 694 duas
1570 640 1777 693 tubulas
1797 639 1965 701 dedit,
1990 640 2043 693 in

473 732 664 800 quibus
684 732 889 785 duabus
909 732 1100 784 tabulis
1121 731 1340 799 lapideis
1360 733 1659 799 conscripta
1681 740 1838 785 erant
1857 731 2042 785 decem

479 836 739 894 przecepta
755 826 1050 894 legis,quod
1067 834 1147 878 est
1165 825 1473 893 psalterium
1487 824 1674 879 decem
1688 823 2007 878 chordarum
2028 840 2042 875 :

477 918 574 970 tria
591 915 641 969 iu
658 930 760 968 una
775 916 947 968 tabula
966 918 1032 969 ad
1051 915 1213 968 Deum
1235 918 1572 983 pertinentia,
1588 925 1791 981 septem
1810 915 1862 968 in
1877 915 2045 968 altera

475 1006 647 1058 tabula
663 1006 725 1058 ad
743 1008 1063 1073 proximum.
1084 1007 1314 1060 Primum
1330 1016 1432 1061 est:
1453 1007 1662 1060 Honora
1681 1016 1881 1074 putrem
1898 1016 2044 1060 tuum

475 1103 529 1145 et
561 1104 783 1150 matrem
810 1108 973 1151 tuam.
999 1096 1303 1149 Secundum
1333 1114 1346 1150 :
1369 1097 1484 1149 Non
1508 1097 1885 1151 mmchaberis.
1918 1097 2049 1150 Ter-

478 1184 635 1237 tium:
654 1185 766 1239 Non
780 1187 1011 1241 occides.
1027 1187 1313 1254 Quartum:
1332 1187 1445 1241 Non
1464 1188 1745 1242 furaberis.
1760 1188 2046 1254 Quintum:

480 1278 593 1331 Non
611 1276 797 1333 falsum
815 1280 1176 1334 testimonium
1193 1280 1361 1334 dices.
1379 1280 1598 1336 Sextum
1623 1298 1638 1335 :
1660 1280 1772 1333 Non
1792 1282 1898 1350 72
1920 1295 2048 1334 con-

479 1371 724 1438 cupisces
746 1385 966 1425 uxorem
991 1371 1217 1439 proximi
1236 1371 1330 1424 tui.
1356 1370 1653 1439 Septimum
1682 1387 1695 1422 :
1723 1370 1835 1423 Non
1854 1383 2052 1424 concuo

491 1458 665 1525 pisces
696 1473 804 1511 rem
829 1459 1057 1527 proximi
1089 1458 1185 1513 tui.
1235 1458 1358 1513 Hac
1393 1459 1682 1529 jungamps
1728 1458 1833 1513 illis
1879 1458 2052 1514 tribus

480 1549 547 1604 ad
594 1550 939 1605 di'ectiouem
969 1550 1063 1605 Dei
1097 1551 1519 1620 pertinentibus,
1552 1551 1598 1606 si
1625 1552 1675 1606 in
1708 1551 1960 1619 psalterio
1984 1551 2080 1607 de-

480 1657 598 1698 cem
636 1643 956 1699 chordarum
989 1645 1233 1699 volumus
1261 1654 1482 1700 cantare
1527 1644 1795 1699 canticum
1830 1658 2047 1699 novum.

481 1734 633 1790 Modo
662 1751 768 1791 non
797 1750 882 1792 me
907 1737 1247 1803 intueamini,
1272 1737 1366 1791 sed
1387 1753 1689 1792 sermonem
1720 1738 1843 1791 Dei:
1879 1737 2046 1791 nolite

2220 526 2299 578 uis
2324 522 2638 595 Conjugibus
2668 525 2736 577 ad
2767 524 3097 578 Pollentinos.

2219 632 2509 688 Christiani
2541 633 2800 697 audiunt,
2849 632 3020 702 Caput
3065 631 3305 688 mulieris
3360 633 3440 687 vir
3465 672 3480 697 ,
3521 634 3612 689 ubi
3651 647 3710 689 se

2150 735 2439 792 agnoscunt
2470 724 2633 779 duces
2653 762 2669 788 ,
2699 724 2818 778 illas
2845 734 3025 779 autem
3054 723 3281 780 comites
3320 739 3443 780 esse
3487 724 3711 790 debere,

2150 827 2205 871 et
2226 817 2348 873 ideo
2367 818 2659 874 cavendum
2690 818 2804 873 viro
2833 819 2958 874 illac
2985 820 3062 875 ire
3093 820 3321 875 vivendo
3346 836 3449 890 qua
3480 822 3624 877 timet
3648 838 3712 877 ne

2154 925 2287 964 uxor
2312 923 2565 978 sequatur
2594 910 2870 965 imitando.
2903 911 3010 967 Sed
3039 911 3153 965 istis
3171 912 3362 979 quibus
3389 912 3636 982 displicet
3661 923 3717 968 ut

2153 1001 2290 1055 inter
2314 1003 2481 1055 virum
2507 1010 2561 1055 et
2581 1016 2802 1057 uxorem
2833 1016 2928 1070 par
2954 1000 3220 1070 pudicitia:
3246 1002 3417 1056 forma
3448 1013 3715 1066 servetur,

2153 1100 2207 1145 et
2234 1093 2405 1160 potius
2424 1092 2625 1160 eligunt
2648 1093 2986 1159 maximeque
3008 1092 3061 1146 in
3084 1092 3185 1147 hac
3206 1107 3362 1146 causa
3387 1093 3569 1146 mundi
3594 1095 3717 1162 legi-

2155 1183 2252 1236 bus
2276 1183 2475 1237 subditi
2507 1198 2628 1238 esse
2653 1200 2810 1251 quam
2835 1182 3057 1249 Christi,
3081 1184 3329 1253 quoniam
3357 1185 3473 1252 jura
3497 1186 3719 1240 forensia

2154 1287 2258 1326 non
2289 1272 2490 1327 eisdem
2513 1273 2706 1342 quibus
2755 1274 2977 1328 feminas
3009 1272 3276 1342 pudicitia:
3327 1274 3552 1329 nexibus
3581 1275 3721 1330 viros

2155 1363 2402 1418 videntur
2430 1363 2797 1433 obstringere;
2828 1364 3005 1433 legant
3051 1363 3177 1434 quid
3223 1365 3352 1434 imp.
3386 1366 3717 1429 Antoninus.

2155 1471 2260 1509 non
2294 1456 2476 1525 utique
2500 1454 2867 1522 Christianus,
2899 1456 2968 1511 de
2997 1456 3097 1511 hac
3143 1473 3201 1511 re
3229 1458 3604 1523 constituerit,
3634 1459 3720 1513 ubi

2156 1546 2380 1602 maritus
2408 1562 2627 1602 uxorem
2658 1547 2726 1603 de
2763 1547 3009 1603 adulterii
3051 1548 3274 1603 crimine
3315 1563 3573 1605 accusare
3620 1564 3721 1604 non

2155 1637 2371 1704 sinitur,
2418 1638 2502 1692 cui
2561 1638 2800 1693 moribus
2856 1641 2972 1693 suis
3029 1654 3133 1693 non
3191 1642 3416 1708 praebuit
3468 1640 3723 1695 castitatis

2156 1731 2465 1800 exemplum
2484 1772 2499 1797 ,
2528 1731 2601 1786 ita
2626 1740 2685 1785 ut
2708 1732 2865 1787 ambo
2893 1732 3213 1788 damnentur
3240 1734 3285 1788 si
3312 1736 3498 1789 ambos
3532 1737 3725 1803 pariter

482 1826 642 1883 irasci
672 1826 1060 1885 medicamento
1100 1836 1276 1883 vestro
1301 1868 1317 1893 ,
1360 1844 1464 1882 non
1506 1829 1683 1882 inveni
1722 1829 1866 1882 enim
1905 1827 2046 1882 aliud
2083 1818 2124 1875 Β
2154 1822 2447 1891 impudicos
2474 1823 2755 1878 conflictus
2786 1826 2901 1894 ipse
2928 1824 3221 1881 convicerit
3252 1843 3265 1878 :
3291 1842 3410 1880 nam
3437 1828 3721 1896 supradicti

482 1933 585 1986 qua
620 1918 924 1975 transirem.
961 1919 1092 1973 Veni
1122 1918 1187 1972 ad
1225 1919 1465 1987 quintam
1492 1919 1752 1974 chordam
1778 1918 1936 1972 homo
1958 1919 2049 1987 qui

486 2016 646 2078 tango
675 2009 979 2077 psalterium
1012 2010 1195 2064 decem
1226 2010 1580 2075 chordarum,
1625 2010 1861 2080 nunquid
1910 2026 2053 2080 prm-

489 2098 829 2153 termissurus
850 2114 996 2151 eram
1019 2100 1254 2168 quintam
1273 2101 1296 2153 ?
1314 2101 1417 2156 imo
1438 2100 1653 2155 assidue
1676 2115 2053 2170 percussurus.

489 2189 544 2244 lu
574 2188 661 2242 illa
698 2188 839 2244 enim
873 2189 1025 2244 video
1051 2189 1233 2260 jacere
1263 2199 1427 2244 totum
1475 2206 1611 2259 pene
1653 2206 1819 2261 genus
1862 2194 2052 2247 huma-

485 2295 634 2346 num,
660 2280 713 2333 in
739 2280 826 2334 illa
854 2281 1009 2335 video
1040 2283 1157 2350 plus
1186 2282 1450 2338 laborare.
1477 2282 1648 2351 Ipsam
1682 2284 2056 2351 percutiendu-

487 2369 613 2436 quid
643 2369 803 2424 dico?
826 2370 1000 2425 Nolite
1024 2371 1278 2426 tumchari
1305 2380 1423 2440 post
1455 2387 1653 2428 uxores
1683 2382 1910 2437 vestras,
1933 2374 2057 2443 quia

486 2474 591 2512 non
637 2460 795 2516 vultis
835 2469 894 2514 ut
923 2463 1260 2517 mtecltcntur
1304 2470 1424 2533 post
1459 2478 1556 2519 vos
1595 2478 1792 2519 uxores
1838 2474 2055 2519 vestrm.

434 2556 439 2561 ‘
487 2549 657 2605 Nolite
691 2552 768 2608 ire
811 2568 905 2607 vos
932 2569 1036 2625 quo
1081 2570 1175 2609 eas
1204 2558 1352 2626 sequi
1389 2573 1494 2612 non
1526 2557 1725 2624 vultis;
1753 2560 1872 2615 sine
1896 2574 2057 2616 causa

487 2654 579 2694 vos
617 2655 874 2697 excursare
917 2645 1182 2699 conamini
1212 2646 1425 2713 quando
1469 2646 1680 2701 divitis:
1713 2648 1959 2717 Nunquid
1991 2663 2057 2705 eo

486 2731 551 2785 ad
594 2748 813 2788 uxorem
857 2735 1085 2789 alienam
1111 2775 1127 2801 ,
1156 2736 1223 2791 ad
1258 2737 1509 2793 ancillam
1556 2754 1729 2793 meam
1759 2741 1859 2794 eo?
1889 2740 1969 2794 vis
1999 2749 2053 2795 ut

486 2826 626 2881 dicat
655 2827 735 2902 [ut
761 2828 904 2883 dicat
926 2830 1082 2902 uxor]
1111 2831 1240 2886 tibi:
1268 2832 1512 2903 Nunquid
1540 2849 1605 2888 eo
1627 2835 1693 2889 ad
1726 2835 1898 2892 virum
1926 2837 2060 2893 alie-

489 2934 637 2983 mtm,
661 2919 723 2973 ad
753 2935 961 2975 servum
986 2937 1160 2976 meum
1183 2923 1279 2977 eo?
1306 2922 1467 2993 Dicis,
1490 2923 1601 2979 Non
1625 2936 1705 2982 est
1729 2942 1862 2980 uxor
1882 2928 2057 2982 aliena

489 3013 553 3066 ad
583 3028 740 3083 quam
771 3015 927 3086 vado,
959 3018 1193 3087 nunquid
1224 3018 1304 3074 vis
1347 3019 1557 3074 dicatur
1585 3020 1699 3086 tibi,
1723 3020 1837 3077 Non
1865 3032 1947 3078 est
1977 3023 2059 3078 vir

488 3103 690 3159 alienus
713 3106 779 3159 ad
801 3122 956 3175 quem
986 3108 1157 3163 vado?
1182 3109 1324 3164 absit
1355 3120 1411 3165 ut
1432 3112 1576 3165 dicat
1600 3113 1702 3169 hoe
1728 3114 1835 3181 illa,
1865 3116 2055 3170 melius

2158 1917 2495 1987 imperatoris
2529 1914 2642 1971 hac
2677 1915 2836 1971 verba
2862 1925 2986 1970 sunt
3015 1933 3134 1984 qua:
3162 1917 3299 1985 apud
3341 1918 3722 1987 Gregorianum

2156 2008 2439 2076 leguntur:
2469 2004 2631 2069 Sane,
2661 2005 2861 2076 inquit,
2886 2007 3081 2061 littera:
3110 2022 3241 2062 mea:
3266 2007 3406 2062 nulla
3438 2018 3594 2077 parte
3619 2023 3727 2061 cau-

2156 2113 2229 2152 sa:
2257 2095 2708 2167 pra'judicabunt,
2734 2111 2908 2167 neque
2936 2097 3079 2152 enim
3105 2097 3153 2152 si
3186 2112 3348 2177 penes
3373 2109 3423 2152 te
3444 2099 3605 2169 culpa
3636 2100 3727 2154 luit

2157 2201 2215 2246 ut
2247 2191 2642 2246 matrimonium
2674 2191 3003 2252 solveretur.
3031 2200 3085 2245 et
3117 2191 3408 2246 secundum
3438 2191 3611 2262 legem
3639 2192 3727 2249 Ju-

2157 2284 2280 2337 liam
2306 2281 2533 2348 Eupasia
2554 2296 2691 2337 uxor
2715 2291 2802 2336 tua
2833 2282 3076 2346 nuberet,
3106 2292 3321 2352 propter
3342 2284 3442 2339 hoc
3470 2286 3727 2354 rescripto

2157 2386 2278 2428 meo
2302 2371 2549 2426 adulterii
2577 2372 2825 2425 damnata
2855 2370 2992 2435 erit,
3042 2370 3143 2425 nisi
3182 2381 3394 2427 constet
3426 2388 3551 2428 esse
3581 2388 3723 2429 com-

2159 2467 2401 2519 missum.
2425 2463 2712 2519 Habebunt
2736 2473 2916 2517 autem
2944 2472 3066 2517 ante
3091 2464 3276 2518 oculos
3296 2465 3397 2520 hoc
3421 2465 3721 2536 inquirere:

2157 2572 2225 2611 an
2248 2572 2370 2610 cum
2400 2566 2455 2611 tu
2505 2554 2697 2625 pudice
2740 2554 2983 2621 viveres,
3012 2554 3083 2610 illi
3126 2572 3337 2627 quoque
3366 2559 3534 2616 bauos
3558 2575 3728 2616 mores

2158 2651 2370 2708 colendi
2397 2659 2580 2706 auctor
2612 2650 2786 2717 fuisti;
2822 2651 3159 2722 periniquum
3191 2655 3333 2708 enim
3361 2653 3490 2709 mihi
3520 2654 3729 2709 videtur

2158 2734 2314 2810 esse’,
2362 2752 2419 2797 ut
2449 2742 2755 2813 pudicitiam
2804 2742 2889 2798 vir
2911 2742 2978 2799 ab
3008 2759 3174 2801 uxore
3216 2746 3391 2816 exigat
3429 2760 3592 2813 quam
3622 2746 3729 2813 ipse

2161 2850 2265 2889 non
2292 2832 2528 2889 exhibet.
2553 2833 2684 2900 Quae
2708 2848 2796 2889 res
2820 2845 2995 2904 potest
3025 2844 3079 2891 et
3118 2836 3284 2891 virum
3312 2838 3603 2904 damnare,
3629 2853 3728 2892 non

2160 2926 2228 2979 ob
2256 2927 2743 2994 compensationem
2776 2928 2943 2980 mutui
2965 2927 3204 2982 criminis
3234 2943 3345 2982 rem
3360 2929 3498 2983 inter
3530 2939 3729 2982 utrum-

2160 3031 2263 3085 que
2289 3029 2612 3081 componere
2642 3015 2721 3070 vel
2759 3028 2974 3070 causam
3004 3016 3127 3072 facti
3159 3019 3367 3073 tollere.
3397 3019 3454 3075 Si
3495 3020 3614 3074 hinc
3640 3020 3730 3074 ob-

2161 3108 2420 3163 servanda
2437 3117 2563 3162 sunt
2587 3117 2806 3176 propter
2827 3107 2991 3163 decus
3006 3116 3238 3165 terrente
3261 3111 3512 3176 civitatis,
3539 3122 3730 3180 quanto

491 3194 631 3249 enim
658 3197 801 3251 dolet
828 3210 908 3263 te,
931 3214 1087 3268 quam
1117 3199 1352 3255 imitatur
1379 3202 1660 3276 [imitetur]
1691 3216 1762 3259 te.
1788 3205 1883 3259 Illa
1913 3207 2055 3261 enim
2085 3187 2130 3248 Ο
2164 3202 2421 3256 castiore:
2437 3200 2879 3271 quaeritcaalestis
2893 3201 3058 3269 patria
3078 3210 3129 3256 et
3147 3203 3376 3259 societas
3396 3205 3726 3274 angelorum.

489 3294 632 3339 casta
654 3296 703 3341 et
734 3296 915 3342 saneta
944 3289 1138 3344 femina
1168 3301 1221 3345 et
1249 3307 1374 3348 vera
1399 3292 1727 3361 Christiana,
1763 3312 1880 3367 quze
1912 3298 2062 3354 dolet

493 3376 839 3434 fornicantem
871 3382 1040 3436 virum
1067 3394 1121 3436 et
1153 3400 1256 3439 non
1283 3385 1425 3439 dolet
1453 3398 1670 3456 propter
1690 3404 1930 3454 carnem,
1963 3391 2058 3446 scd

491 3468 635 3524 dolet
665 3480 878 3539 pr0ptcr
906 3472 1243 3539 charitatem;
1273 3490 1377 3529 non
1402 3477 1521 3529 ideo
1551 3494 1655 3532 non
1678 3480 1791 3533 vult
1815 3489 1874 3535 ut
1896 3480 2061 3537 facias

493 3562 614 3626 quia
643 3573 697 3616 et
730 3563 841 3632 ipsa
884 3580 987 3618 non
1040 3565 1182 3632 faei‘,
1209 3567 1302 3621 sed
1352 3568 1473 3638 quia
1526 3566 1621 3624 tibi
1674 3586 1776 3626 non
1821 3574 2059 3642 expedit.

495 3653 624 3707 Nam
647 3653 687 3707 si
713 3664 988 3727 preptcrea
1016 3674 1120 3712 non
1147 3658 1268 3715 facit
1291 3670 1346 3715 ut
1371 3670 1425 3714 tu
1450 3677 1555 3717 non
1592 3663 1773 3729 facias,
1801 3665 1843 3719 si
1869 3666 2061 3721 feceris

496 3743 670 3810 faciet,
695 3746 738 3799 si
786 3756 963 3803 autem
1020 3749 1127 3804 Deo
1153 3750 1281 3805 illud
1329 3752 1542 3819 debeat,
1572 3755 1616 3809 si
1669 3754 1886 3811 Christo
1928 3758 2058 3814 illud

495 3837 681 3892 debeat
713 3840 849 3907 quod
883 3848 935 3894 tu
965 3842 1155 3910 exigis,
1199 3854 1254 3898 et
1299 3843 1421 3900 ideo
1460 3844 1647 3900 reddat
1680 3846 1910 3918 [reddet]
1938 3850 2061 3917 quia

492 3926 638 4003 jubet
690 3927 798 3994 ille,
828 3940 880 3983 et
920 3930 965 3984 si
1008 3928 1304 3988 fornicatur
1353 3934 1464 4001 vir,
1493 3936 1794 3990 castitatem
1842 3937 1929 3991 illa
1959 3937 2063 4010 [fe-

497 4016 659 4091 mina]
687 4018 795 4075 Deo
823 4019 1059 4075 exhibet.
1088 4020 1333 4078 Christus
1360 4027 1503 4080 enim
1532 4025 1765 4095 loquitur
1793 4026 1846 4082 in
1888 4030 2067 4084 cordi-

496 4106 592 4163 bus
643 4106 899 4162 bonarum
944 4109 1296 4178 feminarum;
1344 4114 1579 4185 loquitur
1630 4118 1772 4171 in'us
1818 4118 1906 4172 ubi
1958 4135 2061 4173 non

495 4196 725 4266 auditur,
748 4200 868 4270 quia
899 4216 996 4256 nec
1017 4202 1207 4271 dignus
1222 4214 1304 4258 est
1325 4205 1368 4258 si
1400 4207 1518 4260 talis
1540 4218 1646 4271 est;
1673 4207 1910 4277 loquitur
1935 4226 2066 4282 ergo

496 4289 584 4345 ille
607 4289 831 4344 interius
859 4302 913 4345 et
942 4293 1068 4347 dicit
1098 4303 1151 4348 et
1179 4296 1486 4350 consolatur
1507 4297 1669 4352 filiam
1695 4313 1846 4352 suam
1880 4301 2067 4369 hujus-

497 4380 636 4433 modi
655 4381 830 4434 verbis
850 4399 861 4432 :
885 4382 957 4435 De
976 4384 1182 4449 injuriis
1203 4386 1299 4441 viri
1325 4386 1396 4441 tui
1420 4389 1706 4457 torqueris,
1726 4390 1849 4460 quid
1879 4390 2064 4465 [quod]

498 4471 591 4524 tibi
619 4472 759 4526 enim
792 4473 915 4528 fecit
948 4473 1101 4540 dole,
1135 4477 1227 4530 sed
1263 4478 1438 4545 ipsum
1472 4480 1578 4534 noli
1614 4481 1807 4535 imitari
1840 4493 1898 4535 ut
1927 4485 2066 4537 male

2694 3313 2921 3370 CAPUT
2975 3313 3203 3370 CXVIII.

2167 3405 2405 3474 Expletio
2429 3406 2686 3475 praedicta:
2706 3405 3037 3477 expositionis
3059 3407 3128 3459 ad
3147 3407 3393 3477 populum
3412 3423 3430 3459 :
3454 3407 3645 3462 Contra
3665 3407 3731 3461 ri-

2233 3492 2409 3528 rorum
2431 3476 2701 3544 pessimam
2713 3475 2993 3529 libertatem
3007 3477 3069 3530 de
3086 3475 3422 3544 fornicatione
3432 3494 3485 3532 se
3498 3493 3733 3533 excusare

2234 3550 2539 3611 volentium;
2561 3547 2679 3599 item
2696 3561 2760 3599 ea:
2774 3548 2947 3600 eodem
2970 3548 3031 3599 de
3057 3546 3240 3601 Decem
3261 3548 3467 3601 chordis
3483 3566 3730 3602 sermone.

2236 3635 2360 3690 Hth
2380 3650 2542 3705 ergo,
2583 3635 2774 3691 fratres
2814 3636 2943 3700 mei,
2973 3636 3155 3704 facite,
3191 3647 3248 3692 ut
3273 3639 3487 3706 possit's
3515 3654 3733 3694 concor-

2164 3723 2293 3779 dare
2322 3739 2441 3779 cum
2471 3725 2801 3782 adversario.
2826 3725 2939 3781 Nec
2969 3742 3150 3781 amara
3182 3737 3310 3783 sunt
3336 3745 3454 3797 qua:
3480 3730 3628 3795 dico,
3650 3739 3734 3783 aut

2164 3816 2209 3870 si
2240 3831 2419 3871 amara
2449 3825 2595 3882 sunt,
2626 3830 2848 3879 curant;
2877 3819 3023 3887 potio
3049 3817 3173 3884 ista,
3198 3819 3245 3873 si
3269 3834 3449 3874 amara
3472 3829 3582 3887 est,
3606 3823 3736 3875 acci-

2168 3910 2373 3977 piatur,
2418 3909 2538 3978 quia
2572 3910 2623 3963 in
2676 3909 2913 3980 periculo
2960 3918 3101 3964 sunt
3129 3910 3396 3973 viscera,:
3428 3927 3613 3967 amara
3639 3920 3734 3977 est,

2167 4003 2407 4058 bibatur:
2454 4001 2643 4056 melius
2674 4009 2759 4057 est
2804 4002 3011 4057 modica
3044 4004 3348 4059 amaritudo
3378 4004 3431 4058 in
3463 4004 3734 4068 faucibus,

2167 4094 2324 4163 quam
2355 4102 2610 4147 aeternum
2642 4102 2963 4148 tormentum
2982 4095 3035 4148 in
3060 4093 3372 4149 visceribus.
3400 4095 3600 4149 Mutata
3618 4110 3737 4164 ergo

2169 4198 2299 4247 vos,
2342 4184 2646 4253 quicunque
2693 4199 2798 4238 non
2830 4184 3104 4241 faciebatis
3150 4184 3252 4242 hoc
3292 4186 3491 4241 bunum
3521 4186 3737 4240 eaStita-

2170 4274 2257 4336 tis,
2276 4272 2386 4341 jam
2409 4272 2583 4328 facite.
2607 4272 2780 4329 Nolite
2800 4275 3001 4342 dicere,
3024 4275 3137 4330 Non
3160 4285 3338 4345 potest
3360 4275 3473 4331 fieri
3496 4294 3509 4330 :
3538 4277 3736 4333 foedum

2167 4377 2268 4430 est,
2300 4367 2492 4421 fratres
2523 4368 2657 4433 mei,
2691 4376 2844 4437 turpe
2870 4376 2987 4434 est,
3013 4379 3071 4424 ut
3102 4371 3182 4424 vir
3209 4370 3372 4435 dicat,
3418 4370 3533 4425 Non
3576 4380 3741 4440 potest

2172 4458 2283 4513 fieri
2310 4459 2448 4531 quod
2481 4457 2605 4512 facit
2630 4458 2826 4514 femina
2856 4478 2870 4514 :
2903 4461 3078 4514 scelus
3112 4470 3195 4515 est
3225 4472 3281 4514 ut
3307 4463 3388 4515 vir
3425 4463 3565 4515 dicat
3594 4480 3607 4514 :
3633 4462 3739 4515 Non

499 4561 678 4627 facias,
707 4564 798 4617 sed
825 4567 937 4634 ipse
968 4574 1017 4618 te
1043 4564 1281 4621 imitetur
1312 4567 1363 4622 in
1395 4569 1563 4624 bono:
1600 4588 1720 4626 nam
1753 4574 1802 4628 iu
1835 4589 1900 4628 eo
1925 4575 2057 4642 quod

2171 4564 2384 4617 pusum
2414 4590 2429 4612 ,
2462 4549 2600 4617 quod
2635 4558 2805 4618 potest
2848 4551 3040 4605 femina
3082 4552 3167 4604 vir
3213 4568 3319 4605 non
3369 4554 3578 4621 potest?
3610 4552 3741 4618 Quid

500 4656 637 4708 male
683 4652 829 4723 facit,
865 4657 970 4710 uoli
1012 4672 1135 4712 eum
1184 4670 1371 4727 putare
1424 4672 1583 4731 caput
1632 4674 1783 4718 tuum
1839 4666 1931 4719 sed
1983 4681 2069 4720 me

499 4745 613 4814 [sed
647 4748 773 4800 time
792 4763 877 4800 me
902 4748 1064 4802 Deum
1087 4749 1275 4822 tuum].
1298 4752 1425 4806 Nam
1449 4753 1492 4806 si
1515 4763 1569 4807 et
1598 4754 1648 4807 in
1678 4770 1744 4809 eo
1764 4755 1906 4825 quod
1932 4757 2069 4810 male

498 4833 623 4887 facit
676 4844 829 4901 caput
887 4848 991 4900 est,
1036 4850 1343 4894 secuturum
1388 4841 1484 4915 [et]
1535 4853 1619 4897 est
1663 4859 1859 4915 corpus
1913 4857 2071 4915 caput

495 4940 673 4988 suum,
704 4934 832 4978 eunt
882 4927 1040 4981 ambo
1089 4945 1181 4996 per
1229 4946 1511 5003 przeceps:
1542 4945 1597 4988 ut
1642 4945 1822 4989 autem
1854 4951 1956 4988 non
1986 4950 2071 4991 se-

496 5024 690 5081 quatur
714 5013 906 5067 malum
935 5026 1092 5085 caput
1118 5034 1295 5081 suum,
1318 5032 1495 5077 teneat
1522 5039 1579 5075 se
1607 5024 1671 5076 ad
1697 5035 1852 5093 caput
1886 5024 2072 5078 Eccle-

496 5106 587 5156 sia:
635 5103 934 5168 Christum,
970 5105 1089 5161 huic
1133 5108 1333 5164 debeus
1377 5114 1685 5166 castitatem
1718 5130 1868 5167 suam
1897 5155 1912 5174 .
1948 5114 2071 5168 huic

524 5196 768 5249 tlefvrens
808 5199 1061 5253 honorem
1109 5215 1299 5266 suum;
1329 5205 1521 5259 absens
1564 5207 1634 5258 sit
1677 5207 1785 5270 vir,
1828 5222 2068 5275 przescns

494 5286 565 5339 sit
593 5288 690 5352 vir,
725 5303 829 5341 non
855 5298 1039 5357 peccat
1068 5290 1174 5356 illa,
1202 5292 1321 5359 quia
1347 5309 1616 5361 nunquam
1644 5305 1725 5350 est
1755 5297 1949 5351 absens
1973 5296 2059 5351 cui

493 5377 648 5431 debet
680 5388 735 5432 ut
758 5393 861 5433 nou
895 5390 1101 5449 peccet.

1071 5576 1291 5634 CAPUT
1332 5575 1537 5633 CXVII.

499 5727 859 5787 Testimonium
886 5737 947 5789 de
972 5736 1080 5808 lege
1121 5736 1244 5804 imp.
1277 5734 1517 5790 Antonini
1546 5742 1725 5789 contra
1771 5737 2059 5792 excusatio-

2170 4640 2312 4693 enim
2356 4640 2443 4692 illa
2472 4653 2689 4693 carnem
2732 4656 2834 4693 non
2868 4642 3081 4709 portat?
3116 4641 3271 4696 Prior
3298 4658 3325 4694 a
3358 4652 3613 4711 serpente
3655 4644 3743 4697 de-

2172 4741 2323 4798 Copta
2355 4740 2458 4785 est.
2483 4731 2658 4784 Castae
2690 4746 2893 4786 uxores
2928 4743 3118 4787 vestra:
3138 4732 3427 4787 ostendunt
3456 4734 3607 4787 vobis
3635 4731 3743 4787 fieri

2174 4835 2330 4889 posse
2345 4822 2485 4891 quod
2503 4835 2607 4875 non
2633 4822 2790 4876 vultis
2812 4821 3007 4889 facere,
3031 4822 3276 4877 etdicitis
3293 4822 3406 4877 fieri
3428 4838 3532 4877 non
3557 4824 3741 4892 posse!

2175 4913 2280 4967 Sed
2308 4915 2447 4968 torte
2472 4913 2605 4968 dicis
2632 4914 2751 4969 ideo
2793 4914 2935 4979 illam
2970 4915 3177 4969 facilius
3204 4915 3381 4971 facere
3410 4931 3599 4985 posse,
3627 4916 3745 4983 quia

2174 5006 2338 5059 multa
2373 5005 2445 5057 illi
2475 5006 2712 5059 custodia
2758 5015 2863 5073 est,
2908 5008 3039 5076 legis
3071 5017 3395 5077 praeceptum
3429 5049 3444 5072 ,
3474 5008 3744 5077 diligentia

2174 5096 2457 5159 maritalis,
2484 5107 2657 5150 terror
2683 5100 2845 5151 etiam
2879 5099 3050 5166 legum
3086 5099 3456 5167 publicarum;
3482 5109 3562 5154 est
3584 5101 3742 5153 etiam

2176 5186 2515 5241 verecundia:
2548 5196 2602 5241 et
2632 5187 2853 5253 pudoris
2884 5187 3024 5242 illius
3051 5204 3304 5258 magnum
3336 5191 3742 5244 munimentum.

2174 5277 2351 5333 Multae
2366 5277 2621 5331 custodita
2647 5277 2846 5332 faciunt
2865 5279 3119 5334 feminam
3146 5282 3432 5336 castiorem
3474 5277 3743 5352 [castam].

2174 5369 2344 5421 virum
2358 5376 2558 5421 castum
2578 5367 2734 5422 faciat
2751 5371 2861 5437 ipsa
2876 5371 3121 5425 virilitas.
3141 5372 3273 5426 Nam
3290 5372 3410 5427 ideo
3423 5372 3627 5428 mulieri
3642 5386 3744 5424 ma-

2168 5458 2256 5527 jor
2278 5461 2514 5513 custodia
2539 5460 2661 5528 quia
2688 5462 2859 5529 major
2881 5462 3183 5517 infirmitas.
3214 5462 3303 5518 Illa
3323 5464 3586 5518 erubescit
3608 5460 3743 5523 viro,

2175 5559 2227 5602 tu
2242 5564 2345 5602 non
2361 5549 2631 5604 erubescis
2650 5550 2866 5605 Christo
2883 5554 2905 5605 ἲ
2922 5553 3001 5607 'l‘u
3022 5554 3242 5609 liberior
3261 5555 3382 5624 quia
3406 5556 3605 5616 fortior,
3622 5554 3741 5622 quia

2171 5641 2320 5694 facile
2350 5642 2547 5707 vincis;
2584 5642 2705 5695 ideo
2750 5643 2844 5697 tibi
2893 5646 3213 5700 commissus
3254 5662 3334 5702 es.
3393 5648 3562 5715 Super
3601 5645 3740 5697 illam

2171 5745 2221 5789 ct
2252 5732 2521 5802 di'igcntia
2561 5733 2699 5801 viri,
2750 5745 2801 5790 et
2847 5744 3019 5791 terror
3063 5738 3270 5809 legum,
3324 5748 3378 5793 et
3421 5734 3742 5794 consuetudo
