3990 6180
219 335 328 391 735

1402 340 1838 402 TIIESAUIiUS.
1860 345 2011 402 CAP.
2055 348 2287 405 CXVIII.

2682 273 2703 299 0

3389 374 3492 428 '15-’-

213 468 457 519 utorum,
481 463 533 508 et
550 452 869 547 verecundia
902 452 1077 524 major
1100 464 1201 547 tet
1231 454 1375 511 Deus
1404 471 1565 547 super
1594 466 1666 523 te,
1693 467 1804 513 tan-
1837 463 1887 523 Α
1920 477 2058 518 mam
2090 468 2366 534 cbordam,
2400 472 2592 527 cecidit
2616 472 2785 530 bestia
2807 479 3133 547 rapacitatis.
3162 480 3277 538 Non
3301 482 3491 541 falsum

212 557 324 601 tum
374 545 536 601 Deus.
587 542 803 599 Iuvenis
841 545 983 599 enim
1019 545 1169 599 facile
1199 560 1354 615 pares
1398 546 1578 612 viros,
1610 549 1804 617 quibus

211 654 320 694 non
352 640 546 694 timeas
575 638 897 693 erubescere
923 638 1042 707 quia
1092 638 1295 694 faciunt
1341 639 1469 694 illud
1514 640 1688 697 multi.
1740 644 1806 699 Et

211 737 355 783 tanta
379 736 466 784 e‘t
490 729 813 796 perversitas
836 728 1049 799 generis
1070 730 1284 784 humani
1311 739 1368 785 ut
1389 732 1675 802 aliquando
1691 749 1803 789 me-

210 820 469 876 tuendum
498 822 567 876 sit
592 837 658 876 ne
675 832 853 876 castus
866 823 1149 877 erubescat
1167 823 1303 878 inter
1330 824 1655 891 impudicos;
1682 826 1803 879 ideo

208 929 313 968 non
341 928 500 969 cesso
530 922 747 983 tangere
776 917 1011 984 qu‘ntam
1044 917 1197 970 istam
1244 917 1498 971 cbordam
1526 959 1540 982 ,
1579 928 1799 987 propter

210 1006 383 1074 ipsam
418 1020 728 1074 perversam
761 1005 1203 1062 consuetudinem
1233 1017 1287 1062 et
1316 1008 1488 1062 labem
1521 1010 1703 1074 totius,
1745 1020 1803 1065 ut

209 1095 340 1158 dixi,
364 1096 585 1165 g--neris
612 1094 851 1150 humani.
882 1096 936 1150 Si
962 1096 1082 1165 quis
1107 1097 1244 1152 inter
1274 1113 1368 1152 vos
1396 1099 1555 1153 faciat
1583 1099 1804 1155 homici-

211 1186 355 1240 dium
383 1186 549 1256 (quod
592 1196 799 1241 avertat
829 1186 1017 1255 Deus),
1062 1188 1325 1255 repellere
1356 1188 1502 1243 illum
1550 1190 1707 1244 vultis
1735 1190 1801 1246 de

212 1277 402 1346 patria,
427 1286 484 1332 et
508 1278 790 1339 continuo,
816 1278 858 1331 si
889 1277 1001 1332 fieri
1034 1288 1229 1347 potest,
1260 1278 1568 1335 excludere.
1603 1281 1658 1338 Si
1684 1283 1801 1351 quis

207 1369 397 1425 fecerit
422 1369 644 1434 furtum,
668 1370 863 1425 odistis
892 1370 1038 1424 illum
1068 1385 1166 1425 nec
1190 1371 1372 1427 videre
1393 1373 1568 1427 vultis.
1595 1373 1652 1428 Si
1681 1374 1801 1443 quis

204 1462 345 1515 dicat
380 1459 574 1515 falsum
608 1460 969 1516 testimonium
996 1501 1012 1526 ,
1046 1460 1468 1527 abominamini,
1511 1478 1610 1518 nec
1650 1464 1803 1521 vobis

206 1552 373 1606 homo
402 1551 631 1607 videtur.
665 1553 721 1609 Si
752 1552 875 1623 quis
896 1552 1241 1619 concupiscat
1264 1567 1350 1608 res
1376 1552 1599 1622 alienas,
1619 1564 1800 1622 raptor

203 1653 260 1698 et
306 1644 543 1715 injustas
568 1644 873 1714 deputatur.
909 1644 966 1701 Si
1014 1646 1131 1715 quis
1176 1646 1447 1700 volutatus
1477 1645 1635 1700 luerit
1675 1661 1796 1702 cum

202 1736 419 1791 ancillis
447 1738 581 1800 suis,
610 1746 843 1802 amatur,
873 1737 1065 1791 blande
1093 1737 1354 1804 accipitur
1372 1780 1387 1803 ,
1412 1747 1799 1793 convertuntur

1911 557 2268 614 testimonium
2301 562 2447 617 dices
2472 582 2486 629 ;
2514 566 2686 636 tangis
2725 578 2968 626 octavam
2990 572 3270 639 cltordam,
3299 579 3495 631 cecidit

1907 644 2077 703 bestia
2130 648 2399 707 falsitatis.
2450 654 2561 709 Non
2604 659 2952 729 concupisces
2998 679 3220 718 uxorem
3264 668 3491 734 proximi

1910 739 2013 803 tui;
2051 740 2220 809 tangis
2246 757 2437 796 nouam
2481 745 2771 814 cbordam,
2800 750 2995 804 cecidit
3026 751 3193 806 bestia
3224 756 3493 810 adulteti-

1907 845 1988 884 ure
2012 831 2368 902 cogitationis.
2392 836 2547 890 Aliud
2572 847 2653 892 est
2682 841 2944 897 enimnon
2972 842 3145 899 facere
3174 847 3368 915 aliquid
3386 849 3488 903 tale

1908 935 2100 992 przrter
2129 941 2348 980 uxorem
2370 968 2383 991 ,
2408 928 2547 982 aliud
2578 946 2680 984 non
2704 944 2956 999 appetere
2979 936 3209 990 alienam
3243 955 3485 994 uxorem.

1907 1015 2029 1070 Ideo
2060 1016 2166 1069 duo
2199 1028 2463 1086 praecepta
2503 1033 2621 1073 sunt
2648 1061 2666 1087 ,
2707 1024 2817 1076 Non
2852 1027 3227 1094 mmchaheris,
3260 1038 3343 1095 et,
3371 1029 3486 1085 Non

1905 1111 2252 1175 concitpisces
2297 1128 2519 1169 uXorem
2556 1116 2849 1182 proximam
2899 1116 3148 1188 [proximi
3200 1119 3320 1192 tui].
3372 1124 3485 1177 Non

1905 1202 2257 1269 concupisces
2286 1218 2398 1258 rem
2430 1206 2653 1271 proximi
2700 1208 2808 1271 tui;
2841 1210 3011 1277 tangis
3039 1211 3297 1266 decimam
3330 1215 3489 1268 cbor-

1904 1291 2048 1358 dam,
2079 1294 2270 1348 cecidit
2303 1296 2471 1351 bestia
2501 1299 2829 1369 cupiditatis.
2863 1301 2936 1355 Ita
2978 1302 3293 1357 cadentibus
3316 1306 3488 1359 omni-

1907 1395 2007 1451 bus
2038 1396 2253 1463 bestiis,
2280 1411 2504 1452 securus
2533 1408 2587 1455 et
2616 1400 2871 1456 innocens
2902 1403 2951 1456 in
2985 1403 3073 1458 Dei
3118 1404 3405 1461 dilectione
3436 1415 3490 1461 t-t

1905 1487 2135 1541 humana
2166 1491 2419 1543 societate
2447 1492 2703 1546 versaris.
2737 1493 2984 1563 Tangons
3013 1495 3242 1551 chordas
3267 1497 3487 1560 decem,

1902 1587 2033 1648 quot
2062 1580 2259 1636 bestias
2286 1580 2525 1637 occidis?
2553 1582 2683 1637 Nam
2710 1584 2874 1639 mtlta
2902 1584 3073 1654 capita
3101 1598 3223 1641 sunt
3248 1588 3350 1642 sub
3371 1589 3488 1643 istis

1901 1670 2184 1738 capi-ibus.
2217 1672 2273 1729 In
2304 1673 2524 1745 singulis
2563 1675 2801 1745 chordis,
2845 1695 2947 1732 non
2991 1680 3227 1749 singulas
3266 1681 3484 1745 bestias,

1903 1762 1996 1817 sed
2020 1777 2207 1833 greges
2231 1764 2488 1819 interficis
2513 1766 2823 1821 bestiarum.
2843 1767 2933 1823 Sic
2952 1783 3080 1839 ergo
3098 1770 3366 1825 canticum
3391 1788 3486 1825 no-

202 1827 429 1883 vulnera
462 1828 516 1884 in
542 1828 685 1900 joca.
718 1829 774 1884 Si
824 1830 942 1901 quis
975 1838 1153 1885 autem
1184 1830 1379 1887 existat
1422 1834 1510 1902 qui
1543 1833 1684 1887 dicat
1733 1849 1792 1887 se

1899 1866 2018 1905 vum
2049 1868 2169 1908 cum
2206 1867 2413 1919 amore,
2442 1868 2545 1907 non
2573 1869 2694 1909 cum
2727 1855 2937 1922 timore,
2969 1859 3233 1913 cantabis.
3263 1860 3377 1915 Noli
3404 1863 3486 1915 di-

198 1930 446 1986 castum,
479 1936 585 1975 non
628 1920 807 1976 fact-re
844 1920 1199 1988 adulterium,
1258 1932 1442 1976 notum
1492 1932 1673 1978 autem
1724 1924 1796 1977 sit

199 2010 343 2079 quod
396 2027 502 2064 non
528 2011 705 2077 faciat,
738 2012 1007 2066 erubescit
1052 2012 1312 2068 accedere
1340 2012 1403 2066 ad
1436 2013 1556 2068 illos
1582 2030 1685 2067 non
1708 2017 1789 2070 sui

201 2101 431 2168 similes,
464 2117 530 2159 ue
553 2102 828 2166 insultent,
859 2117 925 2157 ne
946 2102 1227 2167 ittideant,
1250 2117 1319 2157 ne
1343 2102 1521 2159 dicant
1546 2118 1652 2157 non
1676 2118 1796 2159 esse

200 2195 400 2249 vit-um.
422 2194 505 2251 Ad
534 2194 634 2250 hoc
658 2195 874 2264 delapsa
899 2207 979 2251 est
1002 2195 1230 2251 humana
1260 2198 1601 2265 perversitas,
1637 2202 1693 2251 ut
1714 2196 1795 2251 vir

203 2284 469 2340 habeatur
496 2285 667 2340 victus
696 2300 724 2340 a
759 2286 1009 2353 libidine,
1038 2298 1093 2341 et
1120 2287 1205 2340 vir
1222 2301 1327 2340 nou
1349 2286 1606 2341 habeatur
1626 2287 1795 2341 victor

204 2377 464 2433 Iltidinis.
509 2377 920 2449 Triumpltantes
947 2380 1216 2434 exsultant
1257 2388 1314 2436 et
1355 2394 1461 2433 non
1505 2388 1629 2434 sunt
1669 2378 1791 2432 viri.

198 2468 395 2527 Jaeent
424 2469 678 2539 prostrati
708 2476 763 2523 et
806 2468 905 2523 \iri
934 2480 1053 2522 sunt
1083 2470 1098 2523 ι
1129 2470 1184 2524 Si
1226 2478 1538 2539 spectares,
1572 2470 1663 2525 ille
1697 2470 1790 2523 tibi

201 2559 476 2616 videretur
527 2557 716 2613 fortior
755 2562 842 2629 qui
877 2558 1086 2628 iaceret
1124 2559 1225 2615 sub
1268 2559 1483 2630 bestia,
1512 2575 1670 2630 quam
1702 2557 1792 2627 qui

199 2651 498 2721 perimeret
525 2652 773 2707 bestiam.
798 2651 902 2706 Sed
934 2651 1057 2721 quia
1079 2651 1429 2709 dissimulatis
1456 2667 1486 2706 a
1512 2667 1681 2721 pugna
1706 2652 1788 2706 in-

200 2746 438 2804 teriore.
474 2753 527 2799 et
547 2744 815 2799 delectant
844 2760 936 2821 vos
964 2759 1153 2813 pugnae
1177 2746 1471 2801 exteriores
1490 2784 1506 2807 ,
1538 2744 1659 2798 ideo
1685 2758 1789 2797 non

198 2839 364 2893 vultis
387 2839 660 2907 pertinere
684 2836 751 2891 ad
779 2837 1044 2891 canticum
1068 2852 1289 2904 novum,
1322 2837 1411 2891 ubi
1434 2836 1654 2891 dicitur:
1688 2836 1788 2903 Qui

197 2932 363 2987 docet
408 2943 597 2983 manus
642 2944 790 2983 meas
829 2927 895 2982 ad
929 2928 1173 2999 prtelium
1204 2939 1254 2981 et
1299 2927 1495 2998 digitos
1526 2941 1674 2982 meos
1721 2928 1786 2979 ad

197 3022 429 3077 bellum.
455 3020 550 3074 Est
570 3020 714 3076 enim
741 3019 937 3073 bellutn
965 3020 1105 3085 quod
1133 3033 1315 3074 secum
1346 3019 1453 3086 agit
1477 3017 1656 3081 homo,
1682 3017 1788 3088 73

198 3116 460 3171 dimicans
488 3122 671 3170 contra
696 3112 1160 3183 concupiscentias
1183 3112 1350 3165 malas
1368 3152 1384 3175 ,
1414 3109 1631 3165 frenatis
1657 3125 1785 3164 ava-

196 3207 625 3273 ritiam,elidcns
644 3207 971 3277 superbiam,
990 3206 1257 3261 suffocans
1285 3204 1653 3266 ambitionem,
1678 3212 1785 3257 tru-
1815 3222 1861 3284 ο

196 3300 389 3354 cidans
421 3297 849 3352 libidinem.ilas
876 3310 1077 3365 pugnas
1102 3295 1234 3350 facis
1260 3295 1311 3349 in
1335 3286 1567 3362 occulto,
1600 3303 1655 3349 et
1683 3310 1787 3347 non

198 3390 436 3446 vinceris
483 3390 535 3444 in
579 3397 787 3459 aperto.
821 3388 900 3444 Ad
933 3388 1033 3444 hoc
1070 3387 1333 3446 docentur
1372 3401 1563 3442 manus
1598 3395 1788 3443 vestrae

196 3484 262 3538 ad
290 3484 539 3553 praelium
562 3520 579 3547 ,
604 3489 661 3537 et
685 3480 835 3550 digiti
864 3480 1025 3535 vestri
1057 3479 1122 3535 ad
1170 3479 1392 3535 bellum.
1421 3479 1534 3534 Non
1564 3489 1644 3534 est
1685 3478 1790 3532 hoc

198 3573 249 3631 in
295 3570 621 3643 spectaculis
645 3571 872 3637 vestris,
906 3572 961 3627 in
1004 3572 1110 3627 illis
1150 3572 1471 3643 spectaculis
1509 3586 1614 3627 non
1649 3572 1787 3627 idem

200 3674 429 3722 venator
466 3661 607 3733 quod
646 3662 964 3719 citharista:
1003 3663 1148 3719 aliud
1196 3664 1307 3733 agit
1349 3672 1611 3731 venator,
1645 3664 1789 3719 al‘ud

202 3755 326 3812 facit
356 3753 658 3810 citharista.
706 3752 760 3809 In
792 3755 1100 3823 spectaculo
1127 3754 1221 3809 Dei
1266 3769 1427 3808 unum
1474 3764 1597 3819 est;
1633 3762 1791 3824 tange

200 3847 415 3903 easdem
444 3845 632 3903 decem
671 3845 935 3910 chordas,
966 3856 1019 3901 et
1064 3845 1205 3900 feras
1235 3845 1470 3911 occides,
1502 3858 1789 3916 utrumque

198 3939 359 3996 simul
402 3936 559 3993 facis.
588 3936 784 4005 Tangis
813 3937 1037 4007 primam
1067 3936 1322 3993 chordam
1350 3952 1453 4007 qua
1485 3952 1624 3991 unus
1653 3937 1786 3992 coli-

200 4042 284 4085 tur
339 4029 519 4095 Deus,
569 4027 763 4084 cecidit
794 4028 962 4085 bestia
1013 4029 1434 4097 superstitionis.
1470 4028 1668 4097 Tangis
1705 4042 1793 4084 se-

200 4122 468 4187 cundam,
516 4134 619 4189 qua
666 4134 772 4172 non
817 4118 1017 4189 accipis
1048 4134 1241 4173 nomen
1278 4117 1486 4173 Domini
1518 4119 1610 4174 Dei
1635 4117 1708 4172 tui
1739 4118 1791 4173 in

200 4228 421 4275 vanum,
453 4211 648 4265 cecidit
678 4209 849 4263 bestia
887 4210 1086 4265 erroris
1129 4208 1479 4264 nefandarum
1527 4209 1788 4265 haeresutu

199 4321 320 4374 quae
344 4303 397 4358 id
431 4310 770 4373 putaverunt.
803 4301 998 4370 Tangis
1030 4302 1238 4355 tertiam
1279 4300 1535 4355 chordam
1577 4300 1664 4355 ubi
1697 4316 1793 4370 pro

199 4411 298 4465 spe
354 4393 549 4448 futura:
577 4394 775 4463 quietis
807 4391 937 4449 lacis
978 4391 1235 4462 quidquid
1273 4392 1431 4459 facis,
1473 4393 1790 4449 interficitur

200 4485 482 4543 crudelior
508 4484 720 4538 caeteris
750 4483 935 4541 bestiis
961 4497 1113 4537 amor
1134 4482 1317 4537 szeculi
1348 4482 1528 4549 hujus.
1564 4483 1788 4552 Propter

202 4592 451 4635 amorem
480 4577 619 4632 enim
652 4577 834 4632 stcculi
867 4576 1023 4646 hujus
1054 4576 1295 4631 laborant
1324 4578 1569 4633 homines
1595 4578 1646 4632 in
1673 4592 1787 4633 om-
1819 4594 1866 4653 ι)

198 4669 367 4724 nibus
392 4668 656 4734 negotiis;
683 4678 734 4720 tu
764 4677 941 4721 autem
983 4667 1034 4720 in
1078 4667 1328 4721 omnibus
1363 4669 1516 4723 bonis
1541 4669 1790 4736 operibus

188 4759 313 4812 tuis
357 4757 561 4822 labora,
591 4771 693 4810 non
726 4767 944 4826 propter
990 4771 1228 4812 amorem
1261 4758 1441 4812 saeculi
1483 4758 1662 4828 hujus,
1695 4759 1787 4815 sed

197 4858 428 4919 propter
458 4849 837 4917 sempiternam
877 4850 1116 4918 requiem
1145 4864 1301 4919 quam
1335 4848 1596 4920 promittit
1626 4849 1786 4905 Deus.

199 4939 337 4995 Vide
384 4939 653 5008 quomodo
695 4939 852 4994 simul
904 4950 1189 5008 utrumque
1240 4940 1402 5005 facis,
1458 4950 1512 4997 et
1558 4940 1789 4997 chordas

198 5033 380 5101 tangis
410 5040 467 5085 et
512 5030 711 5085 bestias
739 5032 941 5087 occidis
962 5072 977 5099 ,
1010 5032 1059 5086 id
1090 5041 1211 5098 est,
1242 5043 1294 5086 et
1324 5032 1595 5087 citharista
1627 5048 1685 5088 es
1731 5042 1787 5089 et

198 5132 447 5179 venator.
484 5121 598 5176 Non
650 5138 747 5177 vos
793 5123 936 5195 [nos]
981 5124 1247 5179 delectant
1302 5125 1424 5178 talia
1481 5129 1784 5192 spectacula

198 5213 289 5268 ubi
319 5223 705 5281 promerentur
732 5212 753 5285 [
778 5214 1165 5285 promeremur]
1201 5228 1233 5265 ο
1269 5215 1386 5268 ulos
1414 5215 1638 5271 editoris
1657 5258 1671 5279 ,
1695 5219 1786 5272 sed

196 5307 397 5362 oculos
427 5306 808 5375 redemptoris.
841 5306 1051 5362 Honora
1082 5317 1285 5376 patrem
1312 5317 1455 5362 tuum
1479 5316 1532 5361 et
1564 5318 1786 5363 matrem

198 5406 384 5463 tuam;
432 5400 605 5468 tangis
634 5409 877 5469 quartam
908 5399 1163 5455 cbordatu
1189 5408 1246 5453 ttt
1270 5398 1528 5454 honorem
1556 5403 1790 5470 parenti.

197 5488 301 5543 bus
332 5486 571 5557 deferas,
600 5489 794 5543 cecidit
840 5487 1005 5542 bestia
1048 5486 1353 5556 impietatis.
1389 5487 1501 5543 Non
1554 5491 1794 5544 mmcha-

198 5577 382 5643 beris;
418 5578 592 5647 tangis
637 5579 876 5646 quintam
909 5579 1165 5633 chordam
1189 5617 1203 5641 ,
1234 5580 1426 5634 cecidit
1476 5580 1645 5635 bestia
1673 5580 1793 5637 libi-

198 5669 367 5725 diuis.
398 5670 517 5724 Non
536 5670 789 5735 occides;
823 5671 994 5741 tangis
1037 5681 1242 5725 sextam
1273 5672 1560 5738 cbordam,
1597 5672 1794 5730 cecidit

202 5761 379 5819 bestia
409 5762 762 5819 crudelitatis.
795 5760 909 5818 Non
944 5763 1139 5819 furtum
1176 5758 1374 5830 facies;
1406 5765 1574 5834 tangis
1621 5767 1790 5835 septi-

1897 1957 2021 1998 cere
2040 1943 2134 1998 tibi
2154 1983 2168 2009 ,
2191 1945 2406 2013 quando
2430 1945 2565 2001 fotte
2590 1946 2921 2002 quurianter
2948 1950 3149 2018 aliquid
3185 1952 3261 2005 vis
3285 1967 3483 2022 agere:

1895 2043 2085 2098 Adhuc
2113 2058 2333 2099 uxorem
2374 2060 2480 2100 nou
2528 2044 2733 2111 habeo,
2787 2046 2923 2103 facio
2969 2048 3109 2118 quod
3162 2050 3319 2117 volo,
3374 2068 3480 2106 nor.

1895 2146 2040 2200 enim
2070 2156 2187 2215 post
2228 2162 2449 2202 uxorem
2481 2164 2653 2203 tut-am
2701 2164 2887 2219 pecco.
2919 2149 3036 2204 Jam
3069 2151 3209 2204 nosti
3250 2152 3476 2221 pretium

1897 2253 2066 2312 tuum,
2090 2246 2202 2316 jam
2235 2247 2375 2302 nosti
2418 2264 2523 2315 quo
2563 2248 2775 2304 accedis
2796 2290 2811 2314 ,
2836 2249 2962 2319 quid
2988 2250 3306 2316 manduces,
3350 2250 3478 2319 quid

1894 2334 2078 2400 bibas,
2109 2337 2217 2390 ituo
2242 2351 2400 2407 quem
2437 2337 2753 2401 manduces,
2783 2352 2940 2406 quem
2971 2338 3143 2392 bibas.
3179 2339 3402 2395 Abstine
3431 2349 3487 2393 te

1894 2440 1924 2479 a
1955 2427 2429 2494 foruicationibus,
2461 2444 2527 2484 ne
2569 2429 2704 2485 forte
2732 2429 2881 2484 dicas
2912 2431 3041 2485 milii
3061 2472 3077 2497 ,
3112 2433 3179 2486 ad
3219 2432 3482 2488 fornicem

1893 2519 2051 2586 vado,
2086 2519 2153 2574 ad
2185 2520 2518 2576 merczrieem
2552 2536 2714 2591 pergo
2738 2564 2753 2585 ,
2787 2524 2851 2575 ad
2896 2523 3231 2590 prostitutam
3265 2539 3350 2588 «ιο,
3382 2540 3487 2579 nec

1895 2610 2025 2666 illud
2080 2620 2399 2680 praeceptum
2451 2612 2594 2675 violo
2622 2626 2727 2682 quo
2776 2613 2976 2668 dictum
3027 2625 3129 2676 εει,
3180 2613 3294 2666 Non
3345 2628 3479 2669 mte-

1893 2700 2172 2764 cbaberis,
2196 2703 2316 2770 quia
2340 2717 2557 2757 uxorem
2585 2704 2818 2758 nondum
2838 2704 3008 2758 habeo
3029 2748 3041 2772 ,
3069 2719 3166 2759 nec
3188 2721 3221 2773 p
3242 2716 3303 2757 νει
3331 2705 3479 2759 illam

1894 2793 2094 2863 aliquid
2122 2792 2290 2859 facio;
2316 2809 2416 2848 nec
2442 2795 2571 2849 illud
2597 2810 2918 2865 prwcep'um
2949 2797 3091 2850 violo
3113 2798 3251 2867 quod
3275 2797 3475 2852 dictum

1893 2894 1997 2954 est,
2026 2885 2143 2940 Non
2162 2887 2514 2956 concupisces
2539 2903 2765 2943 uxorem
2790 2889 3015 2959 proximi
3042 2892 3137 2945 tui.
3165 2890 3264 2958 Qui
3288 2890 3354 2944 ad
3382 2908 3479 2957 pu-

1893 2976 2083 3033 blicam
2107 2978 2265 3045 vado,
2293 2979 2345 3033 iu
2375 2981 2516 3049 quod
2552 2993 2871 3051 prteceplum
2917 2983 3132 3037 incurro
3151 2984 3173 3036 ?
3195 2985 3308 3037 Non
3334 2984 3480 3038 iuve-

1893 3066 2068 3122 nituus
2097 3069 2390 3134 cbordam,
2439 3086 2596 3140 quam
2648 3072 2960 3140 tangamus?
3016 3087 3121 3125 non
3181 3072 3479 3126 invenimus

1893 3162 2146 3217 cltordam
2175 3205 2189 3227 ,
2216 3178 2323 3234 quo
2353 3179 2517 3218 nervo
2559 3165 2782 3234 ligemus
2810 3165 3087 3236 fugitivum
3119 3166 3312 3220 istum?
3351 3165 3465 3219 Non

1895 3252 2091 3322 fugiat,
2122 3254 2282 3308 habet
2328 3255 2469 3309 unde
2496 3256 2713 3327 ligetur;
2757 3256 2849 3310 sed
2890 3267 3061 3324 amet,
3108 3265 3162 3310 et
3209 3270 3312 3310 non
3362 3258 3466 3310 erit

1894 3344 2266 3414 Iigamentum,
2305 3347 2398 3400 sed
2429 3356 2823 3401 ornamentum.
2868 3346 2980 3400 Non
3022 3347 3166 3400 enim
3210 3345 3467 3415 ligamen-

1894 3444 2043 3500 tum,
2073 3435 2167 3491 sed
2213 3446 2585 3491 ornamentum
2634 3438 2686 3490 in
2734 3437 2862 3505 ipsis
2907 3436 3091 3491 decem
3127 3436 3342 3490 chordis
3385 3436 3467 3489 iu-

1892 3528 2158 3584 veuimus.
2207 3529 2405 3583 Decem
2449 3530 2592 3583 enim
2642 3540 2906 3599 praecepta
2957 3530 3022 3582 ad
3055 3529 3159 3583 duo
3201 3530 3289 3583 illa
3332 3532 3472 3585 refe-

1894 3629 2114 3684 rantur,
2142 3619 2279 3675 sicut
2308 3620 2609 3675 audivimus
2639 3634 2691 3675 ut
2716 3621 2998 3692 diligamus
3026 3622 3189 3676 Deum
3212 3632 3267 3675 et
3298 3626 3476 3691 proxi-

1894 3723 2073 3776 mum,
2103 3720 2157 3766 et
2199 3712 2306 3767 duo
2347 3712 2435 3767 illa
2462 3713 2529 3767 ad
2561 3729 2723 3768 unum
2750 3714 2899 3770 il.ud.
2935 3715 3106 3770 Unum
3148 3725 3231 3770 est
3257 3726 3432 3771 autem
3460 3734 3475 3772 :

1893 3800 2046 3868 Quod
2070 3802 2161 3856 tibi
2184 3804 2297 3858 fieri
2320 3819 2425 3858 non
2452 3804 2554 3870 vis,
2577 3805 2668 3858 alii
2688 3820 2755 3859 ne
2787 3805 3001 3861 feceris.
3031 3805 3105 3861 lbi
3129 3808 3478 3862 continentur

1893 3892 2105 3958 decem,
2134 3893 2207 3948 ibi
2236 3895 2577 3948 continentur
2606 3897 2735 3951 duo.
2755 3896 2863 3952 Sed
2885 3898 3061 3952 dices:
3089 3897 3312 3952 Furtum
3336 3898 3379 3952 si
3406 3899 3479 3951 fa-

1892 3998 2031 4038 eatn
2061 4026 2077 4051 ,
2107 3986 2158 4040 id
2192 3988 2326 4042 facio
2350 3989 2491 4058 quod
2524 3989 2633 4059 pati
2663 3989 2787 4044 nolo
2816 4005 2830 4043 :
2860 3990 2904 4043 si
2937 3990 3178 4043 occidam
3198 4034 3213 4057 ,
3244 3990 3296 4044 id
3340 3990 3479 4046 facio

1893 4076 2035 4143 quod
2072 4075 2140 4131 ab
2162 4076 2331 4132 altero
2364 4080 2469 4146 pati
2517 4082 2643 4133 nolo
2677 4097 2687 4131 :
2716 4080 2761 4133 si
2790 4081 3100 4150 parentibus
3144 4081 3276 4135 meis
3306 4081 3477 4135 hono-

1893 4182 2009 4221 rem
2038 4183 2144 4222 non
2170 4167 2428 4235 deferam,
2456 4170 2672 4240 quando
2700 4173 2822 4226 volo
2843 4170 3113 4226 deferatur
3144 4172 3273 4226 tnilti
3296 4187 3325 4225 a
3359 4172 3479 4226 flliis

1895 4260 2052 4325 meis,
2078 4261 2128 4315 id
2155 4261 2291 4317 fatio
2319 4263 2459 4332 quod
2485 4267 2587 4333 pati
2619 4265 2783 4319 nolo:
2826 4265 2869 4319 si
2901 4264 3001 4319 siut
3033 4264 3275 4320 moechus
3303 4276 3355 4320 et
3380 4264 3478 4319 ali.

1898 4352 2021 4419 quid
2073 4352 2179 4407 tale
2211 4354 2429 4421 moliar,
2465 4353 2517 4408 id
2560 4355 2699 4410 facio
2748 4355 2890 4424 quod
2938 4357 3047 4425 pati
3093 4357 3234 4411 nolo.
3267 4358 3398 4412 Nam
3430 4357 3476 4410 si

1896 4442 2016 4512 quis
2046 4441 2433 4513 interrogetur,
2461 4442 2593 4497 dicit
2615 4483 2632 4509 ,
2667 4445 2802 4499 Nolo
2847 4458 2903 4500 ut
2934 4463 3066 4501 uxor
3096 4462 3214 4501 mea
3246 4450 3350 4502 tale
3381 4450 3478 4503 ali-

1896 4532 2022 4603 quid
2055 4532 2243 4599 faciat;
2276 4535 2320 4589 si
2352 4535 2673 4603 concupisco
2697 4553 2915 4592 uxorem
2948 4535 3171 4607 proximi
3197 4539 3333 4607 mei,
3355 4543 3478 4595 nolo

1892 4626 2173 4695 quisquam
2195 4626 2538 4693 concupiscat
2566 4642 2770 4691 meatu;
2800 4627 2847 4681 id
2870 4628 3004 4681 lacio
3025 4628 3166 4697 quod
3192 4628 3298 4697 pati
3318 4629 3477 4685 nolo:

1892 4716 1937 4770 si
1977 4717 2298 4784 concupisco
2336 4732 2449 4771 retu
2502 4717 2728 4785 proximi
2776 4717 2901 4781 mei,
2929 4720 3051 4772 nolo
3100 4729 3156 4773 ut
3202 4720 3479 4775 auferatur

1895 4822 2045 4871 mea;
2074 4806 2123 4859 id
2151 4807 2285 4860 facio
2309 4806 2450 4877 quod
2484 4808 2590 4875 pati
2615 4810 2758 4862 nolo.
2802 4808 2933 4862 Cum
2968 4824 3098 4863 vero
3141 4812 3208 4866 ad
3236 4815 3474 4867 meretri-

1892 4914 2014 4955 cem
2045 4916 2111 4956 eo
2130 4942 2145 4967 ,
2167 4901 2253 4955 cui
2284 4902 2420 4956 lacio
2448 4902 2591 4972 quod
2619 4903 2725 4971 pati
2765 4903 2889 4957 nolo
2909 4905 2932 4957 i
2954 4904 3107 4969 Quod
3132 4907 3347 4977 gravius
3376 4915 3476 4969 est,

1896 4997 1995 5067 ipsi
2025 4998 2155 5053 Deo.
2194 5000 2459 5068 lntelligat
2480 4999 2736 5056 sanctitas
2765 5011 2961 5056 vestra.
2998 5002 3351 5073 Etenimquod
3380 5004 3475 5057 tibi

1894 5091 2007 5145 ﬁeri
2039 5107 2143 5145 non
2173 5093 2286 5155 vis,
2320 5093 2411 5147 alii
2443 5108 2509 5148 ne
2539 5094 2760 5158 feceris,
2789 5094 2853 5148 ad
2884 5095 2991 5149 duo
3020 5108 3279 5164 praecepta
3310 5096 3475 5164 pet-ti-

1894 5194 1987 5241 net
2013 5203 2025 5237 :
2060 5184 2328 5252 quomodo
2369 5185 2599 5253 pertinet
2624 5189 2689 5239 ad
2718 5187 2825 5241 duo
2865 5184 3176 5256 prmcepta?
3200 5187 3245 5239 si
3277 5186 3478 5240 bomitti

1897 5295 2003 5336 non
2037 5280 2227 5334 feceris
2257 5277 2394 5346 quod
2428 5279 2534 5345 pati
2564 5294 2670 5333 non
2696 5279 2855 5334 visab
2878 5280 3095 5334 homine
3114 5319 3129 5342 ,
3161 5281 3225 5333 ad
3248 5280 3474 5347 proximi

1899 5384 2221 5444 prccceptum
2244 5376 2509 5444 pertinet,
2532 5374 2596 5428 ad
2622 5374 2961 5429 dilectionem
2994 5374 3240 5442 proximi,
3263 5372 3327 5425 ad
3356 5388 3473 5441 sep-

1899 5472 2005 5518 tem
2035 5464 2296 5528 cltordas;
2328 5463 2372 5517 si
2405 5474 2581 5518 autem
2622 5464 2762 5531 quod
2788 5478 2892 5516 non
2918 5462 2996 5515 vis
3028 5463 3133 5529 pati
3165 5466 3233 5514 ab
3262 5462 3477 5515 homine

1903 5552 2001 5623 ipsi
2032 5553 2139 5608 Deo
2174 5555 2251 5608 vis
2295 5552 2504 5619 facere,
2535 5554 2661 5623 quid
2696 5564 2780 5608 est
2826 5554 2970 5607 hoc?
3000 5568 3103 5605 non
3151 5551 3279 5604 facis
3322 5552 3478 5606 alteri

1901 5647 2041 5718 quod
2078 5647 2184 5716 pati
2212 5662 2314 5701 non
2346 5648 2453 5713 vis,
2482 5646 2695 5701 charior
2719 5646 2802 5700 tib'
2827 5644 2995 5698 factus
3021 5653 3106 5699 est
3134 5644 3293 5697 homo
3315 5659 3475 5713 quant

1906 5742 2045 5796 Deus
2064 5741 2090 5795 ἵ
2120 5740 2260 5810 Ergo
2276 5739 2544 5810 quomodo
2566 5737 2814 5807 iniuriam
2833 5737 2988 5803 facio,
3023 5739 3194 5810 inquit
3221 5738 3469 5814 [inquis],
