3990 6180
552 375 657 447 χδδ

1636 363 1696 415 D.
1734 357 2061 417 EUGYPPII
2103 353 2395 411 ABBATIS
2426 352 2748 410 AFRICANI
3677 355 3759 408 756

554 487 697 544 Deo?
723 484 1024 555 corrumpis
1055 493 1107 538 te
1134 483 1329 552 ipsum.
1362 478 1428 532 Et
1461 475 1600 531 unde
1629 475 1882 544 injuriam
1918 463 2026 526 Deo
2056 469 2134 523 l‘a-
2163 471 2216 530 Α
2241 469 2329 522 bat
2358 467 2631 537 lampadas
2657 481 2711 521 et
2736 474 2969 520 montem
2995 465 3458 534 fumantem,quod
3483 469 3685 536 pertinet
3707 472 3759 522 ad

553 585 661 646 cio,
680 581 803 650 quia
825 593 1036 632 corrnm
1048 590 1112 644 po
1131 589 1214 628 me
1239 572 1438 641 ipsum?
1469 570 1609 624 unde
1630 570 1722 623 libi
1747 566 1870 622 facit
1891 564 2137 635 injuriam

553 670 892 742 quivoluerit
927 669 1064 722 forte
1111 664 1355 732 lapidare
1395 663 1630 717 tabulam
1653 669 1795 714 tuam
1836 659 2055 729 pictam,
2083 659 2135 710 itt

553 779 658 831 qua
686 761 864 815 tabula
895 761 1069 826 imago
1103 767 1188 811 tua
1221 766 1342 820 est,
1389 754 1442 808 in
1471 754 1632 808 domo
1676 761 1764 807 tua
1791 753 2024 805 inaniter
2048 764 2142 818 po-

557 853 656 906 sita
687 851 751 903 ad
786 864 979 904 vanum
1017 849 1277 902 honorem
1315 855 1604 911 tuum,nec
1627 844 1900 907 sentiens,
1934 856 2032 896 nec
2059 841 2140 894 lo-

557 956 757 1009 quens,
787 954 884 994 nec
912 938 1136 994 videns?
1160 939 1203 992 si
1231 937 1350 1006 quis
1382 936 1525 990 illam
1556 935 1777 1004 lapidet,
1811 949 1987 988 nonne
2012 935 2062 987 in
2090 943 2140 986 te

553 1033 596 1087 it
625 1031 999 1086 contumelia?
1032 1031 1164 1084 Cum
1198 1045 1326 1083 vero
1359 1029 1643 1096 imaginem
1680 1026 1773 1080 Dei
1805 1026 1946 1096 quod
1977 1041 2036 1080 es
2083 1036 2139 1078 tu

554 1123 859 1190 corrumpis
907 1123 957 1175 in
988 1130 1041 1175 te
1070 1136 1165 1192 per
1197 1120 1578 1175 l‘ornicati0nes
1618 1129 1672 1174 et
1700 1134 1793 1187 per
1815 1117 2140 1172 difﬂuentias

555 1213 814 1277 libidinis,
849 1212 1085 1266 attendis
1116 1211 1240 1281 quia
1271 1212 1335 1265 ad
1356 1210 1556 1265 nullius
1579 1225 1802 1264 uxorem
1831 1210 2136 1276 aceessisti;

555 1307 792 1361 attendis
833 1307 954 1374 quia
1013 1315 1135 1375 post
1163 1319 1381 1359 uxorem
1433 1313 1576 1356 tuam
1624 1301 1752 1355 nihil
1783 1299 1978 1366 fecisti,
2012 1301 2137 1370 quia

554 1413 776 1453 uxorem
809 1412 913 1451 non
943 1399 1138 1462 habes,
1183 1409 1236 1451 et
1270 1413 1376 1451 non
1407 1395 1638 1451 attendis
1669 1411 1764 1465 per
1794 1395 2044 1448 libidines
2087 1405 2140 1448 et

553 1492 766 1545 illicitas
792 1489 1172 1544 fornicationes
1188 1489 1342 1556 cujus
1366 1487 1652 1556 imaginem
1674 1485 1913 1539 violasti?
1929 1485 2139 1538 Postre-

552 1598 642 1637 mo
671 1583 833 1648 Deus,
859 1583 948 1652 qui
981 1583 1090 1636 scit’
1116 1581 1241 1650 quid
1275 1581 1370 1634 tibi
1404 1581 1533 1636 utile
1560 1581 1646 1646 sit,
1673 1579 1912 1649 quivere
1939 1577 2017 1632 sic
2043 1594 2139 1648 gu-

552 1675 741 1729 bernat
763 1687 949 1728 servos
969 1689 1096 1729 suos
1120 1673 1186 1727 ad
1219 1673 1500 1729 utilitatem
1533 1673 1742 1727 illorum
1771 1687 1877 1726 non
1907 1672 1972 1726 ad
1986 1685 2138 1726 suam

552 1771 683 1832 (non
699 1767 844 1821 enim
863 1767 1064 1836 indiget
1080 1766 1251 1821 servis
1266 1767 1412 1836 quasi
1431 1765 1494 1820 ad
1510 1765 1852 1836 adjutorium,
1875 1765 1967 1820 sed
1986 1774 2039 1819 tu
2057 1769 2137 1818 in-

2241 573 2458 612 seusnm
2491 558 2725 619 videndi,
2762 556 2863 610 nisi
2896 558 3015 624 quis
3043 555 3184 610 dicat
3211 570 3309 611 nec
3335 568 3434 610 tam
3463 558 3670 612 breviter
3699 563 3763 613 tli-

2241 652 2502 716 cendum;
2533 652 2695 705 fuisse
2722 650 2813 704 sed
2844 658 2900 703 ut
2923 657 3090 702 totum
3123 648 3404 703 diceretur.
3429 649 3667 704 Audiebat
3691 667 3764 704 vo-

2209 763 2212 770 ·
2241 759 2379 808 cem,
2411 754 2465 798 et
2491 744 2700 798 videbat
2735 743 3005 812 lampadas
3032 785 3046 808 ,
3077 749 3132 798 et
3158 741 3403 796 audiebat
3423 757 3592 796 vocem
3622 745 3764 807 tubae,

2242 845 2297 890 et
2343 835 2558 890 videbat
2584 847 2818 892 montem
2869 837 3182 889 imitantem.
3218 835 3328 888 Duo
3376 836 3561 904 quippe
3600 852 3764 904 genera

2244 931 2389 984 vocis
2410 941 2580 997 erant,
2607 941 2659 985 et
2683 931 2748 984 de
2774 929 3025 993 nubibus,
3054 930 3192 983 sicut
3217 929 3464 987 tonitrua,
3498 936 3546 979 et
3566 928 3625 980 de
3647 929 3764 992 tuba;

2241 1020 2284 1073 si
2311 1032 2486 1074 tamen
2525 1021 2694 1089 ipsam
2741 1021 2878 1073 dixit
2910 1033 3128 1083 Vocem,
3162 1035 3280 1087 qua:
3325 1019 3392 1072 de
3419 1017 3628 1072 nubibus
3669 1022 3770 1073 cde-

2244 1110 2417 1165 batur.
2449 1114 2525 1165 Ac
2558 1125 2650 1179 per
2677 1113 2779 1165 hoc
2824 1110 3017 1164 melius
3041 1111 3093 1164 in
3126 1109 3208 1164 his
3237 1125 3356 1179 qua:
3385 1109 3447 1163 ad
3478 1124 3673 1164 sensum
3697 1125 3770 1162 au-

2243 1201 2418 1256 diendi
2445 1202 2781 1270 pertinebant
2804 1241 2820 1266 ,
2847 1201 3114 1271 generalis
3141 1217 3332 1256 Sensus
3354 1210 3431 1255 est
3463 1200 3665 1268 pesitus,
3691 1201 3772 1256 hoc

2255 1300 2338 1343 est
2366 1290 2609 1352 vidi-udi,
2660 1305 2780 1344 cum
2827 1291 3063 1344 breviter
3112 1299 3280 1343 totum
3334 1289 3489 1343 vellet
3535 1289 3772 1355 Scriptura

2243 1383 2560 1452 complecti,
2593 1398 2748 1452 quam
2785 1392 2842 1436 ιιι
2888 1384 2937 1436 in
2981 1384 3060 1436 his
3087 1399 3204 1450 qua-
3237 1382 3571 1450 pertincntad
3594 1381 3772 1435 videndi

2245 1486 2484 1536 sensum,
2515 1473 3006 1541 subintelligerclur
3054 1473 3269 1526 auditus
3297 1490 3307 1522 :
3346 1488 3450 1541 quo
3495 1486 3630 1524 more
3656 1473 3772 1540 loqui

2245 1576 2342 1616 nos
2373 1564 2629 1617 solemus.
2659 1562 2790 1616 Nam
2824 1563 2946 1617 vide
2974 1564 3099 1632 qttid
3146 1574 3304 1619 sonet
3346 1563 3571 1619 solemus
3598 1564 3772 1630 dicere,

2243 1653 2365 1707 audi
2398 1655 2520 1723 quid
2555 1656 2724 1709 luceat
2754 1669 2861 1708 non
2888 1657 3144 1710 solemus.

2803 1765 3029 1821 CAPUT
3089 1767 3254 1822 CXX.

551 1859 701 1926 diges
723 1857 931 1911 Domini
955 1857 1201 1925 auxilio),
1230 1857 1341 1924 ipse
1359 1872 1487 1926 ergo
1515 1857 1768 1911 Dominus
1791 1857 2136 1926 quiscitquid
2174 1841 2216 1899 Β
2249 1854 2514 1929 Quomodo
2543 1853 2883 1925 intelligatur:
2914 1856 3035 1929 Non
3061 1874 3244 1927 coques
3273 1874 3458 1929 agnum
3481 1860 3529 1912 in
3554 1859 3665 1912 lacte
3691 1877 3772 1910 ma-

556 1949 647 2000 tibi
670 1947 800 2000 utile
816 1946 908 2012 sit,
933 1960 1154 1999 uxorem
1179 1947 1466 2009 concessit,
1484 1944 1880 2014 nihilamplius.
1911 1945 2142 2012 llocjus-

555 2041 660 2102 sit,
691 2038 790 2091 hoc
817 2039 1102 2107 prtecepit,
1154 2053 1220 2091 ne
1249 2053 1346 2102 per
1369 2038 1581 2093 illicitas
1603 2039 1902 2108 voluptates
1928 2050 2142 2093 corruat

561 2131 815 2198 templum
832 2129 946 2197 ejus
960 2129 1102 2199 quod
1120 2145 1241 2184 esse
1253 2131 1461 2199 cmp'sti
1481 2147 1494 2186 :
1513 2131 1748 2200 nunquid
1765 2132 1974 2201 egohoc
1987 2131 2140 2187 dico?

557 2220 872 2288 Apostolum
904 2222 1120 2275 audite:
1151 2221 1378 2276 Nescitis
1409 2222 1530 2290 quia
1566 2223 1818 2291 templum
1849 2223 1945 2277 Dei
1978 2222 2138 2289 estis,

557 2323 613 2366 et
642 2311 874 2380 Spiritus
905 2313 1000 2366 Dei
1031 2312 1234 2366 habitat
1274 2316 1323 2366 in
1367 2314 1559 2367 vobis?
1591 2315 1692 2368 hoc
1731 2315 1858 2369 dicit
1883 2315 2139 2370 Chrisda-

558 2405 670 2468 nis,
718 2404 819 2458 hoc
865 2404 994 2458 dicit
1025 2404 1270 2458 ﬁdelibus
1302 2422 1315 2456 :
1351 2404 1576 2460 Nescitis
1609 2406 1732 2475 quia
1766 2409 2021 2476 templum
2045 2407 2140 2461 Dei

557 2497 709 2561 estis,
743 2507 796 2550 et
825 2495 1059 2564 Spiritus
1093 2497 1184 2551 Dei
1226 2496 1434 2552 habitat
1461 2499 1512 2551 in
1548 2500 1736 2553 vobis?
1769 2499 1824 2555 Si
1855 2503 1976 2569 quis
2008 2510 2142 2555 tem-

557 2588 700 2656 plum
728 2587 820 2642 Dei
847 2589 1147 2656 corruperit
1174 2629 1188 2648 .
1222 2600 1534 2658 corrumpet
1563 2591 1710 2644 illum
1743 2592 1903 2646 Deus.
1936 2592 2144 2647 Videtis

554 2679 832 2748 quomodo
864 2679 1137 2734 minatur?
1169 2694 1274 2734 non
1306 2680 1385 2734 vis
1415 2682 1686 2750 corrumpi
1725 2682 1938 2736 domum
1974 2694 2140 2752 tuam,

553 2784 722 2840 quare
750 2770 1053 2840 corrumpis
1083 2770 1300 2824 domum
1328 2769 1456 2824 Dei?
1480 2780 1625 2826 certe
1653 2771 1786 2826 l‘acis
1812 2772 1972 2828 alicui
1999 2775 2142 2841 quod

557 2862 664 2929 pati
698 2877 804 2918 non
845 2864 944 2916 vis.
998 2862 1111 2916 Non
1145 2871 1229 2916 est
1269 2876 1398 2932 ergo
1438 2878 1539 2931 qua
1597 2863 1874 2926 evadatur,
1933 2872 2144 2939 tenetur

554 2953 642 3007 ille
679 2955 768 3021 qui
818 2966 878 3007 se
932 2953 1100 3006 teneri
1143 2967 1249 3005 non
1295 2951 1536 3018 putabat.
1587 2950 1775 3007 Omnia
1821 2954 1966 3023 enim
2015 2968 2142 3022 pec-

554 3055 670 3098 cata
697 3044 973 3098 hominum
1014 3057 1104 3099 aut
1128 3046 1193 3098 ad
1224 3047 1588 3114 corruptelam
1623 3049 1892 3116 pertinent
1920 3049 2146 3118 llagitio-

553 3150 691 3200 rum,
728 3144 818 3189 aut
845 3136 910 3188 ad
939 3134 1181 3190 facinora
1210 3138 1436 3191 nocendi
1480 3155 1492 3189 :
1522 3137 1644 3206 quia
1677 3137 1787 3191 Deo
1819 3152 2005 3192 nocere
2037 3154 2141 3192 non

2375 1928 2467 1978 tris
2495 1939 2639 1989 ww;
2669 1942 2732 1978 ea:
2753 1929 2929 1980 eodem
2958 1928 3086 1980 libro
3120 1928 3469 1992 Quwstionum
3501 1929 3671 1982 Exodi.

2317 2016 2430 2070 Non
2459 2032 2658 2086 coquus
2686 2033 2879 2087 agnum
2914 2019 2965 2073 in
2997 2020 3133 2074 lacte
3162 2021 3348 2075 matris
3379 2036 3502 2076 suae.
3541 2021 3773 2089 Quomodo

2247 2110 2577 2180 intelligatur
2600 2111 2664 2164 :td
2689 2111 2972 2166 verborum
3007 2114 3412 2182 proprietatem,
3445 2113 3610 2169 nescio
3631 2123 3770 2167 utrum

2248 2201 2414 2268 possit
2444 2201 2686 2270 reperiri.
2718 2201 2776 2256 Si
2803 2201 2946 2256 enim
2976 2203 3199 2272 alicujus
3231 2204 3618 2273 signiﬁcationis
3643 2217 3771 2258 causa

2247 2291 2576 2359 prohibitum
2608 2295 2996 2364 acceperimus,
3021 2310 3216 2365 agnum
3250 2297 3302 2350 in
3333 2297 3466 2351 lacte
3487 2297 3646 2367 coqui,
3675 2295 3767 2348 nul-

2248 2383 2330 2437 lus
2360 2399 2488 2438 usus
2519 2393 2602 2438 est
2631 2386 2701 2438 ita
2725 2387 3008 2454 coquendi.
3044 2387 3097 2442 Si
3130 2396 3314 2442 autem
3341 2388 3391 2442 in
3419 2388 3595 2443 diebus
3623 2387 3774 2456 quibus

2248 2476 2494 2542 laetatur,
2529 2478 2648 2546 quis
2680 2478 2778 2531 hoc
2823 2477 3006 2532 habuit
3039 2494 3280 2548 unquam
3323 2479 3610 2534 Judatorum
3639 2480 3683 2532 in
3703 2478 3774 2530 ob-

2245 2580 2320 2619 set
2335 2568 2570 2632 vatione,
2598 2577 2652 2621 ut
2685 2583 2879 2637 agnum
2907 2585 3010 2623 non
3033 2580 3299 2639 coqueret
3331 2571 3425 2625 nisi
3456 2585 3568 2626 cum
3593 2569 3776 2624 desiste-

2247 2667 2328 2712 ret
2365 2661 2594 2730 sugere?
2643 2660 2780 2728 Quid
2821 2671 2904 2716 est
2939 2671 3118 2716 autem
3177 2664 3227 2716 in
3282 2665 3418 2718 lacte
3465 2663 3630 2716 matris
3659 2674 3774 2725 sur,

2245 2752 2394 2820 quasi
2441 2760 2641 2821 posset,
2676 2752 2883 2806 etiamsi
2931 2754 3032 2808 hoc
3071 2755 3485 2824 intelligeretur,
3525 2756 3627 2808 sine
3655 2751 3777 2819 hujus

2248 2842 2498 2911 praecepti
2551 2844 2978 2909 transgressione
3023 2845 3200 2913 coqui,
3255 2846 3306 2899 si
3347 2860 3410 2900 eo
3456 2853 3570 2898 nato
3613 2853 3774 2897 mortua

2248 2943 2416 2989 matre
2439 2936 2579 3005 ejus,
2613 2937 2680 2990 ab
2709 2952 2808 2991 ove
2834 2937 2935 2991 alia
2961 2937 3275 3000 laetaretur,
3309 2954 3425 2992 cum
3449 2938 3652 3007 alicujus
3677 2952 3774 3005 pro.

2247 3025 2387 3081 iccto
2419 3027 2493 3081 rei
2537 3027 2900 3096 signiﬁcanda:
2939 3043 3098 3082 causa
3146 3043 3271 3084 esse
3307 3038 3611 3099 praeceptum
3654 3038 3777 3080 nemo

2249 3116 2525 3184 ambigat?
2559 3117 2664 3172 Sed
2716 3121 2878 3171 etiam
2925 3119 3010 3172 illa
3063 3135 3182 3189 qua:
3228 3130 3456 3189 possunt
3495 3117 3775 3174 observantia

556 3241 704 3296 Potes
728 3229 782 3282 in
811 3229 1138 3283 laeinoribus
1161 3270 1175 3294 .
1204 3229 1254 3282 in
1289 3229 1500 3298 ﬂagitiis
1530 3245 1649 3283 eum
1679 3229 1927 3295 olTendis,
1955 3229 2006 3286 in
2029 3245 2145 3284 c0t-
2171 3207 2219 3269 ο
2254 3208 2502 3274 (“tmarii
2538 3224 2641 3263 "0"
2667 3211 2784 3263 είηθ
2813 3225 2972 3263 causa
3018 3213 3088 3266 "'3
3133 3221 3403 3282 βτπανριδ
3439 3221 3571 3273 sum,
3611 3209 3773 3279 Signiﬁ’

553 3320 778 3388 ruptelis
807 3319 1062 3384 olfeiidis,
1097 3325 1147 3374 in
1179 3330 1229 3375 te
1254 3321 1324 3374 illi
1353 3321 1484 3376 facis
1523 3319 1814 3388 injuriam:
1845 3321 1975 3376 lat-is
2002 3326 2144 3378 enim

555 3409 800 3476 iujuriam
828 3411 1017 3477 gratia:
1066 3411 1260 3476 ipsius,
1291 3411 1434 3466 dono
1480 3411 1668 3480 ipsius.
1703 3411 1931 3467 Servum
1960 3414 2005 3466 si
2053 3413 2148 3466 ha-

558 3500 712 3553 beres
736 3540 750 3562 ,
783 3501 951 3554 velles
1003 3510 1061 3554 ut
1111 3502 1345 3555 serviret
1395 3501 1487 3557 tibi
1515 3516 1704 3556 servus
1732 3511 1885 3557 tuus:
1920 3503 2060 3556 seivi
2090 3513 2143 3556 tu

559 3589 768 3644 meliori
819 3591 1043 3646 Domino
1086 3592 1198 3647 Deo
1231 3601 1340 3647 tuo.
1375 3593 1598 3649 Servum
1645 3603 1792 3648 tuum
1833 3609 1939 3649 non
1985 3603 2038 3649 tu
2065 3595 2146 3649 l'e-

557 3680 674 3736 cisti
696 3725 709 3744 ,
743 3691 796 3734 et
844 3690 894 3736 te
923 3693 972 3736 et
1002 3698 1214 3738 servum
1247 3696 1394 3737 tuum
1432 3685 1522 3738 ille
1553 3683 1702 3738 fecit:
1738 3684 1816 3738 vis
1853 3693 1911 3738 ut
1953 3685 2148 3739 serviat

556 3777 649 3830 tibi
693 3789 814 3830 cum
857 3790 964 3845 quo
988 3774 1165 3830 factus
1204 3791 1284 3842 es,
1331 3786 1384 3830 et
1426 3792 1529 3830 non
1563 3778 1644 3829 vis
1675 3776 1878 3830 servire
1905 3775 1953 3831 ei
1981 3790 2010 3828 a
2040 3791 2147 3844 quo

558 3867 727 3921 fictus
753 3881 850 3929 es;
881 3879 1014 3934 ergo
1043 3883 1164 3921 eum
1199 3872 1277 3921 vis
1316 3876 1372 3921 ut
1417 3866 1615 3922 serviat
1664 3866 1754 3921 tibi
1796 3880 1983 3922 servus
2029 3877 2148 3920 tuus

560 3960 746 4020 homo,
794 3969 848 4011 et
892 3968 945 4010 tu
980 3974 1083 4012 non
1116 3960 1196 4011 vis
1227 3961 1434 4013 servire
1479 3958 1703 4012 Domino
1745 3959 1852 4012 Deo
1879 3969 1986 4024 tuo,
2019 3958 2149 4013 facis

561 4053 670 4105 Deo
695 4052 836 4121 quod
871 4061 925 4106 tu
959 4055 1068 4123 pati
1101 4069 1206 4108 non
1231 4055 1332 4108 vis.
1370 4054 1512 4123 Ergo
1542 4054 1673 4108 illud
1715 4070 1876 4108 unum
1909 4069 2149 4122 praecep-

562 4160 671 4198 Ititll
702 4147 943 4200 contini-t
988 4149 1132 4208 duo,
1183 4147 1272 4201 illa
1317 4146 1426 4202 dno
1474 4149 1750 4202 continent
1786 4147 2006 4212 decent,
2058 4147 2147 4201 illa

561 4240 744 4294 decem
776 4242 1054 4294 continent
1091 4241 1292 4293 omnia.

1121 4353 1348 4408 CAPUT
1387 4352 1570 4409 CXIX.

639 4447 778 4513 Quid
806 4446 871 4500 sit
902 4445 970 4499 Et
992 4447 1155 4498 omnis
1186 4445 1408 4515 populna
1435 4445 1634 4515 videbat
1663 4459 1826 4510 uoces;
1853 4459 1915 4499 ea:
1945 4443 2078 4498 libro

1059 4516 1409 4582 anstionum
1455 4514 1643 4568 Exodi.

2249 3309 2374 3355 cant
2419 3302 2559 3356 enim
2603 3302 2826 3372 aliquid.
2885 3303 2996 3356 Hoc
3036 3319 3165 3357 vero
3207 3304 3480 3373 quomodo
3516 3304 3778 3357 observetur

2249 3393 2312 3446 ad
2349 3395 2723 3463 proprietatem
2756 3394 3063 3457 verborum,
3088 3403 3177 3448 aut
3207 3410 3320 3450 non
3343 3405 3442 3458 est,
3473 3404 3558 3448 aut
3577 3409 3664 3446 non
3688 3390 3775 3445 elu-

2247 3495 2352 3540 cet.
2387 3484 2715 3539 lntellectum
2747 3496 2923 3540 tamen
2951 3485 3016 3540 de
3046 3485 3262 3540 Christo
3301 3488 3532 3556 approbo
3555 3482 3678 3554 quod
3703 3482 3778 3534 hac

2251 3578 2522 3646 prophetia
2565 3578 2854 3646 przedictus
2898 3586 3001 3641 est,
3057 3593 3159 3632 non
3201 3579 3528 3633 occidendus
3563 3592 3588 3629 a
3617 3571 3777 3630 Judazls

2250 3665 2442 3733 itil'ans,
2474 3666 2688 3736 quando
2735 3668 2972 3722 Herodes
3014 3682 3263 3736 quaerens
3302 3683 3422 3722 eum
3455 3676 3508 3721 ut
3533 3665 3776 3725 occideret,

2250 3778 2355 3818 non
2388 3763 2610 3828 invenit,
2645 3773 2699 3817 ut
2729 3777 2928 3832 coques
2959 3761 3098 3831 quod
3127 3762 3338 3816 dctum
3367 3771 3445 3817 est
3476 3760 3706 3829 pertineat
3731 3751 3780 3806 ad

2252 3856 2424 3922 ignem
2450 3854 2737 3924 passiOnis,
2756 3853 2857 3908 hoc
2884 3863 2967 3908 est
2990 3854 3414 3908 tribulationem.
3442 3852 3584 3908 Unde.
3599 3849 3780 3904 dicitur:

2256 3945 2389 3998 Vasa
2423 3945 2564 4016 liguli
2588 3944 2778 4015 probat
2809 3945 3019 4011 fornax,
3051 3953 3100 3998 et
3135 3943 3385 3999 homines
3411 3944 3575 4014 justos
3601 3934 3782 3992 tentalio

2253 4037 2634 4092 tribulationis.
2665 4037 2796 4104 Quia
2827 4051 2953 4106 ergo
2982 4052 3086 4092 non
3117 4045 3199 4090 est
3230 4045 3361 4090 tunc
3397 4036 3563 4089 in'ans
3606 4039 3777 4099 passus,

2251 4151 2372 4188 cum
2415 4145 2687 4203 qmerente
2720 4133 2929 4187 Herode
2958 4133 3097 4187 illius
3129 4131 3273 4185 modi
3323 4129 3604 4200 periculum
3641 4119 3783 4177 inuni-

2255 4242 2380 4280 ncre
2412 4225 2704 4291 videretur,
2745 4223 3056 4294 przedictuni
3088 4233 3168 4277 est
3197 4222 3282 4276 bis
3325 4221 3539 4276 verbis:
3585 4216 3683 4270 Non
3717 4225 3786 4302 eo-

2250 4334 2382 4388 qttes
2419 4333 2614 4388 agnum
2643 4317 2695 4370 in
2723 4316 2860 4371 lacte
2887 4316 3072 4369 matris
3110 4329 3242 4369 suae.
3265 4345 3338 4354 —
3366 4313 3464 4366 llic
3491 4315 3596 4382 jam
3622 4322 3677 4360 ex
3698 4303 3780 4355 alia

2253 4426 2399 4480 opere
2425 4411 2588 4464 sancti
2616 4409 2889 4478 Augustini
2915 4424 3028 4476 qua:
3060 4416 3345 4476 sequuntur
3370 4405 3569 4472 adiecta
3595 4406 3712 4454 sunt.
3733 4419 3787 4434 --

2253 4501 2369 4558 Non
2399 4500 2614 4556 occides
2637 4499 2936 4564 Christum,
2973 4497 3249 4568 prephetia
3280 4496 3424 4552 enim
3458 4493 3651 4547 videtur
3679 4498 3787 4554 prat-

634 4605 704 4662 Ει
731 4608 906 4661 omnis
938 4575 1166 4675 ροριῆυδ
1195 4606 1412 4659 videbat
1438 4620 1644 4668 vocem,
1675 4616 1730 4660 ει
1758 4605 2062 4674 lampadas.
2093 4616 2147 4661 ει
2179 4579 2230 4639 D
2257 4607 2500 4660 monens,
2534 4607 2600 4647 ne
2648 4607 2705 4647 se
2757 4591 2879 4645 ὺοηῑ
2929 4591 3189 4646 Israelita
3239 4589 3509 4645 εοοίητρηῑ
3553 4575 3789 4675 malisin-

564 4713 748 4752 vocem
803 4699 976 4763 tubae,
1028 4707 1084 4751 et
1130 4706 1365 4751 montem
1421 4697 1734 4750 fumantem.
1788 4697 1936 4752 Solet
1979 4697 2146 4766 qureri

561 4791 832 4860 quomodo
858 4791 1084 4860 populus
1127 4789 1344 4844 videbat
1387 4804 1570 4845 vocem
1593 4833 1609 4856 ,
1640 4805 1762 4844 cum
1797 4805 1895 4843 vox
1943 4805 2048 4844 non
2079 4791 2144 4844 ad

564 4881 768 4946 visum,
801 4881 894 4934 sed
943 4883 1118 4948 potius
1163 4881 1228 4934 ad
1257 4882 1490 4936 auditum
1551 4884 1817 4950 pertinere
1863 4882 2143 4937 videatur?

563 4972 669 5026 Sed
701 4971 840 5026 sicut
871 4971 1029 5026 modo
1055 4972 1162 5025 dixi
1193 4971 1434 5027 videatur
1465 4972 1533 5027 de
1562 4973 1808 5026 omnibus
1835 4987 1954 5042 qua:
1986 4987 2013 5025 a
2047 4987 2133 5027 me

565 5068 650 5120 ilic
675 5081 704 5119 a
733 5075 875 5132 sunt,
909 5067 986 5120 sie
1015 5065 1198 5120 videre
1238 5066 1374 5120 Solet
1407 5080 1500 5131 pro
1528 5065 1765 5134 generali
1791 5057 1955 5120 sensu
1987 5066 2132 5133 poni,

564 5175 670 5213 non
703 5159 873 5212 solum
907 5159 1172 5226 corporis,
1209 5174 1390 5214 verum
1433 5159 1594 5212 etiam
1644 5159 1870 5223 animre,
1906 5157 2047 5211 unde
2085 5168 2140 5212 et

564 5252 694 5306 illud
748 5261 869 5306 est:
904 5251 1033 5306 Cum
1085 5251 1303 5306 vidisset
1350 5250 1514 5306 .laeob
1545 5250 1666 5320 quia
1716 5259 1840 5304 sunt
1895 5264 2034 5304 esca:
2079 5250 2136 5304 in

561 5346 828 5415 Aigypto,
863 5344 1005 5399 unde
1035 5345 1216 5413 utique
1255 5344 1450 5398 absens
1490 5342 1623 5398 erat.
1659 5343 1974 5411 Quanquam
2009 5357 2144 5396 non-

562 5439 691 5491 nulli
725 5437 905 5492 videre
953 5452 1141 5491 vocem
1175 5435 1305 5489 nihil
1355 5435 1498 5488 aliud
1530 5449 1650 5489 esse
1680 5434 1923 5488 arbitrati
1972 5442 2096 5487 sunt
2126 5474 2141 5497 ,

561 5546 718 5598 quam
746 5531 1072 5598 intelligere,
1095 5530 1182 5598 qui
1214 5530 1355 5582 visus
1378 5530 1568 5582 mentis
1595 5537 1696 5582 est.
1731 5527 1861 5581 Cum
1895 5541 2023 5580 vero
2057 5525 2142 5580 hic

565 5618 799 5674 breviter
827 5619 1110 5675 dicendum
1143 5630 1306 5685 esset,
1341 5619 1478 5688 quod
1529 5618 1755 5686 populus
1788 5616 2002 5670 videbat
2046 5632 2141 5673 vo-

567 5724 712 5771 cem,
744 5721 794 5762 et
823 5709 1124 5776 lampadas,
1167 5719 1220 5764 et
1249 5723 1432 5763 vocem
1475 5708 1638 5773 tubae,
1670 5718 1725 5763 et
1752 5706 1860 5779 74.
1899 5715 2134 5763 montem

569 5795 882 5868 lumantem,
923 5800 1151 5871 quaestio
1179 5800 1347 5867 major
1379 5800 1629 5870 oriretur,
1661 5799 1928 5872 quomodo
1960 5799 2145 5856 audie-

2254 4687 2403 4752 da-is,
2431 4702 2460 4740 a
2485 4685 2674 4757 quibus
2705 4683 2948 4740 Christus
2977 4697 3163 4751 passus
3193 4691 3297 4736 est.
3320 4677 3607 4734 'l‘ribulatio
3627 4668 3790 4741 quippe

2255 4781 2519 4851 passionis
2575 4789 2824 4847 tanquam
2877 4776 3011 4845 ignis
3062 4785 3166 4844 est,
3219 4773 3362 4828 unde
3418 4771 3660 4840 scriptum
3707 4766 3787 4819 esi.

2255 4873 2528 4940 Tanquam
2572 4883 2756 4922 aurum
2800 4868 2851 4921 in
2887 4867 3103 4920 fornace
3143 4865 3386 4934 probavit
3434 4877 3546 4925 eos,
3592 4864 3642 4912 et
3680 4853 3792 4906 sicut

2254 4965 2576 5018 holocausta:
2609 4959 2832 5013 hostiam
2864 4956 3066 5026 accepit
3095 4956 3238 5010 illos.
3279 4954 3376 5008 Cui
3406 4946 3676 5007 sententia:
3703 4941 3792 4995 Do-

2253 5056 2428 5109 minus
2459 5067 2669 5121 quoque
2709 5058 2991 5104 attestatur
3021 5049 3238 5103 dicens:
3293 5047 3618 5113 Baptismttm
3648 5033 3791 5088 habeo

2251 5143 2505 5213 baptizari
2532 5158 2688 5213 quem
2719 5157 2810 5196 vos
2840 5142 3075 5196 nescitis.
3113 5139 3227 5194 lloc
3252 5139 3396 5193 enim
3430 5138 3504 5188 ait
3525 5146 3638 5187 cum
3661 5122 3792 5180 ditis-

2250 5249 2351 5298 set.
2398 5236 2574 5307 Ignem
2615 5235 2737 5288 veni
2789 5237 3004 5288 mittere
3055 5233 3108 5286 in
3167 5231 3459 5291 mundum;
3512 5225 3633 5278 dicit
3672 5215 3789 5272 enim

2247 5331 2519 5387 Joannes:
2554 5329 2669 5397 lpse
2711 5342 2804 5381 vos
2849 5326 3139 5393 baptizabil
3187 5325 3238 5378 in
3292 5321 3501 5391 δινὶτίιιι
3553 5317 3719 5404 sane!"
3750 5309 3788 5404 ῩΙ

2250 5424 2392 5492 igne,
2425 5420 2565 5490 quod
2604 5418 2916 5487 intelligitur
2942 5425 2996 5470 et
3028 5415 3341 5485 purgatione
3393 5401 3790 5496 sanctiﬁcatio?”is

2251 5483 2303 5565 cvt
2328 5483 2639 5580 probatione
2674 5483 3050 5562 tribulationis.
3089 5483 3349 5559 Eumdcm
3402 5503 3570 5571 ignem
3613 5483 3790 5582 sig"in

2257 5601 2395 5654 cavit
2431 5600 2588 5654 etiam
2626 5599 2739 5668 ipse
2769 5612 2889 5651 cum
2938 5597 3002 5650 ad
3045 5598 3346 5666 passionem
3389 5594 3675 5673 duceretur.
3719 5573 3792 5677 lli"

2257 5691 2389 5746 dixit
2431 5691 2532 5745 illis
2560 5689 2646 5759 qui
2679 5704 2798 5742 eum
2837 5687 3158 5758 plangebant
3187 5684 3322 5754 quod
3361 5695 3518 5747 super
3545 5691 3600 5730 se
3640 5675 3791 5741 poli“!

2261 5788 2507 5858 plangere
2549 5785 2826 5842 deberent.
2862 5783 2935 5838 lta
2975 5781 3114 5838 enim
3147 5779 3444 5837 terminavit
3479 5783 3529 5826 ut
3577 5766 3787 5822 diceret:
