3974 6184
211 276 318 326 ῐῧῖ·
1396 267 1827 325 1‘llESAL‘RtS.
1873 267 2024 322 CAP.
2067 266 2273 320 CXXII.

3358 274 3459 326 758

199 391 256 459 Si
277 389 328 442 in
349 388 503 440 viridi
533 388 672 455 ligno
703 388 799 438 hoc
833 387 1050 449 iaciun',
1080 389 1128 438 in
1160 388 1233 438 aii
1259 387 1308 438 lo
1335 387 1456 452 quid
1497 387 1628 438 fiet?
1660 385 1768 438 .‘llu-
1809 392 1848 447 Α
1884 383 2229 446 obumbrant,
2256 384 2377 451 quia
2405 384 2533 446 Deo,
2559 400 2660 436 non
2691 386 2790 438 sibi
2817 387 3060 442 tribuunt
3085 404 3282 458 pennis
3305 406 3452 459 suas,

201 491 388 533 nentur
419 495 546 547 ergo
575 479 694 530 boui
722 494 784 530 ne
809 478 874 530 ad
901 479 1168 530 Christum
1202 479 1625 545 crueitigendum
1659 495 1765 530 ma-

200 576 258 625 lis
285 574 660 626 consentiant:
694 572 867 623 dii-tus
897 580 978 624 est
1007 574 1148 624 enim
1181 572 1365 637 Agnus
1397 571 1487 623 Dei
1519 572 1608 638 qui
1635 571 1772 624 tollit

198 671 408 731 peccata
439 663 640 714 mundi.
673 660 785 712 Non
807 676 933 728 ergo
960 676 1157 728 coques
1188 677 1377 728 agnum
1412 662 1461 712 in
1496 662 1632 714 lacte
1659 676 1774 712 Ina-

197 764 229 806 ti
247 755 290 806 is
318 770 452 816 suae,
488 768 592 804 non
627 753 840 820 ingeres
871 752 1082 804 Christo
1113 754 1286 822 ignem
1321 752 1583 818 passionis
1607 751 1656 804 in
1687 752 1774 804 illo

194 846 278 898 die
309 858 417 912 quo
449 853 741 908 conceptus
781 851 884 904 est,
938 831 1058 893 tunc
1089 844 1248 894 etiam
1294 849 1348 892 et
1381 854 1565 908 passus
1606 840 1772 891 tradi-

196 947 299 996 tur,
343 934 395 986 id
439 944 521 986 est
566 947 657 984 vin
704 931 918 984 calend.
967 933 1185 998 Aprilis,
1227 947 1290 984 ex
1335 947 1439 1000 quo
1481 930 1566 984 die
1604 944 1772 998 usque

195 1029 242 1078 in
274 1041 364 1078 vni
399 1023 615 1077 calend.
643 1021 881 1076 Januarii
908 1038 1013 1089 quo
1035 1032 1190 1075 natus
1215 1021 1640 1084 commendatur,
1676 1036 1772 1073 no-

197 1135 308 1171 vem
353 1131 571 1168 menses
599 1122 991 1183 computantur,
1041 1113 1252 1166 decimo
1282 1114 1548 1168 inchoato.
1585 1112 1769 1166 Periti-

199 1213 386 1263 benlur
413 1220 591 1261 autem
639 1208 798 1262 ubera
833 1206 1148 1260 feminarum
1181 1221 1244 1260 ex
1276 1205 1362 1260 die
1403 1206 1771 1274 conceptionis

197 1300 273 1351 Iac
299 1299 578 1367 colligere.
614 1296 706 1350 Est
745 1297 881 1349 alius
907 1309 1096 1350 sensus
1128 1295 1355 1351 facilior.
1406 1295 1520 1350 Non
1567 1310 1768 1365 coqnes

193 1405 382 1456 agnum
423 1389 474 1439 in
507 1388 644 1441 lacte
673 1386 856 1439 matris
887 1400 1018 1453 sum,
1052 1387 1327 1453 parvulqu
1359 1385 1533 1439 adhuc
1562 1397 1615 1440 et
1659 1387 1768 1440 lac~

196 1491 415 1540 tantem,
446 1478 694 1546 qualibus
722 1477 854 1530 dicit
897 1476 1226 1544 Apostolus:
1262 1477 1365 1531 Lac
1404 1477 1554 1530 vobis
1585 1486 1768 1546 pulum

191 1573 331 1637 dedi,
358 1587 462 1623 nou
486 1586 690 1624 escam.
718 1571 830 1622 Non
859 1570 1038 1622 mittes
1063 1568 1112 1621 in
1139 1584 1528 1637 lirmproperarii
1563 1568 1772 1636 passio-

193 1678 332 1728 nem,
370 1672 619 1732 tauquam
664 1661 878 1715 Christo
905 1659 971 1712 sit
1001 1657 1224 1722 dictum,
1249 1659 1335 1727 qui
1368 1659 1558 1712 talibus
1598 1657 1772 1711 adhuc

1883 477 1930 524 id
1962 481 2043 525 est
2089 474 2369 526 Dominum
2403 475 2618 545 [Deum]
2651 481 2916 531 honorant
2947 479 3234 535 virtutibus
3266 483 3456 549 quibus

1879 570 2152 629 praestant,
2180 573 2233 615 et
2265 565 2441 616 vultus
2470 580 2654 620 eorum
2688 583 2790 620 non
2825 578 2949 620 sunt
2974 569 3075 623 nisi
3106 569 3157 622 in
3193 572 3454 640 propitia-

1879 654 2250 721 torium,quia
2297 654 2592 723 cuicunque
2637 656 2896 723 profectui
2949 659 3012 712 ad
3063 661 3456 717 multitudinem

1875 744 2111 796 scientia:
2142 742 2267 812 spe’s
2290 760 2396 798 non
2424 757 2528 812 est,
2565 748 2665 800 nisi
2702 750 2752 801 in
2786 750 2874 802 Dei
2907 750 3296 807 misericordia.

2367 883 2472 953 75
2490 883 2720 938 CAPUT
2750 885 2956 939 cxxu.

1877 972 2025 1037 Quod
2052 973 2241 1043 dicenti
2273 973 2471 1042 Moysi:
2509 975 2730 1028 Ostende
2762 976 2886 1028 mihi
2916 977 3130 1043 gloriam
3155 986 3317 1043 luam,
3351 994 3456 1030 res-

1946 1044 2120 1114 pandi:
2157 1041 2438 1096 Dominus:
2469 1044 2575 1111 Ego
2603 1047 2828 1097 transibo
2857 1041 2977 1100 ante
3009 1057 3077 1111 te,
3101 1062 3204 1102 etc.
3235 1065 3249 1114 ;
3277 1041 3340 1102 ea:
3364 1065 3457 1102 σου

1945 1117 2057 1165 dim
2088 1113 2217 1165 libro
2248 1114 2597 1176 Qua’stionum
2628 1115 2816 1168 Exodi.

1943 1202 2074 1256 Cum
2104 1204 2331 1258 dixisset
2363 1204 2573 1273 Moyses
2608 1206 2670 1257 ad
2704 1205 2988 1259 Dominum
3017 1247 3032 1272 ,
3057 1205 3292 1262 Ostende
3325 1208 3452 1261 mihi

1874 1293 2097 1362 gloriam
2139 1303 2301 1359 tuam,
2338 1297 2614 1362 reSpnudit
2650 1278 2696 1349 ei
2741 1297 2996 1352 Dominus
3021 1337 3038 1363 ,
3072 1298 3180 1366 Ego
3217 1299 3455 1352 transibo

1874 1401 1998 1443 ante
2022 1399 2072 1444 te
2100 1390 2150 1442 in
2185 1390 2354 1457 gloria
2389 1405 2526 1454 mea,
2551 1400 2603 1442 et
2628 1391 2831 1444 vocabo
2863 1405 3056 1444 nomen
3088 1391 3294 1444 Domini
3328 1393 3448 1462 [no-

1877 1479 2018 1532 mine
2063 1479 2294 1547 Domini,
2337 1480 2414 1532 vel
2473 1481 2701 1534 vocabor
2749 1479 2804 1533 in
2859 1482 3076 1534 nomine
3125 1479 3358 1551 Domini]
3404 1483 3455 1536 in

1873 1579 2165 1637 conspectu
2207 1579 2298 1623 tuo
2327 1580 2380 1623 et
2421 1570 2716 1623 miserebor
2741 1569 2826 1624 cui
2862 1573 3114 1626 misertus
3148 1588 3242 1626 ero
3272 1583 3324 1625 et
3356 1573 3454 1625 mi-

1875 1658 2221 1712 sericort'am
2272 1661 2534 1727 pra-Statio
2584 1661 2666 1714 cui
2720 1666 3022 1728 praestitero
3063 1674 3087 1715 .'
3125 1677 3247 1716 cum
3299 1664 3454 1730 paulo

192 1758 466 1825 di~cipulis
517 1755 754 1823 pepercit
804 1769 900 1821 pro
946 1753 1137 1822 quibus
1185 1768 1243 1806 se
1287 1751 1520 1806 offerens
1558 1752 1678 1805 ait:
1714 1751 1769 1804 Si
1810 1757 1844 1809 Β
1876 1757 1998 1803 ante
2029 1750 2292 1812 dixisset,
2344 1750 2458 1818 Ipse
2489 1751 2802 1805 autecedam
2851 1761 2904 1808 te
2960 1763 3014 1807 et
3062 1756 3301 1822 requiem
3357 1753 3450 1806 tibi

191 1865 314 1918 ergo
346 1863 432 1901 me
466 1847 724 1914 quaeritis,
756 1845 914 1899 sinite
948 1845 1042 1896 hos
1073 1843 1242 1897 abire.
1276 1845 1450 1911 Atque
1483 1852 1537 1896 ut
1568 1841 1766 1896 intelli-

192 1950 406 2009 geretur
438 1938 615 1991 adbuc
643 1951 733 1992 eos
762 1937 1026 1989 invalidos
1057 1947 1106 1988 et
1140 1938 1312 1988 lllilllls
1358 1936 1576 1990 idoneos
1609 1936 1770 1989 fuisse

193 2029 444 2098 passioni,
473 2039 721 2095 tanquam
753 2041 918 2091 agnos
949 2027 1000 2078 in
1032 2028 1168 2079 lacte
1198 2028 1400 2088 matris,
1444 2034 1660 2078 secutus
1693 2026 1769 2078 ait

193 2119 532 2188 evangebsm,
580 2129 635 2170 ut
659 2118 988 2185 impleretur
1027 2133 1204 2170 sermo
1234 2132 1392 2185 quem
1422 2115 1594 2170 dixit:
1628 2117 1766 2184 Quia

194 2231 316 2284 quos
345 2213 539 2268 dedisti
589 2213 737 2276 mihi,
790 2227 891 2265 non
937 2211 1140 2279 perdidi
1185 2226 1250 2264 ex
1286 2210 1366 2263 eis
1397 2225 1762 2279 quemquam;

195 2308 330 2361 unde
362 2313 606 2375 apparet,
636 2319 748 2367 eos,
783 2308 824 2356 si
861 2314 982 2357 tunc
1015 2312 1340 2371 paterentur,
1373 2301 1532 2356 fuisse
1561 2301 1764 2370 peritu-

194 2413 313 2462 ros;
341 2399 446 2452 hoc
470 2397 611 2451 enim
643 2405 765 2448 tunc
791 2410 894 2448 non
927 2395 1062 2463 passi
1094 2404 1215 2446 sunt
1242 2394 1383 2463 quod
1411 2402 1591 2460 postea
1629 2393 1767 2460 passi

195 2502 336 2558 sunt,
355 2507 460 2545 non
477 2490 652 2544 adhuc
675 2489 793 2557 agni
810 2488 862 2541 in
880 2489 1034 2554 lacte,
1050 2487 1141 2540 sed
1157 2489 1264 2555 jam
1292 2486 1486 2540 arietes
1510 2485 1562 2540 in
1581 2501 1764 2556 grege.

757 2603 982 2658 CAPUT
1009 2603 1191 2658 CXXI.

197 2694 296 2750 Cur
321 2696 739 2766 propitiatorio»:
787 2711 920 2748 arcae
953 2692 1419 2766 δηρεινροηειξιιιιιῃ⁸
1444 2691 1667 2756 dixerit;
1709 2705 1771 2743 ea:

488 2769 662 2820 eodem
703 2766 832 2819 libro
864 2766 1214 2832 Qua’stionum
1251 2761 1441 2815 Exodi.

265 2859 699 2929 Pmpitiatorium
754 2857 864 2929 [ad]
894 2856 1015 2926 quid
1046 2856 1186 2909 dicat
1227 2853 1767 2921 superimponendum

197 2968 351 3018 seper
383 2967 562 3003 arram
595 2949 762 3019 quaeri
795 2949 970 3002 solet':
1006 2947 1098 3002 sed
1131 2961 1249 2999 cum
1283 2959 1502 2997 aureum
1537 2942 1649 2996 fieri
1686 2944 1771 3009 ju-

199 3045 338 3109 beat,
395 3042 615 3112 ejusque
665 3038 1048 3108 longitudinem
1087 3048 1142 3092 et
1187 3035 1519 3089 latitudinem
1571 3042 1768 3086 tantam

1876 1839 2041 1904 dabo,
2099 1838 2240 1907 (μιυά
2298 1838 2506 1909 Moyses
2557 1841 2634 1895 sic
2683 1841 2895 1896 videtur
2940 1844 3242 1910 accepisse,
3295 1853 3449 1898 ante-

1873 1929 2055 1982 cedant
2093 1942 2165 1996 te,
2220 1940 2470 1999 tanquam
2514 1948 2616 1985 non
2647 1932 2694 1985 ci
2725 1932 2856 2004 [qui]
2908 1934 3100 2002 pupqu
3132 1949 3368 2001 praesens
3401 1935 3451 1988 iu

1875 2023 2066 2075 itinere
2099 2022 2304 2077 futurus
2333 2034 2504 2090 esset,
2536 2034 2586 2078 et
2619 2023 2738 2078 ideo
2766 2024 2874 2078 ait:
2910 2027 2965 2079 Si
2999 2044 3102 2080 non
3137 2037 3188 2080 tu
3231 2028 3342 2096 ipse
3373 2029 3449 2081 si—

1874 2113 1983 2166 mul
2010 2114 2218 2168 veneris
2243 2113 2543 2178 nobiscum,
2565 2132 2629 2168 ne
2653 2131 2737 2170 me
2759 2115 2954 2170 educas
2985 2120 3123 2182 hinc,
3158 2129 3210 2173 et
3233 2128 3450 2173 cii-tera.

1875 2204 2012 2259 Deus
2041 2217 2216 2260 autem
2250 2223 2421 2276 neque
2449 2208 2547 2260 hoc
2576 2209 2623 2262 ei
2657 2208 2863 2279 uegaiit
2894 2211 3095 2275 dicens,
3129 2213 3188 2264 Et
3226 2213 3324 2266 hoc
3354 2213 3448 2266 tibi

1874 2296 2091 2349 verbum
2139 2298 2279 2366 quod
2326 2295 2507 2352 dixisti
2562 2299 2769 2352 faciam.
2823 2301 3101 2365 Quomodo
3154 2317 3282 2371 ergo
3328 2319 3449 2357 cum

1873 2387 2094 2443 dixisset
2132 2390 2181 2443 ei
2224 2389 2442 2459 Moyses
2468 2430 2482 2452 ,
2540 2393 2775 2444 Ustende
2825 2395 2950 2446 mihi
2995 2395 3216 2463 gloriam
3266 2405 3451 2460 tuam,

1873 2496 2056 2535 rursus
2087 2490 2335 2550 tauquam
2377 2497 2766 2548 princessurus,
2810 2493 2861 2536 et
2892 2497 2994 2537 noo
3023 2499 3141 2536 cum
3177 2489 3251 2538 eis
3294 2487 3450 2539 simul

1874 2572 2080 2626 futurus
2126 2575 2335 2628 videtur
2375 2573 2592 2640 dicere,
2637 2577 2748 2645 Ego
2793 2579 3030 2632 transibo
3070 2589 3193 2634 ante
3237 2590 3305 2644 te,
3349 2582 3447 2633 nisi

1874 2667 1998 2734 quia
2040 2672 2138 2722 hoc
2168 2669 2308 2722 aliud
2357 2673 2474 2724 est?
2510 2672 2598 2726 llle
2644 2674 2836 2742 quippe
2884 2673 3190 2740 intelligitur
3222 2674 3364 2741 loqui
3395 2687 3449 2729 et

1875 2760 2083 2825 dicere,
2111 2760 2370 2815 Transibo
2396 2773 2518 2816 ante
2547 2775 2623 2830 te,
2659 2763 2726 2817 de
2758 2781 2863 2833 quo
2895 2764 3018 2818 dicit
3057 2767 3401 2834 livangelium
3429 2806 3445 2831 ,

1872 2850 2004 2904 Cum
2039 2854 2269 2906 venisset
2303 2856 2426 2905 liora
2463 2865 2517 2907 ut
2548 2855 2794 2909 transiret
2823 2855 2978 2910 Jesus
3010 2858 3074 2910 de
3107 2857 3206 2911 hoc
3249 2857 3449 2911 mundo

1875 2945 1939 2997 ad
1973 2944 2181 2998 Patrem
2210 2963 2224 3011 ;
2265 2946 2352 3015 qui
2384 2949 2638 3001 transitus
2678 2950 2837 3003 etiam
2871 2949 3068 3003 Pascha
3105 2950 3448 3018 interpretari

1877 3037 2207 3106 perhibetur.
2240 3039 2362 3092 Hice
2386 3041 2562 3109 itaque
2586 3056 2771 3110 magna
2796 3042 3015 3096 omnino
3043 3044 3321 3111 prophetia
3344 3056 3446 3097 e5t.

199 3133 463 3202 exprimat
491 3143 684 3201 quanta
714 3142 766 3183 et
804 3130 969 3198 ipsius
998 3119 1133 3182 arca:
1179 3129 1318 3181 dicta
1355 3135 1454 3191 est,
1491 3124 1773 3192 proculdu—
1801 3127 1846 3188 C
1879 3129 1997 3197 lp~e
2022 3129 2166 3182 enim
2200 3141 2322 3184 ante
2352 3145 2537 3185 oumes
2564 3143 2780 3186 sanctos
2809 3133 3020 3187 transiit
3045 3133 3108 3186 ad
3142 3134 3352 3187 Patrem
3383 3133 3450 3188 de

198 3227 286 3280 bio
314 3226 456 3278 velut
489 3224 718 3278 tabulam
751 3239 968 3278 auream
1014 3231 1172 3276 tantae
1205 3225 1386 3276 fomite
1428 3220 1537 3274 fieri
1571 3234 1772 3288 prmce-

201 3319 273 3386 pit
304 3332 406 3386 qua
438 3324 705 3382 tegeretur
741 3330 862 3369 arca
896 3333 908 3366 :
942 3317 1009 3366 ita
1054 3321 1110 3367 ut
1149 3316 1200 3365 in
1244 3313 1358 3381 ipso
1400 3310 1774 3382 propitiatorio

200 3420 380 3465 eswnt
425 3408 531 3463 duo
576 3407 868 3471 Cherubin,
911 3407 1034 3460 hinc
1079 3418 1237 3473 atque
1289 3403 1411 3457 inde
1456 3403 1772 3458 alterutrum

203 3499 559 3563 attendentes,
611 3496 680 3551 ita
715 3504 771 3549 ut
799 3495 971 3549 vultus
1020 3510 1200 3548 eorum
1248 3497 1299 3548 in
1349 3493 1773 3561 propitiatorium

201 3599 381 3645 essent
413 3599 466 3644 ct
510 3590 696 3655 pennis
738 3587 848 3642 suis
894 3587 1275 3641 obumbrareia
1321 3586 1770 3656 piOpiiiatorium,

203 3686 336 3752 quod
400 3697 649 3752 magnum
703 3691 784 3735 cst
841 3688 1257 3736 sacramentum.
1321 3683 1524 3734 Aurum
1580 3680 1774 3748 quippe

205 3775 462 3846 signiﬁcat
491 3774 830 3843 sapientiam,
876 3786 997 3826 arca
1031 3771 1294 3840 significat
1340 3783 1604 3825 secretum
1660 3769 1772 3823 Dei.

208 3867 256 3919 In
280 3881 403 3920 arca
428 3867 575 3935 jussa
608 3871 736 3918 sunt
764 3864 885 3932 poni
917 3866 1031 3927 lex,
1075 3873 1129 3917 et
1159 3877 1374 3930 manna,
1404 3872 1459 3917 et
1488 3864 1634 3931 virga
1671 3864 1775 3912 Aa-

207 3975 315 4012 roa.
343 3958 401 4011 In
429 3957 571 4026 Lege
600 3967 865 4026 praerepta
888 3965 1031 4021 sunt,
1074 3957 1217 4026 virga
1252 3964 1485 4023 poteSIas
1513 3955 1780 4023 significa-

207 4054 286 4097 tur
330 4045 685 4115 [potestatem
737 4041 1058 4113 significat],
1104 4059 1299 4096 manna
1349 4043 1599 4113 gratiam,
1655 4040 1776 4109 quia

206 4136 300 4189 nisi
330 4149 452 4190 cum
481 4135 673 4204 gratia,
704 4150 808 4188 non
849 4145 931 4189 est
962 4143 1198 4204 potestas
1231 4143 1490 4204 pra-cepta
1527 4133 1776 4188 faciendi.

208 4225 581 4281 Verumtamen
621 4227 744 4296 quia
789 4227 875 4281 lex
913 4243 940 4281 a
969 4227 1163 4296 quovis
1209 4226 1519 4297 proﬁciente
1562 4242 1667 4280 non
1713 4241 1777 4280 ex

203 4320 345 4374 omni
379 4332 529 4388 parte
568 4322 892 4387 completur,
947 4321 1370 4390 proiiitiatorium
1415 4327 1498 4374 cst
1525 4319 1774 4389 desuper.

113 4422 116 4423 '
203 4411 280 4465 Ad
311 4413 411 4466 hoc
442 4413 585 4466 enim
615 4425 748 4482 opus
778 4424 858 4466 est
896 4421 948 4464 ut
982 4413 1241 4481 propitius
1272 4411 1339 4464 sit
1368 4410 1530 4476 Deus,
1574 4418 1628 4492 et
1657 4411 1777 4462 ideo

1879 3219 1980 3274 hoc
2029 3223 2225 3275 sarculo
2271 3238 2457 3290 parare
2490 3223 2592 3276 illis
2640 3224 2944 3280 mansiones
2976 3227 3120 3296 regni
3169 3226 3448 3289 caelorum,

1876 3327 2008 3380 quas
2033 3311 2179 3366 dabit
2202 3312 2301 3367 illis
2329 3316 2377 3368 in
2404 3314 2795 3371 resurrectione
2823 3325 3170 3381 mortuorum,
3197 3317 3450 3386 quoniam

1880 3406 2196 3458 transiturus
2226 3414 2350 3458 ante
2381 3421 2566 3459 omnes
2609 3405 2994 3478 primogenitus
3022 3422 3051 3462 a
3085 3410 3306 3462 mortuis
3345 3408 3443 3461 fac-

1880 3504 1963 3551 tus
1989 3509 2091 3550 e51.
2125 3495 2360 3551 Gratiam
2397 3513 2524 3552 vero
2568 3513 2720 3552 suam
2752 3497 2805 3553 in
2848 3514 2912 3554 eo
2953 3497 3069 3567 ipso
3111 3499 3263 3553 valde
3306 3513 3452 3553 com-

1879 3588 2133 3654 mendat,
2185 3605 2305 3643 cum
2355 3589 2521 3655 dicit,
2559 3589 2624 3643 Et
2663 3591 2865 3645 vocabo
2911 3606 3104 3644 nomen
3152 3590 3356 3643 Domini
3402 3591 3454 3643 in

1879 3689 2169 3748 conspectu
2211 3691 2319 3745 luo,
2360 3691 2608 3750 tanquam
2645 3683 2696 3735 in
2729 3694 3016 3753 conspectu
3062 3683 3240 3751 p0puli
3272 3683 3452 3743 lsrae-,

1878 3770 2028 3840 cujus
2059 3771 2288 3839 Moyses,
2322 3787 2443 3824 cum
2478 3772 2591 3825 huic
2629 3773 2839 3826 audiret
2878 3784 3080 3842 typum,
3122 3774 3360 3842 gerebat.
3395 3775 3448 3826 lu

1879 3871 2168 3928 conspectu
2221 3861 2362 3914 enim
2394 3862 2570 3930 gentis
2613 3863 2777 3932 ipsius
2808 3864 2999 3932 ubique
3044 3863 3321 3932 dispersae,
3354 3880 3450 3917 vo-

1879 3961 2030 4004 catur
2079 3952 2334 4007 Dominus
2379 3951 2623 4009 Christus
2668 3955 2718 4009 in
2771 3957 3015 4012 omnibus
3043 3959 3309 4026 gentibus.
3349 3957 3454 4010 Vn-

1879 4044 2012 4097 cabo
2065 4053 2241 4098 autem
2286 4045 2441 4114 dixit,
2501 4060 2605 4099 nou
2661 4047 2908 4113 vocabor,
2960 4048 3190 4101 activum
3234 4048 3452 4102 verbum

1881 4149 1980 4203 pro
2008 4136 2216 4204 passivo
2247 4150 2450 4204 peneus
2480 4136 2530 4190 in
2561 4151 2756 4206 genere
2783 4137 3067 4192 locutionis
3092 4139 3364 4203 inusitato,
3401 4143 3452 4193 in

1879 4241 1986 4296 quo
2015 4228 2262 4280 nimirum
2293 4242 2515 4296 magnus
2545 4242 2734 4282 sensus
2766 4228 2921 4294 latet;
2953 4231 3031 4283 sic
3055 4229 3198 4284 enim
3230 4229 3454 4286 fortasse

1879 4320 2183 4388 significare
2222 4321 2388 4374 voluit
2429 4321 2661 4388 seipsum
2697 4322 2797 4377 hoc
2830 4325 3005 4377 facere
3027 4361 3045 4388 ,
3095 4322 3145 4376 id
3176 4334 3256 4378 est
3287 4325 3456 4394 gratia

1881 4427 1975 4466 sua
2007 4412 2120 4467 ﬁeri
2153 4421 2209 4466 ut
2240 4423 2460 4466 vocetur
2494 4413 2745 4467 Dominus
2776 4414 2828 4467 in
2871 4415 3122 4469 omnibus
3161 4415 3406 4484 gentibus
3441 4434 3454 4478 ;

202 4501 437 4570 desuper
494 4501 740 4570 ponitur,
795 4508 915 4571 quia
963 4503 1360 4571 superexsultat
1409 4501 1774 4556 misericordia
1809 4495 1858 4551 D
1883 4503 2024 4570 quod
2049 4517 2174 4556 vero
2200 4501 2439 4570 addidit,
2471 4502 2534 4555 Et
2559 4504 2852 4558 miserebor
2872 4504 2956 4556 cui
2985 4506 3235 4559 misertus
3261 4503 3457 4570 ero,‘ct

202 4591 416 4659 jud;cio.
452 4597 562 4646 Duo
589 4593 730 4647 enim
758 4591 928 4666 [iero]
956 4593 1220 4648 Cherubin
1250 4594 1433 4662 pennis
1457 4596 1567 4647 suis
1589 4595 1776 4646 obum-

200 4686 359 4737 brant
392 4686 841 4755 propitiatorium,
877 4687 926 4740 id
958 4696 1041 4740 est
1070 4685 1333 4740 honorant
1363 4687 1608 4751 volando,
1643 4702 1776 4753 quo—

201 4779 344 4833 niam
371 4779 664 4835 miniSteria
694 4777 988 4852 [mysteria]
1023 4780 1090 4834 ibi
1122 4780 1218 4832 ista
1242 4788 1366 4832 sunt
1395 4789 1448 4833 et
1471 4777 1693 4832 invicem
1719 4793 1777 4832 se

199 4873 502 4936 attendunt,
549 4873 670 4942 quia
711 4881 1026 4928 consonant.
1072 4873 1185 4925 Duo
1233 4873 1428 4942 quippe
1471 4869 1539 4924 ibi
1586 4869 1776 4924 Testa-

197 4972 378 5015 menta
410 4963 724 5033 figurantur,
761 4974 812 5018 et
845 4965 1021 5017 vultus
1051 4978 1235 5017 eorum
1269 4972 1391 5016 sunt
1435 4963 1486 5015 in
1518 4961 1776 5030 prepitia-

199 5059 418 5121 torium,
453 5060 573 5128 quia
605 5059 1021 5113 misericordiam
1052 5058 1144 5112 Dei
1175 5057 1430 5130 [Domini]
1462 5058 1513 5111 in
1540 5072 1641 5125 qua
1673 5070 1777 5110 una

198 5164 323 5214 spes
352 5159 454 5212 est,
493 5148 643 5202 valde
671 5153 1071 5203 commendant.
1127 5149 1362 5216 Denique
1397 5147 1519 5200 hinc
1564 5161 1623 5199 se
1651 5161 1777 5215 pro-

198 5240 345 5291 misit
378 5239 676 5291 locuturum
712 5237 850 5291 Deus
892 5238 956 5291 ad
1009 5239 1225 5308 Moysen
1263 5239 1330 5292 de
1371 5238 1544 5291 medio
1573 5235 1778 5290 Cheru-

195 5329 283 5383 bin
314 5329 598 5384 desursum
633 5331 1004 5398 prOpitiatorii.
1040 5331 1208 5384 Porro
1239 5331 1283 5384 si
1324 5340 1569 5385 creatura
1613 5329 1780 5382 ratio-

196 5423 336 5477 nalis
359 5424 411 5476 in
455 5423 799 5478 multitudine
845 5422 1092 5476 scientiae
1130 5421 1396 5489 (quoniam
1432 5423 1569 5476 hanc
1617 5422 1782 5474 inter-

197 5517 552 5580 pretationem
587 5514 785 5568 habent
812 5514 1110 5584 Cherubin)
1143 5515 1348 5567 duobus
1379 5514 1508 5581 ipsis
1536 5512 1778 5566 animali-

199 5611 296 5660 bus
324 5608 676 5679 signiﬁcatur.
713 5608 834 5662 ideo
868 5607 974 5660 duo
1004 5619 1127 5661 sunt
1169 5617 1223 5660 ut
1264 5608 1574 5661 societatem
1604 5607 1779 5660 chari-

200 5708 323 5756 tatis
352 5701 754 5766 commendent,
777 5714 830 5757 et
852 5701 971 5758 ideo
998 5701 1184 5772 pennis
1212 5701 1322 5757 suis
1346 5699 1685 5770 propitiatui
1711 5717 1777 5753 im

1885 4591 2304 4644 miscricordiam
2348 4592 2611 4658 praestabo
2660 4594 2744 4645 cui
2780 4592 3199 4646 misericordiam
3253 4595 3456 4661 praesti—

1886 4695 2039 4750 tero;
2085 4685 2154 4737 ibi
2186 4684 2341 4752 plane
2371 4686 2675 4749 expressins
2717 4681 2949 4736 ostendit
2990 4681 3322 4738 vocationem
3355 4699 3458 4752 qua

1886 4789 1983 4827 nos
2005 4775 2210 4831 vaeavit
2239 4775 2289 4828 in
2317 4790 2472 4827 suum
2505 4789 2723 4845 regnum
2749 4783 2801 4826 et
2825 4773 3067 4843 gloriam,
3097 4789 3200 4828 non
3227 4789 3321 4843 pro
3345 4789 3459 4829 mc-

1887 4868 2001 4923 ritis
2043 4869 2258 4934 nostris,
2304 4871 2397 4923 sed
2457 4884 2551 4937 pro
2601 4867 2966 4921 misericordia
3023 4881 3137 4922 sua.
3197 4867 3458 4935 Quoniam

1887 4961 2024 5012 enim
2058 4974 2115 5012 se
2143 4969 2330 5027 gentes
2363 4959 2786 5012 iiiil‘OdllCiUI’Ulll
2837 4958 3183 5024 pollicebatur
3229 4960 3415 5015 dicens
3442 5001 3458 5026 ,

1890 5048 2097 5104 Vocabo
2123 5065 2312 5103 nomen
2343 5049 2547 5102 Domini
2579 5049 2627 5102 in
2651 5060 2939 5117 couSpcctu
2973 5060 3080 5114 tuo;
3112 5055 3459 5106 commenda-

1887 5143 1959 5195 vit
2007 5143 2105 5195 hoc
2134 5157 2192 5195 se
2217 5142 2633 5195 miseriCorditer
2665 5143 2866 5206 facere,
2899 5126 3035 5194 sicut
3065 5143 3352 5210 Apostolus
3381 5143 3461 5192 di-

1885 5236 1991 5289 cit:
2025 5233 2151 5288 Dieo
2182 5239 2320 5288 enim
2351 5233 2617 5287 Christum
2649 5234 2950 5287 ministrum
2981 5233 3143 5287 fuisse
3174 5232 3458 5287 circumci-

1887 5329 2074 5392 sionis,
2108 5338 2323 5396 propter
2349 5327 2623 5381 veritatem
2658 5327 2775 5392 Dei,
2807 5327 2876 5381 ad
2918 5326 3314 5380 confirmandas
3338 5340 3459 5392 pro-

1888 5419 2171 5474 missiones
2198 5428 2429 5489 patrum,
2480 5429 2667 5490 gentes
2699 5431 2875 5474 autem
2907 5434 3069 5487 super
3097 5414 3461 5471 misericorda

1887 5514 2184 5580 glorificare
2215 5515 2401 5568 Deum.
2447 5514 2555 5566 lloc
2583 5517 2724 5580 ergo“
2750 5511 3062 5580 praedictum
3093 5516 3196 5573 est,
3238 5510 3462 5561 misere-

1890 5605 1986 5658 bor
2009 5606 2091 5660 cui
2134 5607 2384 5660 misertus
2411 5621 2526 5672 ero,
2555 5612 2607 5658 et
2636 5601 3052 5656 misericordiam
3083 5598 3348 5670 praestabo
3375 5599 3461 5654 cui

1894 5697 2310 5754 misericordiam
2357 5697 2676 5766 prmsutcro.
2731 5691 2930 5759 Quibus
2971 5689 3149 5746 verbis
3193 5689 3462 5760 prohibuit
