3990 6180
493 273 597 329 739

1580 263 1641 318 Ι).
1674 259 1991 318 EUGYPPII
2035 258 2323 316 ABBA'I‘IS
2363 256 2688 313 AFRICAM

3642 256 3743 312 730

496 389 764 449 hominem
795 385 937 441 velut
964 385 1029 439 de
1057 384 1392 455 propriarum
1426 383 1683 435 virtutum
1722 382 1927 436 meritis
1949 382 2061 449 glo-
2092 384 2139 438 Α
2170 376 2246 431 ria
2274 391 2417 442 mea,
2449 378 2538 433 ubi
2572 377 2885 447 intelligitur
2907 387 3026 447 post
3059 380 3341 435 transitum
3368 394 3527 435 suum
3558 387 3743 451 promi-

493 485 639 546 riari,
670 491 727 537 ut
751 481 837 549 qtti
861 478 1114 548 gloriatur
1136 479 1187 530 in
1220 475 1443 530 Domino
1464 474 1743 543 glorietur.
1778 475 1893 529 Non
1920 476 2061 529 enim

492 578 567 631 ait
600 573 893 630 miserebor
924 573 1115 625 talibus
1147 570 1225 622 vel
1260 568 1472 625 talibus.
1516 568 1609 621 sed
1642 568 1727 621 cui
1759 568 2065 622 misericors

496 672 674 734 fuero,
726 677 783 722 ut
824 666 1091 719 neminem
1135 662 1560 732 praecedentibus
1609 662 1764 714 bonis
1812 662 2068 727 operibus

492 766 603 818 suis
647 759 1067 815 misericordiam
1117 764 1277 809 tautae
1330 753 1629 809 vocationis
1670 754 1929 807 meruisse
1970 752 2063 806 de-

493 860 756 907 monstret
805 850 885 921 [se
932 846 1374 917 demonstraret].
1437 847 1646 900 Etenim
1693 844 1942 900 Christus
1976 860 2071 911 pro

493 943 668 1009 impiis
702 950 942 995 mortuus
974 948 1073 993 est.
1122 937 1230 993 Sed
1277 945 1449 990 utrum
1495 936 1598 991 hoc
1635 936 1776 990 idem
1824 948 2071 1002 repe'ere

493 1034 717 1089 voluerit
760 1048 879 1087 cum
930 1031 1169 1095 addidit,
1206 1030 1622 1084 Misericordiam
1674 1028 1941 1094 praestabo
1986 1028 2070 1081 cui

493 1123 912 1179 misericordiam
946 1123 1265 1189 praestitero,
1301 1120 1405 1185 vel,
1439 1121 1578 1174 sicut
1617 1118 1707 1172 alii
1735 1119 2071 1186 interpretati

493 1230 616 1273 sunt
634 1260 651 1285 ,
672 1217 768 1271 Cui
795 1214 1100 1270 misericors
1130 1214 1299 1279 fuero,
1324 1228 1389 1267 an
1412 1213 1610 1281 aliquid
1637 1212 1845 1267 intersit
1865 1212 2069 1277 nescio,

492 1312 631 1378 quod
665 1311 805 1365 enim
835 1311 885 1363 in
909 1308 1091 1365 Graeca
1119 1309 1294 1377 lingua
1316 1308 1523 1362 duobus
1549 1308 1730 1363 verbis
1760 1309 1962 1363 dictum
1989 1317 2075 1363 est

491 1404 680 1463 ἐλεήσω
709 1412 762 1456 ct
785 1405 1097 1477 οἰκτειρήσω,
1140 1400 1279 1470 quod
1304 1415 1467 1454 unum
1505 1410 1662 1471 atque
1694 1400 1835 1455 idem
1864 1400 2075 1456 videtur

491 1492 812 1561 signifl-are,
843 1510 947 1548 non
970 1492 1139 1563 potuit
1167 1493 1386 1547 Latinus
1411 1492 1639 1547 diversis
1666 1490 2071 1558 verbis‘dieere,

491 1598 545 1643 et
573 1588 797 1644 diversis
836 1588 1007 1641 modis
1045 1588 1286 1642 eamdem
1332 1585 1754 1641 nti~ericordiam
1796 1585 2070 1653 repetivit.

490 1681 546 1735 Si
575 1688 752 1734 autem
785 1678 1072 1741 diceretur,
1118 1676 1416 1731 miserebor
1445 1674 1531 1731 cui
1563 1675 1841 1740 misereor,
1873 1684 1928 1729 et
1966 1675 2070 1729 mi-

491 1770 709 1827 serebor
728 1770 810 1825 cui
838 1770 1117 1831 misereor,
1141 1776 1232 1821 aut
1254 1765 1548 1821 miserebor
1570 1766 1653 1821 cui
1678 1766 1930 1821 misertus
1952 1782 2069 1832 ero,
2105 1753 2151 1811 Β

491 1879 595 1917 non
628 1864 757 1917 satis
785 1860 1068 1915 commode
1112 1858 1216 1913 dici
1250 1859 1537 1913 videretur.
1576 1857 1639 1913 Et
1673 1866 1849 1913 tamen
1886 1858 2077 1913 fortius

492 1956 584 2011 ille
613 1955 726 2023 ipse
755 1954 824 2010 ibi
857 1966 1049 2007 sensus
1069 1962 1175 2015 est,
1207 1950 1348 2019 quod
1380 1962 1465 2004 aut
1502 1949 1671 2017 ipsius
1692 1950 2077 2005 misericordia

490 2067 602 2106 sum
634 2050 937 2105 firmitatem
966 2048 1104 2102 Deus
1133 2049 1229 2102 ista
1260 2047 1577 2117 repetitione
1608 2046 1943 2109 mottstravit,
1971 2046 2079 2099 sic-

492 2152 549 2197 ut
593 2142 794 2206 Amen,
840 2142 1047 2206 Amen,
1098 2141 1239 2195 sicut
1273 2140 1419 2205 Fiat,
1453 2140 1608 2194 Fiat:
1642 2139 1781 2195 sicut
1827 2138 2078 2208 repetitio

492 2235 689 2289 somnii
717 2235 1007 2290 Pharaonis
1025 2234 1283 2302 pluraque
1305 2233 1627 2297 situilia,aut
1649 2231 1701 2286 in
1728 2232 1967 2302 utrisque
1984 2245 2079 2301 po-

492 2327 655 2395 pulis,
683 2327 733 2380 id
757 2334 860 2391 est,
884 2325 1130 2396 gentibus
1150 2333 1206 2379 et
1231 2324 1467 2379 Hebraeis
1487 2326 1586 2378 hoc
1609 2323 1767 2379 modo
1782 2323 1923 2379 Deus
1940 2338 2067 2392 prm-

494 2416 759 2472 nuntiavit
788 2415 1208 2470 misericordiam
1233 2430 1291 2472 se
1317 2429 1438 2471 esse
1460 2414 1740 2470 facturum.
1758 2414 1909 2481 Quod
1928 2414 2078 2483 Apo-
2110 2472 2113 2473 ν

494 2510 667 2565 Stolus
683 2509 751 2562 ita
776 2509 933 2564 dicit:
956 2508 1103 2563 Sicut
1126 2510 1266 2564 enim
1292 2525 1387 2564 vos
1410 2509 1695 2577 aliquando
1717 2524 1821 2562 non
1849 2508 2077 2565 credidi-

493 2603 591 2655 stis
615 2601 746 2664 Deo,
773 2617 911 2655 nunc
931 2611 1105 2655 autem
1126 2601 1547 2656 misericordiam
1571 2600 1843 2656 consecuti
1864 2602 1999 2656 estis
2020 2601 2072 2655 in

494 2695 708 2749 illorttm
740 2695 1143 2761 incredulitate;
1176 2694 1255 2749 sic
1279 2702 1333 2748 et
1362 2694 1462 2761 ipsi
1488 2709 1626 2748 nunc
1647 2694 1736 2763 qui
1767 2708 1870 2748 non
1902 2693 2078 2748 credi-

492 2787 690 2841 derunt
719 2787 770 2841 in
802 2798 1033 2841 vestram
1067 2786 1492 2843 misericordiam
1539 2786 1741 2861 [vestra
1776 2788 2078 2843 miscricor-

492 2879 524 2932 d
554 2876 606 2949 τι]
641 2887 699 2932 ιιι
724 2888 779 2932 et
808 2878 909 2946 ipsi
942 2878 1363 2933 misericordiam
1392 2889 1809 2947 consequantur.
1840 2877 2073 2933 Conclu-

491 2972 562 3024 sit
607 2970 751 3025 enim
801 2970 943 3026 Deus
992 2986 1182 3026 omnes
1223 2972 1276 3026 in
1322 2972 1735 3027 iucredibilitale
1764 2970 2077 3044 [increduli-

494 3060 622 3133 tate]
654 3070 711 3115 ut
740 3062 975 3117 omnium
1014 3064 1351 3117 misereatur.
1388 3063 1591 3119 lleinde
1625 3072 1744 3133 post
1785 3064 1923 3119 hanc
1962 3082 2070 3120 sum

494 3152 876 3208 misericordia:
920 3153 1464 3216 commendationem,
1500 3155 1794 3222 respondet
1834 3156 1899 3210 ad
1943 3156 2070 3211 illud

493 3244 631 3310 qttod
662 3245 709 3298 ei
742 3244 943 3298 dictum
974 3245 1148 3299 fuerat
1174 3263 1186 3298 :
1220 3245 1458 3299 Ostende
1486 3246 1614 3300 mihi
1644 3246 1870 3316 gloriam
1904 3259 2067 3315 tuam,

493 3333 573 3386 vel
625 3335 768 3402 quod
806 3348 969 3402 supra
1012 3336 1267 3403 petiverat
1314 3335 1522 3407 Moyses
1562 3336 1786 3391 dicens:
1835 3337 2073 3395 Ostende

493 3423 624 3478 mihi
655 3434 705 3478 te
734 3422 907 3493 ipsum
938 3422 1325 3496 [temetipsum]
1368 3427 1649 3482 manifeste
1674 3437 1728 3481 ut
1756 3429 1964 3484 videam
1998 3441 2070 3485 te.

492 3515 608 3571 Non
640 3516 861 3584 poteris,
894 3514 1085 3585 inquit,
1118 3515 1303 3571 videre
1334 3515 1524 3572 faciem
1554 3533 1752 3585 meam,
1785 3535 1890 3574 non
1928 3520 2070 3576 enim

492 3607 695 3663 videbit
719 3606 880 3661 homo
907 3606 1093 3663 faciem
1127 3624 1299 3663 mcam
1327 3618 1383 3663 et
1406 3610 1588 3666 vivet:
1622 3612 1913 3668 ostendens
1946 3612 2073 3671 huic

493 3697 615 3750 vita:
655 3712 773 3766 qua;
803 3696 975 3767 agitur
1001 3696 1055 3752 in
1084 3698 1332 3754 sensibus
1361 3700 1672 3756 mortalibus
1709 3703 2073 3773 corruptibilis

492 3790 691 3851 carnis,
738 3790 902 3845 Deum
944 3792 1079 3846 sicut
1115 3800 1197 3848 est
1238 3808 1495 3861 apparere
1531 3808 1636 3849 non
1672 3810 1851 3864 posse,
1901 3797 1951 3852 id
1990 3806 2073 3852 est

491 3880 629 3935 sicut
657 3890 738 3936 est
763 3880 929 3935 videri
953 3882 1003 3936 in
1034 3882 1118 3937 illa
1151 3884 1254 3937 vita
1288 3892 1484 3953 potest,
1513 3885 1601 3939 tibi
1636 3894 1692 3939 ιιι
1714 3886 1924 3941 vivatur
1947 3887 2071 3942 huic

491 3974 615 4027 vitae
660 3973 991 4027 moriendum
1030 3981 1133 4029 est.
1185 3974 1313 4029 Item
1356 3976 1672 4047 interposito
1718 3976 1943 4032 articulo
1993 3978 2074 4033 di-

490 4072 646 4119 cente
677 4052 951 4132 Scriptura
970 4106 984 4130 ,
1019 4066 1085 4120 Et
1114 4069 1187 4121 ait
1220 4068 1474 4122 Dominus
1495 4108 1511 4133 ,
1545 4069 1786 4136 sequitur
1814 4080 1867 4124 et
1895 4070 2071 4140 loqui-

492 4166 607 4211 tur:
643 4157 783 4212 Ecce
807 4157 957 4211 locus
993 4173 1159 4227 penes
1190 4175 1293 4213 me.
1330 4160 1460 4227 Quis
1491 4161 1634 4216 enim
1666 4161 1814 4216 locus
1843 4178 1946 4216 non
1978 4177 2073 4231 pe-

492 4262 587 4301 nes
632 4246 803 4302 Deum
852 4255 935 4301 est
961 4290 989 4323 λ
1004 4249 1091 4317 qui
1142 4264 1399 4318 nusquam
1447 4259 1529 4303 est
1554 4249 1795 4305 absens?
1838 4254 1933 4306 sed
1967 4253 2069 4307 Ec-

490 4339 706 4393 clesiam
758 4337 1023 4408 signiﬁcat
1070 4338 1339 4407 dicendo,
1385 4340 1522 4396 Ecce
1554 4340 1701 4396 locus
1752 4357 1915 4410 penes
1961 4358 2068 4409 me,

490 4441 743 4500 tanquam
775 4434 1027 4498 templum
1051 4448 1204 4486 suum
1229 4432 1642 4488 commendans:
1673 4434 1735 4488 Et
1767 4435 1953 4499 stabis,
1987 4434 2067 4490 itt-

490 4521 624 4589 quit,
656 4539 819 4591 super
844 4533 1072 4590 petram,
1104 4524 1227 4591 quia
1259 4539 1421 4593 super
1448 4524 1585 4578 hanc
1618 4536 1845 4591 petram,
1875 4527 1948 4580 ait
1975 4527 2070 4582 Do-

491 4614 686 4675 minus,
713 4614 989 4669 aedificabo
1020 4615 1311 4669 Ecclesiam
1344 4630 1515 4669 meam
1542 4632 1556 4669 :
1590 4618 1763 4672 statim
1800 4628 1856 4670 ut
1884 4627 2067 4672 trans-

492 4704 566 4757 iet
613 4705 781 4771 gloria
811 4721 961 4770 mea,
1012 4706 1061 4758 id
1095 4713 1176 4760 est
1205 4707 1383 4760 statim
1415 4717 1469 4760 ιιι
1503 4709 1723 4764 transiet
1750 4709 1917 4777 gloria
1951 4725 2070 4765 mea

490 4794 659 4847 stabis
700 4809 860 4863 supat-
891 4804 1117 4861 petram,
1146 4797 1269 4863 quia
1299 4806 1416 4865 post
1448 4798 1726 4852 transitum
1759 4800 1980 4863 Christi,
2018 4803 2068 4857 id

490 4892 574 4936 est
606 4894 718 4950 post
755 4885 1055 4951 passionem
1086 4895 1141 4940 et
1167 4888 1613 4942 resurremionem
1651 4888 1872 4953 Christi,
1921 4896 2068 4948 stetit

494 4977 720 5045 pepulus
751 4976 917 5032 fidelis
949 4994 1109 5046 super
1140 4990 1361 5049 petram.
1415 4983 1478 5035 Et
1518 4997 1710 5051 ponam
1756 4993 1828 5049 te,
1874 4987 2065 5058 inquit,

490 5068 542 5122 in
566 5082 794 5123 caverna
843 5079 1005 5136 petra:
1031 5088 1052 5143 ε,
1074 5073 1345 5127 munimen
1377 5072 1742 5131 firmissimum
1774 5079 2059 5147 significat.

488 5160 590 5215 Alii
621 5169 797 5215 autem
828 5160 1159 5232 interpretati
1182 5174 1306 5218 sunt
1333 5166 1385 5219 in
1406 5168 1618 5233 specula
1650 5166 1946 5240 [spelunca]
1979 5188 2071 5241 pe-

486 5263 601 5308 traa.
627 5252 731 5309 Sed
762 5253 983 5309 Graecus
1012 5254 1170 5310 habet
1192 5258 1349 5323 ὁπήνς
1377 5256 1481 5312 hoc
1507 5268 1684 5314 autem
1716 5259 1953 5317 foramen
1975 5262 2062 5317 vel

485 5359 769 5399 cavernam
818 5344 1018 5401 rectius
1067 5345 1517 5417 interpretamur,
1569 5360 1623 5404 et
1673 5360 1848 5421 tegam
1902 5367 2064 5407 manu

485 5448 602 5489 mea
627 5435 867 5509 [manum
889 5434 1085 5508 meam]
1111 5452 1273 5508 super
1302 5449 1376 5503 te,
1404 5439 1575 5495 donec
1600 5448 1867 5497 transeam
1898 5452 1953 5497 et
1971 5458 2068 5497 au-

486 5529 651 5584 feram
704 5545 918 5585 manum
972 5545 1179 5596 meam,
1233 5540 1288 5585 et
1339 5540 1464 5585 tunc
1509 5533 1717 5589 videbis
1768 5535 2063 5604 posteriora

486 5635 629 5684 mea,
656 5621 819 5677 facies
852 5632 1032 5679 autem
1060 5639 1178 5680 mea
1211 5639 1313 5677 non
1343 5623 1607 5680 videbitur
1638 5626 1755 5682 tibi.
1789 5628 1921 5683 Cum
1944 5629 2054 5699 jam

485 5712 728 5778 dixisset,
756 5713 935 5772 Stabis
957 5715 1131 5788 Super
1157 5724 1360 5789 petram
1393 5718 1572 5772 statim
1598 5725 1657 5773 ut
1686 5719 1905 5777 transiet
1935 5722 2054 5794 gle-

2170 475 2307 530 sisse
2335 489 2496 544 super
2526 482 2730 543 petram
2763 474 3151 539 stabilitatem;
3185 476 3459 546 quomodo
3490 478 3746 545 accipien-

2171 565 2296 618 dum
2326 575 2406 619 est
2435 565 2577 633 quod
2619 567 2723 619 ait:
2764 565 2964 619 Ponam
3000 576 3052 620 te
3083 568 3135 621 in
3166 582 3396 623 cavcrna
3428 567 3749 642 [cavernam]

2174 668 2357 725 petrae,
2388 668 2441 711 et
2470 668 2639 713 tezam
2674 673 2834 711 manu
2864 673 2979 712 mea
3011 658 3248 730 [manum
3282 658 3481 732 meam]
3515 674 3671 729 super
3697 671 3751 718 te

2174 750 2345 805 donec
2375 759 2637 803 transeam
2675 759 2729 803 et
2758 750 2993 805 auferam
3037 767 3250 804 manum
3303 768 3501 816 meam,
3542 761 3597 807 et
3630 762 3753 808 tunc

2173 843 2263 897 viti
2289 843 2383 897 bis
2413 844 2712 913 posteriora
2738 844 2891 898 mea?
2920 846 3069 913 quasi
3092 844 3199 912 jam
3232 843 3323 898 illo
3350 843 3403 899 in
3436 853 3588 914 petra
3619 860 3752 900 con-

2174 937 2363 989 stituto
2387 944 2527 1004 tegat
2559 949 2717 989 manu
2739 950 2831 988 sua
2865 934 3104 1008 [manum
3140 936 3313 1008 suam]
3338 952 3437 1005 sup
3459 954 3501 990 -r
3525 953 3673 1001 eum,
3705 948 3759 992 et

2175 1026 2370 1081 deinde
2403 1037 2669 1092 transeat,
2704 1044 2824 1082 cum
2857 1043 2980 1082 esse
3010 1028 3062 1082 in
3101 1037 3250 1094 petra
3293 1045 3398 1082 non
3448 1032 3619 1094 possit
3657 1030 3759 1084 nisi

2176 1129 2295 1190 post
2344 1120 2459 1188 ejus
2497 1121 2816 1187 transitum,
2863 1120 2958 1175 sed
3002 1121 3372 1185 recapitulatio
3414 1120 3761 1190 intelligo-uda

2175 1222 2257 1266 est
2279 1213 2354 1268 rei
2380 1213 2779 1282 praetermissze,
2809 1213 2949 1282 quali
2972 1213 3108 1267 solet
3135 1216 3207 1267 uti
3239 1213 3513 1279 Scriptura
3543 1214 3599 1268 in
3624 1215 3764 1267 mul-

2177 1304 2245 1359 tis
2273 1305 2427 1360 locis.
2470 1304 2657 1359 Postea
2700 1306 2899 1375 quippe
2928 1304 3059 1360 dixit
3091 1304 3230 1374 quod
3279 1306 3468 1360 ordine
3500 1306 3761 1374 temporis

2176 1398 2323 1468 prius
2352 1407 2455 1452 est.
2488 1396 2587 1464 Qui
2620 1397 2756 1451 ordo
2787 1399 2856 1451 ita
2888 1412 2948 1453 se
2980 1398 3138 1452 habet
3166 1414 3179 1450 :
3212 1396 3409 1467 Tegam
3443 1412 3607 1452 manu
3644 1413 3761 1452 mea

2176 1491 2413 1565 [manum
2437 1487 2633 1563 meam]
2646 1508 2805 1562 super
2823 1502 2875 1548 te
2898 1491 3067 1548 donec
3092 1503 3379 1558 transeam,
3396 1502 3453 1549 et
3472 1505 3602 1548 tunc
3614 1494 3766 1549 video

2177 1584 2258 1639 bis
2291 1585 2583 1654 posteriora
2628 1601 2745 1641 mea
2768 1626 2783 1649 ,
2837 1602 2959 1641 nam
2993 1585 3156 1640 facies
3189 1602 3304 1642 mea
3337 1602 3444 1642 non
3491 1586 3767 1642 videbitur

2175 1679 2293 1745 tibi,
2324 1689 2379 1735 et
2408 1680 2574 1735 stabis
2604 1694 2764 1750 super
2793 1690 2998 1750 petram
3030 1681 3210 1735 statim
3245 1690 3302 1735 ut
3334 1681 3566 1736 transiet
3598 1681 3766 1743 gloria

2178 1787 2318 1834 mea.
2365 1782 2421 1825 et
2451 1787 2641 1836 ponam
2674 1782 2725 1827 te
2757 1772 2809 1827 in
2840 1787 3068 1828 caverna
3110 1783 3299 1840 petrae.
3346 1769 3460 1828 Hoc
3492 1772 3647 1827 enim
3692 1772 3771 1827 fa-

2180 1874 2325 1919 ctum
2355 1875 2434 1918 εει
2461 1866 2513 1917 in
2536 1864 2617 1919 eis
2638 1878 2773 1933 quos
2796 1872 2922 1918 ttmc
2943 1863 3280 1930 significabat
3309 1879 3537 1933 pentina
3570 1865 3768 1934 Moysi,

2181 1955 2234 2011 id
2261 1965 2342 2010 est
2372 1955 2646 2017 lsraelitis,
2674 1955 2764 2024 qui
2795 1956 2848 2010 in
2883 1956 3166 2010 Dominum
3196 1957 3402 2021 Jesum,
3433 1958 3577 2012 sicut
3609 1961 3772 2012 Actus

2180 2048 2546 2119 apostolorum
2580 2049 2837 2114 indicant,
2871 2059 3055 2117 postea
3080 2047 3444 2113 crediderunt,
3477 2048 3530 2104 id
3551 2059 3642 2105 est
3665 2060 3772 2105 sta-

2181 2142 2276 2196 tim
2309 2152 2365 2197 ιιι
2404 2143 2617 2196 transiit
2647 2142 2767 2212 ejus
2793 2141 2983 2212 gloria.
3032 2141 3162 2196 Nam
3195 2151 3543 2211 posteaquam
3587 2157 3773 2197 resur-

2178 2232 2318 2288 rexit
2341 2246 2369 2286 a
2396 2231 2622 2286 mortuis
2652 2240 2706 2286 et
2732 2230 2975 2286 ascendit
3007 2230 3059 2285 in
3089 2230 3306 2293 ctelum,
3337 2229 3504 2285 misso
3532 2231 3773 2298 desuper

2179 2325 2270 2399 [de
2297 2323 2458 2397 caelo]
2489 2324 2691 2393 Spiritu
2721 2332 2929 2389 sancto,
2966 2339 3088 2378 cum
3134 2323 3331 2394 linguis
3360 2324 3609 2378 omnium
3645 2340 3772 2394 gen-

2180 2418 2310 2473 tium
2358 2419 2705 2487 loquerentur
2757 2415 3030 2485 apostoli,
3069 2414 3379 2482 compuncti
3429 2426 3556 2470 sunt
3608 2415 3774 2469 corde

2182 2507 2333 2562 multi
2375 2522 2440 2563 ex
2488 2507 2569 2562 eis
2605 2507 2695 2576 qui
2745 2507 3123 2563 crucitlxerant
3167 2504 3460 2572 Christum,
3511 2520 3683 2575 quem
3722 2516 3773 2560 ut

2181 2616 2285 2655 non
2312 2600 2689 2671 cognovissent
2726 2610 2778 2655 et
2816 2598 3099 2654 Dominum
3139 2598 3324 2669 gloriae
3364 2592 3773 2653 cr'ucifixissont

2186 2691 2257 2764 [si
2295 2691 2683 2761 cognovissent
2721 2704 2990 2760 nunquam
3036 2688 3317 2743 Dominum
3356 2687 3542 2760 gloriae
3589 2690 3767 2744 cruci-

2189 2782 2479 2853 ﬁxissent],
2512 2782 2729 2839 cacitas
2758 2796 2823 2836 ex
2854 2790 3003 2849 parte
3035 2781 3086 2834 in
3126 2778 3289 2834 Israel
3327 2778 3463 2834 facta
3498 2788 3607 2843 est,
3641 2779 3775 2835 sicut

2179 2874 2378 2928 dictum
2402 2876 2593 2935 fuerat,
2620 2882 2794 2943 tegam
2819 2887 2976 2926 manu
2997 2884 3111 2925 mea
3133 2869 3368 2943 [manum
3387 2868 3589 2942 meam]
3612 2886 3775 2930 super

2180 2972 2232 3019 te
2255 2965 2426 3019 donec
2445 2972 2739 3019 transeam.
2769 2962 2921 3018 Unde
2943 2962 3185 3017 Psalmus
3213 2960 3363 3026 dicit,
3391 2961 3665 3029 Quoniam
3689 2962 3775 3015 die

2177 3070 2242 3111 ac
2268 3057 2376 3126 76
2406 3064 2559 3111 nocte
2584 3065 2796 3123 gravata
2827 3063 2911 3108 est
2940 3068 3101 3122 super
3130 3066 3217 3107 me
3246 3067 3436 3105 manus
3465 3061 3551 3106 tua
3578 3095 3593 3117 ,
3631 3052 3771 3107 diem

2179 3149 2458 3220 appellans
2477 3147 2690 3217 quando
2720 3147 2964 3202 Christus
3010 3146 3195 3200 divina
3226 3144 3481 3201 miracula
3510 3144 3770 3210 faciebat,

2179 3249 2393 3293 noctem
2439 3237 2654 3309 quando
2708 3237 2845 3292 sicut
2879 3237 3039 3291 homo
3085 3237 3439 3300 moriebatur,
3466 3235 3693 3302 quando
3721 3247 3773 3289 et

2178 3332 2253 3388 illi
2284 3331 2646 3387 titubaverunt
2672 3331 2760 3397 qui
2792 3329 2844 3385 in
2874 3330 2961 3384 die
2981 3328 3350 3384 crediderunt.
3377 3324 3487 3382 Hoc
3508 3338 3619 3393 est,
3646 3342 3775 3397 ergo

2175 3439 2296 3481 cum
2347 3426 2613 3480 tr'tnsiero
2654 3431 2782 3478 tunc
2823 3421 3031 3477 videbis
3088 3421 3383 3491 posteriora
3424 3419 3623 3492 [mea],
3653 3436 3772 3475 cum

2175 3519 2441 3573 trarsiero
2491 3517 2558 3572 de
2600 3517 2701 3572 hoc
2745 3517 2945 3570 mundo
2992 3515 3060 3570 ad
3088 3514 3343 3579 Patrem,
3390 3514 3677 3584 posterius
3722 3514 3773 3566 in

2174 3626 2263 3666 me
2306 3608 2559 3666 credituri
2598 3617 2723 3663 sunt
2757 3623 2980 3677 quorum
3018 3616 3199 3676 typum
3228 3605 3393 3673 geris.
3425 3603 3581 3659 Tunc
3626 3605 3772 3659 enim

2173 3702 2479 3772 compuncti
2526 3701 2689 3757 corde
2732 3701 3018 3765 dixerunt,
3049 3698 3184 3765 Quid
3230 3698 3519 3751 faciemus?
3550 3707 3608 3751 et
3638 3695 3774 3768 jussi

2174 3803 2299 3849 sttnt
2326 3792 2394 3848 ab
2425 3791 2683 3860 apostolis
2729 3806 2887 3859 agere
2926 3790 3297 3860 pmnitentiam
3342 3798 3393 3842 et
3427 3787 3697 3857 baptizari
3720 3789 3773 3843 in

2177 3885 2396 3941 nomine
2426 3883 2553 3939 Jcsu
2583 3882 2804 3945 Christi,
2856 3893 2914 3937 ut
2964 3880 3362 3935 dimitterentur
3409 3878 3516 3933 illis
3546 3890 3774 3949 peccata

2173 3992 2384 4033 eorum.
2427 3976 2579 4044 Quod
2614 3977 2666 4031 in
2698 3975 2905 4044 psalmo
2956 3970 3049 4028 illo
3096 3972 3357 4043 sequitur,
3398 3985 3524 4027 cum
3564 3970 3776 4028 dictum

2173 4080 2346 4134 esset,
2376 4068 2471 4124 Die
2502 4083 2563 4124 ac
2587 4077 2745 4123 nocte
2770 4074 2987 4137 gravata
3011 4074 3094 4120 est
3123 4080 3286 4134 super
3316 4078 3402 4121 me
3431 4078 3633 4120 manus
3660 4074 3775 4127 tua,

2173 4162 2224 4217 id
2248 4170 2331 4216 est
2356 4170 2415 4214 ut
2437 4176 2544 4215 non
2576 4173 2959 4229 cognoscerem
2986 4157 3066 4230 [ut
3095 4154 3527 4226 cognoscerem],
3553 4156 3601 4209 si
3626 4157 3778 4211 enim

2172 4253 2567 4323 cognovissent,
2599 4264 2868 4317 nunquam
2912 4248 3194 4303 Dominum
3231 4246 3415 4315 glorire
3463 4247 3780 4302 crucifixis-

2173 4355 2328 4411 sent;
2359 4346 2599 4413 sequitur
2628 4354 2681 4399 et
2706 4343 2909 4413 jungit:
2940 4340 3243 4397 Conversus
3272 4356 3390 4396 sum
3428 4343 3483 4396 in
3525 4357 3780 4396 :rrumna

2175 4454 2294 4494 mea
2316 4438 2440 4493 dum
2464 4438 2820 4507 configeretur
2835 4437 3018 4503 spina;
3044 4436 3097 4491 id
3120 4444 3201 4491 est
3221 4452 3235 4490 :
3258 4451 3381 4491 cum
3403 4422 3583 4492 essem
3602 4437 3783 4491 corde

2178 4542 2550 4600 compunctus.
2600 4529 2800 4584 Deinde
2832 4528 3073 4583 addidit:
3120 4529 3400 4583 Peccatum
3438 4542 3625 4581 meum
3679 4543 3779 4583 eo-

2173 4626 2353 4695 gnovi,
2380 4636 2431 4679 et
2466 4624 2671 4678 facinus
2701 4639 2881 4678 meum
2912 4638 3016 4677 non
3042 4622 3228 4690 operui
3253 4639 3266 4675 :
3302 4629 3663 4691 posteaquam
3688 4622 3777 4677 vi-

2172 4716 2367 4770 derunt
2418 4722 2619 4785 quanto
2679 4713 2881 4769 scelere
2935 4712 3206 4768 Christum
3260 4713 3660 4775 crucifirerint.
3722 4724 3781 4769 et

2172 4807 2296 4874 quia
2343 4813 2664 4875 receperunt
2711 4805 2993 4859 consilium
3046 4815 3101 4858 ut
3129 4814 3347 4873 agerent
3383 4806 3779 4873 pmnitentiam

2172 4908 2226 4953 et
2248 4900 2299 4954 in
2332 4899 2603 4965 baptismo
2631 4899 3006 4954 remissionem
3032 4900 3340 4967 acciperent
3368 4907 3736 4967 peccatorum
3766 4918 3782 4953 :

2180 4991 2319 5055 Dixi,
2368 4990 2576 5057 inquit,
2628 4990 2986 5059 pronuntiabo
3037 4990 3319 5044 adversum
3366 5004 3455 5043 me
3507 4988 3785 5045 delictum

2177 5099 2353 5139 meum
2408 5082 2654 5143 Domino.
2704 5090 2758 5138 et
2809 5091 2862 5136 tu
2910 5082 3164 5136 remisisti
3217 5080 3549 5149 impietatem
3584 5084 3787 5138 cordis

2178 5174 2305 5227 mei.
2338 5172 2485 5227 Hanc
2510 5181 2689 5227 autem
2721 5172 3061 5241 prophetiam
3088 5172 3262 5241 potius
3296 5171 3460 5226 fuisse
3492 5186 3664 5240 quam
3702 5173 3786 5226 lo-

2173 5274 2329 5321 cutus
2351 5274 2434 5321 est
2466 5264 2722 5320 Dominus
2754 5265 2818 5319 ad
2848 5264 3064 5337 Moysen
3114 5265 3247 5320 satis
3273 5279 3360 5320 res
3386 5264 3503 5334 ipsa
3532 5264 3783 5335 indicat,

2116 5421 2137 5450 ἰ
2172 5357 2601 5429 quandoquidem
2631 5357 2698 5414 de
2748 5368 2894 5426 petra
2932 5359 3019 5412 vel
3051 5373 3278 5412 caverna
3310 5357 3429 5425 ejus
3459 5368 3514 5413 et
3538 5357 3613 5413 de
3659 5375 3785 5413 ma-

2172 5464 2272 5503 nus
2291 5451 2406 5519 ejus
2430 5448 2878 5518 superpositione,
2897 5448 2965 5503 de
2982 5448 3196 5503 visione
3224 5451 3593 5518 posteriorum
3619 5450 3783 5517 ejus,

2172 5541 2305 5595 nihil
2334 5550 2517 5610 postea
2548 5540 2740 5595 visibili
2769 5554 2933 5608 opere
2962 5540 3315 5595 subsecutum
3360 5539 3582 5608 legitur;
3638 5556 3782 5596 mox

2167 5634 2310 5689 enim
2334 5634 2573 5703 adjungit
2600 5633 2913 5700 interposito
2941 5633 3167 5689 articulo
3188 5633 3505 5701 Scriptura:
3530 5632 3595 5688 Et
3624 5632 3783 5688 dixit

2169 5726 2421 5782 Dominus
2473 5725 2538 5781 ad
2583 5726 2799 5798 Moysen
2844 5743 2857 5779 :
2909 5741 3034 5782 cum
3083 5727 3199 5796 ipse
3242 5724 3504 5781 Dominus
3560 5725 3775 5796 utique
