3990 6180
260 278 354 330 HI

1440 277 1875 336 TIthtURUS.
1915 281 2067 337 cae.
2100 258 2341 339 ἒχων.

3425 293 3529 349 742

254 396 416 450 etiam
461 396 551 449 illa
608 411 728 464 qua:
782 412 941 465 supra
992 405 1120 452 sunt
1162 398 1488 466 loqueretur,
1528 406 1689 463 atque
1718 399 1841 452 inde
1874 410 1914 462 Α
1947 400 1997 451 iit
2035 399 2225 455 Vetere
2252 401 2599 455 Testamento
2629 415 2751 470 qua:
2789 404 3133 456 convinceret
3163 412 3523 473 transgresso-

252 487 499 541 contexit
527 487 652 554 quid
684 488 946 556 deinceps
983 487 1242 542 Dominus
1279 489 1420 542 dicat
1463 507 1476 542 :
1516 487 1714 542 Excide
1747 487 1841 543 tibi

252 579 389 634 duas
412 581 625 633 tabulas
648 580 885 648 lapideas
907 580 1050 635 sicut
1079 588 1133 635 et
1165 582 1387 649 primas,
1408 591 1462 636 et
1490 590 1711 635 caetera.

794 713 1023 768 CAPUT
1076 712 1309 767 CXXIII.

256 824 528 889 Quomodo
583 824 768 877 tabula:
812 842 940 895 quas
982 835 1088 877 erat
1134 825 1333 895 Moyses
1366 824 1475 878 Deo
1502 826 1677 893 utique
1707 842 1842 895 pra:-

324 896 520 947 sciente
554 897 832 961 fracturus,
866 912 967 947 non
998 897 1060 947 ab
1091 897 1291 948 homine
1321 896 1561 948 dicantur
1592 913 1715 960 esse,
1752 914 1843 963 po-

321 967 561 1017 steriores
591 981 705 1016 vero
751 966 803 1015 in
862 964 1189 1018 tabernaculo
1225 966 1316 1018 Dei
1349 969 1531 1018 tandiu
1579 982 1841 1020 mansura:

322 1035 387 1086 ab
417 1035 624 1106 ligm‘ne
646 1036 858 1106 abscisa;
880 1036 981 1087 sint
1009 1035 1085 1088 vel
1113 1037 1455 1106 conscripla'?
1483 1051 1547 1089 ea:
1572 1038 1746 1090 eodem
1775 1040 1844 1091 li-

324 1106 417 1156 bro
444 1102 798 1167 Quwstionum
832 1103 1023 1158 Eoni.

328 1217 393 1271 Et
411 1218 630 1285 scripsit
653 1217 702 1271 in
732 1218 925 1273 tabulis
949 1219 1106 1273 verba
1135 1220 1495 1289 'I‘estamettti,
1514 1223 1703 1280 decem
1724 1238 1845 1278 ver-

259 1306 346 1361 ba.
383 1308 457 1362 De
487 1309 672 1377 Moyse
701 1308 902 1363 dictum
930 1318 1047 1375 est,
1079 1312 1219 1380 quod
1251 1316 1364 1382 ipse
1396 1317 1711 1385 scripserit,
1759 1317 1843 1370 cui

256 1399 420 1452 etiam
472 1398 615 1453 Deus
664 1399 820 1464 paulo
861 1409 987 1455 ante
1027 1402 1279 1458 dixerat:
1318 1404 1506 1461 Scribe
1548 1406 1642 1460 tibi
1684 1406 1842 1462 verba

258 1488 397 1541 hac.
425 1485 559 1542 Cum
581 1502 710 1543 vero
731 1489 954 1558 primum
992 1492 1160 1559 legem
1194 1497 1419 1563 accepit,
1450 1495 1606 1566 cujus
1637 1497 1844 1552 tabulas

257 1581 461 1650 abjecit
482 1593 538 1637 et
565 1580 746 1653 fregit,
770 1598 869 1639 nec
891 1584 1004 1652 ipse
1024 1586 1295 1643 excidisse
1326 1588 1499 1645 dictus
1527 1602 1611 1645 est
1636 1590 1846 1646 tabulas

260 1672 521 1742 lapideas,
540 1685 594 1728 et
625 1675 786 1729 modo
812 1676 1011 1730 dictum
1042 1687 1153 1743 est,
1180 1678 1382 1735 Excide
1412 1681 1508 1736 tibi
1535 1682 1667 1737 duas
1694 1682 1844 1737 tabu-

1948 506 2056 555 res,
2071 492 2525 560 quatsubintravit
2549 501 2606 546 ut
2625 493 2927 549 abundaret
2948 495 3229 550 delictum.
3246 496 3363 551 Non
3382 501 3527 554 enim

1947 582 2479 652 implebaturtimore
2503 599 2620 653 qua:
2646 600 2749 637 non
2772 586 3089 653 implebatur
3107 586 3368 641 cbaritate
3391 585 3530 658 [quas

1949 687 2053 725 non
2097 673 2399 740 completur
2440 673 2544 728 nisi
2574 672 2881 745 cbaritate].
2918 674 2984 728 Et
3013 675 3135 729 ideo
3167 676 3364 731 dicitur
3394 693 3531 745 opus

1949 762 2041 814 Dei
2088 763 2209 830 quia
2263 764 2401 819 Deus
2450 765 2621 833 legem
2665 767 2966 830 constituit,
3000 767 3140 821 Deus
3180 772 3525 837 conscripsit.

1949 853 2164 905 Nullum
2197 868 2331 920 opus
2364 857 2630 920 hominis,
2665 858 2786 924 quia
2821 858 2981 910 homo
3023 856 3134 912 Deo
3174 873 3281 912 non
3319 860 3531 914 obtem-

1950 946 2178 1011 prravit.
2204 955 2257 999 et
2288 962 2409 999 eum
2442 948 2616 1014 potius
2639 963 2787 1002 reum
2813 949 2896 1002 ch
2920 950 3063 1003 fecit.
3091 951 3145 1005 In
3171 951 3418 1007 secundis
3437 969 3528 1006 auo

1953 1046 2056 1087 tem
2088 1036 2301 1093 tabulis.
2341 1038 2500 1090 homo
2531 1053 2625 1106 per
2665 1038 2989 1108 adjutorium
3036 1040 3137 1095 Dei
3170 1042 3375 1098 tabulas
3404 1042 3531 1098 facit

1947 1138 2109 1197 atque
2133 1129 2447 1193 conscribit,
2482 1131 2606 1198 quia
2658 1132 2892 1187 cliaritas
2930 1131 3063 1186 Novi
3092 1132 3418 1190 Testamenti
3451 1137 3525 1191 le-

1947 1236 2067 1290 gi-m
2098 1222 2241 1288 fecit,
2278 1222 2419 1277 unde
2444 1222 2575 1277 dicit
2604 1223 2861 1278 Dominus
2890 1242 2901 1277 :
2931 1224 3044 1279 Non
3072 1228 3190 1279 veni
3221 1226 3391 1295 legem
3421 1230 3530 1283 sol-

1950 1327 2076 1367 vere
2103 1314 2195 1367 setl
2224 1314 2470 1381 implere.
2504 1314 2645 1371 Dicit
2670 1328 2849 1369 autem
2892 1319 3214 1386 ApoStolus:
3249 1318 3531 1373 Plenitudo

1950 1404 2080 1472 legis
2105 1404 2341 1458 charitas
2364 1413 2420 1459 et
2449 1406 2579 1460 ﬁdes
2605 1420 2724 1475 quae
2752 1422 2847 1475 per
2877 1408 3219 1463 dilectionem
3250 1420 3528 1479 operatur.

1951 1493 2171 1547 Factum
2198 1505 2282 1548 est
2312 1496 2491 1563 itaque
2519 1496 2721 1550 homini
2748 1497 2904 1552 facile
2928 1498 2978 1552 in
3010 1498 3160 1553 Novo
3182 1498 3530 1557 Testamento

1948 1586 2088 1656 quod
2120 1587 2171 1640 in
2204 1585 2401 1642 Vetere
2436 1588 2656 1644 difﬁcile
2705 1588 2821 1653 fuit,
2854 1590 3071 1646 habenti
3101 1591 3258 1646 ﬁdem
3290 1610 3410 1663 qua:
3437 1610 3484 1663 pi
3507 1613 3531 1652 r

1949 1678 2292 1733 dilectionem
2341 1693 2623 1750 operatur,
2654 1691 2814 1751 atque
2846 1683 2940 1737 illo
2984 1685 3151 1754 digito
3178 1684 3293 1749 Dei.
3319 1686 3420 1742 huc
3448 1700 3532 1743 est

262 1764 342 1818 las
375 1765 620 1833 lapideas
646 1781 661 1831 ;
694 1780 791 1821 nec
819 1767 869 1822 ei
898 1769 1096 1823 dictum
1128 1778 1210 1825 est
1238 1779 1294 1826 ut
1322 1772 1605 1840 scriberet,
1632 1774 1768 1828 sicut
1793 1774 1841 1827 ci
1879 1782 1921 1840 Β
1952 1770 2155 1839 Spiritu
2188 1772 2306 1836 Dei,
2338 1773 2483 1826 intus
2514 1789 2635 1827 eam
2670 1775 2722 1827 itt
2757 1775 2920 1829 corde
2950 1777 3240 1841 scribente,
3271 1794 3376 1832 non
3400 1777 3533 1834 foris

266 1856 435 1910 modo
464 1856 690 1921 dicitur;
725 1871 823 1912 nec
848 1872 942 1913 eas
968 1860 1081 1928 ipse
1100 1861 1379 1930 scripsisse
1404 1870 1673 1929 narratur,
1703 1863 1843 1918 sicut

261 1950 428 2005 modo
461 1962 644 2005 narrat
693 1952 967 2021 Scriptura
1008 1963 1062 2009 et
1098 1954 1266 2009 dicit:
1296 1955 1521 2025 Scripsit
1559 1957 1611 2011 in
1655 1957 1846 2011 tabulis

261 2044 428 2098 verba
454 2042 809 2110 Testamenti,
832 2046 1017 2101 decem
1042 2047 1233 2111 verba;
1257 2048 1349 2103 sed
1374 2059 1496 2104 tunc
1519 2046 1720 2105 dictum
1741 2058 1843 2114 est,

263 2135 331 2189 Et
356 2136 512 2190 dedit
540 2137 709 2208 Moysi
751 2138 933 2192 statim
973 2148 1031 2192 ut
1083 2139 1313 2193 cessavit
1359 2140 1502 2209 loqui
1548 2140 1615 2194 ad
1642 2155 1765 2195 eum
1794 2143 1844 2196 in

261 2237 448 2281 monte
478 2228 626 2283 Sinai
657 2228 793 2283 duas
851 2228 1059 2283 tabulas
1109 2228 1449 2295 Testimouii,
1482 2230 1691 2286 tabulas
1720 2233 1849 2302 lapi-

259 2318 392 2372 deas
421 2318 653 2387 scriptas
682 2319 849 2389 digito
879 2320 1007 2385 Dei;
1041 2317 1234 2375 deinde
1260 2321 1416 2389 paulo
1445 2331 1562 2390 post
1587 2338 1599 2373 :
1636 2322 1701 2376 Et
1724 2337 1851 2377 con-

260 2426 477 2477 versus,
510 2412 706 2479 inquit,
740 2413 952 2480 Moyses
984 2412 1259 2467 descendit
1304 2415 1372 2468 de
1413 2425 1615 2480 monte,
1648 2425 1702 2470 et
1731 2414 1850 2469 dua:

260 2505 461 2559 tabulae
492 2503 806 2558 Testimouii
835 2504 887 2558 in
916 2503 1163 2559 manibus
1188 2504 1339 2573 ejus,
1370 2506 1563 2561 tabulae
1588 2506 1845 2575 lapideae,

258 2595 483 2664 scripta:
518 2609 582 2649 ex
624 2604 854 2663 utraque
888 2604 1037 2664 parte
1085 2611 1293 2663 earum,
1351 2597 1473 2652 hinc
1517 2606 1679 2669 atque
1729 2600 1853 2654 hinc

257 2696 421 2739 erant
454 2686 695 2754 st-riptae,
722 2695 777 2740 et
801 2686 995 2741 tabulte
1021 2700 1156 2755 opus
1187 2687 1279 2742 Dei
1325 2697 1502 2754 erant,
1553 2698 1609 2744 et
1636 2690 1850 2759 scriptae

256 2778 356 2833 Dei
408 2788 529 2832 erat
576 2780 782 2848 sculpta
825 2780 877 2833 in
936 2779 1153 2836 tabulis.
1192 2780 1421 2835 Proinde
1460 2796 1652 2852 magna
1682 2783 1854 2837 oritur

255 2871 525 2939 quaestio:
548 2870 833 2936 Quomodo
857 2871 964 2925 illa:
987 2871 1184 2926 tabula:
1204 2887 1340 2941 quas
1370 2884 1485 2927 crat
1508 2873 1719 2945 Moyses
1741 2874 1851 2928 Deo

256 2961 449 3030 utique
480 2960 795 3029 praesciente
823 2961 1108 3028 fracturus,
1161 2978 1266 3015 non
1325 2962 1558 3018 hominis
1610 2979 1744 3033 Opus
1773 2964 1851 3019 dio

255 3060 456 3106 cantur
470 3066 613 3119 esse,
637 3053 731 3107 sed
758 3053 875 3119 Dei;
894 3067 993 3107 nec
1012 3054 1079 3107 ab
1102 3053 1320 3109 homine
1340 3056 1576 3123 scriptae,
1600 3057 1694 3110 sed
1720 3059 1854 3111 scri-

1952 1862 2003 1915 in
2033 1862 2239 1930 lapide;
2269 1863 2410 1916 unde
2438 1864 2570 1917 dicit
2600 1865 2920 1932 Apostolus:
2950 1864 3066 1921 Non
3092 1868 3144 1921 in
3175 1870 3369 1925 tabulis
3399 1871 3531 1941 lapi-

1950 1950 2083 2016 deis,
2116 1952 2210 2007 sed
2243 1953 2295 2006 in
2328 1954 2523 2008 tabulis
2552 1955 2731 2009 cordis
2761 1958 3087 2026 carnalibus,
3119 1962 3375 2028 quoniam
3404 1963 3531 2017 cha-

1952 2044 2080 2099 ritas
2105 2044 2227 2109 Dei,
2258 2059 2360 2114 qua
2394 2046 2656 2099 veraciter
2685 2046 2935 2115 impletur
2963 2059 3311 2119 praeceptum,
3340 2052 3531 2106 diffusa

1950 2145 2034 2190 est
2062 2137 2114 2190 in
2144 2135 2401 2190 cordibus
2429 2136 2626 2191 nostris
2660 2151 2755 2205 per
2778 2137 3035 2207 Spiritum
3059 2152 3301 2194 sanctum
3323 2146 3413 2211 qui
3436 2142 3533 2195 da-

1952 2240 2036 2283 tus
2058 2239 2141 2283 est
2167 2228 2343 2284 nobis.
2375 2229 2487 2283 Iloc
2517 2238 2603 2284 est
2625 2244 2755 2298 ergo
2787 2231 2957 2298 primo
2984 2231 3107 2285 data
3133 2244 3219 2287 est
3246 2233 3333 2288 lex
3359 2234 3444 2288 ubi
3463 2234 3533 2288 si-

1950 2319 2236 2389 gniﬁcatur
2268 2320 2432 2373 Vetus
2477 2319 2910 2385 Testamentum,
2962 2324 3102 2391 quod
3143 2334 3228 2378 est
3257 2339 3392 2393 opus
3425 2337 3535 2379 tau-

1956 2412 2233 2466 tummodo
2258 2412 2353 2466 Dei
2386 2422 2443 2466 et
2466 2411 2792 2482 conscriptio
2819 2412 2969 2483 digiti
2995 2414 3111 2480 Dei,
3135 2418 3276 2484 quod
3302 2417 3447 2485 Apes
3471 2434 3527 2472 o—

1954 2503 2035 2557 lus
2058 2503 2215 2557 dicit:
2242 2503 2425 2573 Itaque
2453 2505 2537 2558 lex
2563 2504 2776 2574 quidem
2795 2514 2979 2561 sancta
3005 2514 3059 2560 et
3081 2506 3386 2560 mandatum
3412 2522 3535 2562 san~

1952 2606 2095 2648 ctum
2127 2605 2179 2651 et
2202 2596 2405 2665 juStum
2438 2606 2492 2650 ct
2522 2596 2742 2652 bonum.
2782 2598 2889 2652 Lex
2919 2613 3048 2668 ergo
3078 2609 3259 2653 sancta
3300 2608 3355 2653 et
3395 2598 3535 2655 bona

1955 2686 2049 2740 Dei
2076 2700 2209 2754 opus
2235 2698 2336 2751 est,
2363 2688 2449 2741 ubi
2474 2687 2635 2742 homo
2665 2689 2796 2742 nihil
2826 2689 2954 2758 agit,
2978 2692 3102 2759 quia
3133 2706 3236 2744 non
3261 2691 3537 2755 obtempe~

1955 2787 2054 2842 rat,
2088 2777 2181 2830 sed
2218 2780 2394 2845 potius
2436 2791 2586 2832 reatu
2629 2780 2891 2846 premitur
2932 2781 3047 2849 lege
3095 2781 3331 2835 minante
3374 2790 3539 2850 atque
3606 2778 3611 2783 ’

1954 2867 2266 2920 damnante.
2294 2865 2580 2920 Peccatum
2613 2866 2780 2931 enim,
2814 2868 3004 2935 inquit,
3052 2884 3103 2922 ut
3134 2880 3389 2935 appareat
3418 2884 3539 2939 μευ

1956 2965 2153 3019 eatum,
2191 2971 2285 3025 per
2319 2958 2513 3010 lzonum
2541 2957 2672 3011 mihi
2702 2969 2981 3027 operatum
3012 2968 3095 3014 est
3116 2967 3376 3027 limitem;
3412 2963 3537 3017 bea-

1959 3059 2042 3099 tus
2070 3058 2244 3101 autem
2267 3047 2433 3102 homo
2461 3057 2562 3114 est,
2588 3064 2711 3103 cum
2742 3050 2843 3104 hoc
2872 3053 3180 3105 mandatum
3209 3063 3453 3107 sanctum
3483 3064 3537 3109 et

256 3154 373 3213 pta;
404 3143 573 3211 digito
604 3142 698 3197 Dei
725 3160 738 3195 :
774 3144 1097 3212 posteriores
1119 3160 1245 3199 vero
1277 3146 1471 3200 tabula;
1499 3146 1681 3201 tandm
1706 3162 1856 3202 man-
1882 3145 1927 3204 ο
1957 3138 2159 3207 justum
2189 3152 2242 3193 et
2269 3140 2469 3194 bonum
2498 3153 2580 3195 est
2609 3142 2773 3197 etiam
2815 3139 2986 3216 [facit,
3037 3145 3139 3200 hoc
3182 3143 3369 3217 etiam]
3406 3163 3542 3216 opus
3572 3224 3583 3233 '

258 3250 429 3302 surae,
458 3244 515 3290 et
544 3236 596 3289 itt
630 3236 977 3292 tabernaculo
1005 3251 1070 3292 ac
1108 3240 1306 3308 templo
1363 3238 1459 3294 Dei
1512 3240 1720 3305 futurae,
1757 3242 1850 3310 ju-

260 3327 426 3383 bente
453 3327 670 3397 quidem
702 3329 809 3384 Deo
840 3337 1022 3385 tamen
1050 3329 1117 3385 ab
1162 3330 1377 3385 homine
1406 3333 1601 3387 excisa:
1626 3334 1754 3400 sint,
1786 3335 1854 3390 ab

262 3419 491 3473 homine
520 3420 739 3489 scripta:
765 3419 896 3492 [tam
941 3423 1008 3476 ab
1056 3421 1272 3477 hmnine
1301 3424 1495 3479 excisa:
1522 3424 1662 3490 sint,
1693 3441 1849 3495 quam

260 3513 330 3567 ab
359 3512 580 3566 homine
597 3513 870 3583 scriptu]?
903 3516 980 3567 An
1011 3506 1147 3588 forie
1173 3518 1222 3569 in
1254 3515 1358 3569 illis
1388 3515 1657 3585 prioribus
1685 3518 1851 3588 gratia

259 3605 361 3660 Dei
388 3605 813 3674 significabatur,
846 3621 951 3659 non
981 3584 1214 3661 hominis
1244 3621 1401 3677 opus,
1439 3623 1542 3678 qua
1573 3609 1743 3679 gratia
1775 3610 1857 3664 in-

260 3697 418 3768 digni
473 3698 597 3752 facti
647 3709 792 3763 sunt,
846 3708 1179 3753 revertentes
1204 3699 1368 3754 corde
1399 3701 1451 3754 in
1481 3699 1776 3772 Egyptum
1803 3715 1851 3756 et

260 3786 532 3844 facientes
557 3788 779 3854 idolum,
813 3791 953 3845 unde
984 3789 1075 3844 illo
1107 3790 1370 3847 beneflcio
1402 3795 1592 3862 privati
1622 3804 1772 3860 sunt,
1803 3802 1857 3849 et

264 3893 558 3951 prepterea
606 3881 820 3952 Mo‘yses
868 3881 1073 3937 tabulas
1127 3882 1305 3953 fregit.
1355 3884 1470 3940 istis
1498 3900 1627 3942 vero
1660 3886 1856 3941 tabulis

264 3972 665 4041 posterioribus
699 3973 987 4042 siguiﬁcati
1036 3982 1163 4028 sunt
1200 3975 1290 4044 qui
1341 3975 1411 4031 de
1450 3977 1562 4033 suis
1605 3977 1859 4046 operibus

261 4063 603 4133 gloriantur;
657 4063 801 4118 unde
847 4064 976 4118 dicit
1024 4066 1361 4134 Apostolus:
1397 4064 1708 4136 Ignorantes
1762 4068 1856 4123 Dei

258 4158 555 4228 justitiam,
590 4166 645 4211 et
671 4172 823 4211 suam
864 4160 1109 4213 volentes
1145 4160 1497 4227 constituere,
1523 4160 1742 4231 iustitiae
1768 4161 1857 4218 Dei

261 4261 378 4301 non
435 4256 563 4301 sunt
609 4245 877 4315 subjecti;
921 4255 976 4302 et
1016 4247 1140 4303 ideo
1169 4250 1365 4304 tabula:
1413 4250 1649 4307 humano
1694 4266 1859 4322 opere

260 4341 501 4409 sculpta:
528 4349 584 4395 et
612 4339 849 4395 humano
878 4355 1043 4410 opere
1069 4339 1284 4413 Scripta:
1310 4342 1470 4399 dictae
1504 4343 1687 4418 [datae]
1710 4354 1857 4410 sunt,

258 4446 397 4503 quae
422 4446 543 4486 cum
586 4431 718 4500 ipsis
774 4441 1076 4499 manerent,
1123 4434 1189 4488 ad
1243 4448 1338 4491 eos
1373 4434 1750 4508 signiﬁcandos
1793 4436 1861 4492 de

1956 3232 2094 3298 ejus,
2128 3230 2220 3285 sed
2257 3247 2351 3298 per
2374 3232 2607 3301 gratiant
2639 3232 2753 3288 Dei.

2498 3371 2725 3428 CAPUT
2763 3372 3000 3431 CXXIV.

1956 3459 2379 3537 Btasphemiagin
2419 3462 2672 3537 Spirium
2712 3475 2944 3519 sanctum
2975 3482 3090 3537 quae
3119 3483 3220 3521 non
3259 3469 3545 3522 remittetur

2027 3548 2131 3585 uno
2175 3535 2379 3586 nomine
2415 3536 2582 3587 vocari
2623 3544 2785 3605 potest
2832 3535 3222 3605 itnpwitttetuia,
3247 3541 3299 3591 id
3347 3549 3424 3594 est
3456 3556 3546 3593 cor

2026 3606 2373 3668 imptenitens;
2405 3620 2469 3657 ea:
2503 3622 2734 3659 sermone
2760 3606 2829 3658 ad
2857 3609 3140 3676 papulum:
3167 3613 3294 3674 Qua:
3320 3610 3384 3665 sit
3415 3612 3546 3666 irre-

2027 3676 2290 3727 missibit'is
2321 3676 2634 3745 blasphemia
2671 3677 2722 3729 in
2754 3676 3010 3746 Spiritum
3039 3688 3293 3733 sanctum.

2031 3786 2189 3840 Prius
2230 3801 2359 3855 ergo
2405 3795 2464 3839 ut
2508 3787 2800 3841 advertatis
2844 3799 2899 3842 et
2941 3789 3247 3858 intelligatis
3279 3790 3548 3848 admour'o

1960 3893 2065 3931 tton
2092 3878 2291 3931 dixisse
2324 3876 2639 3931 Dominum:
2671 3878 2859 3932 Otnnis
2888 3877 3220 3948 blasphemia
3254 3880 3305 3934 in
3335 3879 3542 3948 Spiritu

1961 3984 2065 4023 non
2097 3968 2405 4033 remittitur;
2436 3983 2612 4035 neque
2641 3968 2883 4023 dixisse:
2910 3968 3013 4035 Qui
3041 3969 3235 4025 dixerit
3262 3972 3539 4038 quodcun-

1959 4077 2062 4133 qne
2086 4064 2303 4116 verbum
2328 4074 2511 4115 contra
2537 4061 2791 4129 Spiritum
2818 4070 3083 4129 sanctum,
3112 4077 3216 4116 non
3242 4064 3547 4118 remittetur

1960 4155 2006 4209 ei
2028 4172 2042 4221 ;
2061 4154 2173 4219 sed,
2187 4155 2277 4223 qui
2296 4154 2496 4209 dixerit
2511 4154 2754 4208 verbum.
2775 4153 2906 4208 Illud
2923 4154 3066 4208 enim
3088 4156 3133 4208 si
3151 4154 3396 4218 dixisset,
3413 4155 3546 4211 nihil

1962 4251 2115 4303 nobis
2144 4248 2365 4302 omnino
2405 4254 2711 4302 remaneret
2750 4246 2892 4301 unde
2932 4248 3208 4315 disputare
3238 4260 3539 4317 possemus,

1962 4340 2211 4410 quoniam
2239 4338 2284 4392 si
2310 4338 2487 4393 omnis
2524 4338 2849 4407 blasphemia
2876 4349 2927 4393 et
2957 4354 3115 4395 omne
3143 4341 3364 4395 verbum
3402 4340 3543 4409 quod

1962 4433 2157 4488 dicitur
2178 4442 2360 4486 contra
2383 4431 2640 4499 Spiritum
2673 4442 2912 4487 sanctum
2940 4448 3044 4487 non
3069 4433 3427 4489 remitteretur
3452 4435 3549 4487 bo-

258 4524 389 4578 suis
430 4522 684 4591 operibus
710 4522 1035 4592 gloriaturos
1055 4564 1070 4592 ,
1112 4540 1218 4581 non
1248 4526 1316 4582 de
1364 4527 1533 4598 digito
1578 4529 1706 4594 Dei,
1757 4528 1859 4584 hoc
1891 4526 1939 4585 D
1965 4525 2229 4587 minibus,
2258 4539 2323 4578 ex
2354 4522 2501 4578 nullo
2526 4538 2726 4592 genere
2756 4524 3044 4593 impietatis~
3070 4538 3258 4579 eorum
3287 4526 3374 4593 qui
3404 4524 3549 4580 dono

257 4626 353 4672 est
383 4614 451 4670 de
472 4613 675 4683 Spiritu
699 4613 838 4669 Dei?
867 4616 1025 4671 Certe
1056 4631 1185 4688 ergo
1216 4620 1465 4688 repetitio
1493 4619 1625 4690 legis
1655 4620 1858 4676 Novum

257 4708 686 4763 Testamentum
712 4706 1009 4777 signiﬁcat;
1039 4710 1164 4763 illud
1189 4722 1369 4766 autem
1398 4710 1566 4766 Vetus
1593 4712 1865 4782 signiﬁca-

254 4803 329 4857 ba
340 4812 357 4854 ι
370 4842 388 4868 ,
404 4801 549 4855 unde
563 4802 892 4857 confractum
907 4811 961 4858 et
975 4802 1231 4857 abolitum
1246 4812 1350 4869 est,
1366 4804 1597 4859 maxime
1611 4806 1863 4875 quoniam

251 4908 395 4950 cum
412 4894 653 4949 secundo
673 4894 756 4949 lex
776 4894 953 4962 datur,
972 4895 1119 4949 nullo
1138 4904 1342 4950 terrore
1367 4896 1541 4962 datur,
1558 4898 1689 4952 sicut
1709 4897 1796 4951 illa
1812 4898 1863 4952 in

256 4996 428 5041 tanto
452 4986 679 5056 strepitu
705 4987 929 5057 ignium,
958 4987 1174 5042 nubium
1199 5000 1253 5042 et
1286 4990 1551 5055 tubarum,
1586 4988 1731 5045 unde
1756 5001 1861 5046 tre-

252 5078 546 5135 mefactus
578 5078 805 5147 populus
834 5077 971 5133 dixit
999 5095 1016 5132 :
1045 5078 1159 5133 Non
1195 5080 1448 5149 loquatur
1501 5081 1646 5137 Deus
1668 5082 1733 5136 ad
1766 5098 1863 5137 nos

256 5187 333 5227 ne
364 5169 699 5225 moriamur:
724 5169 869 5224 unde
899 5169 1232 5240 signiﬁcatur
1262 5172 1423 5226 timor
1444 5186 1563 5227 esse
1596 5172 1649 5228 iit
1675 5174 1867 5229 Vetere

251 5264 645 5321 Testamento,
680 5260 733 5313 in
764 5257 914 5315 Novo
962 5258 1201 5315 dilectio.
1255 5260 1537 5326 Quomodo
1569 5261 1728 5329 igitur
1754 5263 1868 5316 haec

252 5355 505 5411 solvitur
542 5352 794 5424 quaestio,
848 5368 1014 5424 quare
1072 5354 1178 5408 illa:
1225 5368 1360 5423 opus
1409 5354 1525 5418 Dei,
1560 5356 1676 5411 istae
1730 5372 1869 5426 opus

252 5446 539 5509 hominis,
570 5452 627 5498 et
652 5443 758 5499 illa:
777 5444 1103 5515 conscriptae
1149 5445 1320 5514 digito
1360 5446 1477 5510 Dei,
1504 5447 1620 5501 istae
1651 5449 1867 5518 scriptae

250 5538 329 5590 ab
369 5533 628 5589 homine?
658 5547 724 5588 an
755 5531 891 5589 forte
937 5534 1060 5590 ideo
1111 5537 1282 5606 magis
1334 5537 1386 5589 itt
1440 5538 1549 5592 illis
1595 5539 1865 5607 prioribus

254 5630 445 5684 Vetus
476 5625 837 5695 signiﬁcatum
867 5635 950 5682 est
1000 5626 1425 5695 Testamentum,
1458 5629 1579 5698 quia
1613 5629 1754 5685 Deus
1790 5631 1866 5685 ibi

253 5718 554 5792 praecepit,
585 5718 679 5776 sed
711 5716 872 5775 homo
900 5731 1006 5775 non
1039 5717 1183 5775 fecit.
1233 5717 1346 5776 Lex
1392 5722 1534 5778 enim
1579 5724 1761 5793 posi’a
1781 5734 1863 5779 est

1969 4612 2166 4668 Christi
2207 4623 2261 4668 et
2298 4612 2709 4667 sanctiﬁcationi
2747 4614 2998 4669 Ecclesia:
3040 4615 3434 4681 contradicunt,
3468 4618 3553 4673 vel

1973 4721 2297 4776 paganorum
2326 4706 2430 4776 77
2456 4705 2535 4759 vcl
2562 4704 2892 4771 Judaeorum,
2920 4713 3013 4760 aut
3036 4705 3164 4778 [γι-Ι]
3194 4709 3559 4775 quorumlibet

1974 4801 2370 4864 hereticorum,
2392 4799 2767 4853 nonnullorum
2794 4802 2953 4853 ctiam
2970 4800 3022 4853 in
3045 4802 3155 4869 ipsa
3178 4800 3558 4856 catholicaim-

1976 4891 2292 4961 peritorum.
2306 4905 2626 4959 quemquam
2645 4890 2882 4945 Ecclesia
2900 4892 3215 4945 lucraretur.
3232 4891 3339 4948 Sed
3353 4894 3493 4947 absit
3505 4903 3562 4955 ut

1978 4982 2075 5034 hoc
2098 4980 2354 5034 Dominus
2379 4980 2606 5044 diceret,
2634 4979 2793 5046 absit,
2822 4979 3063 5049 inquam,
3098 4990 3155 5035 ttt
3182 4982 3388 5038 Veritas
3414 4984 3561 5038 dice-

1974 5080 2077 5136 ret,
2095 5085 2308 5124 omnem
2334 5070 2723 5138 blasphemiam
2740 5071 2825 5125 vel
2852 5087 3014 5127 omne
3032 5072 3250 5127 verbum
3273 5073 3412 5142 quod
3433 5088 3561 5127 eon-

1974 5172 2054 5217 tra
2083 5164 2337 5232 Spiritum
2360 5170 2603 5216 sanctum
2627 5162 2919 5227 diceretur,
2939 5180 3044 5219 non
3069 5164 3266 5218 habere
3290 5162 3562 5218 remissio-

1976 5273 2100 5312 nem
2129 5271 2303 5327 neque
2330 5256 2383 5310 in
2416 5259 2520 5310 hoc
2548 5257 2753 5311 saeculo
2781 5271 2955 5326 neque
2978 5257 3029 5311 in
3062 5257 3258 5310 futuro.
3294 5254 3562 5307 Exercere

1977 5350 2174 5419 quippe
2199 5364 2297 5404 nos
2325 5348 2492 5403 voluit
2534 5348 2855 5404 difficultate
2899 5347 3230 5417 quaestionis.
3278 5361 3382 5399 non
3412 5344 3561 5398 deci-

1981 5458 2110 5512 pere
2146 5444 2431 5497 sententia:
2478 5443 2733 5497 facultate
2782 5440 3125 5514 [difﬁcultate
3159 5438 3238 5493 uel
3284 5434 3561 5508 falsitate].

1977 5537 2315 5605 Quapropter
2342 5550 2446 5589 non
2498 5546 2576 5589 est
2604 5547 2824 5590 necesse
2845 5541 2905 5586 ut
2929 5545 3142 5585 omnem
3167 5527 3561 5599 blasphemiam

1977 5642 2026 5683 et
2060 5643 2219 5683 omne
2249 5628 2470 5683 verbum
2512 5625 2653 5696 quod
2679 5624 2877 5679 dicitur
2913 5629 3100 5676 contra
3140 5620 3401 5691 Spiritum
3432 5636 3564 5678 san-

1974 5732 2141 5789 ctum,
2174 5718 2541 5777 remissionem
2567 5716 2844 5789 quisquam
2876 5710 3151 5771 existimet
3191 5731 3314 5771 nou-
3337 5713 3561 5779 habere,
