3990 6180
405 247 510 300 ’143

1495 244 1553 295 ι).
1591 240 1902 296 EUGYPPH
1937 201 2578 292 .teuarts‘trtucast

3549 232 3647 288 ἰιι

401 362 496 416 sed
526 374 743 414 necesse
766 369 847 412 est
871 360 1022 426 plane
1047 368 1096 411 ut
1121 358 1188 412 sit
1219 359 1392 428 aliqua
1427 357 1747 425 blasphemia
1777 367 1830 409 et
1860 355 1957 408 ali-
1994 362 2035 413 Λ
2069 368 2376 416 peccatores
2419 356 2655 418 Judazos,
2705 356 2912 408 etiamsi
2947 354 3202 406 Dominus
3234 367 3340 406 non
3381 351 3640 413 veni~set,

401 451 546 522 quod
571 453 810 514 verbum,
854 453 993 519 quod
1024 453 1069 504 si
1112 453 1315 504 dicatur
1338 459 1519 502 contra
1549 449 1802 518 Spiritum
1850 463 1969 499 san-

403 552 546 595 cturn
573 543 768 595 nullam
796 558 1027 611 unquam
1085 543 1292 594 veniam
1349 540 1822 605 rcmissionemque
1851 555 1964 592 me-

407 641 622 686 reatur:
655 631 774 701 quia
803 634 846 686 si
877 648 1035 686 omne
1075 630 1457 700 acceperimus,
1490 631 1729 700 quisnam
1775 629 1969 698 poterit

407 723 632 777 salvari?
659 725 701 777 si
732 735 908 776 autem
944 740 1152 777 rursum
1187 725 1384 778 nullum
1432 725 1811 791 putaverimus,
1844 740 1973 777 con-

409 807 1056 867 tradicimus'Salvatori.
1105 816 1195 867 E~t
1255 831 1379 883 ergo
1425 815 1540 868 sine
1587 815 1746 869 dubio
1797 816 1972 884 aliqua

410 904 735 972 blaSphemia
765 915 817 958 et
837 905 1049 973 aliquod
1085 905 1327 969 verbum,
1354 905 1492 974 quod
1524 907 1566 958 si
1590 905 1792 960 dictum
1821 909 1978 960 luerit

407 1006 588 1050 contra
605 997 859 1066 Spiritum
883 1007 1145 1062 sanetum,
1166 1013 1265 1049 non
1287 999 1606 1051 remittetur.
1625 997 1774 1064 Quod
1795 997 1975 1069 [Quid]

410 1090 480 1143 sit
510 1099 685 1143 autem
710 1091 810 1145 hoc
838 1091 1058 1144 verbum
1091 1092 1257 1158 qttwri
1285 1107 1310 1144 a
1337 1091 1489 1145 nobis
1515 1093 1767 1146 Dominus
1789 1088 1976 1156 volitit,

412 1179 532 1234 ideo
562 1198 666 1235 non
699 1183 982 1250 expressit.
1016 1183 1215 1249 Quaeri,
1248 1181 1486 1252 inquam,
1522 1183 1710 1247 voluit,
1743 1197 1847 1235 non
1881 1197 1975 1236 ne-

413 1273 544 1339 gari.
578 1273 763 1328 Solent
792 1274 932 1328 cnim
964 1275 1251 1342 Scripturac
1285 1276 1352 1328 ita
1379 1275 1541 1343 loqui,
1567 1286 1622 1328 ut
1645 1274 1856 1344 quando
1879 1273 1980 1328 ali-

414 1362 538 1430 quid
569 1363 643 1417 sic
663 1364 873 1429 dicitur,
906 1375 961 1418 ut
1000 1380 1175 1432 neque
1226 1380 1291 1418 cx
1343 1375 1453 1418 toto
1495 1379 1664 1432 neque
1707 1381 1773 1417 ex
1830 1373 1979 1433 parte

415 1455 609 1508 dictum
656 1456 958 1521 deﬁniatur,
1009 1473 1114 1511 non
1162 1459 1230 1511 sit
1277 1471 1496 1512 necesse
1528 1466 1582 1509 ut
1611 1472 1674 1510 ex
1706 1466 1818 1511 toto
1851 1457 1966 1510 lieri

415 1545 610 1609 possit,
646 1555 700 1597 ut
727 1562 788 1600 ex
820 1557 968 1615 parte
1003 1564 1129 1600 non.
1159 1549 1261 1604 Ista
1294 1563 1420 1618 ergo
1454 1547 1716 1602 sententia
1748 1564 1810 1602 ex
1846 1559 1976 1614 toto,

417 1634 467 1688 id
516 1646 596 1690 est
642 1635 1016 1692 universaliter
1068 1639 1538 1705 pronuntiaretur,
1588 1639 1630 1692 si
1675 1638 1977 1706 diceretur,

2075 447 2428 514 agnoscimus.
2455 446 2559 501 Sed
2588 457 2763 500 tamen
2791 447 2913 513 quia
2944 446 3142 498 dictum
3174 452 3258 504 est
3279 482 3292 508 ,
3326 442 3382 498 Si
3419 459 3526 494 non
3557 459 3646 496 ve-

2077 538 2272 593 nissem
2317 547 2592 605 peccatum
2630 552 2732 589 non
2765 535 3057 596 haberent,
3103 533 3225 587 inde
3272 547 3497 595 necesse
3543 543 3647 596 est,

2075 634 2234 686 etiam
2262 634 2303 686 si
2337 648 2441 685 non
2467 647 2644 693 omne,
2695 630 2906 698 aliquod
2953 641 3130 682 tamen
3182 643 3277 682 eos
3314 643 3380 681 cx
3420 629 3645 681 adventu

2079 722 2284 776 Domini
2327 722 2464 788 quod
2501 736 2604 774 non
2652 722 2916 774 habebant
2955 718 3287 772 contraxisse
3338 728 3638 786 peccatum.

2076 814 2211 867 lllnd
2245 813 2416 880 ipsum
2450 813 2682 878 proiectu
2711 822 2793 864 est
2821 811 2961 879 quod
2993 812 3043 862 in
3079 819 3401 875 praesentem
3431 808 3533 861 sihi
3567 808 3645 860 lo-

2077 910 2328 971 quentem
2363 917 2462 953 non
2502 901 2862 962 crediderunt,
2908 915 3137 967 eumque
3162 898 3437 952 inimicum
3479 897 3646 966 depu-

2083 1004 2277 1059 tantes,
2297 994 2543 1062 quoniam
2567 1008 2690 1046 vera
2704 993 2934 1055 dicebat,
2957 993 3173 1058 insuper
3184 991 3519 1046 occiderunt.
3537 993 3646 1044 Hoc

2083 1093 2360 1150 peccatum
2390 1093 2492 1136 tam
2520 1098 2766 1150 magnum
2793 1092 2846 1136 et
2871 1081 3218 1147 horrendum,
3250 1083 3294 1135 si
3339 1097 3445 1134 non
3475 1081 3649 1134 venis.

2082 1185 2162 1227 set
2191 1185 2242 1226 et
2269 1173 2474 1227 locutus
2497 1173 2572 1228 eis
2597 1172 2784 1227 fuisset
2804 1213 2819 1236 ,
2853 1172 3034 1242 utique
3063 1188 3167 1226 non
3199 1171 3474 1226 haberent.
3507 1172 3653 1227 Sicut

2081 1282 2208 1335 ergo
2232 1266 2301 1319 ibi
2323 1281 2441 1320 cum
2463 1265 2781 1331 audivimus,
2807 1263 3088 1320 Peccatum
3117 1280 3218 1318 non
3244 1264 3523 1327 baberent,
3548 1281 3652 1318 nun

2083 1372 2266 1422 onine,
2302 1356 2396 1411 sed
2419 1355 2635 1425 aliquod
2667 1367 2936 1423 peccatum
2965 1356 3341 1425 intelligimus;
3374 1358 3444 1409 ita
3478 1357 3528 1408 in
3561 1357 3653 1408 hu-

2083 1447 2265 1502 dierna
2292 1447 2522 1501 lectione
2553 1463 2672 1501 cum
2705 1447 3026 1509 audivimus,
3060 1447 3290 1515 Spiritus
3325 1445 3654 1514 blasphemia

2087 1557 2193 1595 non
2219 1543 2542 1606 remittetur,
2561 1555 2664 1594 non
2686 1556 2898 1596 omnem
2925 1538 3329 1608 blasphemiam,
3353 1541 3450 1595 sed
3469 1556 3657 1610 quam-

2087 1634 2207 1688 dam
2235 1651 2249 1697 ;
2283 1643 2336 1688 et
2380 1648 2500 1687 cum
2534 1631 2898 1695 audissemus,
2931 1632 3026 1697 Qui
3059 1629 3189 1684 divit
3217 1632 3440 1685 verbum
3471 1642 3658 1685 contra

419 1726 601 1779 Umnis
630 1726 958 1794 blasphemia
1000 1729 1052 1781 in
1089 1728 1342 1796 Spirilutu
1374 1743 1476 1781 nou
1526 1727 1823 1782 remittetur
1849 1769 1865 1795 ,
1898 1741 1986 1782 ant
2017 1715 2064 1772 Β
2091 1723 2348 1793 Spiritum
2371 1732 2636 1788 sanetum,
2662 1737 2766 1776 non
2791 1722 3088 1775 remittetur
3115 1722 3188 1784 ei.
3218 1737 3324 1776 lI0“
3349 1736 3508 1774 omne
3537 1737 3659 1774 Ver-

413 1812 511 1878 Qui
544 1815 737 1870 dixerit
764 1815 910 1870 illum
941 1818 1357 1890 [qualecunque]
1389 1821 1609 1873 verbum
1654 1829 1838 1873 contra
1864 1820 1984 1888 Spi-

417 1907 576 1960 ritum
595 1921 858 1974 sanctum,
881 1926 984 1963 non
1008 1910 1572 1981 remitteturei,nequc
1591 1911 1644 1966 in
1670 1912 1769 1967 hoc
1789 1914 1986 1967 sacculo

420 2011 589 2066 neque
613 1997 666 2050 in
697 1998 892 2052 futuro.
925 1999 997 2051 Ex
1028 2009 1174 2066 parte
1193 2010 1390 2065 autem,
1416 1999 1466 2053 id
1489 2011 1570 2055 est
1596 2003 1987 2070 particulariter

422 2090 878 2156 pronuntiaretur,
904 2091 946 2143 si
969 2089 1257 2144 diceretur.
1281 2092 1538 2159 Qumdam
1564 2093 1890 2163 blasphemia
1932 2094 1984 2148 in

420 2177 624 2248 Spiritu
655 2196 758 2233 non
793 2181 1108 2234 remittetur.
1145 2182 1273 2246 Cuia
1315 2197 1442 2252 ergo
1487 2199 1591 2237 non
1621 2185 1988 2240 universaliter

423 2271 1280 2339 nec'particularitcrpronuntiata
1305 2274 1562 2326 sententia
1589 2284 1820 2328 estznon
1846 2292 1984 2330 cnnn

421 2361 620 2415 dictum
648 2373 748 2427 est,
775 2366 958 2417 Omnis
985 2363 1312 2432 blasphemia
1344 2365 1714 2434 Spiritus,ant,
1732 2369 1986 2435 Qumdam

423 2452 775 2517 blaSphemia,
810 2453 904 2507 sed
930 2456 1294 2508 tantummodo
1340 2457 1612 2512 indeﬁnite
1652 2459 1850 2513 dictum
1884 2469 1986 2526 est,

426 2541 656 2610 Spiritus
681 2543 1003 2613 hlaspltrmia
1031 2561 1133 2599 non
1165 2548 1494 2611 remittetur;
1527 2563 1623 2602 nec
1651 2549 1850 2604 dictum
1873 2561 1986 2605 est:

422 2632 1082 2706 ρ.ιὶ[ωιίοιιυηιιεῌίχειὶι
1102 2637 1453 2706 quodcunque
1479 2638 1720 2704 verbum,
1749 2652 1863 2706 aut,
1889 2641 1991 2708 Qui

423 2723 615 2777 dtxetit
643 2727 902 2792 quoddam
936 2731 1184 2797 verbum,
1219 2733 1311 2785 sed
1345 2732 1643 2803 indelinite,
1672 2734 1769 2801 Qui
1796 2735 1992 2790 dixerit

426 2819 674 2872 verbum:
700 2833 801 2872 non
827 2829 910 2873 cst
935 2836 1154 2876 necesse
1180 2836 1234 2876 nt
1257 2839 1468 2878 omnem
1502 2827 1882 2894 blaSphemiam
1911 2829 1990 2882 vel

426 2924 580 2962 omne
608 2911 824 2962 verbum
854 2913 1210 2980 intelligamus
1242 2919 1366 2979 sed;
1403 2933 1621 2972 necesse
1649 2929 1732 2972 est
1762 2921 1916 2988 plane
1939 2931 1994 2975 ut

428 3000 708 3068 quamdam
745 3004 1122 3073 blasphemiam
1151 3018 1200 3060 ει
1233 3009 1493 3076 quoddam
1520 3011 1735 3064 verbum
1767 3014 1992 3066 voluerit

426 3093 552 3148 intel
579 3093 648 3163 igi
683 3095 956 3163 Dominus,
990 3103 1228 3166 quamvis
1263 3100 1314 3153 id
1338 3102 1636 3170 exprimere
1661 3105 1908 3167 noluerit,
1938 3116 1991 3157 ut
2021 3072 2066 3134 Ο

398 3183 737 3250 .quzerrndo,
756 3187 1002 3252 petendo,
1029 3187 1304 3255 pttlsando,
1327 3191 1369 3243 si
1393 3192 1517 3259 quid
1543 3193 1670 3246 recti
1697 3193 1994 3248 intellectus

425 3277 788 3344 acceperimus
809 3295 910 3330 non
933 3278 1110 3333 viliter
1137 3281 1443 3336 habeamus.
1461 3283 1567 3337 lloc
1594 3285 1996 3341 utntanifestius

427 3367 672 3432 videatis,
691 3367 816 3422 illttd
839 3369 1094 3424 attendite
1113 3373 1250 3440 quod
1274 3376 1344 3425 ait
1366 3373 1505 3426 idem
1534 3376 1645 3443 ipse
1671 3376 1738 3429 de
1755 3378 1981 3432 ludatis:

427 3455 483 3511 Si
513 3471 616 3510 non
643 3458 904 3510 venissent
928 3471 980 3512 et
1003 3460 1210 3514 loculus
1236 3460 1312 3513 eis
1335 3461 1570 3524 fui~sem,
1597 3474 1865 3534 peccatum
1892 3483 1996 3522 non

427 3545 703 3600 baberent.
737 3547 915 3615 Neque
938 3547 1078 3601 enim
1101 3549 1171 3602 ita
1198 3550 1394 3604 dictum
1429 3563 1510 3606 est
1535 3565 1583 3606 ut
1617 3555 1731 3610 sine
1754 3557 1858 3610 ullo
1883 3576 1995 3610 om-

424 3637 556 3690 nino
583 3647 800 3705 peccato
823 3639 985 3693 vellet
1017 3639 1238 3711 intelligi
1267 3643 1473 3700 futuros
1510 3648 1669 3702 luisse
1695 3649 1929 3715 Iudaeos,
1954 3650 1999 3704 si

429 3745 534 3782 non
561 3731 791 3783 venisset
813 3740 865 3785 et
890 3733 1094 3786 loeutus
1122 3733 1197 3787 eis
1229 3735 1434 3790 fuisset.
1481 3739 1673 3793 Plenos
1697 3741 1890 3810 quippe
1921 3744 2000 3795 in-

430 3821 574 3875 venit
603 3834 957 3892 Oneratosque
992 3831 1238 3894 peccatis.
1279 3828 1501 3892 l’rOpter
1525 3833 1666 3897 quod
1694 3833 1859 3886 dicit:
1900 3835 1998 3888 Ve-

431 3913 538 3965 nite
559 3911 625 3965 ad
653 3929 736 3966 me
762 3929 947 3968 omnes
971 3918 1058 3985 qui
1084 3917 1334 3971 laboratis
1365 3931 1418 3974 et
1443 3924 1647 3976 onerati
1672 3923 1821 3978 edi».
1849 3925 1999 3981 Unde

430 4002 528 4055 nisi
560 4006 787 4060 sarcinis
813 4018 1151 4074 peccaturum
1185 4025 1247 4064 ex
1281 4014 1795 4083 lransgressionibus
1837 4017 2000 4086 legis?

429 4093 688 4159 Quoniam
716 4097 797 4151 lex
824 4100 1140 4154 snbintravit
1173 4113 1226 4155 ιιι
1253 4103 1546 4158 abundaret
1569 4105 1844 4162 delictum.
1870 4109 1999 4163 Cum

430 4201 557 4255 ergo
589 4189 701 4256 ipse
729 4191 886 4242 etiam
918 4189 1041 4245 alibi
1076 4191 1106 4244 d
1133 4205 1214 4246 cat
1244 4235 1257 4254 .
1293 4194 1402 4248 Non
1440 4195 1556 4249 veni
1589 4212 1779 4253 vocare
1804 4200 1998 4267 justas,

434 4279 526 4332 sed
585 4291 910 4347 peccatores,
965 4285 1231 4351 quomodo
1263 4285 1306 4337 si
1339 4303 1440 4339 non
1473 4290 1702 4343 venisset
1729 4303 2001 4358 peceatum

433 4384 535 4422 non
569 4369 864 4424 haberent?
890 4371 989 4425 nisi
1023 4375 1142 4441 quia
1179 4375 1275 4427 ista
1301 4382 1564 4430 sententia
1596 4395 1695 4434 nec
1727 4381 1997 4436 universa-

2091 1816 2245 1881 bnm,
2279 1815 2373 1869 sed
2412 1813 2680 1883 quoddam
2731 1812 2995 1885 [verbum]
3040 1813 3334 1882 intelligere
3379 1813 3660 1868 debemus.

2089 1909 2218 1962 Nam
2250 1919 2306 1962 et
2334 1909 2436 1961 hoc
2460 1909 2630 1970 ipsum
2659 1906 2800 1971 quod
2822 1906 2924 1970 ait,
2957 1906 3187 1972 Spitilus
3215 1914 3391 1958 autem
3416 1904 3660 1972 blasphe-

2091 1998 2194 2050 mia
2230 2013 2332 2051 non
2369 1997 2582 2052 remitte
2612 2013 2692 2060 ur,
2729 1999 2906 2065 utique
2941 2011 3045 2052 non
3074 1995 3248 2049 omnis
3287 1995 3527 2063 spiritus,
3569 1995 3663 2048 sed

2089 2091 2314 2160 Spiritus
2369 2091 2540 2144 sancti
2592 2090 2977 2155 blaslibemiam
3011 2102 3229 2142 necesse
3269 2097 3353 2141 est
3391 2086 3663 2154 intelliga-

2092 2197 2230 2235 mus.
2262 2179 2414 2246 Quod
2440 2181 2538 2234 etsi
2575 2181 2783 2247 planLns
2826 2179 2952 2232 alibi
3009 2193 3114 2232 non
3145 2177 3370 2239 diceret,
3414 2176 3534 2246 quis
3559 2187 3664 2231 tam

2091 2287 2280 2326 γεειιιδ
2321 2283 2465 2326 esset
2514 2281 2570 2323 ιιι
2611 2271 2754 2324 aliud
2800 2269 3154 2338 intelligeret?
3199 2268 3500 2323 Secundum
3533 2270 3667 2322 hanc

2092 2364 2329 2433 regulam
2387 2363 2672 2419 locutionis
2724 2372 2777 2418 et
2813 2364 2950 2416 aliud
2996 2361 3169 2434 [illud]
3213 2363 3524 2430 accipitur:
3557 2362 3666 2416 Nisi

2091 2458 2211 2522 quis
2235 2466 2450 2510 renatus
2469 2455 2646 2521 fuerit,
2681 2458 2755 2510 Ex
2785 2472 2919 2524 aqua
2945 2468 2998 2510 et
3027 2457 3246 2525 Spiritu.
3281 2456 3394 2510 Non
3419 2458 3562 2511 enim
3591 2457 3667 2513 ait

2095 2548 2188 2610 ibi,
2223 2549 2284 2600 lit
2308 2547 2506 2615 Spiritu
2535 2559 2738 2607 sancto,
2766 2558 2818 2601 ct
2848 2558 3024 2602 tamen
3057 2547 3156 2602 hoc
3185 2547 3522 2617 intelligitur.
3561 2548 3668 2602 Nec

2092 2641 2342 2707 quoniam
2372 2639 2524 2707 dixit,
2556 2639 2632 2692 Ex
2663 2653 2799 2708 aqua
2828 2648 2883 2694 et
2910 2638 3135 2706 Spiritu,
3180 2656 3390 2692 omnem
3419 2639 3668 2708 spiritum

2094 2730 2372 2797 quisquam
2415 2729 2711 2800 int~,lligere
2750 2731 2977 2798 cogitur.
3022 2730 3280 2797 Quocirca
3324 2747 3444 2784 cum
3487 2733 3666 2796 audis.

2095 2822 2325 2890 Spiritus
2350 2831 2527 2876 autem
2555 2822 2888 2892 blasphemia
2912 2838 3013 2876 non
3044 2826 3363 2889 remittetur,
3396 2826 3533 2880 sicut
3560 2842 3666 2881 non

2094 2926 2304 2963 onmem
2329 2910 2594 2980 spiritum,
2615 2910 2684 2964 ita
2713 2927 2816 2965 non
2841 2913 3013 2965 omnis
3037 2913 3253 2982 spiritus
3279 2913 3500 2982 blaSphe
3526 2915 3665 2968 riam

2096 3013 2305 3070 oportet
2328 3001 2573 3070 accipias.
2591 3002 2786 3056 Audire
2804 3001 2912 3072 jam
2937 3004 3074 3057 velle
3097 3019 3190 3057 vos
3210 3004 3385 3066 video,
3410 3005 3666 3071 quoniam

2099 3110 2202 3144 non
2233 3102 2316 3147 est
2343 3094 2536 3155 omnis,
2587 3108 2827 3161 quantum
2860 3096 2930 3146 s't
2959 3095 3041 3146 illa
3077 3095 3404 3161 blasphemia
3431 3094 3668 3163 Spiritus

2099 3200 2215 3252 qua:
2252 3200 2355 3237 non
2388 3182 2722 3249 remittetur;
2763 3194 2817 3238 et
2851 3184 2988 3253 quod
3037 3185 3106 3238 sit
3147 3187 3386 3251 verbum,
3415 3191 3669 3254 quoniam

2098 3293 2203 3330 non
2231 3287 2314 3330 est
2343 3292 2521 3343 omne,
2547 3275 2686 3344 quod
2719 3277 2763 3330 si
2787 3277 2982 3330 dictum
3009 3276 3166 3331 fuerit
3193 3286 3378 3331 contra
3405 3277 3670 3345 Spiritum

2099 3378 2337 3424 sanctum
2363 3411 2375 3433 ,
2413 3385 2514 3423 non
2547 3367 2844 3425 remittetur
2869 3383 3039 3436 neque
3073 3368 3124 3421 in
3157 3369 3256 3422 hoc
3276 3370 3474 3424 saeculo
3498 3384 3675 3438 neque

2100 3462 2150 3514 in
2181 3461 2373 3514 futuro.
2406 3459 2521 3515 Jam
2569 3469 2621 3514 ει
2662 3475 2759 3530 ego
2801 3461 2926 3514 olim
2962 3461 3194 3516 dicerem
3224 3461 3437 3534 [vellem
3468 3459 3677 3532 dicere]

2101 3554 2237 3624 quod
2269 3554 2621 3608 intentissime
2668 3554 2992 3623 exspectatis
3026 3554 3251 3620 audire;
3301 3554 3396 3608 sed
3447 3554 3678 3610 tolerate

2101 3648 2398 3715 aliquantas
2453 3646 2672 3716 majoris
2725 3645 3016 3716 diligentia:
3070 3662 3269 3712 moras,
3326 3647 3498 3704 denec
3524 3648 3678 3717 adju-

2102 3746 2260 3791 vantc
2312 3736 2534 3790 Domino
2583 3731 2749 3791 totum
2794 3737 2933 3806 quod
2965 3738 3196 3791 occurrit
3227 3737 3528 3803 carpediam.
3571 3739 3676 3794 Alii

2059 3857 2061 3861 -
2101 3828 2294 3896 quippe
2320 3826 2425 3879 duo
2452 3827 2793 3894 evangelista:
2815 3828 3024 3882 Marcus
3046 3837 3100 3881 et
3119 3827 3312 3892 Lucas,
3337 3844 3460 3882 cum
3485 3829 3555 3883 de
3576 3829 3676 3883 hac

2106 3932 2162 3969 re
2187 3917 2555 3984 loquerentur,
2585 3933 2687 3969 non
2709 3917 2980 3982 dixerunt,
3005 3917 3412 3988 blasphemiam,
3435 3935 3533 3974 seu
3555 3936 3678 3976 ver-

2104 4009 2250 4071 bum,
2281 4018 2336 4061 ut
2361 4008 2782 4076 intelligeremus
2807 4025 2911 4063 non
2939 4024 3151 4064 omnem
3177 4011 3561 4075 blaslihemiam
3585 4011 3678 4066 sed

2105 4098 2410 4166 quamdam,
2465 4113 2562 4152 nec
2597 4099 2816 4153 verbum
2849 4115 3039 4165 omne,
3087 4101 3182 4154 sed
3212 4101 3500 4170 quoddam.
3547 4102 3681 4168 Quia

2105 4204 2233 4258 ergo
2257 4205 2362 4243 non
2396 4199 2570 4258 potest
2599 4191 2778 4245 omnis
2807 4191 3049 4261 intelligi,
3082 4208 3148 4247 ne
3179 4195 3413 4262 paganis,
3459 4194 3680 4258 Judmis,

2109 4279 2378 4335 barreticis
2400 4284 2653 4351 omnique
2684 4282 2955 4341 hominum
2989 4283 3175 4352 generi
3206 4284 3296 4352 qui
3336 4283 3566 4338 diversis
3597 4301 3682 4338 er-

2109 4372 2315 4428 roribus
2338 4381 2390 4427 et
2419 4373 2929 4426 contradictionibus
2956 4375 3066 4426 suis
3096 4372 3475 4440 biasltltemant
3515 4376 3684 4442 Spiric

432 4458 551 4511 ιιι-τ
582 4474 677 4512 nec
712 4459 1126 4527 particulariter,
1169 4464 1261 4517 sed
1305 4463 1580 4520 indeliuitc
1623 4471 1956 4534 pronuntiata
1984 4513 1998 4534 ,
2033 4443 2082 4502 Β
2111 4475 2217 4518 tum
2247 4476 2489 4518 sanctum
2511 4507 2522 4528 ,
2566 4477 2713 4532 spent
2748 4464 3108 4526 retltiSSiUniS,
3140 4466 3184 4517 Si
3218 4480 3276 4516 se
3323 4465 3684 4527 εοπυιετίηῑο

433 4567 537 4604 non
563 4566 721 4606 omne
747 4564 1016 4620 peccatum
1041 4556 1181 4621 cogit
1207 4556 1460 4623 intelligi?
1481 4559 1586 4612 Sed
1615 4561 1767 4626 plane
1789 4561 1883 4612 nisi
1910 4563 2004 4613 ali-

433 4642 568 4708 quod
597 4654 867 4708 peccatum
915 4641 1352 4705 intellexerimus,
1409 4648 1548 4713 quod
1588 4664 1690 4700 non
1746 4648 2005 4704 ha'erent

435 4727 532 4781 nisi
556 4727 798 4783 Christus
826 4729 1061 4783 venisset
1093 4741 1146 4786 et
1195 4734 1401 4786 locutus
1449 4737 1527 4790 eis
1555 4737 1761 4800 fuisset,
1794 4738 2001 4802 lalsatn,

433 4817 572 4885 quod
616 4817 775 4882 absit,
823 4822 1141 4874 sententiam
1187 4837 1308 4876 esse
1355 4825 1592 4880 dicemus
1643 4827 1693 4900 [d
1718 4829 2005 4900 ceremus].

437 4908 550 4960 Non
574 4922 701 4976 ergo
729 4912 822 4972 ait,
853 4911 906 4962 Si
935 4926 1036 4963 non
1062 4913 1322 4966 venissem
1347 4926 1398 4968 et
1431 4917 1632 4969 locutus
1668 4919 1744 4972 ei.»
1770 4920 2006 4982 fni-sem,

437 4999 642 5058 nullum
676 5013 948 5066 peccatum
994 5004 1284 5070 haben-nt,
1320 5022 1384 5060 ne
1420 5007 1623 5061 Veritas
1665 5014 2004 5076 mentiretur;

437 5107 533 5145 nec
557 5108 738 5146 rursus
768 5093 986 5148 delinite
1008 5095 1140 5148 dixit
1167 5138 1179 5159 ,
1211 5097 1267 5150 Si
1294 5115 1396 5151 non
1437 5100 1699 5154 venissem
1727 5113 1780 5156 et
1805 5105 2009 5157 loeutus

436 5183 512 5237 eis
545 5181 788 5244 fuissem,
831 5184 1096 5252 quoddam
1145 5198 1416 5256 peccatum
1470 5207 1573 5243 non
1619 5193 1897 5257 haberent,
1940 5211 2009 5248 ne

435 5277 580 5344 piunt
630 5275 862 5330 studium
907 5291 1009 5331 non
1064 5277 1301 5350 [parum]
1349 5298 1714 5338 exerceretur.
1765 5287 1821 5339 In
1865 5287 2011 5340 omni

435 5367 628 5432 quippe
685 5369 837 5436 capia
885 5367 1290 5438 Scripturarum
1343 5386 1686 5443 sanctarum,
1737 5379 2008 5446 pascimur

434 5458 655 5523 apertis,
690 5472 1006 5512 exercemur
1045 5460 1313 5517 obscuris.
1343 5462 1490 5516 Illinc
1521 5465 1671 5519 funis
1697 5467 2004 5536 expellitur,

439 5545 558 5598 hinc
585 5546 867 5601 fastidium.
893 5549 1028 5614 Quia
1056 5567 1184 5620 ergo
1221 5568 1324 5607 non
1355 5563 1438 5606 est
1467 5553 1689 5618 dictum,
1723 5557 2003 5612 Peccatum

439 5636 635 5690 nullum
685 5640 879 5695 habent
931 5641 1257 5714 [haberent],
1317 5661 1418 5701 non
1463 5648 1837 5716 perturbentur
1878 5665 2001 5706 cum

2111 4554 2436 4619 auferamus,
2463 4564 2626 4608 restat
2650 4553 2828 4622 utique
2859 4562 2914 4606 ut
2939 4554 3077 4607 ineo
3107 4554 3246 4622 quod
3271 4553 3528 4619 scriptum
3559 4565 3643 4608 est
3667 4593 3686 4618 ,

2109 4649 2209 4717 Qui
2235 4649 2684 4718 blasphemaverit
2723 4649 2774 4701 in
2815 4647 3068 4716 Spiritum
3100 4658 3340 4700 sanctum
3384 4660 3486 4698 non
3516 4645 3686 4699 habet

2113 4741 2480 4794 remissionem
2525 4739 2576 4792 in
2620 4747 2926 4804 aeternum,
2972 4739 3061 4793 ille
3103 4738 3426 4804 intelligatur
3457 4739 3547 4805 qui
3583 4754 3688 4793 non

2112 4836 2256 4886 omni
2290 4835 2470 4896 modo,
2503 4834 2594 4886 sed
2619 4846 2684 4885 eo
2715 4829 2872 4884 modo
2899 4829 3367 4897 blasphemaverit,
3393 4839 3446 4880 ut
3476 4829 3526 4883 ei
3552 4845 3690 4882 nun-

2113 4940 2270 4994 quam
2304 4926 2470 4990 possit
2502 4923 2719 4989 ignosri.
2768 4922 2918 4976 Sicut
2958 4920 3100 4975 enim
3133 4920 3184 4972 in
3213 4934 3276 4972 eo
3303 4919 3439 4987 quod
3487 4920 3691 4974 dictum

2112 5027 2194 5070 est
2211 5057 2225 5081 ,
2253 5015 2388 5068 Deus
2412 5015 2674 5068 neminem
2694 5021 2877 5080 tcutat,
2895 5027 2998 5064 non
3018 5011 3180 5075 omni,
3203 5011 3294 5064 sed
3318 5011 3547 5078 quodam
3576 5020 3692 5065 ten~

2115 5105 2330 5157 talionis
2365 5104 2522 5156 turdo
2557 5103 2694 5156 Deus
2739 5103 3004 5154 neminem
3057 5109 3263 5154 tentare
3311 5099 3692 5169 imelligeudus

2114 5203 2229 5258 est,
2265 5208 2329 5246 ne
2357 5189 2548 5245 falsum
2581 5193 2650 5244 sit
2680 5189 2808 5244 illud
2841 5193 2978 5258 quod
3025 5191 3280 5259 scriptum
3324 5198 3408 5244 est
3432 5230 3447 5255 ,
3491 5190 3706 5246 Tentat

2116 5299 2211 5336 vns
2245 5283 2495 5337 Dominus
2522 5285 2657 5336 Deus
2693 5294 2892 5348 vester,
2927 5294 2977 5335 et
3010 5297 3075 5337 ne
3120 5281 3390 5337 Christum
3433 5298 3692 5349 negemus

2121 5375 2285 5428 Deum
2316 5377 2398 5428 vel
2430 5375 2667 5433 dicamus
2699 5373 2884 5427 falsum
2925 5373 3266 5440 Evangelium
3317 5373 3407 5426 ubi
3459 5373 3689 5441 legimus

2115 5465 2256 5532 quod
2305 5460 2472 5536 [quia]
2515 5464 2876 5532 interrogabat
2922 5463 3238 5533 discipulum
3281 5449 3492 5518 tentans
3537 5479 3684 5529 eum,

2119 5556 2234 5622 ipse
2261 5565 2434 5608 autem
2458 5555 2660 5606 sciebat
2683 5554 2806 5622 quid
2833 5565 2977 5608 esset
2996 5552 3251 5609 facturus.
3287 5555 3381 5609 Est
3404 5557 3546 5610 enim
3570 5568 3684 5611 teu-

2120 5651 2247 5704 tatio
2268 5649 2534 5704 adducens
2559 5659 2857 5718 peccatum,
2889 5663 2991 5718 qua
3023 5647 3160 5704 Deus
3188 5650 3456 5704 neminem
3495 5660 3679 5714 tcntat,
