  <div class='ocr_page' id='page_1' title='image "/cluster/home/n/w/nwhite01/storage/ocr_20150623/62/hvd.32044054758693/378.png"; bbox 0 0 3990 6180; ppageno 0'>
   <div class='ocr_carea' id='block_1_1' title="bbox 176 5756 197 5783">
    <p class='ocr_par' dir='ltr' id='par_1_1' title="bbox 176 5756 197 5783">
     <span class='ocr_line' id='line_1_1' title="bbox 176 5756 197 5783; baseline 0 0"><span class='ocrx_word' id='word_1_1' title='bbox 176 5756 197 5783; x_wconf 82' lang='grc' dir='ltr'><strong><em>Ι</em></strong></span> 
     </span>
    </p>
   </div>
   <div class='ocr_carea' id='block_1_2' title="bbox 232 279 338 334">
    <p class='ocr_par' dir='ltr' id='par_1_2' title="bbox 232 279 338 334">
     <span class='ocr_line' id='line_1_2' title="bbox 232 279 338 334; baseline -0.038 0"><span class='ocrx_word' id='word_1_2' title='bbox 232 279 338 334; x_wconf 61' lang='lat' dir='ltr'><strong>7L5</strong></span> 
     </span>
    </p>
   </div>
   <div class='ocr_carea' id='block_1_3' title="bbox 1409 277 2314 335">
    <p class='ocr_par' dir='ltr' id='par_1_3' title="bbox 1409 277 2314 335">
     <span class='ocr_line' id='line_1_3' title="bbox 1409 277 2314 335; baseline 0 -2"><span class='ocrx_word' id='word_1_3' title='bbox 1409 278 1630 335; x_wconf 58' lang='lat' dir='ltr'><strong>TIIESA</strong></span> <span class='ocrx_word' id='word_1_4' title='bbox 1643 277 1843 335; x_wconf 75' lang='lat' dir='ltr'><strong>L&#39;RUS.</strong></span> <span class='ocrx_word' id='word_1_5' title='bbox 1888 278 2037 332; x_wconf 66' lang='lat' dir='ltr'><strong>CAP.</strong></span> <span class='ocrx_word' id='word_1_6' title='bbox 2083 280 2165 333; x_wconf 71' lang='grc' dir='ltr'><strong>(ΣΧ</strong></span> <span class='ocrx_word' id='word_1_7' title='bbox 2183 280 2314 335; x_wconf 75' lang='lat' dir='ltr'><strong>XIV.</strong></span> 
     </span>
    </p>
   </div>
   <div class='ocr_carea' id='block_1_4' title="bbox 3404 285 3507 340">
    <p class='ocr_par' dir='ltr' id='par_1_4' title="bbox 3404 285 3507 340">
     <span class='ocr_line' id='line_1_4' title="bbox 3404 285 3507 340; baseline 0 0"><span class='ocrx_word' id='word_1_8' title='bbox 3404 285 3507 340; x_wconf 67' lang='grc' dir='ltr'><strong>7λῦ</strong></span> 
     </span>
    </p>
   </div>
   <div class='ocr_carea' id='block_1_5' title="bbox 231 391 3512 462">
    <p class='ocr_par' dir='ltr' id='par_1_5' title="bbox 231 391 3512 462">
     <span class='ocr_line' id='line_1_5' title="bbox 231 391 3512 462; baseline 0.001 -15"><span class='ocrx_word' id='word_1_9' title='bbox 231 403 282 447; x_wconf 86' lang='lat' dir='ltr'><strong>et</strong></span> <span class='ocrx_word' id='word_1_10' title='bbox 310 400 395 447; x_wconf 88' lang='lat' dir='ltr'><strong>est</strong></span> <span class='ocrx_word' id='word_1_11' title='bbox 430 391 653 445; x_wconf 87' lang='lat' dir='ltr'><strong>tentatio</strong></span> <span class='ocrx_word' id='word_1_12' title='bbox 678 391 908 461; x_wconf 86' lang='lat' dir='ltr'><strong>probans</strong></span> <span class='ocrx_word' id='word_1_13' title='bbox 938 391 1094 445; x_wconf 83' lang='lat' dir='ltr'><strong>tidem</strong></span> <span class='ocrx_word' id='word_1_14' title='bbox 1119 406 1218 459; x_wconf 89' lang='lat' dir='ltr'><strong>qna</strong></span> <span class='ocrx_word' id='word_1_15' title='bbox 1241 399 1295 444; x_wconf 90' lang='lat' dir='ltr'><strong>et</strong></span> <span class='ocrx_word' id='word_1_16' title='bbox 1329 391 1466 446; x_wconf 85' lang='lat' dir='ltr'><strong>Deus</strong></span> <span class='ocrx_word' id='word_1_17' title='bbox 1496 401 1699 445; x_wconf 88' lang='lat' dir='ltr'><strong>tentare</strong></span> <span class='ocrx_word' id='word_1_18' title='bbox 1728 392 1809 445; x_wconf 87' lang='lat' dir='ltr'><strong>di-</strong></span> <span class='ocrx_word' id='word_1_19' title='bbox 1846 393 1889 451; x_wconf 69' lang='grc' dir='ltr'>Α</span> <span class='ocrx_word' id='word_1_20' title='bbox 1916 406 2326 460; x_wconf 85' lang='lat' dir='ltr'><strong>cognoscamus,</strong></span> <span class='ocrx_word' id='word_1_21' title='bbox 2353 401 2405 444; x_wconf 88' lang='lat' dir='ltr'><strong>et</strong></span> <span class='ocrx_word' id='word_1_22' title='bbox 2437 391 2573 445; x_wconf 89' lang='lat' dir='ltr'><strong>beati</strong></span> <span class='ocrx_word' id='word_1_23' title='bbox 2600 394 2815 461; x_wconf 70' lang='lat' dir='ltr'><strong>cognito</strong></span> <span class='ocrx_word' id='word_1_24' title='bbox 2863 394 3227 462; x_wconf 78' lang='lat' dir='ltr'><strong>perfruamur.</strong></span> <span class='ocrx_word' id='word_1_25' title='bbox 3265 397 3512 451; x_wconf 76' lang='lat' dir='ltr'><strong>Charitas</strong></span> 
     </span>
    </p>
   </div>
   <div class='ocr_carea' id='block_1_6' title="bbox 229 480 1827 551">
    <p class='ocr_par' dir='ltr' id='par_1_6' title="bbox 229 480 1827 551">
     <span class='ocr_line' id='line_1_6' title="bbox 229 480 1827 551; baseline 0.001 -17"><span class='ocrx_word' id='word_1_26' title='bbox 229 494 444 551; x_wconf 86' lang='lat' dir='ltr'><strong>gnatnr.</strong></span> <span class='ocrx_word' id='word_1_27' title='bbox 482 482 553 535; x_wconf 87' lang='lat' dir='ltr'><strong>Ita</strong></span> <span class='ocrx_word' id='word_1_28' title='bbox 577 497 699 536; x_wconf 87' lang='lat' dir='ltr'><strong>cum</strong></span> <span class='ocrx_word' id='word_1_29' title='bbox 726 483 972 536; x_wconf 81' lang='lat' dir='ltr'><strong>audimus</strong></span> <span class='ocrx_word' id='word_1_30' title='bbox 995 482 1092 548; x_wconf 88' lang='lat' dir='ltr'><strong>Qtri</strong></span> <span class='ocrx_word' id='word_1_31' title='bbox 1120 482 1577 548; x_wconf 70' lang='lat' dir='ltr'><strong>blasphemavvrit</strong></span> <span class='ocrx_word' id='word_1_32' title='bbox 1632 483 1682 535; x_wconf 91' lang='lat' dir='ltr'><strong>in</strong></span> <span class='ocrx_word' id='word_1_33' title='bbox 1708 480 1827 548; x_wconf 85' lang='lat' dir='ltr'><strong>Spi-</strong></span> 
     </span>
    </p>
   </div>
   <div class='ocr_carea' id='block_1_7' title="bbox 231 571 1829 643">
    <p class='ocr_par' dir='ltr' id='par_1_7' title="bbox 231 571 1829 643">
     <span class='ocr_line' id='line_1_7' title="bbox 231 571 1829 643; baseline -0.001 -15"><span class='ocrx_word' id='word_1_34' title='bbox 231 578 394 628; x_wconf 77' lang='lat' dir='ltr'><strong>r&#39;tuin</strong></span> <span class='ocrx_word' id='word_1_35' title='bbox 423 584 691 640; x_wconf 88' lang='lat' dir='ltr'><strong>sanctum,</strong></span> <span class='ocrx_word' id='word_1_36' title='bbox 728 591 833 628; x_wconf 92' lang='lat' dir='ltr'><strong>non</strong></span> <span class='ocrx_word' id='word_1_37' title='bbox 885 590 1045 629; x_wconf 88' lang='lat' dir='ltr'><strong>omne</strong></span> <span class='ocrx_word' id='word_1_38' title='bbox 1088 574 1493 640; x_wconf 75' lang='lat' dir='ltr'><strong>bla~phernandi</strong></span> <span class='ocrx_word' id='word_1_39' title='bbox 1538 587 1705 643; x_wconf 81' lang='lat' dir='ltr'><strong>genus</strong></span> <span class='ocrx_word' id='word_1_40' title='bbox 1734 571 1829 627; x_wconf 86' lang='lat' dir='ltr'><strong>de-</strong></span> 
     </span>
    </p>
   </div>
   <div class='ocr_carea' id='block_1_8' title="bbox 232 663 1824 737">
    <p class='ocr_par' dir='ltr' id='par_1_8' title="bbox 232 663 1824 737">
     <span class='ocr_line' id='line_1_8' title="bbox 232 663 1824 737; baseline -0.002 -16"><span class='ocrx_word' id='word_1_41' title='bbox 232 669 424 724; x_wconf 84' lang='lat' dir='ltr'><strong>bemus</strong></span> <span class='ocrx_word' id='word_1_42' title='bbox 453 670 722 737; x_wconf 86' lang='lat' dir='ltr'><strong>accipere,</strong></span> <span class='ocrx_word' id='word_1_43' title='bbox 754 669 893 723; x_wconf 92' lang='lat' dir='ltr'><strong>sicut</strong></span> <span class='ocrx_word' id='word_1_44' title='bbox 924 683 1021 722; x_wconf 90' lang='lat' dir='ltr'><strong>nec</strong></span> <span class='ocrx_word' id='word_1_45' title='bbox 1075 667 1144 720; x_wconf 89' lang='lat' dir='ltr'><strong>ibi</strong></span> <span class='ocrx_word' id='word_1_46' title='bbox 1203 681 1365 720; x_wconf 91' lang='lat' dir='ltr'><strong>omne</strong></span> <span class='ocrx_word' id='word_1_47' title='bbox 1396 665 1649 720; x_wconf 88' lang='lat' dir='ltr'><strong>tentandi.</strong></span> <span class='ocrx_word' id='word_1_48' title='bbox 1697 663 1824 718; x_wconf 89' lang='lat' dir='ltr'><strong>Item</strong></span> 
     </span>
    </p>
   </div>
   <div class='ocr_carea' id='block_1_9' title="bbox 228 754 1827 827">
    <p class='ocr_par' dir='ltr' id='par_1_9' title="bbox 228 754 1827 827">
     <span class='ocr_line' id='line_1_9' title="bbox 228 754 1827 827; baseline -0.003 -15"><span class='ocrx_word' id='word_1_49' title='bbox 228 776 356 813; x_wconf 88' lang='lat' dir='ltr'><strong>cum</strong></span> <span class='ocrx_word' id='word_1_50' title='bbox 386 759 637 814; x_wconf 81' lang='lat' dir='ltr'><strong>audimus</strong></span> <span class='ocrx_word' id='word_1_51' title='bbox 668 760 769 825; x_wconf 92' lang='lat' dir='ltr'><strong>Qui</strong></span> <span class='ocrx_word' id='word_1_52' title='bbox 795 758 1083 814; x_wconf 75' lang='lat' dir='ltr'><strong>crediderit</strong></span> <span class='ocrx_word' id='word_1_53' title='bbox 1124 769 1174 812; x_wconf 89' lang='lat' dir='ltr'><strong>et</strong></span> <span class='ocrx_word' id='word_1_54' title='bbox 1204 758 1502 827; x_wconf 80' lang='lat' dir='ltr'><strong>baptizatus</strong></span> <span class='ocrx_word' id='word_1_55' title='bbox 1534 754 1693 809; x_wconf 81' lang='lat' dir='ltr'><strong>fuerit</strong></span> <span class='ocrx_word' id='word_1_56' title='bbox 1723 754 1827 808; x_wconf 82' lang='lat' dir='ltr'><strong>sal-</strong></span> 
     </span>
    </p>
   </div>
   <div class='ocr_carea' id='block_1_10' title="bbox 226 847 1827 921">
    <p class='ocr_par' dir='ltr' id='par_1_10' title="bbox 226 847 1827 921">
     <span class='ocr_line' id='line_1_10' title="bbox 226 847 1827 921; baseline -0.003 -16"><span class='ocrx_word' id='word_1_57' title='bbox 226 868 328 907; x_wconf 83' lang='lat' dir='ltr'><strong>vus</strong></span> <span class='ocrx_word' id='word_1_58' title='bbox 355 855 484 918; x_wconf 90' lang='lat' dir='ltr'><strong>erit,</strong></span> <span class='ocrx_word' id='word_1_59' title='bbox 512 867 617 905; x_wconf 91' lang='lat' dir='ltr'><strong>non</strong></span> <span class='ocrx_word' id='word_1_60' title='bbox 651 853 833 921; x_wconf 88' lang='lat' dir='ltr'><strong>utiqne</strong></span> <span class='ocrx_word' id='word_1_61' title='bbox 865 849 1218 920; x_wconf 82' lang='lat' dir='ltr'><strong>intelligimus</strong></span> <span class='ocrx_word' id='word_1_62' title='bbox 1239 864 1305 905; x_wconf 89' lang='lat' dir='ltr'><strong>eo</strong></span> <span class='ocrx_word' id='word_1_63' title='bbox 1335 848 1494 903; x_wconf 91' lang='lat' dir='ltr'><strong>modo</strong></span> <span class='ocrx_word' id='word_1_64' title='bbox 1519 847 1827 903; x_wconf 81' lang='lat' dir='ltr'><strong>credentem</strong></span> 
     </span>
    </p>
   </div>
   <div class='ocr_carea' id='block_1_11' title="bbox 224 937 1825 1013">
    <p class='ocr_par' dir='ltr' id='par_1_11' title="bbox 224 937 1825 1013">
     <span class='ocr_line' id='line_1_11' title="bbox 224 937 1825 1013; baseline -0.004 -18"><span class='ocrx_word' id='word_1_65' title='bbox 224 959 337 1013; x_wconf 89' lang='lat' dir='ltr'><strong>quo</strong></span> <span class='ocrx_word' id='word_1_66' title='bbox 364 953 418 997; x_wconf 92' lang='lat' dir='ltr'><strong>ct</strong></span> <span class='ocrx_word' id='word_1_67' title='bbox 458 943 735 996; x_wconf 72' lang='lat' dir='ltr'><strong>dmmones</strong></span> <span class='ocrx_word' id='word_1_68' title='bbox 784 942 1015 995; x_wconf 89' lang='lat' dir='ltr'><strong>credunt</strong></span> <span class='ocrx_word' id='word_1_69' title='bbox 1064 950 1119 995; x_wconf 89' lang='lat' dir='ltr'><strong>et</strong></span> <span class='ocrx_word' id='word_1_70' title='bbox 1168 941 1612 1006; x_wconf 85' lang='lat' dir='ltr'><strong>contremiscunt,</strong></span> <span class='ocrx_word' id='word_1_71' title='bbox 1645 953 1741 992; x_wconf 92' lang='lat' dir='ltr'><strong>nec</strong></span> <span class='ocrx_word' id='word_1_72' title='bbox 1774 937 1825 990; x_wconf 88' lang='lat' dir='ltr'><strong>in</strong></span> 
     </span>
    </p>
   </div>
   <div class='ocr_carea' id='block_1_12' title="bbox 225 1029 1829 1101">
    <p class='ocr_par' dir='ltr' id='par_1_12' title="bbox 225 1029 1829 1101">
     <span class='ocr_line' id='line_1_12' title="bbox 225 1029 1829 1101; baseline -0.005 -12"><span class='ocrx_word' id='word_1_73' title='bbox 225 1051 294 1089; x_wconf 89' lang='lat' dir='ltr'><strong>eo</strong></span> <span class='ocrx_word' id='word_1_74' title='bbox 316 1050 551 1088; x_wconf 82' lang='lat' dir='ltr'><strong>numero</strong></span> <span class='ocrx_word' id='word_1_75' title='bbox 570 1034 893 1100; x_wconf 79' lang='lat' dir='ltr'><strong>baptizatos,</strong></span> <span class='ocrx_word' id='word_1_76' title='bbox 920 1033 971 1086; x_wconf 90' lang='lat' dir='ltr'><strong>in</strong></span> <span class='ocrx_word' id='word_1_77' title='bbox 997 1048 1102 1100; x_wconf 89' lang='lat' dir='ltr'><strong>quo</strong></span> <span class='ocrx_word' id='word_1_78' title='bbox 1130 1047 1313 1099; x_wconf 78' lang='lat' dir='ltr'><strong>magus</strong></span> <span class='ocrx_word' id='word_1_79' title='bbox 1331 1032 1516 1086; x_wconf 82' lang='lat' dir='ltr'><strong>Simon</strong></span> <span class='ocrx_word' id='word_1_80' title='bbox 1533 1032 1643 1101; x_wconf 77' lang='lat'><strong>78</strong></span> <span class='ocrx_word' id='word_1_81' title='bbox 1659 1029 1829 1095; x_wconf 84' lang='lat' dir='ltr'><strong>bapti-</strong></span> 
     </span>
    </p>
   </div>
   <div class='ocr_carea' id='block_1_13' title="bbox 228 1122 1829 1192">
    <p class='ocr_par' dir='ltr' id='par_1_13' title="bbox 228 1122 1829 1192">
     <span class='ocr_line' id='line_1_13' title="bbox 228 1122 1829 1192; baseline -0.003 -15"><span class='ocrx_word' id='word_1_82' title='bbox 228 1125 342 1177; x_wconf 79' lang='lat' dir='ltr'><strong>zari</strong></span> <span class='ocrx_word' id='word_1_83' title='bbox 369 1126 563 1192; x_wconf 84' lang='lat' dir='ltr'><strong>potuit,</strong></span> <span class='ocrx_word' id='word_1_84' title='bbox 591 1122 683 1177; x_wconf 87' lang='lat' dir='ltr'><strong>sed</strong></span> <span class='ocrx_word' id='word_1_85' title='bbox 713 1123 1026 1176; x_wconf 86' lang='lat' dir='ltr'><strong>salvusesse</strong></span> <span class='ocrx_word' id='word_1_86' title='bbox 1044 1138 1147 1174; x_wconf 93' lang='lat' dir='ltr'><strong>non</strong></span> <span class='ocrx_word' id='word_1_87' title='bbox 1170 1124 1361 1192; x_wconf 88' lang='lat' dir='ltr'><strong>potuit.</strong></span> <span class='ocrx_word' id='word_1_88' title='bbox 1384 1122 1536 1175; x_wconf 85' lang='lat' dir='ltr'><strong>Sicut</strong></span> <span class='ocrx_word' id='word_1_89' title='bbox 1559 1134 1687 1190; x_wconf 85' lang='lat' dir='ltr'><strong>ergo</strong></span> <span class='ocrx_word' id='word_1_90' title='bbox 1707 1134 1829 1172; x_wconf 91' lang='lat' dir='ltr'><strong>cum</strong></span> 
     </span>
    </p>
   </div>
   <div class='ocr_carea' id='block_1_14' title="bbox 229 1211 1824 1282">
    <p class='ocr_par' dir='ltr' id='par_1_14' title="bbox 229 1211 1824 1282">
     <span class='ocr_line' id='line_1_14' title="bbox 229 1211 1824 1282; baseline -0.004 -14"><span class='ocrx_word' id='word_1_91' title='bbox 229 1215 439 1268; x_wconf 81' lang='lat' dir='ltr'><strong>diceret</strong></span> <span class='ocrx_word' id='word_1_92' title='bbox 467 1213 566 1280; x_wconf 87' lang='lat' dir='ltr'><strong>Qui</strong></span> <span class='ocrx_word' id='word_1_93' title='bbox 596 1212 888 1267; x_wconf 85' lang='lat' dir='ltr'><strong>er-ediderit</strong></span> <span class='ocrx_word' id='word_1_94' title='bbox 909 1221 962 1266; x_wconf 92' lang='lat' dir='ltr'><strong>et</strong></span> <span class='ocrx_word' id='word_1_95' title='bbox 985 1214 1281 1282; x_wconf 73' lang='lat' dir='ltr'><strong>baptizatus</strong></span> <span class='ocrx_word' id='word_1_96' title='bbox 1309 1212 1468 1265; x_wconf 79' lang='lat' dir='ltr'><strong>fur-rit</strong></span> <span class='ocrx_word' id='word_1_97' title='bbox 1495 1212 1673 1265; x_wconf 87' lang='lat' dir='ltr'><strong>salvus</strong></span> <span class='ocrx_word' id='word_1_98' title='bbox 1701 1211 1824 1276; x_wconf 85' lang='lat' dir='ltr'><strong>erit,</strong></span> 
     </span>
    </p>
   </div>
   <div class='ocr_carea' id='block_1_15' title="bbox 234 1301 1829 1373">
    <p class='ocr_par' dir='ltr' id='par_1_15' title="bbox 234 1301 1829 1373">
     <span class='ocr_line' id='line_1_15' title="bbox 234 1301 1829 1373; baseline -0.003 -14"><span class='ocrx_word' id='word_1_99' title='bbox 234 1323 343 1359; x_wconf 87' lang='lat' dir='ltr'><strong>non</strong></span> <span class='ocrx_word' id='word_1_100' title='bbox 378 1320 570 1359; x_wconf 82' lang='lat' dir='ltr'><strong>omnes</strong></span> <span class='ocrx_word' id='word_1_101' title='bbox 594 1304 876 1358; x_wconf 89' lang='lat' dir='ltr'><strong>credentes</strong></span> <span class='ocrx_word' id='word_1_102' title='bbox 905 1313 958 1357; x_wconf 90' lang='lat' dir='ltr'><strong>et</strong></span> <span class='ocrx_word' id='word_1_103' title='bbox 980 1304 1297 1373; x_wconf 83' lang='lat' dir='ltr'><strong>baptizatos,</strong></span> <span class='ocrx_word' id='word_1_104' title='bbox 1331 1304 1423 1357; x_wconf 87' lang='lat' dir='ltr'><strong>sed</strong></span> <span class='ocrx_word' id='word_1_105' title='bbox 1456 1302 1717 1372; x_wconf 84' lang='lat' dir='ltr'><strong>quosdam</strong></span> <span class='ocrx_word' id='word_1_106' title='bbox 1750 1301 1829 1355; x_wconf 90' lang='lat' dir='ltr'><strong>in-</strong></span> 
     </span>
    </p>
   </div>
   <div class='ocr_carea' id='block_1_16' title="bbox 232 1394 1825 1460">
    <p class='ocr_par' dir='ltr' id='par_1_16' title="bbox 232 1394 1825 1460">
     <span class='ocr_line' id='line_1_16' title="bbox 232 1394 1825 1460; baseline -0.004 -10"><span class='ocrx_word' id='word_1_107' title='bbox 232 1399 510 1460; x_wconf 82' lang='lat' dir='ltr'><strong>tuebatur,</strong></span> <span class='ocrx_word' id='word_1_108' title='bbox 562 1396 616 1447; x_wconf 90' lang='lat' dir='ltr'><strong>in</strong></span> <span class='ocrx_word' id='word_1_109' title='bbox 667 1410 728 1448; x_wconf 87' lang='lat' dir='ltr'><strong>ea</strong></span> <span class='ocrx_word' id='word_1_110' title='bbox 764 1395 969 1448; x_wconf 79' lang='lat' dir='ltr'><strong>scilicet</strong></span> <span class='ocrx_word' id='word_1_111' title='bbox 1022 1396 1124 1448; x_wconf 87' lang='lat' dir='ltr'><strong>tide</strong></span> <span class='ocrx_word' id='word_1_112' title='bbox 1152 1395 1493 1457; x_wconf 87' lang='lat' dir='ltr'><strong>constitutos,</strong></span> <span class='ocrx_word' id='word_1_113' title='bbox 1525 1408 1640 1458; x_wconf 75' lang='lat' dir='ltr'><strong>qua:</strong></span> <span class='ocrx_word' id='word_1_114' title='bbox 1684 1394 1825 1459; x_wconf 83' lang='lat' dir='ltr'><strong>Apo-</strong></span> 
     </span>
    </p>
   </div>
   <div class='ocr_carea' id='block_1_17' title="bbox 230 1482 1825 1555">
    <p class='ocr_par' dir='ltr' id='par_1_17' title="bbox 230 1482 1825 1555">
     <span class='ocr_line' id='line_1_17' title="bbox 230 1482 1825 1555; baseline -0.005 -13"><span class='ocrx_word' id='word_1_115' title='bbox 230 1488 380 1542; x_wconf 89' lang='lat' dir='ltr'><strong>stolo</strong></span> <span class='ocrx_word' id='word_1_116' title='bbox 406 1487 768 1555; x_wconf 78' lang='lat' dir='ltr'><strong>distinguente</strong></span> <span class='ocrx_word' id='word_1_117' title='bbox 796 1501 889 1553; x_wconf 89' lang='lat' dir='ltr'><strong>per</strong></span> <span class='ocrx_word' id='word_1_118' title='bbox 918 1483 1259 1538; x_wconf 88' lang='lat' dir='ltr'><strong>dilectionem</strong></span> <span class='ocrx_word' id='word_1_119' title='bbox 1302 1494 1575 1552; x_wconf 83' lang='lat' dir='ltr'><strong>operatur.</strong></span> <span class='ocrx_word' id='word_1_120' title='bbox 1609 1482 1681 1535; x_wconf 89' lang='lat' dir='ltr'><strong>Ita</strong></span> <span class='ocrx_word' id='word_1_121' title='bbox 1704 1497 1825 1536; x_wconf 87' lang='lat' dir='ltr'><strong>cum</strong></span> 
     </span>
    </p>
   </div>
   <div class='ocr_carea' id='block_1_18' title="bbox 231 1575 1826 1646">
    <p class='ocr_par' dir='ltr' id='par_1_18' title="bbox 231 1575 1826 1646">
     <span class='ocr_line' id='line_1_18' title="bbox 231 1575 1826 1646; baseline -0.004 -15"><span class='ocrx_word' id='word_1_122' title='bbox 231 1578 403 1641; x_wconf 73' lang='lat' dir='ltr'><strong>dixit,</strong></span> <span class='ocrx_word' id='word_1_123' title='bbox 430 1576 531 1643; x_wconf 86' lang='lat' dir='ltr'><strong>Qui</strong></span> <span class='ocrx_word' id='word_1_124' title='bbox 559 1576 1018 1646; x_wconf 59' lang='lat' dir='ltr'><strong>blasphemaveril</strong></span> <span class='ocrx_word' id='word_1_125' title='bbox 1051 1576 1102 1629; x_wconf 88' lang='lat' dir='ltr'><strong>itr</strong></span> <span class='ocrx_word' id='word_1_126' title='bbox 1132 1575 1389 1644; x_wconf 85' lang='lat' dir='ltr'><strong>Sp&#39;ritnm</strong></span> <span class='ocrx_word' id='word_1_127' title='bbox 1447 1583 1690 1629; x_wconf 87' lang='lat' dir='ltr'><strong>sanctum</strong></span> <span class='ocrx_word' id='word_1_128' title='bbox 1723 1588 1826 1627; x_wconf 89' lang='lat' dir='ltr'><strong>non</strong></span> 
     </span>
    </p>
   </div>
   <div class='ocr_carea' id='block_1_19' title="bbox 235 1666 1825 1737">
    <p class='ocr_par' dir='ltr' id='par_1_19' title="bbox 235 1666 1825 1737">
     <span class='ocr_line' id='line_1_19' title="bbox 235 1666 1825 1737; baseline -0.003 -14"><span class='ocrx_word' id='word_1_129' title='bbox 235 1671 398 1724; x_wconf 82' lang='lat' dir='ltr'><strong>habet</strong></span> <span class='ocrx_word' id='word_1_130' title='bbox 459 1670 830 1724; x_wconf 84' lang='lat' dir='ltr'><strong>remissionem</strong></span> <span class='ocrx_word' id='word_1_131' title='bbox 878 1669 929 1737; x_wconf 80' lang='lat' dir='ltr'><strong>in</strong></span> <span class='ocrx_word' id='word_1_132' title='bbox 983 1681 1272 1733; x_wconf 58' lang='lat' dir='ltr'><strong>aeternum,</strong></span> <span class='ocrx_word' id='word_1_133' title='bbox 1322 1683 1427 1722; x_wconf 90' lang='lat' dir='ltr'><strong>non</strong></span> <span class='ocrx_word' id='word_1_134' title='bbox 1452 1681 1692 1730; x_wconf 90' lang='lat' dir='ltr'><strong>omnem,</strong></span> <span class='ocrx_word' id='word_1_135' title='bbox 1733 1666 1825 1719; x_wconf 88' lang='lat' dir='ltr'><strong>sed</strong></span> 
     </span>
    </p>
   </div>
   <div class='ocr_carea' id='block_1_20' title="bbox 1932 483 3510 557">
    <p class='ocr_par' dir='ltr' id='par_1_20' title="bbox 1932 483 3510 557">
     <span class='ocr_line' id='line_1_20' title="bbox 1932 483 3510 557; baseline 0.004 -22"><span class='ocrx_word' id='word_1_136' title='bbox 1932 499 2091 550; x_wconf 86' lang='lat' dir='ltr'><strong>porro</strong></span> <span class='ocrx_word' id='word_1_137' title='bbox 2120 483 2308 537; x_wconf 79' lang='lat' dir='ltr'><strong>dilfusa</strong></span> <span class='ocrx_word' id='word_1_138' title='bbox 2354 493 2432 537; x_wconf 76' lang='lat' dir='ltr'><strong>est</strong></span> <span class='ocrx_word' id='word_1_139' title='bbox 2476 484 2525 537; x_wconf 92' lang='lat' dir='ltr'><strong>in</strong></span> <span class='ocrx_word' id='word_1_140' title='bbox 2555 486 2807 539; x_wconf 81' lang='lat' dir='ltr'><strong>cordibus</strong></span> <span class='ocrx_word' id='word_1_141' title='bbox 2841 488 3061 551; x_wconf 58' lang='lat' dir='ltr'><strong>nostis,</strong></span> <span class='ocrx_word' id='word_1_142' title='bbox 3110 504 3203 555; x_wconf 83' lang='lat' dir='ltr'><strong>per</strong></span> <span class='ocrx_word' id='word_1_143' title='bbox 3252 488 3510 557; x_wconf 78' lang='lat' dir='ltr'><strong>Spiritum</strong></span> 
     </span>
    </p>
   </div>
   <div class='ocr_carea' id='block_1_21' title="bbox 1930 575 3518 649">
    <p class='ocr_par' dir='ltr' id='par_1_21' title="bbox 1930 575 3518 649">
     <span class='ocr_line' id='line_1_21' title="bbox 1930 575 3518 649; baseline 0.004 -21"><span class='ocrx_word' id='word_1_144' title='bbox 1930 587 2175 628; x_wconf 87' lang='lat' dir='ltr'><strong>sanctum</strong></span> <span class='ocrx_word' id='word_1_145' title='bbox 2209 575 2299 643; x_wconf 88' lang='lat' dir='ltr'><strong>qui</strong></span> <span class='ocrx_word' id='word_1_146' title='bbox 2328 575 2485 629; x_wconf 71' lang='lat' dir='ltr'><strong>datus</strong></span> <span class='ocrx_word' id='word_1_147' title='bbox 2530 588 2605 629; x_wconf 86' lang='lat' dir='ltr'><strong>est</strong></span> <span class='ocrx_word' id='word_1_148' title='bbox 2665 578 2838 644; x_wconf 82' lang='lat' dir='ltr'><strong>nobis,</strong></span> <span class='ocrx_word' id='word_1_149' title='bbox 2874 588 2929 632; x_wconf 80' lang='lat' dir='ltr'><strong>tt</strong></span> <span class='ocrx_word' id='word_1_150' title='bbox 2970 581 3090 649; x_wconf 81' lang='lat' dir='ltr'><strong>quia</strong></span> <span class='ocrx_word' id='word_1_151' title='bbox 3128 581 3360 648; x_wconf 70' lang='lat' dir='ltr'><strong>peccatis</strong></span> <span class='ocrx_word' id='word_1_152' title='bbox 3389 580 3518 635; x_wconf 85' lang='lat' dir='ltr'><strong>alie-</strong></span> 
     </span>
    </p>
   </div>
   <div class='ocr_carea' id='block_1_22' title="bbox 1932 662 3521 733">
    <p class='ocr_par' dir='ltr' id='par_1_22' title="bbox 1932 662 3521 733">
     <span class='ocr_line' id='line_1_22' title="bbox 1932 662 3521 733; baseline 0.004 -18"><span class='ocrx_word' id='word_1_153' title='bbox 1932 662 2193 715; x_wconf 88' lang='lat' dir='ltr'><strong>nabarnnr</strong></span> <span class='ocrx_word' id='word_1_154' title='bbox 2222 676 2251 715; x_wconf 89' lang='lat' dir='ltr'><strong>a</strong></span> <span class='ocrx_word' id='word_1_155' title='bbox 2298 666 2635 729; x_wconf 74' lang='lat' dir='ltr'><strong>possessione</strong></span> <span class='ocrx_word' id='word_1_156' title='bbox 2673 666 2911 720; x_wconf 89' lang='lat' dir='ltr'><strong>virorum</strong></span> <span class='ocrx_word' id='word_1_157' title='bbox 2962 670 3245 733; x_wconf 33' lang='lat' dir='ltr'><strong>Itonornm,</strong></span> <span class='ocrx_word' id='word_1_158' title='bbox 3289 670 3521 725; x_wconf 88' lang='lat' dir='ltr'><strong>charitas</strong></span> 
     </span>
    </p>
   </div>
   <div class='ocr_carea' id='block_1_23' title="bbox 1930 753 3523 827">
    <p class='ocr_par' dir='ltr' id='par_1_23' title="bbox 1930 753 3523 827">
     <span class='ocr_line' id='line_1_23' title="bbox 1930 753 3523 827; baseline 0.005 -22"><span class='ocrx_word' id='word_1_159' title='bbox 1930 754 2171 820; x_wconf 83' lang='lat' dir='ltr'><strong>coeperit</strong></span> <span class='ocrx_word' id='word_1_160' title='bbox 2228 753 2623 808; x_wconf 82' lang='lat' dir='ltr'><strong>multitudinem</strong></span> <span class='ocrx_word' id='word_1_161' title='bbox 2678 766 3041 823; x_wconf 88' lang='lat' dir='ltr'><strong>peccatorum.</strong></span> <span class='ocrx_word' id='word_1_162' title='bbox 3087 759 3178 812; x_wconf 79' lang='lat' dir='ltr'><strong>Est</strong></span> <span class='ocrx_word' id='word_1_163' title='bbox 3204 776 3334 827; x_wconf 87' lang='lat' dir='ltr'><strong>ergo</strong></span> <span class='ocrx_word' id='word_1_164' title='bbox 3365 762 3523 815; x_wconf 89' lang='lat' dir='ltr'><strong>Pater</strong></span> 
     </span>
    </p>
   </div>
   <div class='ocr_carea' id='block_1_24' title="bbox 1931 846 3521 915">
    <p class='ocr_par' dir='ltr' id='par_1_24' title="bbox 1931 846 3521 915">
     <span class='ocr_line' id='line_1_24' title="bbox 1931 846 3521 915; baseline 0.001 -14"><span class='ocrx_word' id='word_1_165' title='bbox 1931 846 2071 901; x_wconf 86' lang='lat' dir='ltr'><strong>Filio</strong></span> <span class='ocrx_word' id='word_1_166' title='bbox 2097 847 2307 901; x_wconf 80' lang='lat' dir='ltr'><strong>veritati</strong></span> <span class='ocrx_word' id='word_1_167' title='bbox 2339 847 2491 915; x_wconf 83' lang='lat' dir='ltr'><strong>origo</strong></span> <span class='ocrx_word' id='word_1_168' title='bbox 2524 863 2705 914; x_wconf 81' lang='lat' dir='ltr'><strong>verax,</strong></span> <span class='ocrx_word' id='word_1_169' title='bbox 2731 858 2786 903; x_wconf 88' lang='lat' dir='ltr'><strong>et</strong></span> <span class='ocrx_word' id='word_1_170' title='bbox 2816 850 2981 906; x_wconf 86' lang='lat' dir='ltr'><strong>Filius</strong></span> <span class='ocrx_word' id='word_1_171' title='bbox 3025 857 3092 906; x_wconf 89' lang='lat' dir='ltr'><strong>de</strong></span> <span class='ocrx_word' id='word_1_172' title='bbox 3138 853 3313 907; x_wconf 78' lang='lat' dir='ltr'><strong>veraci</strong></span> <span class='ocrx_word' id='word_1_173' title='bbox 3364 854 3521 907; x_wconf 76' lang='lat' dir='ltr'><strong>Patro.</strong></span> 
     </span>
    </p>
   </div>
   <div class='ocr_carea' id='block_1_25' title="bbox 1931 936 3521 1013">
    <p class='ocr_par' dir='ltr' id='par_1_25' title="bbox 1931 936 3521 1013">
     <span class='ocr_line' id='line_1_25' title="bbox 1931 936 3521 1013; baseline 0.004 -23"><span class='ocrx_word' id='word_1_174' title='bbox 1931 949 2046 990; x_wconf 89' lang='lat' dir='ltr'><strong>orta</strong></span> <span class='ocrx_word' id='word_1_175' title='bbox 2081 936 2315 999; x_wconf 84' lang='lat' dir='ltr'><strong>Veritas,</strong></span> <span class='ocrx_word' id='word_1_176' title='bbox 2344 948 2400 991; x_wconf 90' lang='lat' dir='ltr'><strong>et</strong></span> <span class='ocrx_word' id='word_1_177' title='bbox 2429 937 2659 1007; x_wconf 86' lang='lat' dir='ltr'><strong>Spiritus</strong></span> <span class='ocrx_word' id='word_1_178' title='bbox 2702 937 2967 1013; x_wconf 74' lang='lat' dir='ltr'><strong>[sanctusj</strong></span> <span class='ocrx_word' id='word_1_179' title='bbox 3012 957 3041 995; x_wconf 92' lang='lat' dir='ltr'><strong>a</strong></span> <span class='ocrx_word' id='word_1_180' title='bbox 3091 943 3245 998; x_wconf 84' lang='lat' dir='ltr'><strong>Patre</strong></span> <span class='ocrx_word' id='word_1_181' title='bbox 3296 945 3435 998; x_wconf 92' lang='lat' dir='ltr'><strong>bono</strong></span> <span class='ocrx_word' id='word_1_182' title='bbox 3468 956 3521 999; x_wconf 91' lang='lat' dir='ltr'><strong>et</strong></span> 
     </span>
    </p>
   </div>
   <div class='ocr_carea' id='block_1_26' title="bbox 1934 1024 3519 1089">
    <p class='ocr_par' dir='ltr' id='par_1_26' title="bbox 1934 1024 3519 1089">
     <span class='ocr_line' id='line_1_26' title="bbox 1934 1024 3519 1089; baseline 0.004 -9"><span class='ocrx_word' id='word_1_183' title='bbox 1934 1024 2069 1080; x_wconf 81' lang='lat' dir='ltr'><strong>Filio</strong></span> <span class='ocrx_word' id='word_1_184' title='bbox 2114 1029 2255 1081; x_wconf 86' lang='lat' dir='ltr'><strong>bono</strong></span> <span class='ocrx_word' id='word_1_185' title='bbox 2304 1026 2475 1081; x_wconf 81' lang='lat' dir='ltr'><strong>ctTusa</strong></span> <span class='ocrx_word' id='word_1_186' title='bbox 2518 1028 2749 1082; x_wconf 88' lang='lat' dir='ltr'><strong>bonitas.</strong></span> <span class='ocrx_word' id='word_1_187' title='bbox 2802 1030 3054 1085; x_wconf 85' lang='lat' dir='ltr'><strong>Omnium</strong></span> <span class='ocrx_word' id='word_1_188' title='bbox 3085 1042 3169 1087; x_wconf 83' lang='lat' dir='ltr'><strong>est</strong></span> <span class='ocrx_word' id='word_1_189' title='bbox 3209 1043 3385 1088; x_wconf 87' lang='lat' dir='ltr'><strong>autem</strong></span> <span class='ocrx_word' id='word_1_190' title='bbox 3415 1051 3519 1089; x_wconf 85' lang='lat' dir='ltr'><strong>tl0rr</strong></span> 
     </span>
    </p>
   </div>
   <div class='ocr_carea' id='block_1_27' title="bbox 1935 1114 3521 1190">
    <p class='ocr_par' dir='ltr' id='par_1_27' title="bbox 1935 1114 3521 1190">
     <span class='ocr_line' id='line_1_27' title="bbox 1935 1114 3521 1190; baseline 0.005 -22"><span class='ocrx_word' id='word_1_191' title='bbox 1935 1117 2105 1184; x_wconf 88' lang='lat' dir='ltr'><strong>impar</strong></span> <span class='ocrx_word' id='word_1_192' title='bbox 2124 1114 2682 1190; x_wconf 87' lang='lat' dir='ltr'><strong>divinitas[bonitas],</strong></span> <span class='ocrx_word' id='word_1_193' title='bbox 2715 1133 2815 1172; x_wconf 85' lang='lat' dir='ltr'><strong>nec</strong></span> <span class='ocrx_word' id='word_1_194' title='bbox 2840 1121 3157 1187; x_wconf 70' lang='lat' dir='ltr'><strong>separabilis</strong></span> <span class='ocrx_word' id='word_1_195' title='bbox 3186 1124 3381 1177; x_wconf 89' lang='lat' dir='ltr'><strong>unitas.</strong></span> <span class='ocrx_word' id='word_1_196' title='bbox 3411 1124 3521 1177; x_wconf 88' lang='lat' dir='ltr'><strong>Pri-</strong></span> 
     </span>
    </p>
   </div>
   <div class='ocr_carea' id='block_1_28' title="bbox 1934 1208 3519 1285">
    <p class='ocr_par' dir='ltr' id='par_1_28' title="bbox 1934 1208 3519 1285">
     <span class='ocr_line' id='line_1_28' title="bbox 1934 1208 3519 1285; baseline 0.004 -24"><span class='ocrx_word' id='word_1_197' title='bbox 1934 1223 2022 1261; x_wconf 92' lang='lat' dir='ltr'><strong>mo</strong></span> <span class='ocrx_word' id='word_1_198' title='bbox 2044 1224 2174 1278; x_wconf 85' lang='lat' dir='ltr'><strong>ergo</strong></span> <span class='ocrx_word' id='word_1_199' title='bbox 2203 1208 2256 1263; x_wconf 89' lang='lat' dir='ltr'><strong>in</strong></span> <span class='ocrx_word' id='word_1_200' title='bbox 2291 1224 2388 1263; x_wconf 86' lang='lat' dir='ltr'><strong>nos</strong></span> <span class='ocrx_word' id='word_1_201' title='bbox 2415 1209 2481 1262; x_wconf 91' lang='lat' dir='ltr'><strong>ad</strong></span> <span class='ocrx_word' id='word_1_202' title='bbox 2504 1210 2871 1279; x_wconf 88' lang='lat' dir='ltr'><strong>accipiendam</strong></span> <span class='ocrx_word' id='word_1_203' title='bbox 2901 1215 3062 1265; x_wconf 79' lang='lat' dir='ltr'><strong>vitam</strong></span> <span class='ocrx_word' id='word_1_204' title='bbox 3098 1223 3354 1268; x_wconf 79' lang='lat' dir='ltr'><strong>:eternam</strong></span> <span class='ocrx_word' id='word_1_205' title='bbox 3403 1232 3519 1285; x_wconf 78' lang='lat' dir='ltr'><strong>qua:</strong></span> 
     </span>
    </p>
   </div>
   <div class='ocr_carea' id='block_1_29' title="bbox 1936 1300 3525 1367">
    <p class='ocr_par' dir='ltr' id='par_1_29' title="bbox 1936 1300 3525 1367">
     <span class='ocr_line' id='line_1_29' title="bbox 1936 1300 3525 1367; baseline 0.004 -16"><span class='ocrx_word' id='word_1_206' title='bbox 1936 1302 1990 1351; x_wconf 92' lang='lat' dir='ltr'><strong>in</strong></span> <span class='ocrx_word' id='word_1_207' title='bbox 2016 1300 2312 1354; x_wconf 86' lang='lat' dir='ltr'><strong>novissimo</strong></span> <span class='ocrx_word' id='word_1_208' title='bbox 2334 1300 2551 1355; x_wconf 85' lang='lat' dir='ltr'><strong>dabitur</strong></span> <span class='ocrx_word' id='word_1_209' title='bbox 2570 1302 2639 1355; x_wconf 91' lang='lat' dir='ltr'><strong>de</strong></span> <span class='ocrx_word' id='word_1_210' title='bbox 2663 1303 2901 1358; x_wconf 86' lang='lat' dir='ltr'><strong>bonitate</strong></span> <span class='ocrx_word' id='word_1_211' title='bbox 2926 1304 3020 1359; x_wconf 83' lang='lat' dir='ltr'><strong>Dei</strong></span> <span class='ocrx_word' id='word_1_212' title='bbox 3047 1320 3260 1367; x_wconf 84' lang='lat' dir='ltr'><strong>murus,</strong></span> <span class='ocrx_word' id='word_1_213' title='bbox 3290 1309 3433 1360; x_wconf 73' lang='grc' dir='ltr'><strong>νρηί</strong></span> <span class='ocrx_word' id='word_1_214' title='bbox 3458 1310 3525 1359; x_wconf 89' lang='lat' dir='ltr'><strong>ab</strong></span> 
     </span>
    </p>
   </div>
   <div class='ocr_carea' id='block_1_30' title="bbox 1933 1389 3523 1463">
    <p class='ocr_par' dir='ltr' id='par_1_30' title="bbox 1933 1389 3523 1463">
     <span class='ocr_line' id='line_1_30' title="bbox 1933 1389 3523 1463; baseline 0.004 -21"><span class='ocrx_word' id='word_1_215' title='bbox 1933 1389 2085 1442; x_wconf 87' lang='lat' dir='ltr'><strong>initio</strong></span> <span class='ocrx_word' id='word_1_216' title='bbox 2110 1389 2230 1443; x_wconf 82' lang='lat' dir='ltr'><strong>ﬁdei</strong></span> <span class='ocrx_word' id='word_1_217' title='bbox 2258 1390 2509 1444; x_wconf 80' lang='lat' dir='ltr'><strong>remissio</strong></span> <span class='ocrx_word' id='word_1_218' title='bbox 2535 1404 2900 1459; x_wconf 84' lang='lat' dir='ltr'><strong>peccatorum,</strong></span> <span class='ocrx_word' id='word_1_219' title='bbox 2931 1410 2980 1462; x_wconf 76' lang='lat' dir='ltr'><strong>pi</strong></span> <span class='ocrx_word' id='word_1_220' title='bbox 3004 1395 3185 1463; x_wconf 85' lang='lat' dir='ltr'><strong>rqnod</strong></span> <span class='ocrx_word' id='word_1_221' title='bbox 3206 1398 3216 1445; x_wconf 97' lang='lat' dir='ltr'><strong>l</strong></span> <span class='ocrx_word' id='word_1_222' title='bbox 3239 1396 3523 1450; x_wconf 84' lang='lat' dir='ltr'><strong>eneliciurn</strong></span> 
     </span>
    </p>
   </div>
   <div class='ocr_carea' id='block_1_31' title="bbox 1932 1479 3523 1554">
    <p class='ocr_par' dir='ltr' id='par_1_31' title="bbox 1932 1479 3523 1554">
     <span class='ocr_line' id='line_1_31' title="bbox 1932 1479 3523 1554; baseline 0.004 -19"><span class='ocrx_word' id='word_1_223' title='bbox 1932 1480 2172 1535; x_wconf 89' lang='lat' dir='ltr'><strong>eruimur</strong></span> <span class='ocrx_word' id='word_1_224' title='bbox 2200 1479 2267 1532; x_wconf 58' lang='grc' dir='ltr'><strong>διε</strong></span> <span class='ocrx_word' id='word_1_225' title='bbox 2297 1490 2565 1550; x_wconf 88' lang='lat' dir='ltr'><strong>potestate</strong></span> <span class='ocrx_word' id='word_1_226' title='bbox 2599 1482 2969 1551; x_wconf 60' lang='lat' dir='ltr'><strong>tenebrarum,</strong></span> <span class='ocrx_word' id='word_1_227' title='bbox 3013 1494 3067 1538; x_wconf 90' lang='lat' dir='ltr'><strong>et</strong></span> <span class='ocrx_word' id='word_1_228' title='bbox 3092 1485 3337 1553; x_wconf 89' lang='lat' dir='ltr'><strong>princeps</strong></span> <span class='ocrx_word' id='word_1_229' title='bbox 3366 1486 3523 1554; x_wconf 88' lang='lat' dir='ltr'><strong>hujus</strong></span> 
     </span>
    </p>
   </div>
   <div class='ocr_carea' id='block_1_32' title="bbox 1934 1573 3522 1648">
    <p class='ocr_par' dir='ltr' id='par_1_32' title="bbox 1934 1573 3522 1648">
     <span class='ocr_line' id='line_1_32' title="bbox 1934 1573 3522 1648; baseline 0.003 -20"><span class='ocrx_word' id='word_1_230' title='bbox 1934 1573 2120 1628; x_wconf 88' lang='lat' dir='ltr'><strong>mundi</strong></span> <span class='ocrx_word' id='word_1_231' title='bbox 2154 1575 2381 1628; x_wconf 83' lang='lat' dir='ltr'><strong>mittitur</strong></span> <span class='ocrx_word' id='word_1_232' title='bbox 2408 1573 2554 1629; x_wconf 79' lang='lat' dir='ltr'><strong>foras</strong></span> <span class='ocrx_word' id='word_1_233' title='bbox 2603 1589 2631 1628; x_wconf 88' lang='lat' dir='ltr'><strong>a</strong></span> <span class='ocrx_word' id='word_1_234' title='bbox 2682 1576 2784 1630; x_wconf 87' lang='lat' dir='ltr'><strong>ltde</strong></span> <span class='ocrx_word' id='word_1_235' title='bbox 2822 1587 3002 1631; x_wconf 81' lang='lat' dir='ltr'><strong>nostra</strong></span> <span class='ocrx_word' id='word_1_236' title='bbox 3052 1579 3141 1648; x_wconf 90' lang='lat' dir='ltr'><strong>qni</strong></span> <span class='ocrx_word' id='word_1_237' title='bbox 3192 1591 3442 1647; x_wconf 76' lang='lat' dir='ltr'><strong>operatur</strong></span> <span class='ocrx_word' id='word_1_238' title='bbox 3471 1580 3522 1633; x_wconf 89' lang='lat' dir='ltr'><strong>in</strong></span> 
     </span>
    </p>
   </div>
   <div class='ocr_carea' id='block_1_33' title="bbox 1935 1667 3521 1733">
    <p class='ocr_par' dir='ltr' id='par_1_33' title="bbox 1935 1667 3521 1733">
     <span class='ocr_line' id='line_1_33' title="bbox 1935 1667 3521 1733; baseline 0.004 -12"><span class='ocrx_word' id='word_1_239' title='bbox 1935 1668 2058 1721; x_wconf 84' lang='lat' dir='ltr'><strong>liliis</strong></span> <span class='ocrx_word' id='word_1_240' title='bbox 2082 1667 2432 1731; x_wconf 81' lang='lat' dir='ltr'><strong>inﬁdelitatis,</strong></span> <span class='ocrx_word' id='word_1_241' title='bbox 2461 1669 2606 1723; x_wconf 90' lang='lat' dir='ltr'><strong>nulla</strong></span> <span class='ocrx_word' id='word_1_242' title='bbox 2633 1669 2680 1721; x_wconf 68' lang='lat' dir='ltr'><strong>vi</strong></span> <span class='ocrx_word' id='word_1_243' title='bbox 2710 1671 2833 1733; x_wconf 87' lang='lat' dir='ltr'><strong>alia,</strong></span> <span class='ocrx_word' id='word_1_244' title='bbox 2873 1671 2973 1726; x_wconf 89' lang='lat' dir='ltr'><strong>nisi</strong></span> <span class='ocrx_word' id='word_1_245' title='bbox 3018 1671 3273 1728; x_wconf 84' lang='lat' dir='ltr'><strong>societate</strong></span> <span class='ocrx_word' id='word_1_246' title='bbox 3312 1683 3367 1727; x_wconf 91' lang='lat' dir='ltr'><strong>et</strong></span> <span class='ocrx_word' id='word_1_247' title='bbox 3387 1675 3521 1729; x_wconf 86' lang='lat' dir='ltr'><strong>obli-</strong></span> 
     </span>
    </p>
   </div>
   <div class='ocr_carea' id='block_1_34' title="bbox 232 1759 3521 1835">
    <p class='ocr_par' dir='ltr' id='par_1_34' title="bbox 232 1759 3521 1835">
     <span class='ocr_line' id='line_1_34' title="bbox 232 1759 3521 1835; baseline 0.001 -17"><span class='ocrx_word' id='word_1_248' title='bbox 232 1764 522 1833; x_wconf 89' lang='lat' dir='ltr'><strong>quemdam</strong></span> <span class='ocrx_word' id='word_1_249' title='bbox 538 1763 958 1829; x_wconf 57' lang='lat' dir='ltr'><strong>blasphemantis</strong></span> <span class='ocrx_word' id='word_1_250' title='bbox 974 1762 1229 1830; x_wconf 83' lang='lat' dir='ltr'><strong>Spiritum</strong></span> <span class='ocrx_word' id='word_1_251' title='bbox 1253 1771 1498 1815; x_wconf 83' lang='lat' dir='ltr'><strong>sanctum</strong></span> <span class='ocrx_word' id='word_1_252' title='bbox 1521 1759 1833 1815; x_wconf 70' lang='lat' dir='ltr'><strong>intendebat</strong></span> <span class='ocrx_word' id='word_1_253' title='bbox 1868 1762 1908 1819; x_wconf 86' lang='grc' dir='ltr'><strong>Β</strong></span> <span class='ocrx_word' id='word_1_254' title='bbox 1941 1760 2155 1828; x_wconf 88' lang='lat' dir='ltr'><strong>gatione</strong></span> <span class='ocrx_word' id='word_1_255' title='bbox 2188 1760 2413 1827; x_wconf 88' lang='lat' dir='ltr'><strong>peccati.</strong></span> <span class='ocrx_word' id='word_1_256' title='bbox 2439 1762 2493 1814; x_wconf 90' lang='lat' dir='ltr'><strong>In</strong></span> <span class='ocrx_word' id='word_1_257' title='bbox 2519 1760 2717 1829; x_wconf 72' lang='lat' dir='ltr'><strong>Spiritu</strong></span> <span class='ocrx_word' id='word_1_258' title='bbox 2745 1762 2886 1815; x_wconf 91' lang='lat' dir='ltr'><strong>enim</strong></span> <span class='ocrx_word' id='word_1_259' title='bbox 2919 1778 3047 1817; x_wconf 75' lang='lat' dir='ltr'><strong>sane</strong></span> <span class='ocrx_word' id='word_1_260' title='bbox 3074 1780 3249 1835; x_wconf 92' lang='lat' dir='ltr'><strong>o,quo</strong></span> <span class='ocrx_word' id='word_1_261' title='bbox 3282 1766 3333 1820; x_wconf 90' lang='lat' dir='ltr'><strong>in</strong></span> <span class='ocrx_word' id='word_1_262' title='bbox 3361 1783 3521 1820; x_wconf 74' lang='lat' dir='ltr'><strong>unum</strong></span> 
     </span>
    </p>
   </div>
   <div class='ocr_carea' id='block_1_35' title="bbox 234 1844 1833 1925">
    <p class='ocr_par' dir='ltr' id='par_1_35' title="bbox 234 1844 1833 1925">
     <span class='ocr_line' id='line_1_35' title="bbox 234 1844 1833 1925; baseline -0.003 -16"><span class='ocrx_word' id='word_1_263' title='bbox 234 1868 469 1920; x_wconf 86' lang='lat' dir='ltr'><strong>reatum,</strong></span> <span class='ocrx_word' id='word_1_264' title='bbox 494 1873 599 1924; x_wconf 89' lang='lat' dir='ltr'><strong>qno</strong></span> <span class='ocrx_word' id='word_1_265' title='bbox 632 1855 876 1925; x_wconf 83' lang='lat' dir='ltr'><strong>quisquis</strong></span> <span class='ocrx_word' id='word_1_266' title='bbox 923 1853 1087 1908; x_wconf 79' lang='lat' dir='ltr'><strong>fuerit</strong></span> <span class='ocrx_word' id='word_1_267' title='bbox 1116 1855 1383 1924; x_wconf 72' lang='lat' dir='ltr'><strong>obl‘gatus</strong></span> <span class='ocrx_word' id='word_1_268' title='bbox 1427 1854 1571 1907; x_wconf 89' lang='lat' dir='ltr'><strong>nulla</strong></span> <span class='ocrx_word' id='word_1_269' title='bbox 1602 1844 1833 1922; x_wconf 85' lang='lat' dir='ltr'><strong>unquam</strong></span> 
     </span>
    </p>
   </div>
   <div class='ocr_carea' id='block_1_36' title="bbox 235 1942 1832 2018">
    <p class='ocr_par' dir='ltr' id='par_1_36' title="bbox 235 1942 1832 2018">
     <span class='ocr_line' id='line_1_36' title="bbox 235 1942 1832 2018; baseline -0.005 -19"><span class='ocrx_word' id='word_1_270' title='bbox 235 1947 558 2002; x_wconf 75' lang='lat' dir='ltr'><strong>remissione</strong></span> <span class='ocrx_word' id='word_1_271' title='bbox 586 1947 826 2001; x_wconf 80' lang='lat' dir='ltr'><strong>solvatur</strong></span> <span class='ocrx_word' id='word_1_272' title='bbox 859 1944 1161 2018; x_wconf 83' lang='lat' dir='ltr'><strong>[solvetur].</strong></span> <span class='ocrx_word' id='word_1_273' title='bbox 1197 1946 1328 2000; x_wconf 91' lang='lat' dir='ltr'><strong>Illud</strong></span> <span class='ocrx_word' id='word_1_274' title='bbox 1353 1945 1515 2000; x_wconf 87' lang='lat' dir='ltr'><strong>etiam</strong></span> <span class='ocrx_word' id='word_1_275' title='bbox 1561 1943 1704 2013; x_wconf 88' lang='lat' dir='ltr'><strong>quod</strong></span> <span class='ocrx_word' id='word_1_276' title='bbox 1737 1942 1832 2010; x_wconf 71' lang='lat' dir='ltr'><strong>ait,</strong></span> 
     </span>
    </p>
   </div>
   <div class='ocr_carea' id='block_1_37' title="bbox 234 2032 1837 2103">
    <p class='ocr_par' dir='ltr' id='par_1_37' title="bbox 234 2032 1837 2103">
     <span class='ocr_line' id='line_1_37' title="bbox 234 2032 1837 2103; baseline -0.004 -12"><span class='ocrx_word' id='word_1_277' title='bbox 234 2040 339 2103; x_wconf 85' lang='lat' dir='ltr'><strong>Qui</strong></span> <span class='ocrx_word' id='word_1_278' title='bbox 365 2037 657 2091; x_wconf 84' lang='lat' dir='ltr'><strong>mandueat</strong></span> <span class='ocrx_word' id='word_1_279' title='bbox 682 2052 900 2091; x_wconf 87' lang='lat' dir='ltr'><strong>carnem</strong></span> <span class='ocrx_word' id='word_1_280' title='bbox 951 2051 1124 2091; x_wconf 89' lang='lat' dir='ltr'><strong>meam</strong></span> <span class='ocrx_word' id='word_1_281' title='bbox 1166 2046 1219 2091; x_wconf 89' lang='lat' dir='ltr'><strong>et</strong></span> <span class='ocrx_word' id='word_1_282' title='bbox 1250 2035 1383 2090; x_wconf 89' lang='lat' dir='ltr'><strong>bibit</strong></span> <span class='ocrx_word' id='word_1_283' title='bbox 1416 2049 1593 2088; x_wconf 89' lang='lat' dir='ltr'><strong>meum</strong></span> <span class='ocrx_word' id='word_1_284' title='bbox 1627 2032 1837 2100; x_wconf 84' lang='lat' dir='ltr'><strong>sangui-</strong></span> 
     </span>
    </p>
   </div>
   <div class='ocr_carea' id='block_1_38' title="bbox 239 2124 1833 2199">
    <p class='ocr_par' dir='ltr' id='par_1_38' title="bbox 239 2124 1833 2199">
     <span class='ocr_line' id='line_1_38' title="bbox 239 2124 1833 2199; baseline -0.006 -14"><span class='ocrx_word' id='word_1_285' title='bbox 239 2146 365 2185; x_wconf 85' lang='lat' dir='ltr'><strong>nem</strong></span> <span class='ocrx_word' id='word_1_286' title='bbox 395 2131 449 2185; x_wconf 93' lang='lat' dir='ltr'><strong>in</strong></span> <span class='ocrx_word' id='word_1_287' title='bbox 477 2146 565 2186; x_wconf 90' lang='lat' dir='ltr'><strong>me</strong></span> <span class='ocrx_word' id='word_1_288' title='bbox 596 2140 774 2185; x_wconf 88' lang='lat' dir='ltr'><strong>manet</strong></span> <span class='ocrx_word' id='word_1_289' title='bbox 797 2139 851 2184; x_wconf 91' lang='lat' dir='ltr'><strong>et</strong></span> <span class='ocrx_word' id='word_1_290' title='bbox 873 2144 972 2198; x_wconf 91' lang='lat' dir='ltr'><strong>ego</strong></span> <span class='ocrx_word' id='word_1_291' title='bbox 1002 2130 1053 2183; x_wconf 91' lang='lat' dir='ltr'><strong>in</strong></span> <span class='ocrx_word' id='word_1_292' title='bbox 1081 2130 1196 2197; x_wconf 91' lang='lat' dir='ltr'><strong>illo,</strong></span> <span class='ocrx_word' id='word_1_293' title='bbox 1219 2127 1491 2199; x_wconf 90' lang='lat' dir='ltr'><strong>quomodo</strong></span> <span class='ocrx_word' id='word_1_294' title='bbox 1513 2124 1833 2180; x_wconf 87' lang='lat' dir='ltr'><strong>intellecturi</strong></span> 
     </span>
    </p>
   </div>
   <div class='ocr_carea' id='block_1_39' title="bbox 238 2216 1837 2291">
    <p class='ocr_par' dir='ltr' id='par_1_39' title="bbox 238 2216 1837 2291">
     <span class='ocr_line' id='line_1_39' title="bbox 238 2216 1837 2291; baseline -0.005 -16"><span class='ocrx_word' id='word_1_295' title='bbox 238 2221 473 2276; x_wconf 77' lang='lat' dir='ltr'><strong>sumus?</strong></span> <span class='ocrx_word' id='word_1_296' title='bbox 502 2221 753 2291; x_wconf 75' lang='lat' dir='ltr'><strong>Nunquid</strong></span> <span class='ocrx_word' id='word_1_297' title='bbox 786 2221 947 2275; x_wconf 89' lang='lat' dir='ltr'><strong>etiam</strong></span> <span class='ocrx_word' id='word_1_298' title='bbox 978 2220 1097 2274; x_wconf 89' lang='lat' dir='ltr'><strong>illos</strong></span> <span class='ocrx_word' id='word_1_299' title='bbox 1132 2218 1218 2275; x_wconf 90' lang='lat' dir='ltr'><strong>hic</strong></span> <span class='ocrx_word' id='word_1_300' title='bbox 1248 2220 1551 2290; x_wconf 89' lang='lat' dir='ltr'><strong>poterimus</strong></span> <span class='ocrx_word' id='word_1_301' title='bbox 1592 2216 1837 2283; x_wconf 85' lang='lat' dir='ltr'><strong>accipere</strong></span> 
     </span>
    </p>
   </div>
   <div class='ocr_carea' id='block_1_40' title="bbox 235 2308 1839 2384">
    <p class='ocr_par' dir='ltr' id='par_1_40' title="bbox 235 2308 1839 2384">
     <span class='ocr_line' id='line_1_40' title="bbox 235 2308 1839 2384; baseline -0.006 -17"><span class='ocrx_word' id='word_1_302' title='bbox 235 2315 304 2369; x_wconf 90' lang='lat' dir='ltr'><strong>de</strong></span> <span class='ocrx_word' id='word_1_303' title='bbox 326 2314 521 2384; x_wconf 89' lang='lat' dir='ltr'><strong>quibus</strong></span> <span class='ocrx_word' id='word_1_304' title='bbox 548 2312 677 2367; x_wconf 87' lang='lat' dir='ltr'><strong>dicit</strong></span> <span class='ocrx_word' id='word_1_305' title='bbox 707 2313 1019 2381; x_wconf 81' lang='lat' dir='ltr'><strong>Apostolus,</strong></span> <span class='ocrx_word' id='word_1_306' title='bbox 1064 2314 1203 2382; x_wconf 90' lang='lat' dir='ltr'><strong>quod</strong></span> <span class='ocrx_word' id='word_1_307' title='bbox 1232 2310 1489 2382; x_wconf 68' lang='lat' dir='ltr'><strong>judicium</strong></span> <span class='ocrx_word' id='word_1_308' title='bbox 1540 2308 1643 2364; x_wconf 87' lang='lat' dir='ltr'><strong>sibi</strong></span> <span class='ocrx_word' id='word_1_309' title='bbox 1689 2323 1839 2360; x_wconf 81' lang='lat' dir='ltr'><strong>man-</strong></span> 
     </span>
    </p>
   </div>
   <div class='ocr_carea' id='block_1_41' title="bbox 234 2402 1840 2475">
    <p class='ocr_par' dir='ltr' id='par_1_41' title="bbox 234 2402 1840 2475">
     <span class='ocr_line' id='line_1_41' title="bbox 234 2402 1840 2475; baseline -0.006 -13"><span class='ocrx_word' id='word_1_310' title='bbox 234 2410 441 2462; x_wconf 85' lang='lat' dir='ltr'><strong>ducent</strong></span> <span class='ocrx_word' id='word_1_311' title='bbox 479 2416 535 2461; x_wconf 89' lang='lat' dir='ltr'><strong>et</strong></span> <span class='ocrx_word' id='word_1_312' title='bbox 569 2406 751 2461; x_wconf 90' lang='lat' dir='ltr'><strong>bibant</strong></span> <span class='ocrx_word' id='word_1_313' title='bbox 778 2422 897 2461; x_wconf 91' lang='lat' dir='ltr'><strong>cum</strong></span> <span class='ocrx_word' id='word_1_314' title='bbox 950 2408 1118 2475; x_wconf 87' lang='lat' dir='ltr'><strong>ipsam</strong></span> <span class='ocrx_word' id='word_1_315' title='bbox 1167 2420 1383 2459; x_wconf 75' lang='lat' dir='ltr'><strong>carnem</strong></span> <span class='ocrx_word' id='word_1_316' title='bbox 1435 2402 1758 2457; x_wconf 87' lang='lat' dir='ltr'><strong>manducent</strong></span> <span class='ocrx_word' id='word_1_317' title='bbox 1785 2406 1840 2452; x_wconf 87' lang='lat' dir='ltr'><strong>et</strong></span> 
     </span>
    </p>
   </div>
   <div class='ocr_carea' id='block_1_42' title="bbox 240 2496 1840 2568">
    <p class='ocr_par' dir='ltr' id='par_1_42' title="bbox 240 2496 1840 2568">
     <span class='ocr_line' id='line_1_42' title="bbox 240 2496 1840 2568; baseline -0.004 -18"><span class='ocrx_word' id='word_1_318' title='bbox 240 2499 420 2566; x_wconf 85' lang='lat' dir='ltr'><strong>ipsum</strong></span> <span class='ocrx_word' id='word_1_319' title='bbox 475 2499 792 2568; x_wconf 83' lang='lat' dir='ltr'><strong>sanguinem</strong></span> <span class='ocrx_word' id='word_1_320' title='bbox 850 2497 1070 2552; x_wconf 79' lang='lat' dir='ltr'><strong>bibant?</strong></span> <span class='ocrx_word' id='word_1_321' title='bbox 1114 2496 1359 2565; x_wconf 76' lang='lat' dir='ltr'><strong>Nunquid</strong></span> <span class='ocrx_word' id='word_1_322' title='bbox 1401 2504 1455 2551; x_wconf 91' lang='lat' dir='ltr'><strong>et</strong></span> <span class='ocrx_word' id='word_1_323' title='bbox 1483 2496 1675 2559; x_wconf 71' lang='lat' dir='ltr'><strong>ludas,</strong></span> <span class='ocrx_word' id='word_1_324' title='bbox 1728 2508 1840 2547; x_wconf 87' lang='lat' dir='ltr'><strong>rna-</strong></span> 
     </span>
    </p>
   </div>
   <div class='ocr_carea' id='block_1_43' title="bbox 236 2588 1826 2658">
    <p class='ocr_par' dir='ltr' id='par_1_43' title="bbox 236 2588 1826 2658">
     <span class='ocr_line' id='line_1_43' title="bbox 236 2588 1826 2658; baseline 0 -17"><span class='ocrx_word' id='word_1_325' title='bbox 236 2590 397 2658; x_wconf 82' lang='lat' dir='ltr'><strong>gistri</strong></span> <span class='ocrx_word' id='word_1_326' title='bbox 424 2592 671 2643; x_wconf 78' lang='lat' dir='ltr'><strong>venditor</strong></span> <span class='ocrx_word' id='word_1_327' title='bbox 698 2600 749 2643; x_wconf 85' lang='lat' dir='ltr'><strong>et</strong></span> <span class='ocrx_word' id='word_1_328' title='bbox 784 2590 1010 2644; x_wconf 74' lang='lat' dir='ltr'><strong>traditor-</strong></span> <span class='ocrx_word' id='word_1_329' title='bbox 1056 2588 1273 2657; x_wconf 89' lang='lat' dir='ltr'><strong>impius,</strong></span> <span class='ocrx_word' id='word_1_330' title='bbox 1307 2588 1553 2656; x_wconf 79' lang='lat' dir='ltr'><strong>quamvis</strong></span> <span class='ocrx_word' id='word_1_331' title='bbox 1598 2589 1826 2657; x_wconf 88' lang='lat' dir='ltr'><strong>primum</strong></span> 
     </span>
    </p>
   </div>
   <div class='ocr_carea' id='block_1_44' title="bbox 237 2680 1838 2750">
    <p class='ocr_par' dir='ltr' id='par_1_44' title="bbox 237 2680 1838 2750">
     <span class='ocr_line' id='line_1_44' title="bbox 237 2680 1838 2750; baseline 0 -17"><span class='ocrx_word' id='word_1_332' title='bbox 237 2684 422 2750; x_wconf 90' lang='lat' dir='ltr'><strong>ipsum</strong></span> <span class='ocrx_word' id='word_1_333' title='bbox 457 2680 703 2734; x_wconf 87' lang='lat' dir='ltr'><strong>manibus</strong></span> <span class='ocrx_word' id='word_1_334' title='bbox 739 2682 857 2749; x_wconf 89' lang='lat' dir='ltr'><strong>ejus</strong></span> <span class='ocrx_word' id='word_1_335' title='bbox 881 2680 1183 2735; x_wconf 80' lang='lat' dir='ltr'><strong>confectum</strong></span> <span class='ocrx_word' id='word_1_336' title='bbox 1231 2690 1627 2734; x_wconf 82' lang='lat' dir='ltr'><strong>sacramentum</strong></span> <span class='ocrx_word' id='word_1_337' title='bbox 1659 2680 1838 2733; x_wconf 89' lang='lat' dir='ltr'><strong>carnis</strong></span> 
     </span>
    </p>
   </div>
   <div class='ocr_carea' id='block_1_45' title="bbox 237 2768 1834 2842">
    <p class='ocr_par' dir='ltr' id='par_1_45' title="bbox 237 2768 1834 2842">
     <span class='ocr_line' id='line_1_45' title="bbox 237 2768 1834 2842; baseline -0.001 -17"><span class='ocrx_word' id='word_1_338' title='bbox 237 2785 292 2826; x_wconf 88' lang='lat' dir='ltr'><strong>et</strong></span> <span class='ocrx_word' id='word_1_339' title='bbox 316 2771 599 2840; x_wconf 81' lang='lat' dir='ltr'><strong>sanguinis</strong></span> <span class='ocrx_word' id='word_1_340' title='bbox 627 2771 763 2839; x_wconf 88' lang='lat' dir='ltr'><strong>ejus,</strong></span> <span class='ocrx_word' id='word_1_341' title='bbox 796 2786 915 2825; x_wconf 91' lang='lat' dir='ltr'><strong>cum</strong></span> <span class='ocrx_word' id='word_1_342' title='bbox 939 2772 1156 2825; x_wconf 74' lang='lat' dir='ltr'><strong>czeleris</strong></span> <span class='ocrx_word' id='word_1_343' title='bbox 1198 2770 1459 2839; x_wconf 84' lang='lat' dir='ltr'><strong>apostolis</strong></span> <span class='ocrx_word' id='word_1_344' title='bbox 1490 2768 1834 2842; x_wconf 44' lang='lat' dir='ltr'><strong>[(Ii‘c&#39;pulis],</strong></span> 
     </span>
    </p>
   </div>
   <div class='ocr_carea' id='block_1_46' title="bbox 236 2860 1840 2930">
    <p class='ocr_par' dir='ltr' id='par_1_46' title="bbox 236 2860 1840 2930">
     <span class='ocr_line' id='line_1_46' title="bbox 236 2860 1840 2930; baseline -0.002 -14"><span class='ocrx_word' id='word_1_345' title='bbox 236 2866 381 2916; x_wconf 84' lang='lat' dir='ltr'><strong>sicut</strong></span> <span class='ocrx_word' id='word_1_346' title='bbox 406 2861 645 2929; x_wconf 86' lang='lat' dir='ltr'><strong>apertius</strong></span> <span class='ocrx_word' id='word_1_347' title='bbox 673 2860 846 2915; x_wconf 85' lang='lat' dir='ltr'><strong>Lucas</strong></span> <span class='ocrx_word' id='word_1_348' title='bbox 871 2862 1200 2930; x_wconf 75' lang='lat' dir='ltr'><strong>evangelista</strong></span> <span class='ocrx_word' id='word_1_349' title='bbox 1252 2860 1512 2927; x_wconf 87' lang='lat' dir='ltr'><strong>declarat,</strong></span> <span class='ocrx_word' id='word_1_350' title='bbox 1543 2860 1840 2915; x_wconf 84' lang='lat' dir='ltr'><strong>manduca-</strong></span> 
     </span>
    </p>
   </div>
   <div class='ocr_carea' id='block_1_47' title="bbox 238 2951 1837 3018">
    <p class='ocr_par' dir='ltr' id='par_1_47' title="bbox 238 2951 1837 3018">
     <span class='ocr_line' id='line_1_47' title="bbox 238 2951 1837 3018; baseline -0.001 -11"><span class='ocrx_word' id='word_1_351' title='bbox 238 2966 324 3008; x_wconf 92' lang='lat' dir='ltr'><strong>rct</strong></span> <span class='ocrx_word' id='word_1_352' title='bbox 351 2962 405 3007; x_wconf 93' lang='lat' dir='ltr'><strong>et</strong></span> <span class='ocrx_word' id='word_1_353' title='bbox 434 2953 663 3018; x_wconf 75' lang='lat' dir='ltr'><strong>biberet,</strong></span> <span class='ocrx_word' id='word_1_354' title='bbox 692 2954 889 3007; x_wconf 89' lang='lat' dir='ltr'><strong>mansit</strong></span> <span class='ocrx_word' id='word_1_355' title='bbox 920 2954 972 3006; x_wconf 93' lang='lat' dir='ltr'><strong>in</strong></span> <span class='ocrx_word' id='word_1_356' title='bbox 998 2953 1236 3017; x_wconf 92' lang='lat' dir='ltr'><strong>Christo,</strong></span> <span class='ocrx_word' id='word_1_357' title='bbox 1266 2963 1357 3005; x_wconf 83' lang='lat' dir='ltr'><strong>aut</strong></span> <span class='ocrx_word' id='word_1_358' title='bbox 1378 2951 1624 3007; x_wconf 86' lang='lat' dir='ltr'><strong>Christus</strong></span> <span class='ocrx_word' id='word_1_359' title='bbox 1656 2954 1707 3006; x_wconf 89' lang='lat' dir='ltr'><strong>in</strong></span> <span class='ocrx_word' id='word_1_360' title='bbox 1735 2953 1837 3007; x_wconf 82' lang='lat' dir='ltr'><strong>eo?</strong></span> 
     </span>
    </p>
   </div>
   <div class='ocr_carea' id='block_1_48' title="bbox 1942 1851 3522 1924">
    <p class='ocr_par' dir='ltr' id='par_1_48' title="bbox 1942 1851 3522 1924">
     <span class='ocr_line' id='line_1_48' title="bbox 1942 1851 3522 1924; baseline 0.006 -22"><span class='ocrx_word' id='word_1_361' title='bbox 1942 1851 2033 1904; x_wconf 86' lang='lat' dir='ltr'><strong>Dei</strong></span> <span class='ocrx_word' id='word_1_362' title='bbox 2061 1852 2289 1920; x_wconf 88' lang='lat' dir='ltr'><strong>populus</strong></span> <span class='ocrx_word' id='word_1_363' title='bbox 2314 1863 2692 1922; x_wconf 74' lang='lat' dir='ltr'><strong>congregatur,</strong></span> <span class='ocrx_word' id='word_1_364' title='bbox 2724 1855 2935 1921; x_wconf 88' lang='lat' dir='ltr'><strong>ejicitur</strong></span> <span class='ocrx_word' id='word_1_365' title='bbox 2955 1858 3174 1924; x_wconf 80' lang='lat' dir='ltr'><strong>spiritus</strong></span> <span class='ocrx_word' id='word_1_366' title='bbox 3199 1860 3522 1920; x_wconf 85' lang='lat' dir='ltr'><strong>immundus,</strong></span> 
     </span>
    </p>
   </div>
   <div class='ocr_carea' id='block_1_49' title="bbox 1938 1941 3523 2016">
    <p class='ocr_par' dir='ltr' id='par_1_49' title="bbox 1938 1941 3523 2016">
     <span class='ocr_line' id='line_1_49' title="bbox 1938 1941 3523 2016; baseline 0.008 -25"><span class='ocrx_word' id='word_1_367' title='bbox 1938 1941 2030 2009; x_wconf 90' lang='lat' dir='ltr'><strong>qui</strong></span> <span class='ocrx_word' id='word_1_368' title='bbox 2064 1941 2115 1993; x_wconf 95' lang='lat' dir='ltr'><strong>in</strong></span> <span class='ocrx_word' id='word_1_369' title='bbox 2142 1941 2377 2009; x_wconf 53' lang='lat' dir='ltr'><strong>seipsum</strong></span> <span class='ocrx_word' id='word_1_370' title='bbox 2402 1943 2657 1995; x_wconf 81' lang='lat' dir='ltr'><strong>dividitur</strong></span> <span class='ocrx_word' id='word_1_371' title='bbox 2684 1942 2913 2014; x_wconf 84' lang='lat' dir='ltr'><strong>[divisus</strong></span> <span class='ocrx_word' id='word_1_372' title='bbox 2937 1945 3063 2016; x_wconf 76' lang='lat' dir='ltr'><strong>est].</strong></span> <span class='ocrx_word' id='word_1_373' title='bbox 3086 1948 3286 2002; x_wconf 89' lang='lat' dir='ltr'><strong>Contra</strong></span> <span class='ocrx_word' id='word_1_374' title='bbox 3318 1950 3523 2003; x_wconf 76' lang='lat' dir='ltr'><strong>hocdo~</strong></span> 
     </span>
    </p>
   </div>
   <div class='ocr_carea' id='block_1_50' title="bbox 1939 2032 3524 2107">
    <p class='ocr_par' dir='ltr' id='par_1_50' title="bbox 1939 2032 3524 2107">
     <span class='ocr_line' id='line_1_50' title="bbox 1939 2032 3524 2107; baseline 0.003 -22"><span class='ocrx_word' id='word_1_375' title='bbox 1939 2048 2062 2085; x_wconf 91' lang='lat' dir='ltr'><strong>num</strong></span> <span class='ocrx_word' id='word_1_376' title='bbox 2097 2032 2409 2102; x_wconf 85' lang='lat' dir='ltr'><strong>gratuitum,</strong></span> <span class='ocrx_word' id='word_1_377' title='bbox 2441 2042 2628 2087; x_wconf 90' lang='lat' dir='ltr'><strong>contra</strong></span> <span class='ocrx_word' id='word_1_378' title='bbox 2675 2034 2831 2087; x_wconf 86' lang='lat' dir='ltr'><strong>istam</strong></span> <span class='ocrx_word' id='word_1_379' title='bbox 2878 2036 2967 2089; x_wconf 90' lang='lat' dir='ltr'><strong>Dei</strong></span> <span class='ocrx_word' id='word_1_380' title='bbox 3005 2038 3259 2104; x_wconf 85' lang='lat' dir='ltr'><strong>gratiam,</strong></span> <span class='ocrx_word' id='word_1_381' title='bbox 3290 2039 3524 2107; x_wconf 85' lang='lat' dir='ltr'><strong>loquitur</strong></span> 
     </span>
    </p>
   </div>
   <div class='ocr_carea' id='block_1_51' title="bbox 1937 2121 3524 2197">
    <p class='ocr_par' dir='ltr' id='par_1_51' title="bbox 1937 2121 3524 2197">
     <span class='ocr_line' id='line_1_51' title="bbox 1937 2121 3524 2197; baseline 0.005 -22"><span class='ocrx_word' id='word_1_382' title='bbox 1937 2136 2032 2176; x_wconf 87' lang='lat' dir='ltr'><strong>cor</strong></span> <span class='ocrx_word' id='word_1_383' title='bbox 2056 2121 2419 2190; x_wconf 70' lang='lat' dir='ltr'><strong>impmnitens.</strong></span> <span class='ocrx_word' id='word_1_384' title='bbox 2449 2121 2563 2191; x_wconf 84' lang='lat' dir='ltr'><strong>Ipsa</strong></span> <span class='ocrx_word' id='word_1_385' title='bbox 2594 2137 2721 2192; x_wconf 78' lang='lat' dir='ltr'><strong>ergo</strong></span> <span class='ocrx_word' id='word_1_386' title='bbox 2751 2125 3143 2190; x_wconf 69' lang='lat' dir='ltr'><strong>impwnitentia</strong></span> <span class='ocrx_word' id='word_1_387' title='bbox 3175 2139 3258 2182; x_wconf 82' lang='lat' dir='ltr'><strong>cst</strong></span> <span class='ocrx_word' id='word_1_388' title='bbox 3289 2130 3524 2197; x_wconf 84' lang='lat' dir='ltr'><strong>Spiritus</strong></span> 
     </span>
    </p>
   </div>
   <div class='ocr_carea' id='block_1_52' title="bbox 1942 2211 3525 2286">
    <p class='ocr_par' dir='ltr' id='par_1_52' title="bbox 1942 2211 3525 2286">
     <span class='ocr_line' id='line_1_52' title="bbox 1942 2211 3525 2286; baseline 0.004 -19"><span class='ocrx_word' id='word_1_389' title='bbox 1942 2211 2275 2281; x_wconf 82' lang='lat' dir='ltr'><strong>blasphemia</strong></span> <span class='ocrx_word' id='word_1_390' title='bbox 2307 2227 2425 2280; x_wconf 71' lang='lat' dir='ltr'><strong>qua:</strong></span> <span class='ocrx_word' id='word_1_391' title='bbox 2455 2228 2560 2265; x_wconf 93' lang='lat' dir='ltr'><strong>non</strong></span> <span class='ocrx_word' id='word_1_392' title='bbox 2595 2216 2894 2268; x_wconf 88' lang='lat' dir='ltr'><strong>remittetur</strong></span> <span class='ocrx_word' id='word_1_393' title='bbox 2930 2232 3103 2286; x_wconf 87' lang='lat' dir='ltr'><strong>neque</strong></span> <span class='ocrx_word' id='word_1_394' title='bbox 3135 2219 3183 2271; x_wconf 91' lang='lat' dir='ltr'><strong>in</strong></span> <span class='ocrx_word' id='word_1_395' title='bbox 3202 2217 3303 2273; x_wconf 77' lang='lat' dir='ltr'><strong>hoc</strong></span> <span class='ocrx_word' id='word_1_396' title='bbox 3329 2222 3525 2274; x_wconf 69' lang='lat' dir='ltr'><strong>sarculo</strong></span> 
     </span>
    </p>
   </div>
   <div class='ocr_carea' id='block_1_53' title="bbox 1940 2301 3525 2380">
    <p class='ocr_par' dir='ltr' id='par_1_53' title="bbox 1940 2301 3525 2380">
     <span class='ocr_line' id='line_1_53' title="bbox 1940 2301 3525 2380; baseline 0.005 -26"><span class='ocrx_word' id='word_1_397' title='bbox 1940 2318 2111 2370; x_wconf 89' lang='lat' dir='ltr'><strong>neque</strong></span> <span class='ocrx_word' id='word_1_398' title='bbox 2134 2301 2185 2355; x_wconf 93' lang='lat' dir='ltr'><strong>in</strong></span> <span class='ocrx_word' id='word_1_399' title='bbox 2213 2302 2413 2356; x_wconf 76' lang='lat' dir='ltr'><strong>futuro.</strong></span> <span class='ocrx_word' id='word_1_400' title='bbox 2444 2302 2641 2356; x_wconf 89' lang='lat' dir='ltr'><strong>Contra</strong></span> <span class='ocrx_word' id='word_1_401' title='bbox 2687 2305 2830 2358; x_wconf 89' lang='lat' dir='ltr'><strong>enirn</strong></span> <span class='ocrx_word' id='word_1_402' title='bbox 2864 2304 3125 2374; x_wconf 79' lang='lat' dir='ltr'><strong>Spir-itum</strong></span> <span class='ocrx_word' id='word_1_403' title='bbox 3157 2317 3396 2363; x_wconf 90' lang='lat' dir='ltr'><strong>sanctum</strong></span> <span class='ocrx_word' id='word_1_404' title='bbox 3424 2329 3525 2380; x_wconf 89' lang='lat' dir='ltr'><strong>quo</strong></span> 
     </span>
    </p>
   </div>
   <div class='ocr_carea' id='block_1_54' title="bbox 1940 2393 3526 2465">
    <p class='ocr_par' dir='ltr' id='par_1_54' title="bbox 1940 2393 3526 2465">
     <span class='ocr_line' id='line_1_54' title="bbox 1940 2393 3526 2465; baseline 0.004 -19"><span class='ocrx_word' id='word_1_405' title='bbox 1940 2393 2278 2461; x_wconf 86' lang='lat' dir='ltr'><strong>baptizantur</strong></span> <span class='ocrx_word' id='word_1_406' title='bbox 2325 2408 2551 2461; x_wconf 88' lang='lat' dir='ltr'><strong>quorum</strong></span> <span class='ocrx_word' id='word_1_407' title='bbox 2595 2402 2812 2462; x_wconf 86' lang='lat' dir='ltr'><strong>peccata</strong></span> <span class='ocrx_word' id='word_1_408' title='bbox 2855 2397 3034 2449; x_wconf 87' lang='lat' dir='ltr'><strong>omnia</strong></span> <span class='ocrx_word' id='word_1_409' title='bbox 3073 2397 3434 2465; x_wconf 87' lang='lat' dir='ltr'><strong>dimittuntur,</strong></span> <span class='ocrx_word' id='word_1_410' title='bbox 3475 2413 3526 2454; x_wconf 88' lang='lat' dir='ltr'><strong>et</strong></span> 
     </span>
    </p>
   </div>
   <div class='ocr_carea' id='block_1_55' title="bbox 1939 2481 3525 2555">
    <p class='ocr_par' dir='ltr' id='par_1_55' title="bbox 1939 2481 3525 2555">
     <span class='ocr_line' id='line_1_55' title="bbox 1939 2481 3525 2555; baseline 0.006 -21"><span class='ocrx_word' id='word_1_411' title='bbox 1939 2498 2096 2552; x_wconf 83' lang='lat' dir='ltr'><strong>quem</strong></span> <span class='ocrx_word' id='word_1_412' title='bbox 2130 2483 2341 2550; x_wconf 83' lang='lat' dir='ltr'><strong>accepit</strong></span> <span class='ocrx_word' id='word_1_413' title='bbox 2388 2481 2630 2537; x_wconf 77' lang='lat' dir='ltr'><strong>Ece&#39;esia</strong></span> <span class='ocrx_word' id='word_1_414' title='bbox 2680 2495 2738 2540; x_wconf 81' lang='lat' dir='ltr'><strong>ut</strong></span> <span class='ocrx_word' id='word_1_415' title='bbox 2785 2486 2869 2539; x_wconf 85' lang='lat' dir='ltr'><strong>eui</strong></span> <span class='ocrx_word' id='word_1_416' title='bbox 2898 2484 3161 2540; x_wconf 86' lang='lat' dir='ltr'><strong>dimiserit</strong></span> <span class='ocrx_word' id='word_1_417' title='bbox 3200 2502 3414 2555; x_wconf 64' lang='lat' dir='ltr'><strong>peccata</strong></span> <span class='ocrx_word' id='word_1_418' title='bbox 3447 2493 3525 2544; x_wconf 85' lang='lat' dir='ltr'><strong>di-</strong></span> 
     </span>
    </p>
   </div>
   <div class='ocr_carea' id='block_1_56' title="bbox 1940 2572 3524 2645">
    <p class='ocr_par' dir='ltr' id='par_1_56' title="bbox 1940 2572 3524 2645">
     <span class='ocr_line' id='line_1_56' title="bbox 1940 2572 3524 2645; baseline 0.005 -18"><span class='ocrx_word' id='word_1_419' title='bbox 1940 2574 2186 2627; x_wconf 88' lang='lat' dir='ltr'><strong>rnittatnr</strong></span> <span class='ocrx_word' id='word_1_420' title='bbox 2241 2572 2621 2645; x_wconf 79' lang='lat' dir='ltr'><strong>[dimittantur]</strong></span> <span class='ocrx_word' id='word_1_421' title='bbox 2679 2575 2747 2638; x_wconf 92' lang='lat' dir='ltr'><strong>ei,</strong></span> <span class='ocrx_word' id='word_1_422' title='bbox 2802 2577 3024 2629; x_wconf 87' lang='lat' dir='ltr'><strong>verbum</strong></span> <span class='ocrx_word' id='word_1_423' title='bbox 3063 2577 3215 2632; x_wconf 88' lang='lat' dir='ltr'><strong>valde</strong></span> <span class='ocrx_word' id='word_1_424' title='bbox 3246 2581 3441 2633; x_wconf 88' lang='lat' dir='ltr'><strong>rnalnrn</strong></span> <span class='ocrx_word' id='word_1_425' title='bbox 3474 2591 3524 2635; x_wconf 88' lang='lat' dir='ltr'><strong>et</strong></span> 
     </span>
    </p>
   </div>
   <div class='ocr_carea' id='block_1_57' title="bbox 1940 2662 3523 2739">
    <p class='ocr_par' dir='ltr' id='par_1_57' title="bbox 1940 2662 3523 2739">
     <span class='ocr_line' id='line_1_57' title="bbox 1940 2662 3523 2739; baseline 0.004 -22"><span class='ocrx_word' id='word_1_426' title='bbox 1940 2663 2096 2717; x_wconf 60' lang='lat' dir='ltr'><strong>nimis</strong></span> <span class='ocrx_word' id='word_1_427' title='bbox 2120 2665 2359 2731; x_wconf 90' lang='lat' dir='ltr'><strong>impium,</strong></span> <span class='ocrx_word' id='word_1_428' title='bbox 2388 2666 2501 2718; x_wconf 90' lang='lat' dir='ltr'><strong>sive</strong></span> <span class='ocrx_word' id='word_1_429' title='bbox 2524 2662 2849 2732; x_wconf 75' lang='lat' dir='ltr'><strong>cogitatio;:e</strong></span> <span class='ocrx_word' id='word_1_430' title='bbox 2879 2668 2994 2720; x_wconf 87' lang='lat' dir='ltr'><strong>sive</strong></span> <span class='ocrx_word' id='word_1_431' title='bbox 3038 2672 3196 2721; x_wconf 65' lang='lat' dir='ltr'><strong>et‘am</strong></span> <span class='ocrx_word' id='word_1_432' title='bbox 3224 2669 3400 2739; x_wconf 82' lang='lat' dir='ltr'><strong>lingua</strong></span> <span class='ocrx_word' id='word_1_433' title='bbox 3430 2685 3523 2724; x_wconf 88' lang='lat' dir='ltr'><strong>sua</strong></span> 
     </span>
    </p>
   </div>
   <div class='ocr_carea' id='block_1_58' title="bbox 1938 2757 3524 2828">
    <p class='ocr_par' dir='ltr' id='par_1_58' title="bbox 1938 2757 3524 2828">
     <span class='ocr_line' id='line_1_58' title="bbox 1938 2757 3524 2828; baseline 0.004 -19"><span class='ocrx_word' id='word_1_434' title='bbox 1938 2757 2089 2823; x_wconf 81' lang='lat' dir='ltr'><strong>dicit,</strong></span> <span class='ocrx_word' id='word_1_435' title='bbox 2122 2771 2279 2825; x_wconf 91' lang='lat' dir='ltr'><strong>quem</strong></span> <span class='ocrx_word' id='word_1_436' title='bbox 2315 2757 2562 2824; x_wconf 78' lang='lat' dir='ltr'><strong>patientia</strong></span> <span class='ocrx_word' id='word_1_437' title='bbox 2596 2757 2687 2811; x_wconf 89' lang='lat' dir='ltr'><strong>Dei</strong></span> <span class='ocrx_word' id='word_1_438' title='bbox 2719 2772 2839 2811; x_wconf 89' lang='lat' dir='ltr'><strong>cum</strong></span> <span class='ocrx_word' id='word_1_439' title='bbox 2864 2758 2929 2812; x_wconf 90' lang='lat' dir='ltr'><strong>ad</strong></span> <span class='ocrx_word' id='word_1_440' title='bbox 2969 2759 3331 2828; x_wconf 71' lang='lat' dir='ltr'><strong>pwnitentiam</strong></span> <span class='ocrx_word' id='word_1_441' title='bbox 3356 2761 3524 2815; x_wconf 84' lang='lat' dir='ltr'><strong>addu-</strong></span> 
     </span>
    </p>
   </div>
   <div class='ocr_carea' id='block_1_59' title="bbox 1940 2849 3524 2921">
    <p class='ocr_par' dir='ltr' id='par_1_59' title="bbox 1940 2849 3524 2921">
     <span class='ocr_line' id='line_1_59' title="bbox 1940 2849 3524 2921; baseline 0.002 -18"><span class='ocrx_word' id='word_1_442' title='bbox 1940 2859 2050 2913; x_wconf 86' lang='lat' dir='ltr'><strong>cat,</strong></span> <span class='ocrx_word' id='word_1_443' title='bbox 2078 2850 2192 2918; x_wconf 90' lang='lat' dir='ltr'><strong>ipse</strong></span> <span class='ocrx_word' id='word_1_444' title='bbox 2214 2849 2506 2903; x_wconf 86' lang='lat' dir='ltr'><strong>secundum</strong></span> <span class='ocrx_word' id='word_1_445' title='bbox 2531 2849 2777 2902; x_wconf 86' lang='lat' dir='ltr'><strong>duritiam</strong></span> <span class='ocrx_word' id='word_1_446' title='bbox 2811 2849 2989 2903; x_wconf 83' lang='lat' dir='ltr'><strong>cords</strong></span> <span class='ocrx_word' id='word_1_447' title='bbox 3028 2850 3109 2904; x_wconf 88' lang='lat' dir='ltr'><strong>sui</strong></span> <span class='ocrx_word' id='word_1_448' title='bbox 3140 2860 3194 2905; x_wconf 91' lang='lat' dir='ltr'><strong>et</strong></span> <span class='ocrx_word' id='word_1_449' title='bbox 3220 2866 3313 2905; x_wconf 91' lang='lat' dir='ltr'><strong>cor</strong></span> <span class='ocrx_word' id='word_1_450' title='bbox 3337 2851 3524 2921; x_wconf 64' lang='lat' dir='ltr'><strong>impae-</strong></span> 
     </span>
    </p>
   </div>
   <div class='ocr_carea' id='block_1_60' title="bbox 1942 2942 3523 3001">
    <p class='ocr_par' dir='ltr' id='par_1_60' title="bbox 1942 2942 3523 3001">
     <span class='ocr_line' id='line_1_60' title="bbox 1942 2942 3523 3001; baseline 0.003 -4"><span class='ocrx_word' id='word_1_451' title='bbox 1942 2943 2119 2997; x_wconf 85' lang='lat' dir='ltr'><strong>nitens</strong></span> <span class='ocrx_word' id='word_1_452' title='bbox 2145 2942 2471 2997; x_wconf 80' lang='lat' dir='ltr'><strong>thesaurizat</strong></span> <span class='ocrx_word' id='word_1_453' title='bbox 2497 2944 2596 2997; x_wconf 69' lang='lat' dir='ltr'><strong>sibi</strong></span> <span class='ocrx_word' id='word_1_454' title='bbox 2624 2943 2756 2996; x_wconf 89' lang='lat' dir='ltr'><strong>iram</strong></span> <span class='ocrx_word' id='word_1_455' title='bbox 2782 2942 2831 2996; x_wconf 93' lang='lat' dir='ltr'><strong>in</strong></span> <span class='ocrx_word' id='word_1_456' title='bbox 2865 2943 2952 2997; x_wconf 89' lang='lat' dir='ltr'><strong>die</strong></span> <span class='ocrx_word' id='word_1_457' title='bbox 2985 2943 3075 2998; x_wconf 70' lang='lat' dir='ltr'><strong>irae</strong></span> <span class='ocrx_word' id='word_1_458' title='bbox 3100 2953 3153 2999; x_wconf 91' lang='lat' dir='ltr'><strong>et</strong></span> <span class='ocrx_word' id='word_1_459' title='bbox 3178 2945 3523 3001; x_wconf 77' lang='lat' dir='ltr'><strong>revelationis</strong></span> 
     </span>
    </p>
   </div>
   <div class='ocr_carea' id='block_1_61' title="bbox 239 3026 3524 3112">
    <p class='ocr_par' dir='ltr' id='par_1_61' title="bbox 239 3026 3524 3112">
     <span class='ocr_line' id='line_1_61' title="bbox 239 3026 3524 3112; baseline -0.003 -14"><span class='ocrx_word' id='word_1_460' title='bbox 239 3045 379 3098; x_wconf 84' lang='lat' dir='ltr'><strong>Tam</strong></span> <span class='ocrx_word' id='word_1_461' title='bbox 405 3042 557 3097; x_wconf 90' lang='lat' dir='ltr'><strong>multi</strong></span> <span class='ocrx_word' id='word_1_462' title='bbox 588 3043 821 3111; x_wconf 89' lang='lat' dir='ltr'><strong>denique</strong></span> <span class='ocrx_word' id='word_1_463' title='bbox 852 3043 939 3112; x_wconf 92' lang='lat' dir='ltr'><strong>qui</strong></span> <span class='ocrx_word' id='word_1_464' title='bbox 970 3042 1053 3097; x_wconf 89' lang='lat' dir='ltr'><strong>vel</strong></span> <span class='ocrx_word' id='word_1_465' title='bbox 1084 3042 1248 3097; x_wconf 88' lang='lat' dir='ltr'><strong>corde</strong></span> <span class='ocrx_word' id='word_1_466' title='bbox 1294 3041 1423 3096; x_wconf 82' lang='lat' dir='ltr'><strong>ﬁcto</strong></span> <span class='ocrx_word' id='word_1_467' title='bbox 1449 3042 1834 3097; x_wconf 85' lang='lat' dir='ltr'><strong>carnemillam</strong></span> <span class='ocrx_word' id='word_1_468' title='bbox 1906 3026 2062 3105; x_wconf 83' lang='lat' dir='ltr'><strong>justi</strong></span> <span class='ocrx_word' id='word_1_469' title='bbox 2099 3033 2288 3104; x_wconf 82' lang='lat' dir='ltr'><strong>judicii</strong></span> <span class='ocrx_word' id='word_1_470' title='bbox 2339 3034 2453 3097; x_wconf 87' lang='lat' dir='ltr'><strong>Dei,</strong></span> <span class='ocrx_word' id='word_1_471' title='bbox 2505 3034 2596 3104; x_wconf 90' lang='lat' dir='ltr'><strong>qui</strong></span> <span class='ocrx_word' id='word_1_472' title='bbox 2654 3034 2841 3088; x_wconf 79' lang='lat' dir='ltr'><strong>reddet</strong></span> <span class='ocrx_word' id='word_1_473' title='bbox 2896 3032 3182 3104; x_wconf 82' lang='lat' dir='ltr'><strong>unicuique</strong></span> <span class='ocrx_word' id='word_1_474' title='bbox 3232 3037 3524 3091; x_wconf 88' lang='lat' dir='ltr'><strong>secundum</strong></span> 
     </span>
    </p>
   </div>
   <div class='ocr_carea' id='block_1_62' title="bbox 240 3120 3524 3203">
    <p class='ocr_par' dir='ltr' id='par_1_62' title="bbox 240 3120 3524 3203">
     <span class='ocr_line' id='line_1_62' title="bbox 240 3120 3524 3203; baseline -0.001 -16"><span class='ocrx_word' id='word_1_475' title='bbox 240 3135 570 3189; x_wconf 86' lang='lat' dir='ltr'><strong>manducant</strong></span> <span class='ocrx_word' id='word_1_476' title='bbox 594 3144 649 3188; x_wconf 90' lang='lat' dir='ltr'><strong>et</strong></span> <span class='ocrx_word' id='word_1_477' title='bbox 668 3120 988 3203; x_wconf 82' lang='lat' dir='ltr'><strong>sanguinem</strong></span> <span class='ocrx_word' id='word_1_478' title='bbox 1022 3132 1232 3196; x_wconf 92' lang='lat' dir='ltr'><strong>bibunt,</strong></span> <span class='ocrx_word' id='word_1_479' title='bbox 1262 3133 1344 3185; x_wconf 87' lang='lat' dir='ltr'><strong>vel</strong></span> <span class='ocrx_word' id='word_1_480' title='bbox 1395 3148 1516 3185; x_wconf 91' lang='lat' dir='ltr'><strong>cum</strong></span> <span class='ocrx_word' id='word_1_481' title='bbox 1541 3131 1833 3187; x_wconf 80' lang='lat' dir='ltr'><strong>ruanduca-</strong></span> <span class='ocrx_word' id='word_1_482' title='bbox 1865 3120 1910 3181; x_wconf 85' lang='lat' dir='ltr'><strong>C</strong></span> <span class='ocrx_word' id='word_1_483' title='bbox 1944 3124 2135 3197; x_wconf 78' lang='lat' dir='ltr'><strong>[juxta]</strong></span> <span class='ocrx_word' id='word_1_484' title='bbox 2157 3139 2317 3194; x_wconf 88' lang='lat' dir='ltr'><strong>opera</strong></span> <span class='ocrx_word' id='word_1_485' title='bbox 2346 3125 2480 3194; x_wconf 88' lang='lat' dir='ltr'><strong>ejus.</strong></span> <span class='ocrx_word' id='word_1_486' title='bbox 2510 3125 2632 3179; x_wconf 80' lang='lat' dir='ltr'><strong>llaec</strong></span> <span class='ocrx_word' id='word_1_487' title='bbox 2657 3140 2785 3194; x_wconf 85' lang='lat' dir='ltr'><strong>ergo</strong></span> <span class='ocrx_word' id='word_1_488' title='bbox 2834 3127 2979 3195; x_wconf 87' lang='lat' dir='ltr'><strong>irnpu</strong></span> <span class='ocrx_word' id='word_1_489' title='bbox 3002 3125 3224 3181; x_wconf 88' lang='lat' dir='ltr'><strong>nitentia</strong></span> <span class='ocrx_word' id='word_1_490' title='bbox 3248 3127 3356 3198; x_wconf 63' lang='lat' dir='ltr'><strong>(sic</strong></span> <span class='ocrx_word' id='word_1_491' title='bbox 3380 3132 3524 3184; x_wconf 91' lang='lat' dir='ltr'><strong>enim</strong></span> 
     </span>
    </p>
   </div>
   <div class='ocr_carea' id='block_1_63' title="bbox 239 3222 1834 3291">
    <p class='ocr_par' dir='ltr' id='par_1_63' title="bbox 239 3222 1834 3291">
     <span class='ocr_line' id='line_1_63' title="bbox 239 3222 1834 3291; baseline 0.001 -15"><span class='ocrx_word' id='word_1_492' title='bbox 239 3224 424 3278; x_wconf 77' lang='lat' dir='ltr'><strong>verint</strong></span> <span class='ocrx_word' id='word_1_493' title='bbox 452 3231 507 3277; x_wconf 83' lang='lat' dir='ltr'><strong>et</strong></span> <span class='ocrx_word' id='word_1_494' title='bbox 528 3222 763 3277; x_wconf 78' lang='lat' dir='ltr'><strong>biberint</strong></span> <span class='ocrx_word' id='word_1_495' title='bbox 788 3233 1048 3291; x_wconf 70' lang='lat' dir='ltr'><strong>apOStattB</strong></span> <span class='ocrx_word' id='word_1_496' title='bbox 1077 3222 1233 3285; x_wconf 80' lang='lat' dir='ltr'><strong>ﬁunt,</strong></span> <span class='ocrx_word' id='word_1_497' title='bbox 1274 3222 1509 3291; x_wconf 86' lang='lat' dir='ltr'><strong>nunquid</strong></span> <span class='ocrx_word' id='word_1_498' title='bbox 1534 3233 1753 3278; x_wconf 84' lang='lat' dir='ltr'><strong>manent</strong></span> <span class='ocrx_word' id='word_1_499' title='bbox 1784 3224 1834 3277; x_wconf 90' lang='lat' dir='ltr'><strong>in</strong></span> 
     </span>
    </p>
   </div>
   <div class='ocr_carea' id='block_1_64' title="bbox 240 3311 1835 3383">
    <p class='ocr_par' dir='ltr' id='par_1_64' title="bbox 240 3311 1835 3383">
     <span class='ocr_line' id='line_1_64' title="bbox 240 3311 1835 3383; baseline -0.003 -13"><span class='ocrx_word' id='word_1_500' title='bbox 240 3315 487 3377; x_wconf 78' lang='lat' dir='ltr'><strong>Christo,</strong></span> <span class='ocrx_word' id='word_1_501' title='bbox 529 3323 619 3367; x_wconf 86' lang='lat' dir='ltr'><strong>aut</strong></span> <span class='ocrx_word' id='word_1_502' title='bbox 667 3312 915 3368; x_wconf 86' lang='lat' dir='ltr'><strong>Christus</strong></span> <span class='ocrx_word' id='word_1_503' title='bbox 972 3311 1024 3367; x_wconf 88' lang='lat' dir='ltr'><strong>in</strong></span> <span class='ocrx_word' id='word_1_504' title='bbox 1053 3314 1168 3369; x_wconf 88' lang='lat' dir='ltr'><strong>eis?</strong></span> <span class='ocrx_word' id='word_1_505' title='bbox 1206 3313 1311 3368; x_wconf 81' lang='lat' dir='ltr'><strong>Sed</strong></span> <span class='ocrx_word' id='word_1_506' title='bbox 1343 3314 1578 3383; x_wconf 80' lang='lat' dir='ltr'><strong>profecto</strong></span> <span class='ocrx_word' id='word_1_507' title='bbox 1607 3322 1691 3368; x_wconf 89' lang='lat' dir='ltr'><strong>est</strong></span> <span class='ocrx_word' id='word_1_508' title='bbox 1715 3313 1835 3383; x_wconf 88' lang='lat' dir='ltr'><strong>qui-</strong></span> 
     </span>
    </p>
   </div>
   <div class='ocr_carea' id='block_1_65' title="bbox 241 3404 1834 3461">
    <p class='ocr_par' dir='ltr' id='par_1_65' title="bbox 241 3404 1834 3461">
     <span class='ocr_line' id='line_1_65' title="bbox 241 3404 1834 3461; baseline -0.001 -1"><span class='ocrx_word' id='word_1_509' title='bbox 241 3409 372 3461; x_wconf 84' lang='lat' dir='ltr'><strong>dam</strong></span> <span class='ocrx_word' id='word_1_510' title='bbox 434 3405 623 3460; x_wconf 92' lang='lat' dir='ltr'><strong>modus</strong></span> <span class='ocrx_word' id='word_1_511' title='bbox 668 3404 1029 3461; x_wconf 85' lang='lat' dir='ltr'><strong>manducandi</strong></span> <span class='ocrx_word' id='word_1_512' title='bbox 1079 3405 1222 3459; x_wconf 89' lang='lat' dir='ltr'><strong>illam</strong></span> <span class='ocrx_word' id='word_1_513' title='bbox 1274 3420 1491 3460; x_wconf 89' lang='lat' dir='ltr'><strong>caroern</strong></span> <span class='ocrx_word' id='word_1_514' title='bbox 1535 3417 1588 3459; x_wconf 90' lang='lat' dir='ltr'><strong>et</strong></span> <span class='ocrx_word' id='word_1_515' title='bbox 1619 3405 1834 3460; x_wconf 89' lang='lat' dir='ltr'><strong>bibendi</strong></span> 
     </span>
    </p>
   </div>
   <div class='ocr_carea' id='block_1_66' title="bbox 244 3496 1834 3568">
    <p class='ocr_par' dir='ltr' id='par_1_66' title="bbox 244 3496 1834 3568">
     <span class='ocr_line' id='line_1_66' title="bbox 244 3496 1834 3568; baseline -0.001 -15"><span class='ocrx_word' id='word_1_516' title='bbox 244 3501 401 3553; x_wconf 88' lang='lat' dir='ltr'><strong>ilhrm</strong></span> <span class='ocrx_word' id='word_1_517' title='bbox 430 3498 763 3568; x_wconf 84' lang='lat' dir='ltr'><strong>sanguinem,</strong></span> <span class='ocrx_word' id='word_1_518' title='bbox 794 3513 899 3566; x_wconf 92' lang='lat' dir='ltr'><strong>quo</strong></span> <span class='ocrx_word' id='word_1_519' title='bbox 934 3496 1094 3551; x_wconf 72' lang='lat' dir='ltr'><strong>modo</strong></span> <span class='ocrx_word' id='word_1_520' title='bbox 1120 3498 1209 3565; x_wconf 85' lang='lat' dir='ltr'><strong>qui</strong></span> <span class='ocrx_word' id='word_1_521' title='bbox 1242 3497 1644 3553; x_wconf 84' lang='lat' dir='ltr'><strong>manducaverit</strong></span> <span class='ocrx_word' id='word_1_522' title='bbox 1671 3506 1724 3552; x_wconf 91' lang='lat' dir='ltr'><strong>et</strong></span> <span class='ocrx_word' id='word_1_523' title='bbox 1753 3499 1834 3551; x_wconf 90' lang='lat' dir='ltr'><strong>bi-</strong></span> 
     </span>
    </p>
   </div>
   <div class='ocr_carea' id='block_1_67' title="bbox 248 3588 1837 3660">
    <p class='ocr_par' dir='ltr' id='par_1_67' title="bbox 248 3588 1837 3660">
     <span class='ocr_line' id='line_1_67' title="bbox 248 3588 1837 3660; baseline -0.001 -14"><span class='ocrx_word' id='word_1_524' title='bbox 248 3593 397 3648; x_wconf 89' lang='lat' dir='ltr'><strong>berit</strong></span> <span class='ocrx_word' id='word_1_525' title='bbox 427 3592 479 3645; x_wconf 89' lang='lat' dir='ltr'><strong>in</strong></span> <span class='ocrx_word' id='word_1_526' title='bbox 511 3591 722 3651; x_wconf 87' lang='lat' dir='ltr'><strong>Christo</strong></span> <span class='ocrx_word' id='word_1_527' title='bbox 749 3599 948 3653; x_wconf 88' lang='lat' dir='ltr'><strong>manet,</strong></span> <span class='ocrx_word' id='word_1_528' title='bbox 978 3600 1031 3645; x_wconf 89' lang='lat' dir='ltr'><strong>et</strong></span> <span class='ocrx_word' id='word_1_529' title='bbox 1061 3588 1311 3645; x_wconf 75' lang='lat' dir='ltr'><strong>Christus</strong></span> <span class='ocrx_word' id='word_1_530' title='bbox 1341 3592 1392 3644; x_wconf 90' lang='lat' dir='ltr'><strong>in</strong></span> <span class='ocrx_word' id='word_1_531' title='bbox 1425 3607 1512 3647; x_wconf 89' lang='lat' dir='ltr'><strong>eo.</strong></span> <span class='ocrx_word' id='word_1_532' title='bbox 1540 3589 1657 3645; x_wconf 82' lang='lat' dir='ltr'><strong>Non</strong></span> <span class='ocrx_word' id='word_1_533' title='bbox 1707 3608 1837 3660; x_wconf 79' lang='lat' dir='ltr'><strong>ergo</strong></span> 
     </span>
    </p>
   </div>
   <div class='ocr_carea' id='block_1_68' title="bbox 242 3680 1839 3754">
    <p class='ocr_par' dir='ltr' id='par_1_68' title="bbox 242 3680 1839 3754">
     <span class='ocr_line' id='line_1_68' title="bbox 242 3680 1839 3754; baseline -0.001 -17"><span class='ocrx_word' id='word_1_534' title='bbox 242 3697 576 3751; x_wconf 81' lang='lat' dir='ltr'><strong>quocunque</strong></span> <span class='ocrx_word' id='word_1_535' title='bbox 621 3682 780 3735; x_wconf 90' lang='lat' dir='ltr'><strong>modo</strong></span> <span class='ocrx_word' id='word_1_536' title='bbox 823 3681 1050 3751; x_wconf 90' lang='lat' dir='ltr'><strong>quisque</strong></span> <span class='ocrx_word' id='word_1_537' title='bbox 1083 3680 1839 3754; x_wconf 84' lang='lat' dir='ltr'><strong>[quisquam]manducaverit</strong></span> 
     </span>
    </p>
   </div>
   <div class='ocr_carea' id='block_1_69' title="bbox 244 3773 1836 3842">
    <p class='ocr_par' dir='ltr' id='par_1_69' title="bbox 244 3773 1836 3842">
     <span class='ocr_line' id='line_1_69' title="bbox 244 3773 1836 3842; baseline 0 -13"><span class='ocrx_word' id='word_1_538' title='bbox 244 3790 471 3829; x_wconf 88' lang='lat' dir='ltr'><strong>carnem</strong></span> <span class='ocrx_word' id='word_1_539' title='bbox 502 3774 700 3828; x_wconf 89' lang='lat' dir='ltr'><strong>Christi</strong></span> <span class='ocrx_word' id='word_1_540' title='bbox 732 3786 784 3827; x_wconf 92' lang='lat' dir='ltr'><strong>et</strong></span> <span class='ocrx_word' id='word_1_541' title='bbox 831 3773 1027 3828; x_wconf 89' lang='lat' dir='ltr'><strong>biberit</strong></span> <span class='ocrx_word' id='word_1_542' title='bbox 1054 3773 1370 3842; x_wconf 77' lang='lat' dir='ltr'><strong>sanguinem</strong></span> <span class='ocrx_word' id='word_1_543' title='bbox 1401 3774 1620 3838; x_wconf 89' lang='lat' dir='ltr'><strong>Christi,</strong></span> <span class='ocrx_word' id='word_1_544' title='bbox 1656 3786 1836 3828; x_wconf 88' lang='lat' dir='ltr'><strong>manet</strong></span> 
     </span>
    </p>
   </div>
   <div class='ocr_carea' id='block_1_70' title="bbox 246 3866 1833 3935">
    <p class='ocr_par' dir='ltr' id='par_1_70' title="bbox 246 3866 1833 3935">
     <span class='ocr_line' id='line_1_70' title="bbox 246 3866 1833 3935; baseline 0.002 -16"><span class='ocrx_word' id='word_1_545' title='bbox 246 3868 297 3919; x_wconf 90' lang='lat' dir='ltr'><strong>in</strong></span> <span class='ocrx_word' id='word_1_546' title='bbox 314 3867 559 3933; x_wconf 79' lang='lat' dir='ltr'><strong>Chrisro,</strong></span> <span class='ocrx_word' id='word_1_547' title='bbox 577 3875 632 3919; x_wconf 88' lang='lat' dir='ltr'><strong>et</strong></span> <span class='ocrx_word' id='word_1_548' title='bbox 654 3867 705 3919; x_wconf 93' lang='lat' dir='ltr'><strong>in</strong></span> <span class='ocrx_word' id='word_1_549' title='bbox 729 3866 821 3919; x_wconf 90' lang='lat' dir='ltr'><strong>illo</strong></span> <span class='ocrx_word' id='word_1_550' title='bbox 838 3866 1099 3927; x_wconf 85' lang='lat' dir='ltr'><strong>Christus.</strong></span> <span class='ocrx_word' id='word_1_551' title='bbox 1118 3866 1210 3920; x_wconf 88' lang='lat' dir='ltr'><strong>sed</strong></span> <span class='ocrx_word' id='word_1_552' title='bbox 1230 3876 1377 3920; x_wconf 89' lang='lat' dir='ltr'><strong>certo</strong></span> <span class='ocrx_word' id='word_1_553' title='bbox 1397 3866 1624 3935; x_wconf 90' lang='lat' dir='ltr'><strong>quodam</strong></span> <span class='ocrx_word' id='word_1_554' title='bbox 1645 3869 1833 3922; x_wconf 83' lang='lat' dir='ltr'><strong>modo:</strong></span> 
     </span>
    </p>
   </div>
   <div class='ocr_carea' id='block_1_71' title="bbox 242 3939 1875 4028">
    <p class='ocr_par' dir='ltr' id='par_1_71' title="bbox 242 3939 1875 4028">
     <span class='ocr_line' id='line_1_71' title="bbox 242 3939 1875 4028; baseline 0.002 -20"><span class='ocrx_word' id='word_1_555' title='bbox 242 3975 409 4028; x_wconf 85' lang='lat' dir='ltr'><strong>quem</strong></span> <span class='ocrx_word' id='word_1_556' title='bbox 441 3957 657 4011; x_wconf 89' lang='lat' dir='ltr'><strong>modum</strong></span> <span class='ocrx_word' id='word_1_557' title='bbox 692 3959 874 4025; x_wconf 86' lang='lat' dir='ltr'><strong>utique</strong></span> <span class='ocrx_word' id='word_1_558' title='bbox 902 3957 1001 4011; x_wconf 90' lang='lat' dir='ltr'><strong>istc</strong></span> <span class='ocrx_word' id='word_1_559' title='bbox 1034 3956 1265 4021; x_wconf 68' lang='lat' dir='ltr'><strong>ridebat,</strong></span> <span class='ocrx_word' id='word_1_560' title='bbox 1305 3958 1517 4026; x_wconf 85' lang='lat' dir='ltr'><strong>quando</strong></span> <span class='ocrx_word' id='word_1_561' title='bbox 1548 3959 1645 4011; x_wconf 88' lang='lat' dir='ltr'><strong>ista</strong></span> <span class='ocrx_word' id='word_1_562' title='bbox 1696 3960 1838 4012; x_wconf 80' lang='lat' dir='ltr'><strong>dice-</strong></span> <span class='ocrx_word' id='word_1_563' title='bbox 1867 3939 1875 3959; x_wconf 74' lang='grc'><em>’</em></span> 
     </span>
    </p>
   </div>
   <div class='ocr_carea' id='block_1_72' title="bbox 244 4048 1840 4120">
    <p class='ocr_par' dir='ltr' id='par_1_72' title="bbox 244 4048 1840 4120">
     <span class='ocr_line' id='line_1_72' title="bbox 244 4048 1840 4120; baseline -0.001 -16"><span class='ocrx_word' id='word_1_564' title='bbox 244 4052 363 4104; x_wconf 88' lang='lat' dir='ltr'><strong>bat.</strong></span> <span class='ocrx_word' id='word_1_565' title='bbox 399 4051 489 4103; x_wconf 89' lang='lat' dir='ltr'><strong>Sic</strong></span> <span class='ocrx_word' id='word_1_566' title='bbox 517 4051 675 4118; x_wconf 81' lang='lat' dir='ltr'><strong>ig:tur</strong></span> <span class='ocrx_word' id='word_1_567' title='bbox 696 4060 749 4104; x_wconf 91' lang='lat' dir='ltr'><strong>et</strong></span> <span class='ocrx_word' id='word_1_568' title='bbox 780 4050 829 4101; x_wconf 92' lang='lat' dir='ltr'><strong>in</strong></span> <span class='ocrx_word' id='word_1_569' title='bbox 863 4064 927 4103; x_wconf 88' lang='lat' dir='ltr'><strong>eo</strong></span> <span class='ocrx_word' id='word_1_570' title='bbox 950 4052 1089 4119; x_wconf 92' lang='lat' dir='ltr'><strong>quod</strong></span> <span class='ocrx_word' id='word_1_571' title='bbox 1123 4048 1217 4113; x_wconf 87' lang='lat' dir='ltr'><strong>ait,</strong></span> <span class='ocrx_word' id='word_1_572' title='bbox 1257 4049 1355 4117; x_wconf 88' lang='lat' dir='ltr'><strong>Qui</strong></span> <span class='ocrx_word' id='word_1_573' title='bbox 1390 4049 1840 4120; x_wconf 55' lang='lat' dir='ltr'><strong>blasphemavi&#39;rit</strong></span> 
     </span>
    </p>
   </div>
   <div class='ocr_carea' id='block_1_73' title="bbox 246 4139 1838 4197">
    <p class='ocr_par' dir='ltr' id='par_1_73' title="bbox 246 4139 1838 4197">
     <span class='ocr_line' id='line_1_73' title="bbox 246 4139 1838 4197; baseline 0.001 -5"><span class='ocrx_word' id='word_1_574' title='bbox 246 4145 299 4192; x_wconf 89' lang='lat' dir='ltr'><strong>in</strong></span> <span class='ocrx_word' id='word_1_575' title='bbox 332 4139 596 4197; x_wconf 82' lang='lat' dir='ltr'><strong>Spiritum</strong></span> <span class='ocrx_word' id='word_1_576' title='bbox 629 4154 870 4193; x_wconf 83' lang='lat' dir='ltr'><strong>sanctum</strong></span> <span class='ocrx_word' id='word_1_577' title='bbox 897 4154 999 4191; x_wconf 90' lang='lat' dir='ltr'><strong>non</strong></span> <span class='ocrx_word' id='word_1_578' title='bbox 1029 4139 1188 4193; x_wconf 89' lang='lat' dir='ltr'><strong>habet</strong></span> <span class='ocrx_word' id='word_1_579' title='bbox 1211 4141 1583 4194; x_wconf 87' lang='lat' dir='ltr'><strong>remissionem</strong></span> <span class='ocrx_word' id='word_1_580' title='bbox 1610 4143 1659 4193; x_wconf 91' lang='lat' dir='ltr'><strong>in</strong></span> <span class='ocrx_word' id='word_1_581' title='bbox 1683 4151 1838 4194; x_wconf 70' lang='lat' dir='ltr'><strong>reter-</strong></span> 
     </span>
    </p>
   </div>
   <div class='ocr_carea' id='block_1_74' title="bbox 241 4229 1838 4298">
    <p class='ocr_par' dir='ltr' id='par_1_74' title="bbox 241 4229 1838 4298">
     <span class='ocr_line' id='line_1_74' title="bbox 241 4229 1838 4298; baseline 0.002 -17"><span class='ocrx_word' id='word_1_582' title='bbox 241 4246 403 4283; x_wconf 78' lang='lat' dir='ltr'><strong>ncm.</strong></span> <span class='ocrx_word' id='word_1_583' title='bbox 430 4231 543 4282; x_wconf 76' lang='lat' dir='ltr'><strong>Non</strong></span> <span class='ocrx_word' id='word_1_584' title='bbox 571 4243 894 4298; x_wconf 88' lang='lat' dir='ltr'><strong>quocunque</strong></span> <span class='ocrx_word' id='word_1_585' title='bbox 926 4229 1087 4283; x_wconf 86' lang='lat' dir='ltr'><strong>modo</strong></span> <span class='ocrx_word' id='word_1_586' title='bbox 1118 4230 1575 4298; x_wconf 82' lang='lat' dir='ltr'><strong>blasphemaverit</strong></span> <span class='ocrx_word' id='word_1_587' title='bbox 1613 4246 1735 4284; x_wconf 82' lang='lat' dir='ltr'><strong>reus</strong></span> <span class='ocrx_word' id='word_1_588' title='bbox 1757 4241 1838 4285; x_wconf 67' lang='lat' dir='ltr'><strong>est</strong></span> 
     </span>
    </p>
   </div>
   <div class='ocr_carea' id='block_1_75' title="bbox 240 4319 1835 4389">
    <p class='ocr_par' dir='ltr' id='par_1_75' title="bbox 240 4319 1835 4389">
     <span class='ocr_line' id='line_1_75' title="bbox 240 4319 1835 4389; baseline 0.001 -17"><span class='ocrx_word' id='word_1_589' title='bbox 240 4321 413 4388; x_wconf 86' lang='lat' dir='ltr'><strong>hujus</strong></span> <span class='ocrx_word' id='word_1_590' title='bbox 445 4320 835 4373; x_wconf 64' lang='lat' dir='ltr'><strong>iri-emissibilis</strong></span> <span class='ocrx_word' id='word_1_591' title='bbox 858 4319 1062 4384; x_wconf 84' lang='lat' dir='ltr'><strong>delicti,</strong></span> <span class='ocrx_word' id='word_1_592' title='bbox 1095 4322 1187 4374; x_wconf 93' lang='lat' dir='ltr'><strong>sed</strong></span> <span class='ocrx_word' id='word_1_593' title='bbox 1212 4321 1372 4375; x_wconf 90' lang='lat' dir='ltr'><strong>modo</strong></span> <span class='ocrx_word' id='word_1_594' title='bbox 1394 4321 1621 4389; x_wconf 81' lang='lat' dir='ltr'><strong>quodam</strong></span> <span class='ocrx_word' id='word_1_595' title='bbox 1678 4336 1835 4389; x_wconf 90' lang='lat' dir='ltr'><strong>qnern</strong></span> 
     </span>
    </p>
   </div>
   <div class='ocr_carea' id='block_1_76' title="bbox 238 4409 1836 4481">
    <p class='ocr_par' dir='ltr' id='par_1_76' title="bbox 238 4409 1836 4481">
     <span class='ocr_line' id='line_1_76' title="bbox 238 4409 1836 4481; baseline 0.001 -18"><span class='ocrx_word' id='word_1_596' title='bbox 238 4426 352 4463; x_wconf 78' lang='lat' dir='ltr'><strong>n0s</strong></span> <span class='ocrx_word' id='word_1_597' title='bbox 378 4424 620 4479; x_wconf 59' lang='lat' dir='ltr'><strong>quaérere</strong></span> <span class='ocrx_word' id='word_1_598' title='bbox 642 4420 801 4478; x_wconf 85' lang='lat' dir='ltr'><strong>atque</strong></span> <span class='ocrx_word' id='word_1_599' title='bbox 825 4409 1123 4479; x_wconf 80' lang='lat' dir='ltr'><strong>intelligere</strong></span> <span class='ocrx_word' id='word_1_600' title='bbox 1151 4411 1318 4465; x_wconf 88' lang='lat' dir='ltr'><strong>voluit</strong></span> <span class='ocrx_word' id='word_1_601' title='bbox 1341 4412 1428 4481; x_wconf 93' lang='lat' dir='ltr'><strong>qui</strong></span> <span class='ocrx_word' id='word_1_602' title='bbox 1454 4412 1588 4465; x_wconf 89' lang='lat' dir='ltr'><strong>hanc</strong></span> <span class='ocrx_word' id='word_1_603' title='bbox 1617 4423 1836 4467; x_wconf 89' lang='lat' dir='ltr'><strong>senten-</strong></span> 
     </span>
    </p>
   </div>
   <div class='ocr_carea' id='block_1_77' title="bbox 1942 3218 3525 3290">
    <p class='ocr_par' dir='ltr' id='par_1_77' title="bbox 1942 3218 3525 3290">
     <span class='ocr_line' id='line_1_77' title="bbox 1942 3218 3525 3290; baseline 0.004 -19"><span class='ocrx_word' id='word_1_604' title='bbox 1942 3232 2049 3280; x_wconf 83' lang='lat' dir='ltr'><strong>uno</strong></span> <span class='ocrx_word' id='word_1_605' title='bbox 2076 3218 2258 3287; x_wconf 85' lang='lat' dir='ltr'><strong>aliquo</strong></span> <span class='ocrx_word' id='word_1_606' title='bbox 2288 3218 2502 3271; x_wconf 85' lang='lat' dir='ltr'><strong>nomine</strong></span> <span class='ocrx_word' id='word_1_607' title='bbox 2526 3232 2812 3287; x_wconf 81' lang='lat' dir='ltr'><strong>pos-unius</strong></span> <span class='ocrx_word' id='word_1_608' title='bbox 2860 3226 3133 3285; x_wconf 75' lang='lat' dir='ltr'><strong>utrunque</strong></span> <span class='ocrx_word' id='word_1_609' title='bbox 3162 3220 3436 3290; x_wconf 84' lang='lat' dir='ltr'><strong>appellare</strong></span> <span class='ocrx_word' id='word_1_610' title='bbox 3474 3233 3525 3277; x_wconf 91' lang='lat' dir='ltr'><strong>et</strong></span> 
     </span>
    </p>
   </div>
   <div class='ocr_carea' id='block_1_78' title="bbox 1942 3310 3527 3380">
    <p class='ocr_par' dir='ltr' id='par_1_78' title="bbox 1942 3310 3527 3380">
     <span class='ocr_line' id='line_1_78' title="bbox 1942 3310 3527 3380; baseline 0.004 -17"><span class='ocrx_word' id='word_1_611' title='bbox 1942 3310 2325 3379; x_wconf 66' lang='lat' dir='ltr'><strong>blasphemiam</strong></span> <span class='ocrx_word' id='word_1_612' title='bbox 2358 3322 2406 3364; x_wconf 91' lang='lat' dir='ltr'><strong>et</strong></span> <span class='ocrx_word' id='word_1_613' title='bbox 2449 3310 2666 3363; x_wconf 88' lang='lat' dir='ltr'><strong>verbum</strong></span> <span class='ocrx_word' id='word_1_614' title='bbox 2714 3320 2901 3364; x_wconf 86' lang='lat' dir='ltr'><strong>contra</strong></span> <span class='ocrx_word' id='word_1_615' title='bbox 2954 3311 3211 3379; x_wconf 76' lang='lat' dir='ltr'><strong>Spiritum</strong></span> <span class='ocrx_word' id='word_1_616' title='bbox 3261 3321 3527 3380; x_wconf 75' lang='lat' dir='ltr'><strong>sanctum,</strong></span> 
     </span>
    </p>
   </div>
   <div class='ocr_carea' id='block_1_79' title="bbox 1940 3402 3526 3474">
    <p class='ocr_par' dir='ltr' id='par_1_79' title="bbox 1940 3402 3526 3474">
     <span class='ocr_line' id='line_1_79' title="bbox 1940 3402 3526 3474; baseline 0.002 -17"><span class='ocrx_word' id='word_1_617' title='bbox 1940 3403 2082 3472; x_wconf 89' lang='lat' dir='ltr'><strong>quod</strong></span> <span class='ocrx_word' id='word_1_618' title='bbox 2116 3402 2487 3457; x_wconf 74' lang='lat' dir='ltr'><strong>remissionem</strong></span> <span class='ocrx_word' id='word_1_619' title='bbox 2520 3419 2625 3456; x_wconf 88' lang='lat' dir='ltr'><strong>non</strong></span> <span class='ocrx_word' id='word_1_620' title='bbox 2652 3403 2811 3458; x_wconf 87' lang='lat' dir='ltr'><strong>habet</strong></span> <span class='ocrx_word' id='word_1_621' title='bbox 2863 3403 2915 3457; x_wconf 90' lang='lat' dir='ltr'><strong>in</strong></span> <span class='ocrx_word' id='word_1_622' title='bbox 2948 3408 3260 3474; x_wconf 72' lang='lat' dir='ltr'><strong>a‘lt‘l&#39;lilllll),</strong></span> <span class='ocrx_word' id='word_1_623' title='bbox 3291 3408 3425 3474; x_wconf 68' lang='lat' dir='ltr'><strong>haec,</strong></span> <span class='ocrx_word' id='word_1_624' title='bbox 3449 3407 3526 3464; x_wconf 86' lang='lat' dir='ltr'><strong>in-</strong></span> 
     </span>
    </p>
   </div>
   <div class='ocr_carea' id='block_1_80' title="bbox 1939 3495 3529 3571">
    <p class='ocr_par' dir='ltr' id='par_1_80' title="bbox 1939 3495 3529 3571">
     <span class='ocr_line' id='line_1_80' title="bbox 1939 3495 3529 3571; baseline 0.006 -27"><span class='ocrx_word' id='word_1_625' title='bbox 1939 3512 2118 3566; x_wconf 81' lang='lat' dir='ltr'><strong>quam,</strong></span> <span class='ocrx_word' id='word_1_626' title='bbox 2152 3495 2558 3566; x_wconf 74' lang='lat' dir='ltr'><strong>impcenitentia.</strong></span> <span class='ocrx_word' id='word_1_627' title='bbox 2587 3506 2772 3550; x_wconf 89' lang='lat' dir='ltr'><strong>contra</strong></span> <span class='ocrx_word' id='word_1_628' title='bbox 2796 3513 2954 3566; x_wconf 90' lang='lat' dir='ltr'><strong>quam</strong></span> <span class='ocrx_word' id='word_1_629' title='bbox 2977 3499 3243 3553; x_wconf 65' lang='lat' dir='ltr'><strong>elaruabst</strong></span> <span class='ocrx_word' id='word_1_630' title='bbox 3274 3510 3325 3554; x_wconf 92' lang='lat' dir='ltr'><strong>et</strong></span> <span class='ocrx_word' id='word_1_631' title='bbox 3352 3517 3529 3571; x_wconf 68' lang='lat' dir='ltr'><strong>prazcu</strong></span> 
     </span>
    </p>
   </div>
   <div class='ocr_carea' id='block_1_81' title="bbox 1940 3588 3526 3666">
    <p class='ocr_par' dir='ltr' id='par_1_81' title="bbox 1940 3588 3526 3666">
     <span class='ocr_line' id='line_1_81' title="bbox 1940 3588 3526 3666; baseline 0.004 -24"><span class='ocrx_word' id='word_1_632' title='bbox 1940 3597 1994 3643; x_wconf 92' lang='lat' dir='ltr'><strong>ct</strong></span> <span class='ocrx_word' id='word_1_633' title='bbox 2022 3588 2191 3643; x_wconf 84' lang='lat' dir='ltr'><strong>Judex</strong></span> <span class='ocrx_word' id='word_1_634' title='bbox 2217 3588 2460 3642; x_wconf 89' lang='lat' dir='ltr'><strong>dicentes</strong></span> <span class='ocrx_word' id='word_1_635' title='bbox 2487 3608 2497 3639; x_wconf 90' lang='lat'>:</span> <span class='ocrx_word' id='word_1_636' title='bbox 2538 3588 2916 3644; x_wconf 75' lang='lat' dir='ltr'><strong>Paenitentiam</strong></span> <span class='ocrx_word' id='word_1_637' title='bbox 2937 3591 3098 3661; x_wconf 82' lang='lat' dir='ltr'><strong>agite,</strong></span> <span class='ocrx_word' id='word_1_638' title='bbox 3131 3595 3526 3666; x_wconf 87' lang='lat' dir='ltr'><strong>appropinqua-</strong></span> 
     </span>
    </p>
   </div>
   <div class='ocr_carea' id='block_1_82' title="bbox 1941 3680 3529 3751">
    <p class='ocr_par' dir='ltr' id='par_1_82' title="bbox 1941 3680 3529 3751">
     <span class='ocr_line' id='line_1_82' title="bbox 1941 3680 3529 3751; baseline 0.008 -20"><span class='ocrx_word' id='word_1_639' title='bbox 1941 3680 2014 3733; x_wconf 75' lang='lat' dir='ltr'><strong>vit</strong></span> <span class='ocrx_word' id='word_1_640' title='bbox 2044 3680 2185 3733; x_wconf 87' lang='lat' dir='ltr'><strong>enim</strong></span> <span class='ocrx_word' id='word_1_641' title='bbox 2237 3695 2458 3749; x_wconf 82' lang='lat' dir='ltr'><strong>regnum</strong></span> <span class='ocrx_word' id='word_1_642' title='bbox 2501 3681 2761 3734; x_wconf 73' lang='lat' dir='ltr'><strong>cmlorum</strong></span> <span class='ocrx_word' id='word_1_643' title='bbox 2799 3695 2813 3734; x_wconf 92' lang='lat'><strong>:</strong></span> <span class='ocrx_word' id='word_1_644' title='bbox 2844 3691 3030 3735; x_wconf 88' lang='lat' dir='ltr'><strong>contra</strong></span> <span class='ocrx_word' id='word_1_645' title='bbox 3080 3699 3236 3751; x_wconf 89' lang='lat' dir='ltr'><strong>quam</strong></span> <span class='ocrx_word' id='word_1_646' title='bbox 3272 3684 3529 3743; x_wconf 84' lang='lat' dir='ltr'><strong>Dominus</strong></span> 
     </span>
    </p>
   </div>
   <div class='ocr_carea' id='block_1_83' title="bbox 1942 3770 3527 3840">
    <p class='ocr_par' dir='ltr' id='par_1_83' title="bbox 1942 3770 3527 3840">
     <span class='ocr_line' id='line_1_83' title="bbox 1942 3770 3527 3840; baseline 0.005 -15"><span class='ocrx_word' id='word_1_647' title='bbox 1942 3771 2080 3826; x_wconf 88' lang='lat' dir='ltr'><strong>Deus</strong></span> <span class='ocrx_word' id='word_1_648' title='bbox 2112 3785 2172 3825; x_wconf 91' lang='lat' dir='ltr'><strong>os</strong></span> <span class='ocrx_word' id='word_1_649' title='bbox 2194 3770 2519 3840; x_wconf 81' lang='lat' dir='ltr'><strong>evangelicae</strong></span> <span class='ocrx_word' id='word_1_650' title='bbox 2544 3771 2940 3839; x_wconf 79' lang='lat' dir='ltr'><strong>praedicationis</strong></span> <span class='ocrx_word' id='word_1_651' title='bbox 2980 3774 3211 3839; x_wconf 88' lang='lat' dir='ltr'><strong>aperuit,</strong></span> <span class='ocrx_word' id='word_1_652' title='bbox 3261 3785 3314 3827; x_wconf 89' lang='lat' dir='ltr'><strong>et</strong></span> <span class='ocrx_word' id='word_1_653' title='bbox 3343 3788 3527 3833; x_wconf 87' lang='lat' dir='ltr'><strong>contra</strong></span> 
     </span>
    </p>
   </div>
   <div class='ocr_carea' id='block_1_84' title="bbox 1938 3860 3527 3933">
    <p class='ocr_par' dir='ltr' id='par_1_84' title="bbox 1938 3860 3527 3933">
     <span class='ocr_line' id='line_1_84' title="bbox 1938 3860 3527 3933; baseline 0.004 -16"><span class='ocrx_word' id='word_1_654' title='bbox 1938 3879 2095 3932; x_wconf 86' lang='lat' dir='ltr'><strong>quam</strong></span> <span class='ocrx_word' id='word_1_655' title='bbox 2129 3864 2301 3931; x_wconf 90' lang='lat' dir='ltr'><strong>ipsum</strong></span> <span class='ocrx_word' id='word_1_656' title='bbox 2335 3861 2679 3930; x_wconf 83' lang='lat' dir='ltr'><strong>Evangelium</strong></span> <span class='ocrx_word' id='word_1_657' title='bbox 2712 3860 2763 3915; x_wconf 90' lang='lat' dir='ltr'><strong>in</strong></span> <span class='ocrx_word' id='word_1_658' title='bbox 2800 3871 2911 3917; x_wconf 92' lang='lat' dir='ltr'><strong>toto</strong></span> <span class='ocrx_word' id='word_1_659' title='bbox 2961 3864 3092 3918; x_wconf 87' lang='lat' dir='ltr'><strong>orbe</strong></span> <span class='ocrx_word' id='word_1_660' title='bbox 3130 3865 3527 3933; x_wconf 76' lang='lat' dir='ltr'><strong>pra-dicandum</strong></span> 
     </span>
    </p>
   </div>
   <div class='ocr_carea' id='block_1_85' title="bbox 1941 3954 3526 4024">
    <p class='ocr_par' dir='ltr' id='par_1_85' title="bbox 1941 3954 3526 4024">
     <span class='ocr_line' id='line_1_85' title="bbox 1941 3954 3526 4024; baseline 0.004 -15"><span class='ocrx_word' id='word_1_661' title='bbox 1941 3970 2057 4009; x_wconf 63' lang='lat' dir='ltr'><strong>esse</strong></span> <span class='ocrx_word' id='word_1_662' title='bbox 2082 3954 2325 4022; x_wconf 79' lang='lat' dir='ltr'><strong>pra-dixit</strong></span> <span class='ocrx_word' id='word_1_663' title='bbox 2350 3971 2363 4018; x_wconf 92' lang='lat'>;</span> <span class='ocrx_word' id='word_1_664' title='bbox 2394 3955 2480 4007; x_wconf 92' lang='lat' dir='ltr'><strong>ubi</strong></span> <span class='ocrx_word' id='word_1_665' title='bbox 2537 3966 2881 4024; x_wconf 73' lang='lat' dir='ltr'><strong>posteaquam</strong></span> <span class='ocrx_word' id='word_1_666' title='bbox 2918 3960 3211 4011; x_wconf 82' lang='lat' dir='ltr'><strong>resurrexit</strong></span> <span class='ocrx_word' id='word_1_667' title='bbox 3240 3975 3268 4013; x_wconf 87' lang='lat' dir='ltr'><strong>a</strong></span> <span class='ocrx_word' id='word_1_668' title='bbox 3298 3964 3526 4017; x_wconf 81' lang='lat' dir='ltr'><strong>mortuis</strong></span> 
     </span>
    </p>
   </div>
   <div class='ocr_carea' id='block_1_86' title="bbox 1939 4041 3525 4113">
    <p class='ocr_par' dir='ltr' id='par_1_86' title="bbox 1939 4041 3525 4113">
     <span class='ocr_line' id='line_1_86' title="bbox 1939 4041 3525 4113; baseline 0.007 -18"><span class='ocrx_word' id='word_1_669' title='bbox 1939 4044 2015 4097; x_wconf 87' lang='lat' dir='ltr'><strong>ait</strong></span> <span class='ocrx_word' id='word_1_670' title='bbox 2043 4042 2317 4110; x_wconf 75' lang='lat' dir='ltr'><strong>discipulis</strong></span> <span class='ocrx_word' id='word_1_671' title='bbox 2344 4041 2454 4096; x_wconf 82' lang='lat' dir='ltr'><strong>Suis</strong></span> <span class='ocrx_word' id='word_1_672' title='bbox 2481 4044 2802 4111; x_wconf 79' lang='lat' dir='ltr'><strong>:(lportebat</strong></span> <span class='ocrx_word' id='word_1_673' title='bbox 2826 4046 2929 4113; x_wconf 91' lang='lat' dir='ltr'><strong>pati</strong></span> <span class='ocrx_word' id='word_1_674' title='bbox 2957 4043 3231 4101; x_wconf 90' lang='lat' dir='ltr'><strong>Christum</strong></span> <span class='ocrx_word' id='word_1_675' title='bbox 3262 4059 3315 4103; x_wconf 91' lang='lat' dir='ltr'><strong>et</strong></span> <span class='ocrx_word' id='word_1_676' title='bbox 3346 4066 3525 4106; x_wconf 87' lang='lat' dir='ltr'><strong>resur-</strong></span> 
     </span>
    </p>
   </div>
   <div class='ocr_carea' id='block_1_87' title="bbox 1941 4136 3528 4206">
    <p class='ocr_par' dir='ltr' id='par_1_87' title="bbox 1941 4136 3528 4206">
     <span class='ocr_line' id='line_1_87' title="bbox 1941 4136 3528 4206; baseline 0.008 -17"><span class='ocrx_word' id='word_1_677' title='bbox 1941 4152 2066 4203; x_wconf 80' lang='lat' dir='ltr'><strong>gere</strong></span> <span class='ocrx_word' id='word_1_678' title='bbox 2097 4152 2123 4188; x_wconf 91' lang='lat' dir='ltr'><strong>a</strong></span> <span class='ocrx_word' id='word_1_679' title='bbox 2152 4136 2377 4190; x_wconf 89' lang='lat' dir='ltr'><strong>mortuis</strong></span> <span class='ocrx_word' id='word_1_680' title='bbox 2430 4136 2589 4190; x_wconf 88' lang='lat' dir='ltr'><strong>tertio</strong></span> <span class='ocrx_word' id='word_1_681' title='bbox 2623 4136 2730 4201; x_wconf 84' lang='lat' dir='ltr'><strong>die,</strong></span> <span class='ocrx_word' id='word_1_682' title='bbox 2791 4145 2845 4191; x_wconf 90' lang='lat' dir='ltr'><strong>et</strong></span> <span class='ocrx_word' id='word_1_683' title='bbox 2892 4138 3169 4206; x_wconf 69' lang='lat' dir='ltr'><strong>prmdicari</strong></span> <span class='ocrx_word' id='word_1_684' title='bbox 3210 4142 3261 4195; x_wconf 93' lang='lat' dir='ltr'><strong>in</strong></span> <span class='ocrx_word' id='word_1_685' title='bbox 3310 4150 3528 4202; x_wconf 88' lang='lat' dir='ltr'><strong>nomine</strong></span> 
     </span>
    </p>
   </div>
   <div class='ocr_carea' id='block_1_88' title="bbox 1940 4226 3526 4307">
    <p class='ocr_par' dir='ltr' id='par_1_88' title="bbox 1940 4226 3526 4307">
     <span class='ocr_line' id='line_1_88' title="bbox 1940 4226 3526 4307; baseline 0.008 -28"><span class='ocrx_word' id='word_1_686' title='bbox 1940 4226 2057 4297; x_wconf 75' lang='lat' dir='ltr'><strong>rjus</strong></span> <span class='ocrx_word' id='word_1_687' title='bbox 2087 4227 2455 4295; x_wconf 79' lang='lat' dir='ltr'><strong>ptenitentiarn</strong></span> <span class='ocrx_word' id='word_1_688' title='bbox 2515 4238 2567 4281; x_wconf 89' lang='lat' dir='ltr'><strong>et</strong></span> <span class='ocrx_word' id='word_1_689' title='bbox 2613 4228 2986 4283; x_wconf 85' lang='lat' dir='ltr'><strong>remissionem</strong></span> <span class='ocrx_word' id='word_1_690' title='bbox 3040 4243 3377 4298; x_wconf 61' lang='lat' dir='ltr'><strong>peccatorum</strong></span> <span class='ocrx_word' id='word_1_691' title='bbox 3430 4254 3526 4307; x_wconf 83' lang='lat' dir='ltr'><strong>per</strong></span> 
     </span>
    </p>
   </div>
   <div class='ocr_carea' id='block_1_89' title="bbox 1940 4318 3527 4388">
    <p class='ocr_par' dir='ltr' id='par_1_89' title="bbox 1940 4318 3527 4388">
     <span class='ocr_line' id='line_1_89' title="bbox 1940 4318 3527 4388; baseline 0.01 -19"><span class='ocrx_word' id='word_1_692' title='bbox 1940 4335 2126 4373; x_wconf 86' lang='lat' dir='ltr'><strong>omnes</strong></span> <span class='ocrx_word' id='word_1_693' title='bbox 2149 4328 2334 4387; x_wconf 81' lang='lat' dir='ltr'><strong>gentes</strong></span> <span class='ocrx_word' id='word_1_694' title='bbox 2362 4318 2742 4388; x_wconf 79' lang='lat' dir='ltr'><strong>incip&#39;cntibns</strong></span> <span class='ocrx_word' id='word_1_695' title='bbox 2767 4324 2833 4375; x_wconf 89' lang='lat' dir='ltr'><strong>ab</strong></span> <span class='ocrx_word' id='word_1_696' title='bbox 2873 4323 3229 4379; x_wconf 83' lang='lat' dir='ltr'><strong>Hierusalem.</strong></span> <span class='ocrx_word' id='word_1_697' title='bbox 3267 4327 3388 4383; x_wconf 72' lang='lat' dir='ltr'><strong>llmc</strong></span> <span class='ocrx_word' id='word_1_698' title='bbox 3410 4347 3527 4384; x_wconf 88' lang='lat' dir='ltr'><strong>orn-</strong></span> 
     </span>
    </p>
   </div>
   <div class='ocr_carea' id='block_1_90' title="bbox 1943 4410 3523 4489">
    <p class='ocr_par' dir='ltr' id='par_1_90' title="bbox 1943 4410 3523 4489">
     <span class='ocr_line' id='line_1_90' title="bbox 1943 4410 3523 4489; baseline 0.009 -28"><span class='ocrx_word' id='word_1_699' title='bbox 1943 4410 2068 4464; x_wconf 90' lang='lat' dir='ltr'><strong>niuo</strong></span> <span class='ocrx_word' id='word_1_700' title='bbox 2097 4410 2484 4478; x_wconf 76' lang='lat' dir='ltr'><strong>imprenitentia</strong></span> <span class='ocrx_word' id='word_1_701' title='bbox 2518 4427 2620 4464; x_wconf 92' lang='lat' dir='ltr'><strong>non</strong></span> <span class='ocrx_word' id='word_1_702' title='bbox 2655 4412 2815 4466; x_wconf 79' lang='lat' dir='ltr'><strong>habet</strong></span> <span class='ocrx_word' id='word_1_703' title='bbox 2847 4414 3221 4471; x_wconf 76' lang='lat' dir='ltr'><strong>remissionem</strong></span> <span class='ocrx_word' id='word_1_704' title='bbox 3259 4435 3430 4489; x_wconf 90' lang='lat' dir='ltr'><strong>neque</strong></span> <span class='ocrx_word' id='word_1_705' title='bbox 3469 4423 3523 4476; x_wconf 91' lang='lat' dir='ltr'><strong>in</strong></span> 
     </span>
    </p>
   </div>
   <div class='ocr_carea' id='block_1_91' title="bbox 239 4488 3529 4581">
    <p class='ocr_par' dir='ltr' id='par_1_91' title="bbox 239 4488 3529 4581">
     <span class='ocr_line' id='line_1_91' title="bbox 239 4488 3529 4581; baseline 0.003 -27"><span class='ocrx_word' id='word_1_706' title='bbox 239 4502 379 4555; x_wconf 87' lang='lat' dir='ltr'><strong>tiarn</strong></span> <span class='ocrx_word' id='word_1_707' title='bbox 440 4516 620 4555; x_wconf 87' lang='lat' dir='ltr'><strong>veram</strong></span> <span class='ocrx_word' id='word_1_708' title='bbox 674 4501 1074 4579; x_wconf 87' lang='lat' dir='ltr'><strong>terribilemque</strong></span> <span class='ocrx_word' id='word_1_709' title='bbox 1124 4503 1479 4571; x_wconf 63' lang='lat' dir='ltr'><strong>deprompsit.</strong></span> <span class='ocrx_word' id='word_1_710' title='bbox 1533 4504 1636 4558; x_wconf 85' lang='lat' dir='ltr'><strong>Pro</strong></span> <span class='ocrx_word' id='word_1_711' title='bbox 1674 4517 1832 4572; x_wconf 87' lang='lat' dir='ltr'><strong>eaptu</strong></span> <span class='ocrx_word' id='word_1_712' title='bbox 1866 4488 1917 4546; x_wconf 87' lang='grc' dir='ltr'><strong>Ῑ)</strong></span> <span class='ocrx_word' id='word_1_713' title='bbox 1947 4502 2045 4555; x_wconf 85' lang='lat' dir='ltr'><strong>hoc</strong></span> <span class='ocrx_word' id='word_1_714' title='bbox 2066 4502 2261 4555; x_wconf 72' lang='lat' dir='ltr'><strong>smcnlo</strong></span> <span class='ocrx_word' id='word_1_715' title='bbox 2289 4516 2461 4571; x_wconf 76' lang='lat' dir='ltr'><strong>neque</strong></span> <span class='ocrx_word' id='word_1_716' title='bbox 2485 4499 2535 4554; x_wconf 91' lang='lat' dir='ltr'><strong>in</strong></span> <span class='ocrx_word' id='word_1_717' title='bbox 2567 4502 2765 4565; x_wconf 82' lang='lat' dir='ltr'><strong>futuro,</strong></span> <span class='ocrx_word' id='word_1_718' title='bbox 2812 4503 2929 4571; x_wconf 69' lang='lat' dir='ltr'><strong>quin</strong></span> <span class='ocrx_word' id='word_1_719' title='bbox 2964 4505 3273 4573; x_wconf 66' lang='lat' dir='ltr'><strong>paenitentia</strong></span> <span class='ocrx_word' id='word_1_720' title='bbox 3304 4508 3529 4581; x_wconf 87' lang='lat' dir='ltr'><strong>imperat</strong></span> 
     </span>
    </p>
   </div>
   <div class='ocr_carea' id='block_1_92' title="bbox 237 4595 1831 4664">
    <p class='ocr_par' dir='ltr' id='par_1_92' title="bbox 237 4595 1831 4664">
     <span class='ocr_line' id='line_1_92' title="bbox 237 4595 1831 4664; baseline 0.004 -19"><span class='ocrx_word' id='word_1_721' title='bbox 237 4604 462 4657; x_wconf 83' lang='lat' dir='ltr'><strong>nostro,</strong></span> <span class='ocrx_word' id='word_1_722' title='bbox 493 4601 749 4661; x_wconf 85' lang='lat' dir='ltr'><strong>quantum</strong></span> <span class='ocrx_word' id='word_1_723' title='bbox 780 4595 877 4646; x_wconf 66' lang='lat' dir='ltr'><strong>ista</strong></span> <span class='ocrx_word' id='word_1_724' title='bbox 911 4609 1004 4662; x_wconf 91' lang='lat' dir='ltr'><strong>per</strong></span> <span class='ocrx_word' id='word_1_725' title='bbox 1034 4596 1307 4664; x_wconf 85' lang='lat' dir='ltr'><strong>speculum</strong></span> <span class='ocrx_word' id='word_1_726' title='bbox 1360 4598 1489 4650; x_wconf 89' lang='lat' dir='ltr'><strong>etin</strong></span> <span class='ocrx_word' id='word_1_727' title='bbox 1524 4598 1831 4663; x_wconf 71' lang='lat' dir='ltr'><strong>zenigmate,</strong></span> 
     </span>
    </p>
   </div>
   <div class='ocr_carea' id='block_1_93' title="bbox 236 4687 1833 4757">
    <p class='ocr_par' dir='ltr' id='par_1_93' title="bbox 236 4687 1833 4757">
     <span class='ocr_line' id='line_1_93' title="bbox 236 4687 1833 4757; baseline 0.004 -17"><span class='ocrx_word' id='word_1_728' title='bbox 236 4687 559 4757; x_wconf 65' lang='lat' dir='ltr'><strong>prmsertim</strong></span> <span class='ocrx_word' id='word_1_729' title='bbox 604 4687 797 4739; x_wconf 83' lang='lat' dir='ltr'><strong>talibus</strong></span> <span class='ocrx_word' id='word_1_730' title='bbox 823 4689 1007 4755; x_wconf 87' lang='lat' dir='ltr'><strong>quales</strong></span> <span class='ocrx_word' id='word_1_731' title='bbox 1052 4690 1226 4741; x_wconf 81' lang='lat' dir='ltr'><strong>adhuc</strong></span> <span class='ocrx_word' id='word_1_732' title='bbox 1258 4705 1374 4744; x_wconf 90' lang='lat' dir='ltr'><strong>Sttm</strong></span> <span class='ocrx_word' id='word_1_733' title='bbox 1416 4706 1463 4755; x_wconf 92' lang='lat' dir='ltr'><strong>s,</strong></span> <span class='ocrx_word' id='word_1_734' title='bbox 1497 4690 1677 4746; x_wconf 82' lang='lat' dir='ltr'><strong>\idere</strong></span> <span class='ocrx_word' id='word_1_735' title='bbox 1700 4708 1833 4746; x_wconf 85' lang='lat' dir='ltr'><strong>con—</strong></span> 
     </span>
    </p>
   </div>
   <div class='ocr_carea' id='block_1_94' title="bbox 232 4773 1831 4844">
    <p class='ocr_par' dir='ltr' id='par_1_94' title="bbox 232 4773 1831 4844">
     <span class='ocr_line' id='line_1_94' title="bbox 232 4773 1831 4844; baseline 0.002 -14"><span class='ocrx_word' id='word_1_736' title='bbox 232 4776 484 4830; x_wconf 86' lang='lat' dir='ltr'><strong>ceditur.</strong></span> <span class='ocrx_word' id='word_1_737' title='bbox 520 4773 824 4829; x_wconf 87' lang='lat' dir='ltr'><strong>Insinuatur</strong></span> <span class='ocrx_word' id='word_1_738' title='bbox 851 4777 1004 4829; x_wconf 89' lang='lat' dir='ltr'><strong>nobis</strong></span> <span class='ocrx_word' id='word_1_739' title='bbox 1055 4778 1105 4830; x_wconf 93' lang='lat' dir='ltr'><strong>in</strong></span> <span class='ocrx_word' id='word_1_740' title='bbox 1158 4776 1313 4831; x_wconf 80' lang='lat' dir='ltr'><strong>Patre</strong></span> <span class='ocrx_word' id='word_1_741' title='bbox 1341 4780 1657 4844; x_wconf 85' lang='lat' dir='ltr'><strong>auctoritas,</strong></span> <span class='ocrx_word' id='word_1_742' title='bbox 1696 4790 1749 4833; x_wconf 89' lang='lat' dir='ltr'><strong>et</strong></span> <span class='ocrx_word' id='word_1_743' title='bbox 1782 4782 1831 4833; x_wconf 92' lang='lat' dir='ltr'><strong>in</strong></span> 
     </span>
    </p>
   </div>
   <div class='ocr_carea' id='block_1_95' title="bbox 234 4858 1832 4940">
    <p class='ocr_par' dir='ltr' id='par_1_95' title="bbox 234 4858 1832 4940">
     <span class='ocr_line' id='line_1_95' title="bbox 234 4858 1832 4940; baseline 0.003 -19"><span class='ocrx_word' id='word_1_744' title='bbox 234 4868 387 4921; x_wconf 83' lang='lat' dir='ltr'><strong>Filio</strong></span> <span class='ocrx_word' id='word_1_745' title='bbox 419 4867 694 4927; x_wconf 87' lang='lat' dir='ltr'><strong>nativitas,</strong></span> <span class='ocrx_word' id='word_1_746' title='bbox 721 4869 769 4919; x_wconf 92' lang='lat' dir='ltr'><strong>in</strong></span> <span class='ocrx_word' id='word_1_747' title='bbox 802 4870 1001 4933; x_wconf 66' lang='grc' dir='ltr'>διιὶτξιιι</span> <span class='ocrx_word' id='word_1_748' title='bbox 1033 4880 1219 4921; x_wconf 77' lang='lat' dir='ltr'><strong>sancto</strong></span> <span class='ocrx_word' id='word_1_749' title='bbox 1245 4858 1409 4922; x_wconf 62' lang='lat' dir='ltr'><strong>Patris</strong></span> <span class='ocrx_word' id='word_1_750' title='bbox 1437 4871 1494 4923; x_wconf 81' lang='lat' dir='ltr'><strong>Fi</strong></span> <span class='ocrx_word' id='word_1_751' title='bbox 1521 4872 1659 4940; x_wconf 89' lang='lat' dir='ltr'><strong>iique</strong></span> <span class='ocrx_word' id='word_1_752' title='bbox 1686 4888 1832 4927; x_wconf 87' lang='lat' dir='ltr'><strong>corn-</strong></span> 
     </span>
    </p>
   </div>
   <div class='ocr_carea' id='block_1_96' title="bbox 232 4956 1832 5029">
    <p class='ocr_par' dir='ltr' id='par_1_96' title="bbox 232 4956 1832 5029">
     <span class='ocr_line' id='line_1_96' title="bbox 232 4956 1832 5029; baseline 0.005 -20"><span class='ocrx_word' id='word_1_753' title='bbox 232 4957 508 5015; x_wconf 88' lang='lat' dir='ltr'><strong>nrunitas.</strong></span> <span class='ocrx_word' id='word_1_754' title='bbox 557 4956 607 5010; x_wconf 91' lang='lat' dir='ltr'><strong>in</strong></span> <span class='ocrx_word' id='word_1_755' title='bbox 654 4957 822 5010; x_wconf 88' lang='lat' dir='ltr'><strong>tribus</strong></span> <span class='ocrx_word' id='word_1_756' title='bbox 869 4957 1167 5025; x_wconf 65' lang='lat' dir='ltr'><strong>a&#39;qualitas.</strong></span> <span class='ocrx_word' id='word_1_757' title='bbox 1210 4960 1360 5023; x_wconf 82' lang='lat' dir='ltr'><strong>Quod</strong></span> <span class='ocrx_word' id='word_1_758' title='bbox 1393 4978 1518 5029; x_wconf 79' lang='lat' dir='ltr'><strong>ergo</strong></span> <span class='ocrx_word' id='word_1_759' title='bbox 1551 4978 1832 5017; x_wconf 83' lang='lat' dir='ltr'><strong>cornmune</strong></span> 
     </span>
    </p>
   </div>
   <div class='ocr_carea' id='block_1_97' title="bbox 229 5049 1829 5127">
    <p class='ocr_par' dir='ltr' id='par_1_97' title="bbox 229 5049 1829 5127">
     <span class='ocr_line' id='line_1_97' title="bbox 229 5049 1829 5127; baseline 0.003 -25"><span class='ocrx_word' id='word_1_760' title='bbox 229 5060 322 5104; x_wconf 86' lang='lat' dir='ltr'><strong>est</strong></span> <span class='ocrx_word' id='word_1_761' title='bbox 358 5050 507 5103; x_wconf 81' lang='lat' dir='ltr'><strong>Patri</strong></span> <span class='ocrx_word' id='word_1_762' title='bbox 541 5059 593 5102; x_wconf 89' lang='lat' dir='ltr'><strong>ct</strong></span> <span class='ocrx_word' id='word_1_763' title='bbox 624 5049 784 5113; x_wconf 85' lang='lat' dir='ltr'><strong>Filio,</strong></span> <span class='ocrx_word' id='word_1_764' title='bbox 814 5067 904 5116; x_wconf 76' lang='lat' dir='ltr'><strong>per</strong></span> <span class='ocrx_word' id='word_1_765' title='bbox 937 5053 1033 5103; x_wconf 81' lang='lat' dir='ltr'><strong>hoc</strong></span> <span class='ocrx_word' id='word_1_766' title='bbox 1064 5068 1158 5104; x_wconf 88' lang='lat' dir='ltr'><strong>nos</strong></span> <span class='ocrx_word' id='word_1_767' title='bbox 1192 5054 1356 5105; x_wconf 80' lang='lat' dir='ltr'><strong>voluit</strong></span> <span class='ocrx_word' id='word_1_768' title='bbox 1385 5053 1706 5127; x_wconf 78' lang='lat' dir='ltr'><strong>[vozuerunt]</strong></span> <span class='ocrx_word' id='word_1_769' title='bbox 1735 5056 1829 5109; x_wconf 89' lang='lat' dir='ltr'><strong>ha-</strong></span> 
     </span>
    </p>
   </div>
   <div class='ocr_carea' id='block_1_98' title="bbox 232 5141 1831 5211">
    <p class='ocr_par' dir='ltr' id='par_1_98' title="bbox 232 5141 1831 5211">
     <span class='ocr_line' id='line_1_98' title="bbox 232 5141 1831 5211; baseline 0 -16"><span class='ocrx_word' id='word_1_770' title='bbox 232 5142 383 5195; x_wconf 85' lang='lat' dir='ltr'><strong>bere</strong></span> <span class='ocrx_word' id='word_1_771' title='bbox 415 5141 947 5203; x_wconf 86' lang='lat' dir='ltr'><strong>comrnunionern,et</strong></span> <span class='ocrx_word' id='word_1_772' title='bbox 979 5141 1115 5192; x_wconf 85' lang='lat' dir='ltr'><strong>inter</strong></span> <span class='ocrx_word' id='word_1_773' title='bbox 1144 5158 1235 5192; x_wconf 83' lang='lat' dir='ltr'><strong>nos</strong></span> <span class='ocrx_word' id='word_1_774' title='bbox 1263 5152 1310 5195; x_wconf 91' lang='lat' dir='ltr'><strong>ct</strong></span> <span class='ocrx_word' id='word_1_775' title='bbox 1339 5156 1417 5205; x_wconf 43' lang='lat' dir='ltr'><strong>ser,</strong></span> <span class='ocrx_word' id='word_1_776' title='bbox 1443 5160 1559 5195; x_wconf 85' lang='lat' dir='ltr'><strong>cum</strong></span> <span class='ocrx_word' id='word_1_777' title='bbox 1593 5161 1684 5211; x_wconf 90' lang='lat' dir='ltr'><strong>per</strong></span> <span class='ocrx_word' id='word_1_778' title='bbox 1706 5144 1831 5196; x_wconf 83' lang='lat' dir='ltr'><strong>illud</strong></span> 
     </span>
    </p>
   </div>
   <div class='ocr_carea' id='block_1_99' title="bbox 226 5231 1833 5302">
    <p class='ocr_par' dir='ltr' id='par_1_99' title="bbox 226 5231 1833 5302">
     <span class='ocr_line' id='line_1_99' title="bbox 226 5231 1833 5302; baseline -0.001 -14"><span class='ocrx_word' id='word_1_779' title='bbox 226 5235 452 5288; x_wconf 81' lang='lat' dir='ltr'><strong>domrm</strong></span> <span class='ocrx_word' id='word_1_780' title='bbox 500 5247 597 5286; x_wconf 89' lang='lat' dir='ltr'><strong>nos</strong></span> <span class='ocrx_word' id='word_1_781' title='bbox 648 5231 903 5302; x_wconf 78' lang='lat' dir='ltr'><strong>colligere</strong></span> <span class='ocrx_word' id='word_1_782' title='bbox 952 5232 1005 5286; x_wconf 92' lang='lat' dir='ltr'><strong>in</strong></span> <span class='ocrx_word' id='word_1_783' title='bbox 1049 5249 1209 5286; x_wconf 88' lang='lat' dir='ltr'><strong>nnunr</strong></span> <span class='ocrx_word' id='word_1_784' title='bbox 1262 5234 1401 5301; x_wconf 87' lang='lat' dir='ltr'><strong>quorl</strong></span> <span class='ocrx_word' id='word_1_785' title='bbox 1433 5243 1591 5287; x_wconf 60' lang='lat' dir='ltr'><strong>ambo</strong></span> <span class='ocrx_word' id='word_1_786' title='bbox 1635 5236 1833 5289; x_wconf 86' lang='lat' dir='ltr'><strong>habent</strong></span> 
     </span>
    </p>
   </div>
   <div class='ocr_carea' id='block_1_100' title="bbox 228 5325 1830 5393">
    <p class='ocr_par' dir='ltr' id='par_1_100' title="bbox 228 5325 1830 5393">
     <span class='ocr_line' id='line_1_100' title="bbox 228 5325 1830 5393; baseline 0.001 -14"><span class='ocrx_word' id='word_1_787' title='bbox 228 5342 442 5390; x_wconf 82' lang='lat' dir='ltr'><strong>unum,</strong></span> <span class='ocrx_word' id='word_1_788' title='bbox 471 5328 570 5378; x_wconf 89' lang='lat' dir='ltr'><strong>hoc</strong></span> <span class='ocrx_word' id='word_1_789' title='bbox 595 5336 677 5377; x_wconf 85' lang='lat' dir='ltr'><strong>est</strong></span> <span class='ocrx_word' id='word_1_790' title='bbox 701 5339 793 5392; x_wconf 88' lang='lat' dir='ltr'><strong>per</strong></span> <span class='ocrx_word' id='word_1_791' title='bbox 819 5325 1075 5393; x_wconf 88' lang='lat' dir='ltr'><strong>Spiritum</strong></span> <span class='ocrx_word' id='word_1_792' title='bbox 1103 5336 1341 5379; x_wconf 87' lang='lat' dir='ltr'><strong>sanetum</strong></span> <span class='ocrx_word' id='word_1_793' title='bbox 1367 5326 1529 5381; x_wconf 86' lang='lat' dir='ltr'><strong>Deum</strong></span> <span class='ocrx_word' id='word_1_794' title='bbox 1555 5340 1607 5381; x_wconf 90' lang='lat' dir='ltr'><strong>et</strong></span> <span class='ocrx_word' id='word_1_795' title='bbox 1630 5328 1830 5382; x_wconf 89' lang='lat' dir='ltr'><strong>donum</strong></span> 
     </span>
    </p>
   </div>
   <div class='ocr_carea' id='block_1_101' title="bbox 227 5417 1839 5489">
    <p class='ocr_par' dir='ltr' id='par_1_101' title="bbox 227 5417 1839 5489">
     <span class='ocr_line' id='line_1_101' title="bbox 227 5417 1839 5489; baseline 0.001 -15"><span class='ocrx_word' id='word_1_796' title='bbox 227 5419 368 5474; x_wconf 83' lang='lat' dir='ltr'><strong>Dei.</strong></span> <span class='ocrx_word' id='word_1_797' title='bbox 407 5417 462 5471; x_wconf 92' lang='lat' dir='ltr'><strong>In</strong></span> <span class='ocrx_word' id='word_1_798' title='bbox 494 5417 593 5471; x_wconf 90' lang='lat' dir='ltr'><strong>hoc</strong></span> <span class='ocrx_word' id='word_1_799' title='bbox 624 5418 768 5471; x_wconf 88' lang='lat' dir='ltr'><strong>enim</strong></span> <span class='ocrx_word' id='word_1_800' title='bbox 803 5418 952 5471; x_wconf 89' lang='lat' dir='ltr'><strong>Divin</strong></span> <span class='ocrx_word' id='word_1_801' title='bbox 980 5419 1073 5472; x_wconf 91' lang='lat' dir='ltr'><strong>tati</strong></span> <span class='ocrx_word' id='word_1_802' title='bbox 1107 5420 1516 5473; x_wconf 77' lang='lat' dir='ltr'><strong>reconciliantur</strong></span> <span class='ocrx_word' id='word_1_803' title='bbox 1543 5437 1713 5489; x_wconf 90' lang='lat' dir='ltr'><strong>eaque</strong></span> <span class='ocrx_word' id='word_1_804' title='bbox 1744 5423 1839 5475; x_wconf 81' lang='lat' dir='ltr'><strong>de-</strong></span> 
     </span>
    </p>
   </div>
   <div class='ocr_carea' id='block_1_102' title="bbox 231 5506 1838 5581">
    <p class='ocr_par' dir='ltr' id='par_1_102' title="bbox 231 5506 1838 5581">
     <span class='ocr_line' id='line_1_102' title="bbox 231 5506 1838 5581; baseline 0.004 -19"><span class='ocrx_word' id='word_1_805' title='bbox 231 5510 541 5562; x_wconf 80' lang='lat' dir='ltr'><strong>leCtamur.</strong></span> <span class='ocrx_word' id='word_1_806' title='bbox 571 5508 702 5561; x_wconf 74' lang='lat' dir='ltr'><strong>Nam</strong></span> <span class='ocrx_word' id='word_1_807' title='bbox 736 5508 859 5577; x_wconf 88' lang='lat' dir='ltr'><strong>quid</strong></span> <span class='ocrx_word' id='word_1_808' title='bbox 895 5506 1057 5563; x_wconf 81' lang='lat' dir='ltr'><strong>nobis</strong></span> <span class='ocrx_word' id='word_1_809' title='bbox 1092 5510 1371 5577; x_wconf 85' lang='lat' dir='ltr'><strong>prodesset</strong></span> <span class='ocrx_word' id='word_1_810' title='bbox 1420 5512 1677 5581; x_wconf 89' lang='lat' dir='ltr'><strong>quidquid</strong></span> <span class='ocrx_word' id='word_1_811' title='bbox 1717 5515 1838 5569; x_wconf 86' lang='lat' dir='ltr'><strong>boni</strong></span> 
     </span>
    </p>
   </div>
   <div class='ocr_carea' id='block_1_103' title="bbox 226 5600 1841 5671">
    <p class='ocr_par' dir='ltr' id='par_1_103' title="bbox 226 5600 1841 5671">
     <span class='ocr_line' id='line_1_103' title="bbox 226 5600 1841 5671; baseline 0.004 -17"><span class='ocrx_word' id='word_1_812' title='bbox 226 5614 558 5659; x_wconf 78' lang='lat' dir='ltr'><strong>nossemus.</strong></span> <span class='ocrx_word' id='word_1_813' title='bbox 584 5600 683 5653; x_wconf 76' lang='lat' dir='ltr'><strong>nisi</strong></span> <span class='ocrx_word' id='word_1_814' title='bbox 708 5602 866 5654; x_wconf 87' lang='lat' dir='ltr'><strong>etiam</strong></span> <span class='ocrx_word' id='word_1_815' title='bbox 895 5601 1274 5671; x_wconf 83' lang='lat' dir='ltr'><strong>diligeremus?</strong></span> <span class='ocrx_word' id='word_1_816' title='bbox 1314 5603 1464 5658; x_wconf 91' lang='lat' dir='ltr'><strong>Sicut</strong></span> <span class='ocrx_word' id='word_1_817' title='bbox 1491 5615 1669 5659; x_wconf 88' lang='lat' dir='ltr'><strong>autem</strong></span> <span class='ocrx_word' id='word_1_818' title='bbox 1700 5608 1841 5660; x_wconf 79' lang='lat' dir='ltr'><strong>veri—</strong></span> 
     </span>
    </p>
   </div>
   <div class='ocr_carea' id='block_1_104' title="bbox 235 5690 1841 5768">
    <p class='ocr_par' dir='ltr' id='par_1_104' title="bbox 235 5690 1841 5768">
     <span class='ocr_line' id='line_1_104' title="bbox 235 5690 1841 5768; baseline 0.007 -24"><span class='ocrx_word' id='word_1_819' title='bbox 235 5702 363 5744; x_wconf 85' lang='lat' dir='ltr'><strong>tate</strong></span> <span class='ocrx_word' id='word_1_820' title='bbox 398 5692 668 5756; x_wconf 84' lang='lat' dir='ltr'><strong>discimus,</strong></span> <span class='ocrx_word' id='word_1_821' title='bbox 705 5695 770 5746; x_wconf 76' lang='lat' dir='ltr'><strong>ita</strong></span> <span class='ocrx_word' id='word_1_822' title='bbox 805 5694 1071 5749; x_wconf 85' lang='lat' dir='ltr'><strong>eharitate</strong></span> <span class='ocrx_word' id='word_1_823' title='bbox 1111 5690 1383 5765; x_wconf 76' lang='lat' dir='ltr'><strong>diligimus</strong></span> <span class='ocrx_word' id='word_1_824' title='bbox 1430 5710 1483 5751; x_wconf 93' lang='lat' dir='ltr'><strong>ut</strong></span> <span class='ocrx_word' id='word_1_825' title='bbox 1537 5708 1588 5754; x_wconf 91' lang='lat' dir='ltr'><strong>et</strong></span> <span class='ocrx_word' id='word_1_826' title='bbox 1630 5699 1841 5768; x_wconf 84' lang='lat' dir='ltr'><strong>plenius</strong></span> 
     </span>
    </p>
   </div>
   <div class='ocr_carea' id='block_1_105' title="bbox 542 5808 1033 5870">
    <p class='ocr_par' dir='ltr' id='par_1_105' title="bbox 542 5808 1033 5870">
     <span class='ocr_line' id='line_1_105' title="bbox 542 5808 1033 5870; baseline -0.002 0"><span class='ocrx_word' id='word_1_827' title='bbox 542 5809 805 5870; x_wconf 62' lang='lat' dir='ltr'><strong>PATROL</strong></span> <span class='ocrx_word' id='word_1_828' title='bbox 844 5808 1033 5870; x_wconf 75' lang='lat' dir='ltr'><strong>LXII.</strong></span> 
     </span>
    </p>
   </div>
   <div class='ocr_carea' id='block_1_106' title="bbox 1945 4592 3528 4670">
    <p class='ocr_par' dir='ltr' id='par_1_106' title="bbox 1945 4592 3528 4670">
     <span class='ocr_line' id='line_1_106' title="bbox 1945 4592 3528 4670; baseline 0.009 -21"><span class='ocrx_word' id='word_1_829' title='bbox 1945 4592 2243 4665; x_wconf 78' lang='lat' dir='ltr'><strong>lirnpetrat]</strong></span> <span class='ocrx_word' id='word_1_830' title='bbox 2276 4599 2647 4649; x_wconf 71' lang='lat' dir='ltr'><strong>renizssionrm</strong></span> <span class='ocrx_word' id='word_1_831' title='bbox 2680 4598 2730 4650; x_wconf 91' lang='lat' dir='ltr'><strong>in</strong></span> <span class='ocrx_word' id='word_1_832' title='bbox 2766 4598 2866 4653; x_wconf 89' lang='lat' dir='ltr'><strong>hoc</strong></span> <span class='ocrx_word' id='word_1_833' title='bbox 2892 4600 3089 4654; x_wconf 69' lang='lat' dir='ltr'><strong>stmulo</strong></span> <span class='ocrx_word' id='word_1_834' title='bbox 3130 4619 3247 4670; x_wconf 74' lang='lat' dir='ltr'><strong>qua:</strong></span> <span class='ocrx_word' id='word_1_835' title='bbox 3281 4606 3449 4661; x_wconf 81' lang='lat' dir='ltr'><strong>Valeat</strong></span> <span class='ocrx_word' id='word_1_836' title='bbox 3475 4610 3528 4663; x_wconf 90' lang='lat' dir='ltr'><strong>in</strong></span> 
     </span>
    </p>
   </div>
   <div class='ocr_carea' id='block_1_107' title="bbox 1943 4690 3524 4766">
    <p class='ocr_par' dir='ltr' id='par_1_107' title="bbox 1943 4690 3524 4766">
     <span class='ocr_line' id='line_1_107' title="bbox 1943 4690 3524 4766; baseline 0.008 -22"><span class='ocrx_word' id='word_1_837' title='bbox 1943 4690 2139 4744; x_wconf 80' lang='lat' dir='ltr'><strong>futuro.</strong></span> <span class='ocrx_word' id='word_1_838' title='bbox 2188 4692 2291 4745; x_wconf 85' lang='lat' dir='ltr'><strong>Sed</strong></span> <span class='ocrx_word' id='word_1_839' title='bbox 2338 4694 2429 4745; x_wconf 85' lang='lat' dir='ltr'><strong>ista</strong></span> <span class='ocrx_word' id='word_1_840' title='bbox 2466 4693 2852 4760; x_wconf 71' lang='lat' dir='ltr'><strong>ittlptBttilr&#39;ltlia</strong></span> <span class='ocrx_word' id='word_1_841' title='bbox 2890 4696 2969 4749; x_wconf 89' lang='lat' dir='ltr'><strong>vel</strong></span> <span class='ocrx_word' id='word_1_842' title='bbox 3031 4710 3127 4750; x_wconf 90' lang='lat' dir='ltr'><strong>cor</strong></span> <span class='ocrx_word' id='word_1_843' title='bbox 3175 4699 3524 4766; x_wconf 76' lang='lat' dir='ltr'><strong>irnpmnitens</strong></span> 
     </span>
    </p>
   </div>
   <div class='ocr_carea' id='block_1_108' title="bbox 1943 4783 3531 4862">
    <p class='ocr_par' dir='ltr' id='par_1_108' title="bbox 1943 4783 3531 4862">
     <span class='ocr_line' id='line_1_108' title="bbox 1943 4783 3531 4862; baseline 0.009 -29"><span class='ocrx_word' id='word_1_844' title='bbox 1943 4783 2177 4851; x_wconf 88' lang='lat' dir='ltr'><strong>qrramlin</strong></span> <span class='ocrx_word' id='word_1_845' title='bbox 2206 4783 2431 4853; x_wconf 86' lang='lat' dir='ltr'><strong>quisque</strong></span> <span class='ocrx_word' id='word_1_846' title='bbox 2484 4786 2533 4836; x_wconf 90' lang='lat' dir='ltr'><strong>in</strong></span> <span class='ocrx_word' id='word_1_847' title='bbox 2562 4785 2657 4837; x_wconf 90' lang='lat' dir='ltr'><strong>hac</strong></span> <span class='ocrx_word' id='word_1_848' title='bbox 2686 4802 2850 4841; x_wconf 85' lang='lat' dir='ltr'><strong>car-nc</strong></span> <span class='ocrx_word' id='word_1_849' title='bbox 2899 4786 3021 4840; x_wconf 72' lang='lat' dir='ltr'><strong>vivit</strong></span> <span class='ocrx_word' id='word_1_850' title='bbox 3066 4803 3171 4842; x_wconf 89' lang='lat' dir='ltr'><strong>non</strong></span> <span class='ocrx_word' id='word_1_851' title='bbox 3198 4793 3531 4862; x_wconf 86' lang='lat' dir='ltr'><strong>potestjudi-</strong></span> 
     </span>
    </p>
   </div>
   <div class='ocr_carea' id='block_1_109' title="bbox 1942 4875 3528 4952">
    <p class='ocr_par' dir='ltr' id='par_1_109' title="bbox 1942 4875 3528 4952">
     <span class='ocr_line' id='line_1_109' title="bbox 1942 4875 3528 4952; baseline 0.009 -28"><span class='ocrx_word' id='word_1_852' title='bbox 1942 4875 2073 4927; x_wconf 85' lang='lat' dir='ltr'><strong>cari.</strong></span> <span class='ocrx_word' id='word_1_853' title='bbox 2110 4876 2181 4928; x_wconf 90' lang='lat' dir='ltr'><strong>De</strong></span> <span class='ocrx_word' id='word_1_854' title='bbox 2211 4876 2355 4928; x_wconf 88' lang='lat' dir='ltr'><strong>mrllo</strong></span> <span class='ocrx_word' id='word_1_855' title='bbox 2387 4875 2529 4929; x_wconf 86' lang='lat' dir='ltr'><strong>enim</strong></span> <span class='ocrx_word' id='word_1_856' title='bbox 2570 4876 2964 4941; x_wconf 64' lang='lat' dir='ltr'><strong>desjierandurn</strong></span> <span class='ocrx_word' id='word_1_857' title='bbox 2995 4888 3095 4944; x_wconf 88' lang='lat' dir='ltr'><strong>est,</strong></span> <span class='ocrx_word' id='word_1_858' title='bbox 3146 4882 3384 4949; x_wconf 86' lang='lat' dir='ltr'><strong>quandiu</strong></span> <span class='ocrx_word' id='word_1_859' title='bbox 3437 4899 3528 4952; x_wconf 85' lang='lat' dir='ltr'><strong>pa-</strong></span> 
     </span>
    </p>
   </div>
   <div class='ocr_carea' id='block_1_110' title="bbox 1942 4966 3525 5037">
    <p class='ocr_par' dir='ltr' id='par_1_110' title="bbox 1942 4966 3525 5037">
     <span class='ocr_line' id='line_1_110' title="bbox 1942 4966 3525 5037; baseline 0.006 -18"><span class='ocrx_word' id='word_1_860' title='bbox 1942 4966 2123 5019; x_wconf 75' lang='lat' dir='ltr'><strong>tintia</strong></span> <span class='ocrx_word' id='word_1_861' title='bbox 2154 4967 2248 5020; x_wconf 89' lang='lat' dir='ltr'><strong>Dei</strong></span> <span class='ocrx_word' id='word_1_862' title='bbox 2278 4967 2342 5019; x_wconf 88' lang='lat' dir='ltr'><strong>ad</strong></span> <span class='ocrx_word' id='word_1_863' title='bbox 2377 4968 2743 5036; x_wconf 58' lang='lat' dir='ltr'><strong>pretiitentiam</strong></span> <span class='ocrx_word' id='word_1_864' title='bbox 2777 4968 3012 5037; x_wconf 88' lang='lat' dir='ltr'><strong>adducit,</strong></span> <span class='ocrx_word' id='word_1_865' title='bbox 3047 4988 3145 5026; x_wconf 88' lang='lat' dir='ltr'><strong>nec</strong></span> <span class='ocrx_word' id='word_1_866' title='bbox 3185 4973 3253 5029; x_wconf 88' lang='lat' dir='ltr'><strong>de</strong></span> <span class='ocrx_word' id='word_1_867' title='bbox 3290 4975 3388 5030; x_wconf 84' lang='lat' dir='ltr'><strong>hac</strong></span> <span class='ocrx_word' id='word_1_868' title='bbox 3418 4978 3525 5030; x_wconf 85' lang='lat' dir='ltr'><strong>vita</strong></span> 
     </span>
    </p>
   </div>
   <div class='ocr_carea' id='block_1_111' title="bbox 1943 5059 3529 5136">
    <p class='ocr_par' dir='ltr' id='par_1_111' title="bbox 1943 5059 3529 5136">
     <span class='ocr_line' id='line_1_111' title="bbox 1943 5059 3529 5136; baseline 0.006 -24"><span class='ocrx_word' id='word_1_869' title='bbox 1943 5060 2081 5126; x_wconf 88' lang='lat' dir='ltr'><strong>rapit</strong></span> <span class='ocrx_word' id='word_1_870' title='bbox 2106 5059 2323 5126; x_wconf 90' lang='lat' dir='ltr'><strong>impium</strong></span> <span class='ocrx_word' id='word_1_871' title='bbox 2346 5061 2434 5129; x_wconf 91' lang='lat' dir='ltr'><strong>qui</strong></span> <span class='ocrx_word' id='word_1_872' title='bbox 2463 5078 2566 5114; x_wconf 90' lang='lat' dir='ltr'><strong>non</strong></span> <span class='ocrx_word' id='word_1_873' title='bbox 2596 5061 2708 5115; x_wconf 90' lang='lat' dir='ltr'><strong>vult</strong></span> <span class='ocrx_word' id='word_1_874' title='bbox 2732 5076 2959 5117; x_wconf 84' lang='lat' dir='ltr'><strong>mortem</strong></span> <span class='ocrx_word' id='word_1_875' title='bbox 3014 5064 3159 5134; x_wconf 88' lang='lat' dir='ltr'><strong>impii</strong></span> <span class='ocrx_word' id='word_1_876' title='bbox 3192 5078 3445 5136; x_wconf 88' lang='lat' dir='ltr'><strong>quantum</strong></span> <span class='ocrx_word' id='word_1_877' title='bbox 3470 5078 3529 5122; x_wconf 88' lang='lat' dir='ltr'><strong>ut</strong></span> 
     </span>
    </p>
   </div>
   <div class='ocr_carea' id='block_1_112' title="bbox 1948 5152 3527 5221">
    <p class='ocr_par' dir='ltr' id='par_1_112' title="bbox 1948 5152 3527 5221">
     <span class='ocr_line' id='line_1_112' title="bbox 1948 5152 3527 5221; baseline 0.008 -21"><span class='ocrx_word' id='word_1_878' title='bbox 1948 5158 2247 5202; x_wconf 71' lang='lat' dir='ltr'><strong>revertatur</strong></span> <span class='ocrx_word' id='word_1_879' title='bbox 2290 5159 2343 5203; x_wconf 91' lang='lat' dir='ltr'><strong>et</strong></span> <span class='ocrx_word' id='word_1_880' title='bbox 2393 5152 2551 5204; x_wconf 83' lang='lat' dir='ltr'><strong>vivat.</strong></span> <span class='ocrx_word' id='word_1_881' title='bbox 2601 5152 2847 5221; x_wconf 82' lang='lat' dir='ltr'><strong>Paganns</strong></span> <span class='ocrx_word' id='word_1_882' title='bbox 2876 5165 2958 5209; x_wconf 89' lang='lat' dir='ltr'><strong>est</strong></span> <span class='ocrx_word' id='word_1_883' title='bbox 3008 5154 3183 5220; x_wconf 69' lang='lat' dir='ltr'><strong>hodie,</strong></span> <span class='ocrx_word' id='word_1_884' title='bbox 3235 5159 3374 5212; x_wconf 90' lang='lat' dir='ltr'><strong>unde</strong></span> <span class='ocrx_word' id='word_1_885' title='bbox 3421 5158 3527 5213; x_wconf 88' lang='lat' dir='ltr'><strong>scis</strong></span> 
     </span>
    </p>
   </div>
   <div class='ocr_carea' id='block_1_113' title="bbox 1948 5240 3528 5302">
    <p class='ocr_par' dir='ltr' id='par_1_113' title="bbox 1948 5240 3528 5302">
     <span class='ocr_line' id='line_1_113' title="bbox 1948 5240 3528 5302; baseline 0.007 -11"><span class='ocrx_word' id='word_1_886' title='bbox 1948 5251 2123 5293; x_wconf 88' lang='lat' dir='ltr'><strong>ntrnrn</strong></span> <span class='ocrx_word' id='word_1_887' title='bbox 2158 5240 2221 5293; x_wconf 68' lang='lat' dir='ltr'><strong>sit</strong></span> <span class='ocrx_word' id='word_1_888' title='bbox 2257 5241 2465 5296; x_wconf 83' lang='lat' dir='ltr'><strong>iuturus</strong></span> <span class='ocrx_word' id='word_1_889' title='bbox 2523 5244 2756 5298; x_wconf 76' lang='lat' dir='ltr'><strong>crastino</strong></span> <span class='ocrx_word' id='word_1_890' title='bbox 2798 5244 3172 5300; x_wconf 87' lang='lat' dir='ltr'><strong>Christianus?</strong></span> <span class='ocrx_word' id='word_1_891' title='bbox 3201 5248 3417 5301; x_wconf 57' lang='lat' dir='ltr'><strong>Judaeus</strong></span> <span class='ocrx_word' id='word_1_892' title='bbox 3446 5262 3528 5302; x_wconf 72' lang='grc' dir='ltr'><strong>εει</strong></span> 
     </span>
    </p>
   </div>
   <div class='ocr_carea' id='block_1_114' title="bbox 1951 5333 3527 5405">
    <p class='ocr_par' dir='ltr' id='par_1_114' title="bbox 1951 5333 3527 5405">
     <span class='ocr_line' id='line_1_114' title="bbox 1951 5333 3527 5405; baseline 0.006 -19"><span class='ocrx_word' id='word_1_893' title='bbox 1951 5334 2183 5387; x_wconf 79' lang='lat' dir='ltr'><strong>inﬁdelis</strong></span> <span class='ocrx_word' id='word_1_894' title='bbox 2209 5333 2387 5396; x_wconf 82' lang='lat' dir='ltr'><strong>hodie,</strong></span> <span class='ocrx_word' id='word_1_895' title='bbox 2413 5335 2537 5405; x_wconf 88' lang='lat' dir='ltr'><strong>quid</strong></span> <span class='ocrx_word' id='word_1_896' title='bbox 2565 5338 2607 5388; x_wconf 85' lang='lat' dir='ltr'><strong>si</strong></span> <span class='ocrx_word' id='word_1_897' title='bbox 2631 5353 2749 5391; x_wconf 73' lang='lat' dir='ltr'><strong>cras</strong></span> <span class='ocrx_word' id='word_1_898' title='bbox 2774 5340 2960 5392; x_wconf 88' lang='lat' dir='ltr'><strong>credat</strong></span> <span class='ocrx_word' id='word_1_899' title='bbox 2999 5340 3047 5392; x_wconf 94' lang='lat' dir='ltr'><strong>in</strong></span> <span class='ocrx_word' id='word_1_900' title='bbox 3080 5339 3382 5393; x_wconf 85' lang='lat' dir='ltr'><strong>Christum?</strong></span> <span class='ocrx_word' id='word_1_901' title='bbox 3406 5340 3527 5396; x_wconf 75' lang='lat' dir='ltr'><strong>lla:-</strong></span> 
     </span>
    </p>
   </div>
   <div class='ocr_carea' id='block_1_115' title="bbox 1950 5425 3524 5500">
    <p class='ocr_par' dir='ltr' id='par_1_115' title="bbox 1950 5425 3524 5500">
     <span class='ocr_line' id='line_1_115' title="bbox 1950 5425 3524 5500; baseline 0.006 -24"><span class='ocrx_word' id='word_1_902' title='bbox 1950 5426 2148 5479; x_wconf 85' lang='lat' dir='ltr'><strong>reticus</strong></span> <span class='ocrx_word' id='word_1_903' title='bbox 2180 5436 2263 5479; x_wconf 89' lang='lat' dir='ltr'><strong>est</strong></span> <span class='ocrx_word' id='word_1_904' title='bbox 2293 5425 2475 5493; x_wconf 86' lang='lat' dir='ltr'><strong>hodie,</strong></span> <span class='ocrx_word' id='word_1_905' title='bbox 2508 5429 2632 5495; x_wconf 89' lang='lat' dir='ltr'><strong>quid</strong></span> <span class='ocrx_word' id='word_1_906' title='bbox 2675 5430 2718 5483; x_wconf 89' lang='lat' dir='ltr'><strong>si</strong></span> <span class='ocrx_word' id='word_1_907' title='bbox 2772 5445 2893 5483; x_wconf 85' lang='lat' dir='ltr'><strong>cras</strong></span> <span class='ocrx_word' id='word_1_908' title='bbox 2940 5429 3180 5496; x_wconf 87' lang='lat' dir='ltr'><strong>sequitur</strong></span> <span class='ocrx_word' id='word_1_909' title='bbox 3228 5428 3524 5500; x_wconf 70' lang='lat' dir='ltr'><strong>[si-quatan</strong></span> 
     </span>
    </p>
   </div>
   <div class='ocr_carea' id='block_1_116' title="bbox 1951 5517 3523 5592">
    <p class='ocr_par' dir='ltr' id='par_1_116' title="bbox 1951 5517 3523 5592">
     <span class='ocr_line' id='line_1_116' title="bbox 1951 5517 3523 5592; baseline 0.005 -22"><span class='ocrx_word' id='word_1_910' title='bbox 1951 5517 2265 5571; x_wconf 86' lang='lat' dir='ltr'><strong>catholicam</strong></span> <span class='ocrx_word' id='word_1_911' title='bbox 2299 5521 2618 5573; x_wconf 88' lang='lat' dir='ltr'><strong>veritatem?</strong></span> <span class='ocrx_word' id='word_1_912' title='bbox 2669 5520 3054 5575; x_wconf 87' lang='lat' dir='ltr'><strong>Schismaticus</strong></span> <span class='ocrx_word' id='word_1_913' title='bbox 3083 5530 3162 5573; x_wconf 90' lang='lat' dir='ltr'><strong>est</strong></span> <span class='ocrx_word' id='word_1_914' title='bbox 3188 5521 3368 5589; x_wconf 87' lang='lat' dir='ltr'><strong>hodie,</strong></span> <span class='ocrx_word' id='word_1_915' title='bbox 3401 5524 3523 5592; x_wconf 89' lang='lat' dir='ltr'><strong>quid</strong></span> 
     </span>
    </p>
   </div>
   <div class='ocr_carea' id='block_1_117' title="bbox 1953 5609 3527 5683">
    <p class='ocr_par' dir='ltr' id='par_1_117' title="bbox 1953 5609 3527 5683">
     <span class='ocr_line' id='line_1_117' title="bbox 1953 5609 3527 5683; baseline 0.005 -21"><span class='ocrx_word' id='word_1_916' title='bbox 1953 5610 1991 5662; x_wconf 90' lang='lat' dir='ltr'><strong>si</strong></span> <span class='ocrx_word' id='word_1_917' title='bbox 2017 5626 2133 5664; x_wconf 89' lang='lat' dir='ltr'><strong>cras</strong></span> <span class='ocrx_word' id='word_1_918' title='bbox 2156 5611 2497 5679; x_wconf 87' lang='lat' dir='ltr'><strong>amplectitur</strong></span> <span class='ocrx_word' id='word_1_919' title='bbox 2519 5609 2913 5683; x_wconf 77' lang='lat' dir='ltr'><strong>[amplectatur]</strong></span> <span class='ocrx_word' id='word_1_920' title='bbox 2946 5613 3262 5667; x_wconf 80' lang='lat' dir='ltr'><strong>catholicam</strong></span> <span class='ocrx_word' id='word_1_921' title='bbox 3295 5630 3480 5683; x_wconf 82' lang='lat' dir='ltr'><strong>pacem</strong></span> <span class='ocrx_word' id='word_1_922' title='bbox 3502 5619 3527 5671; x_wconf 82' lang='lat'><strong>?</strong></span> 
     </span>
    </p>
   </div>
   <div class='ocr_carea' id='block_1_118' title="bbox 1954 5704 3526 5781">
    <p class='ocr_par' dir='ltr' id='par_1_118' title="bbox 1954 5704 3526 5781">
     <span class='ocr_line' id='line_1_118' title="bbox 1954 5704 3526 5781; baseline 0.01 -28"><span class='ocrx_word' id='word_1_923' title='bbox 1954 5704 2085 5769; x_wconf 70' lang='lat' dir='ltr'><strong>Quid</strong></span> <span class='ocrx_word' id='word_1_924' title='bbox 2118 5705 2160 5758; x_wconf 87' lang='lat' dir='ltr'><strong>si</strong></span> <span class='ocrx_word' id='word_1_925' title='bbox 2190 5705 2272 5757; x_wconf 76' lang='lat' dir='ltr'><strong>isri</strong></span> <span class='ocrx_word' id='word_1_926' title='bbox 2304 5720 2438 5773; x_wconf 90' lang='lat' dir='ltr'><strong>quos</strong></span> <span class='ocrx_word' id='word_1_927' title='bbox 2463 5705 2512 5759; x_wconf 91' lang='lat' dir='ltr'><strong>iu</strong></span> <span class='ocrx_word' id='word_1_928' title='bbox 2546 5720 2859 5773; x_wconf 87' lang='lat' dir='ltr'><strong>quocunque</strong></span> <span class='ocrx_word' id='word_1_929' title='bbox 2886 5720 3082 5773; x_wconf 81' lang='lat' dir='ltr'><strong>genere</strong></span> <span class='ocrx_word' id='word_1_930' title='bbox 3118 5708 3316 5764; x_wconf 82' lang='lat' dir='ltr'><strong>erroris</strong></span> <span class='ocrx_word' id='word_1_931' title='bbox 3349 5720 3526 5781; x_wconf 78' lang='lat' dir='ltr'><strong>notas,</strong></span> 
     </span>
    </p>
   </div>
   <div class='ocr_carea' id='block_1_119' title="bbox 2974 5819 3050 5880">
    <p class='ocr_par' dir='ltr' id='par_1_119' title="bbox 2974 5819 3050 5880">
     <span class='ocr_line' id='line_1_119' title="bbox 2974 5819 3050 5880; baseline -0.013 0"><span class='ocrx_word' id='word_1_932' title='bbox 2974 5819 3050 5880; x_wconf 66' lang='lat' dir='ltr'><strong>2’s</strong></span> 
     </span>
    </p>
   </div>
  </div>
