3974 6184
350 291 402 344 :9
1476 278 1911 338 'l‘llESAUllL'S.

2017 278 2109 332 ΞΡ.
2151 277 2383 333 CXXIV.

3464 270 3568 323 750

304 406 457 458 Patre
504 401 656 466 dit-it,
706 400 761 454 Si
797 396 1110 454 dimiseritis
1158 404 1371 466 peccata
1417 394 1746 459 hominibus,
1796 391 1875 445 di-
1907 395 1956 454 Α
1987 403 2091 447 tem
2125 379 2354 446 filiorum
2389 393 2478 445 Dei
2519 403 2573 447 et
2605 393 2964 448 membrorum
3013 391 3212 446 Christi
3252 389 3482 442 futuram
3513 387 3562 438 in

304 497 473 548 mittet
497 492 646 546 vobis
675 491 954 562 |et|°llater
985 498 1161 543 vester
1189 496 1404 556 peccata
1430 495 1637 550 vestra;
1660 483 1762 538 cui
1783 496 1886 536 nos

302 597 510 653 quoque
535 582 769 636 dicimus
800 583 852 633 in
883 579 1126 633 oratione
1154 577 1424 632 dominica
1449 600 1464 638 ;
1492 576 1650 631 Pater
1676 586 1880 639 noswr,

303 677 388 744 qni
419 687 479 728 es
512 673 564 727 ιιι
600 672 787 735 εωιιες
820 680 982 740 atque
1027 670 1166 723 inter
1201 681 1394 723 caetera
1425 677 1477 722 et
1508 667 1608 720 hoc
1655 664 1886 732 petimus

303 767 563 826 dicentes,
618 763 836 815 Dzmille
882 759 1036 815 nobis
1079 760 1257 814 debita
1307 772 1509 812 llOSll'a.
1555 757 1629 811 De
1664 757 1888 822 sc-ipso

303 866 481 908 autem
512 852 587 907 ait
619 870 632 906 :
669 852 733 907 Ut
761 852 945 906 sciatis
974 852 1127 920 quod
1148 845 1765 905 liabet'l‘iliusihominis
1794 861 1888 915 po-

305 957 548 1000 testatem
581 946 630 999 in
657 958 797 1000 terra
821 943 1127 998 dimittendi
1159 952 1404 1012 peccata.
1425 942 1481 997 Si
1509 954 1662 1010 ergo,
1691 939 1886 1007 inquis,

304 1049 356 1091 et
388 1037 547 1091 Pater
575 1049 626 1090 et
660 1035 827 1090 Filius
867 1047 919 1089 et
943 1035 1174 1104 Spiritus
1208 1048 1428 1089 sanctus
1468 1043 1682 1101 peccata
1713 1031 1882 1084 dimit-

305 1139 445 1190 tunt,
477 1143 574 1183 cur
597 1128 687 1181 illa
719 1125 1108 1196 imptnnitentia
1140 1139 1556 1194 quat-nunquam
1588 1122 1890 1176 tlitnitteinr

309 1219 676 1276 tantummodo
718 1219 783 1272 ad
810 1218 1044 1288 Spiritus
1087 1198 1470 1286 blasphemiam
1503 1215 1700 1269 dicitur
1730 1213 1888 1280 perti-

309 1329 473 1377 nere,
519 1324 769 1381 tanquam
807 1312 897 1366 ille
935 1310 1025 1380 qui
1073 1310 1172 1363 hoc
1216 1305 1623 1375 impmnitcntize
1671 1312 1890 1372 peccato

313 1405 410 1458 inet
428 1407 466 1459 it
491 1405 779 1474 obligatus,
811 1402 954 1456 dono
983 1401 1154 1455 sancti
1182 1399 1412 1469 Spiritus
1439 1397 1691 1452 resistere
1715 1393 1890 1447 ridea-

311 1507 418 1555 tur,
444 1497 587 1564 quod
620 1496 972 1549 eodouohat
996 1490 1240 1547 remissio
1269 1499 1606 1559 peccatorum
1621 1486 1788 1539 illaec
1818 1486 1889 1538 ita

309 1590 558 1643 nituntur
589 1602 644 1644 ut
673 1601 851 1643 tamen
884 1586 1255 1656 inseparahiiis
1287 1585 1614 1652 intelligatur
1651 1581 1891 1650 operatio

309 1679 608 1742 Trinitatis,
654 1681 724 1733 ita
769 1690 823 1732 nt
866 1694 986 1733 cum
1016 1676 1258 1745 operatio
1307 1675 1480 1729 Patris
1524 1672 1743 1736 dicitur,
1787 1688 1889 1724 non

314 1785 430 1823 eam
497 1769 615 1824 sine
670 1767 806 1822 l-‘tlio
860 1778 913 1822 ct
965 1768 1171 1836 Spiritu
1223 1775 1410 1821 sancto
1473 1763 1682 1832 operari
1740 1762 1891 1814 intel-

318 1860 538 1926 ligatur.
596 1869 649 1912 et
699 1873 818 1911 cum
873 1855 1332 1924 OperatiO'Filti,
1397 1868 1501 1907 non
1559 1852 1676 1906 sine
1742 1851 1898 1906 Patre

316 1963 367 2004 et
410 1951 610 2018 Spiritu
650 1963 858 2012 sancto,
905 1959 960 2003 et
1002 1962 1125 2001 cum
1164 1942 1673 2016 operatio'Spiritns
1703 1943 1893 2007 sancti,

317 2061 422 2098 ιιυιι
466 2044 584 2098 sine
621 2042 781 2098 l'att'e
803 2053 856 2096 ct
897 2043 1033 2096 Filia
1066 2058 1080 2096 :
1109 2043 1240 2097 satis
1270 2047 1455 2095 notum
1493 2051 1573 2092 εει
1606 2047 1751 2093 recte
1775 2051 1894 2090 ert--

317 2135 623 2198 dentibus,
651 2135 730 2188 vel
771 2133 932 2188 etiam
976 2141 1034 2185 ut
1078 2141 1303 2201 possunt
1351 2132 1800 2203 intelligentihus,
1846 2139 1901 2184 et

319 2225 442 2279 illud
477 2225 597 2278 ideo
632 2224 992 2278 dictum-esse
1038 2223 1105 2277 de
1150 2223 1327 2291 Patre,
1385 2223 1503 2294 Ipse
1553 2221 1679 2278 facit
1710 2236 1896 2290 opera,

319 2317 457 2386 quod
489 2319 557 2372 ab
594 2317 686 2370 illo
725 2315 794 2370 sit
819 2316 972 2384 origo
997 2315 1159 2370 etiam
1191 2305 1439 2383 operum,
1473 2330 1502 2368 a
1525 2328 1630 2383 quo
1671 2322 1755 2368 est
1789 2310 1900 2366 exi-

319 2408 510 2461 stentia
539 2417 1364 2475 cooperanttnm-personarum,
1408 2405 1533 2474 quia
1563 2415 1622 2461 ει·
1644 2404 1683 2458 Ρ
1689 2404 1811 2457 ilius
1835 2403 1902 2456 de

313 2497 410 2550 -ιιιυ
452 2508 607 2549 natus
643 2505 746 2555 est,
794 2505 848 2548 et
887 2493 1124 2561 Spiritus
1166 2503 1384 2548 sanctus
1431 2492 1793 2562 principaliter
1833 2492 1901 2545 de

313 2589 410 2642 illo
457 2591 720 2657 procedit,
760 2588 827 2643 de
855 2603 962 2657 quo
1005 2598 1159 2642 natus
1206 2600 1284 2642 est
1320 2588 1504 2654 Filius,
1539 2598 1593 2642 et
1636 2605 1757 2641 cum
1799 2603 1904 2655 quo

313 2681 393 2734 illi
425 2696 729 2736 communis
757 2692 838 2735 est
868 2681 1008 2735 idem
1041 2680 1289 2734 Christus
1316 2679 1634 2752 [Spiritus].-
1662 2681 1792 2736 lltnc
1823 2691 1904 2736 est

321 2772 460 2839 quod
493 2771 752 2825 Dominus
781 2769 936 2826 Jesus
963 2772 1016 2824 in
1047 2771 1251 2840 Spiritu
1281 2784 1470 2827 saneto
1492 2773 1764 2827 tltemnnt-s
1807 2774 1904 2842 εει.

307 2863 410 2916 ιειι.
456 2862 641 2930 Neque
674 2861 816 2916 enim
857 2873 912 2917 et
945 2864 1090 2916 solus
1134 2863 1237 2916 hoc
1269 2864 1496 2932 implere
1520 2879 1644 2917 non
1676 2873 1906 2933 poteiat,

322 2967 480 3021 atque
503 2953 636 3007 illud
664 2954 990 3022 adjutoriunt
1025 2964 1280 3023 tanquam
1313 2954 1437 3009 huic
1465 2956 1617 3025 operi
1661 2969 1764 3010 non
1798 2958 1906 3011 sul-

325 3045 527 3109 Iiciens,
552 3046 862 3100 assumebat
887 3061 902 3100 :
931 3046 1026 3102 sed
1050 3045 1552 3116 spiritum-divisum
1578 3047 1628 3102 in
1657 3057 1907 3116 semetip-

1992 483 2240 538 Omnibus
2264 484 2537 554 gentibus.
2573 485 2639 541 Ut
2667 484 3270 555 quemadmodumtunc
3292 481 3380 551 ille
3408 494 3570 548 appa~

1992 580 2143 631 rebat
2191 577 2472 644 accepisse
2521 578 2776 646 Spiritum
2829 591 3070 634 sanetum
3116 575 3208 645 qui
3238 572 3573 644 loquebatur

1988 669 2098 738 80
2128 669 2317 736 linguis
2347 670 2582 722 omnium
2611 671 2849 738 gentium
2879 672 2993 722 :ita
3029 682 3168 721 nunc
3200 666 3287 719 ille
3307 678 3375 718 se
3407 675 3574 732 agno-

1990 772 2098 814 scat
2131 762 2689 830 aceepisse-Spiritmn
2728 772 2972 815 sanctum
3010 760 3101 828 qui
3134 768 3342 813 tenetur
3374 756 3426 809 in
3456 754 3574 810 vin-

1989 852 2114 905 culo
2147 853 2296 921 pacis
2339 854 2590 908 Ecclesia:
2632 854 2741 926 [qui
2777 863 2986 908 tenetur
3029 852 3080 906 in
3109 851 3339 905 .rinculo
3378 846 3571 918 pacis],

1989 958 2106 1011 ιιιιςρ
2131 941 2446 997 tlill’unditur.
2462 945 2511 997 in
2540 945 2791 998 omnibus
2807 942 3252 1013 gentibusallude
3273 941 3402 995 dicit
3426 942 3572 1009 Apo'

1993 1035 2162 1089 stolus
2195 1052 2207 1087 :
2242 1035 2532 1091 Studeutes
2569 1050 2789 1090 servare
2819 1035 3072 1089 unitatem
3119 1032 3573 1101 spiritus-itt.viti-

1991 1129 2113 1177 cnln
2145 1126 2312 1192 put-is.
2342 1126 2494 1192 Quod
2526 1136 2704 1180 autem
2735 1126 2850 1193 ipse
2875 1125 2945 1178 sit
2970 1124 3202 1191 Spiritus
3234 1123 3436 1188 Patris,
3457 1121 3573 1188 ipse

1995 1214 2158 1268 l-‘tlius
2185 1216 2312 1269 dicit
2345 1234 2356 1269 :
2395 1217 2664 1271 DeiPatre
2709 1215 3076 1285 pt-ocedit.tEt
3104 1214 3218 1267 .alio
3261 1223 3376 1272 loco
3410 1211 3573 1270 ε-Νυιι

1991 1307 2134 1358 enim
2192 1321 2287 1360 vos
2326 1307 2456 1361 estis
2495 1308 2590 1375 qui
2643 1307 2942 1375 loquimini,
2982 1303 3362 1376 δεφδμίιῇιυε
3407 1300 3576 1356 Patris

1995 1398 2154 1452 vestri
2187 1401 2275 1466 qui
2311 1400 2546 1467 loquitur
2585 1401 2635 1452 in
2669 1400 2840 1453 vobis.
2871 1399 3021 1466 Quod
3053 1413 3182 1454 vero
3214 1399 3326 1466 ipse
3357 1397 3426 1452 sit
3458 1396 3578 1464 δρία

1995 1493 2130 1546 ritus
2161 1493 2302 1558 Filii,
2336 1495 2622 1562 Apostolus
2645 1494 2825 1547 dieitz
2855 1493 2991 1546 Misit
3030 1490 3455 1559 DeusSpiritunt
3489 1488 3576 1541 Fi-

1997 1583 2050 1636 lii
2081 1583 2246 1637 sui'in
2288 1584 2450 1639 corda
2485 1594 2667 1640 nostra
2699 1585 3022 1639 clamantem
3064 1583 3216 1638 Abba
3265 1592 3433 1650 pater,
3477 1580 3578 1634 hoc

1996 1684 2078 1728 est
2106 1676 2685 1741 clamare-facientem;
2718 1692 2816 1731 nos
2846 1677 2986 1730 enim
3015 1676 3331 1739 clamamus,
3368 1672 3419 1726 id
3440 1682 3533 1727 ,ρει
3553 1712 3568 1735 ,

1939 1769 1976 1825 Β
2005 1766 2099 1820 illo
2129 1766 2461 1823 diﬂtmdcnte
2491 1769 2806 1823 charitatem
2852 1769 2902 1822 in
2934 1769 3440 1833 cordibusnostris,
3463 1767 3581 1822 sine

2003 1874 2102 1926 qua
2134 1859 2365 1915 inaniter
2407 1861 2603 1915 clamat
2649 1861 2950 1931 quicunque
3001 1863 3212 1915 clamat.
3258 1861 3408 1916 Unde
3450 1861 3580 1914 item

2003 1949 2132 2002 dicit
2167 1950 2460 2019 :Quisquis
2501 1961 2679 2005 autem
2721 1951 3209 2020 Spiritum-Christi
3253 1967 3357 2004 non
3399 1950 3580 2012 habet,

2005 2040 2090 2095 Ittc
2123 2055 2224 2094 non
2258 2050 2338 2095 est
2378 2041 2517 2110 (‘jtlS.
2568 2042 2648 2096 Ad
2679 2057 2840 2112 quem
2875 2057 3004 2113 ergo
3055 2041 3436 2095 .itt’Trinitalc-
3460 2055 3582 2108 pro-

2007 2133 2118 2201 prie
2149 2133 2374 2201 pertinet
2403 2132 2747 2204 [pertinerte
2773 2133 2928 2203 hujus
2955 2136 3259 2188 communio
3292 2134 3583 2194 societatis,

2007 2224 2106 2277 Ilial
2138 2225 2202 2276 ad
2231 2239 2354 2279 eum
2387 2225 2645 2293 Spiritum
2669 2227 2762 2295 qui
2789 2236 2870 2280 est
2896 2226 3035 2280 Patri
3067 2227 3313 2296 l-‘ilioqne
3348 2241 3587 2281 commn-

2007 2319 2088 2368 nis
2103 2318 2124 2368 ἓ
2141 2316 2322 2385 Neque
2344 2318 2484 2371 enim
2516 2316 2718 2372 habitat
2741 2316 2796 2370 in
2820 2316 3344 2386 quoquam-Spinitus
3373 2325 3588 2379 sanctus

2005 2408 2124 2460 sine
2175 2406 2328 2460 Patre
2370 2406 2614 2473 ct,l-‘ilio,
2657 2408 2794 2462 sicut
2847 2421 2944 2460 nec
2984 2406 3151 2461 Filius
3197 2407 3314 2462 sine
3353 2407 3515 2461 Patre
3535 2420 3589 2460 et

2009 2498 2212 2566 Spiritu
2242 2508 2448 2560 sancto,
2486 2513 2584 2553 nec
2611 2499 2734 2553 sine
2762 2498 2865 2554 illis
2893 2499 3076 2553 Pater.
3109 2497 3484 2566 lnseparabilis
3508 2510 3590 2551 est

2008 2591 2204 2658 quippe
2233 2589 2758 2659 habitatioqnorum
2795 2589 3170 2659 inseparabilis
3199 2599 3283 2644 est
3323 2587 3583 2656 Operatio,

2008 2684 2103 2734 sed
2134 2680 2454 2749 singillatim
2481 2682 2812 2750 plerumque.
2838 2696 2930 2749 per
2959 2693 3218 2735 creatura:
3247 2679 3588 2749 signiﬁcatio-

2013 2788 2126 2838 nes,
2159 2789 2261 2827 non
2291 2789 2382 2842 per
2405 2789 2554 2828 suam
2577 2773 2932 2827 substantiam
2954 2775 3390 2836 demonstrantur
3414 2789 3427 2827 :
3452 2772 3593 2826 sicut

2011 2878 2106 2919 sna
2137 2876 2438 2934 temporum
2468 2865 2643 2934 spatia
2674 2867 2896 2936 sjllabis
2928 2865 3333 2936 occupantibus,
3376 2879 3592 2933 separa-

2009 2958 2106 3010 tim
2132 2973 2263 3012 voce
2297 2958 2741 3025 pronuntiantur,
2762 2973 2860 3014 nec
2884 2969 3060 3013 tamen
3091 2973 3118 3012 a
3148 2958 3337 3026 seipsis
3367 2959 3485 3014 ullis
3504 2961 3596 3012 ,ξιι-

2018 3050 2252 3104 tervallis
2287 3051 2680 3120 momentisque.
2731 3060 3030 3122 temporum
3077 3060 3592 3120 separantur;.nnn

326 3149 443 3188 smn
468 3150 532 3188 eo
564 3135 682 3205 ipso
712 3136 924 3204 Spiritu
965 3137 1297 3206 congruebat
1337 3137 1530 3205 expelli
1567 3153 1725 3204 quem
1749 3138 1990 3208 Paterﬂ
2021 3142 2165 3197 enim
2194 3157 2422 3211 unquam
2452 3142 2562 3196 dici
2587 3143 3168 3210 possuntsitnttl,.eum
3197 3158 3322 3198 esse
3347 3159 3450 3197 non
3476 3158 3598 3211 pos-

329 3238 378 3280 et
405 3226 570 3281 Filins
609 3242 714 3281 non
744 3227 984 3282 divisum
1023 3229 1088 3281 in.
1115 3228 1417 3296 semetipso;
1445 3229 1683 3299 [indivisi
1726 3230 1780 3284 in
1826 3245 1911 3286 se-

331 3320 590 3389 tnetipsis|
633 3320 990 3374 communiter
1022 3321 1240 3374 habent.
1273 3320 1372 3375 Sic
1407 3331 1460 3376 et
1503 3331 1741 3390 peccata,
1787 3320 1911 3389 quia

309 3423 522 3481 praeter
547 3412 981 3467 Eeelesiamnon
1006 3412 1384 3476 'dintittuntur,
1419 3415 1470 3468 in
1504 3429 1569 3469 eo
1599 3414 1804 3480 Spiritu
1835 3413 1918 3468 di-

333 3506 464 3557 mitti
504 3506 808 3574 oportebat,
841 3518 946 3575 quo
976 3505 1028 3560 in
1059 3520 1222 3559 unttm
1269 3505 1914 3577 Ecclesmocongregatur.

335 3596 567 3666 Denique
595 3597 640 3652 si
663 3607 1166 3666 quemquam-extra
1208 3598 1506 3655 Ecclesiam
1553 3615 1770 3655 suorum
1806 3617 1919 3671 pa:-

337 3689 500 3744 niteat
531 3699 908 3758 peccatorum,
949 3700 1004 3745 et
1035 3690 1193 3760 hujus
1232 3701 1370 3745 tanti
1406 3695 1608 3760 peccati
1640 3708 1747 3763 quo
1793 3695 1921 3750 alie-

338 3797 458 3834 ntnn
490 3791 573 3836 est
597 3780 666 3834 ab
689 3781 929 3837 Ecclesia
954 3781 1050 3836 Dei
1075 3797 1170 3836 cor
1193 3781 1538 3850 impmtntens
1562 3783 1775 3850 habeat,
1797 3784 1924 3854 quid

321 3876 382 3928 vei
409 3875 625 3944 prodest
654 3875 740 3929 illa
773 3874 1082 3944 paenitentia
1113 3890 1236 3929 cum
1264 3876 1366 3928 isto
1411 3876 1547 3940 solo,
1592 3876 1813 3929 verbum
1839 3877 1924 3930 di-

342 3979 422 4021 cat
459 3977 644 4022 contra
699 3966 958 4036 Spiritum
1007 3975 1293 4029 sanctum,
1343 3980 1449 4033 qui
1498 3975 1786 4021 eurancus
1817 3967 1930 4036 lex-

347 4059 605 4131 traneum]
633 4068 714 4115 est
742 4061 810 4114 ah
843 4059 1104 4124 Ecclesia,
1139 4074 1258 4127 qua:
1287 4059 1486 4128 accipit
1516 4059 1844 4114 ltoctlonum
1875 4069 1933 4114 ut

347 4149 396 4201 in
422 4149 623 4218 Spiritu
673 4158 859 4202 sancto
888 4147 1193 4219 [accepit...
1213 4157 1282 4206 ,ιιι
1318 4150 1368 4201 itt
1401 4146 1780 4218 ea-in.'Spiritu
1811 4164 1934 4203 san-

346 4240 446 4311 cto]
489 4244 580 4295 liat
628 4241 878 4294 remissio
916 4241 1303 4309 peccatorum?
1352 4257 1510 4310 quant
1562 4241 1934 4296 remissionem

347 4347 461 4387 cum
491 4333 730 4388 Trinitas
762 4333 918 4388 faciat
948 4334 1204 4403 proprie,
1234 4344 1413 4389 tamen
1440 4333 1506 4388 ad
1531 4335 1788 4404 Spiritum
1811 4351 1938 4390 sane

348 4434 483 4478 ctum
534 4426 848 4494 intelligitur
898 4426 1189 4494 pertinere.
1238 4425 1353 4494 Ipse
1389 4437 1472 4481 est
1517 4428 1658 4482 enim
1701 4429 1936 4498 Spiritus

2017 3234 2122 3289 sint
2151 3235 2248 3288 ttisi
2286 3247 2500 3304 semper
2531 3234 2712 3302 simul,
2748 3235 2841 3289 sed
2875 3244 2940 3288 ut.
2959 3235 3072 3303 jam
3105 3250 3208 3289 non
3250 3235 3415 3296 semel
3447 3235 3596 3288 dixi-

2020 3340 2159 3391 mus,
2203 3325 2326 3380 ideo
2350 3324 2604 3385 remissio
2630 3335 2968 3391 peccatorum
2999 3341 3106 3394 qua
3135 3325 3278 3380 inse
3303 3325 3460 3378 divisi
3489 3327 3599 3393 Spi-

2023 3419 2155 3471 ritus
2205 3418 2466 3473 evcrtitnr
2504 3428 2552 3470 et
2597 3417 2882 3485 expellitur
2924 3432 3169 3486 regnum,
3214 3417 3338 3472 ideo
3365 3418 3596 3479 societas

2024 3509 2243 3563 unitatis
2293 3507 2747 3573 Ecclesi.e,.extta
2776 3524 2945 3577 quam
2978 3523 3092 3562 ιιοιιι
3119 3510 3176 3566 tit
3215 3510 3334 3578 ipsa
3356 3510 3604 3563 remissio

2028 3610 2389 3667 peccatorum,
2443 3610 2693 3668 tanquam
2735 3600 3010 3668 proprium
3063 3614 3217 3668 opus.
3247 3610 3330 3654 est
3376 3599 3606 3668 Spit-bus

2023 3693 2249 3755 sancti,i
2276 3689 2440 3743 Patre
2474 3704 2604 3742 sane
2627 3700 2680 3743 et
2711 3688 3324 3757 Filiocooperautihtts,
3359 3690 3480 3758 quia
3509 3704 3601 3742 so-

2026 3786 2308 3839 cietasest
2337 3780 2945 3850 ιμιυιλειιιιιιιιιιιο.ιΡςιιτίε
2982 3788 3035 3833 et
3068 3780 3196 3833 h‘ilit;
3225 3780 3353 3847 ipse.
3377 3780 3608 3846 Spiritus

2030 3891 2146 3928 sant
2165 3885 2269 3928 tus.
2302 3872 2432 3926 Nam
2455 3872 2613 3926 Pater
2642 3886 2746 3924 non
2770 3869 3126 3932 communiter
3151 3867 3609 3926 lt.ibctur.Pater.a

2001 4005 2003 4007 -
2037 3969 2174 4023 l-‘ilio
2199 3978 2254 4022 et
2279 3967 2479 4036 Spiritu
2501 3974 2705 4029 Sattclo,
2734 3964 2858 4032 quia
2883 3978 2986 4017 non
3009 3973 3088 4017 est
3125 3962 3278 4016 Pater
3299 3963 3608 4017 amborum:

2035 4073 2090 4117 et
2120 4062 2286 4138 Filius
2319 4075 2422 4115 non
2455 4058 2813 4114 communiter
2846 4058 3072 4112 habetur
3102 4056 3265 4111 Filius
3303 4070 3336 4110 a
3363 4055 3520 4110 Patre
3556 4067 3612 4109 et

2039 4155 2238 4225 Spiritu
2262 4164 2484 4219 sancto,
2503 4152 2626 4221 quia
2660 4166 2764 4204 non
2785 4160 2870 4206 est
2903 4150 3065 4206 Filius
3087 4151 3369 4205 amborum
3399 4149 3612 4217 :-Spiri-

2042 4263 2124 4306 tus
2163 4259 2340 4306 autem
2383 4259 2601 4303 sanctus
2645 4248 3017 4301 communiter-
3046 4245 3270 4299 habetnr
3306 4260 3336 4297 a
3369 4243 3614 4297 Pati-eet

2045 4345 2199 4412 Filio,
2229 4344 2354 4415 quia
2381 4342 2613 4412 Spiritus
2642 4350 2724 4394 est
2756 4355 2892 4393 unus
2924 4335 3490 4405 amborttm.Qnisquis
3522 4336 3614 4405 igi-

2046 4449 2130 4493 tur
2159 4451 2283 4492 reus
2311 4434 2467 4490 fuerit
2493 4430 2901 4503 impmnit-entiaa
2922 4440 3105 4484 contra
3131 4430 3409 4498 Spiritum,
3436 4429 3616 4496 inquo

351 4517 665 4585 ﬁtloplimlis‘
699 4516 928 4570 ﬁliorum
954 4557 969 4581 ν
1006 4517 1057 4570 in
1102 4531 1209 4584 (1υο
1238 4517 1532 4572 ε¹³ηὶ³ηιι¹ε
1565 4519 1713 4573 Abba
1762 4517 2014 4590 Pater.”
2044 4531 2216 4586 unitas
2237 4538 2298 4584 et
2335 4523 2997 4582 societaseommunionis
3039 4520 3616 4592 congregatur-Eccle-

351 4609 436 4662 uhi
468 4619 519 4663 et
549 4607 632 4679 [ut
668 4607 738 4680 ei]
770 4609 1034 4678 possimus
1059 4610 1238 4664 dicere
1264 4625 1279 4664 :
1313 4610 1535 4665 Dimitte
1571 4612 1729 4666 nobis
1757 4612 1934 4668 debita

354 4685 563 4756 nostra.
596 4702 661 4755 Et
691 4701 742 4755 in
786 4701 886 4755 hue
923 4702 1316 4772 cognoscimus,
1359 4703 1518 4756 sicut
1546 4703 1785 4759 Joannes
1811 4721 1938 4774 apo—

349 4794 520 4847 stolns
559 4793 636 4846 ait
682 4793 990 4859 :Quoniam
1033 4792 1275 4847 Christus
1317 4794 1366 4846 in
1408 4793 1562 4849 nobis
1615 4804 1820 4861 manet,
1869 4798 1938 4851 de

349 4886 544 4954 Spiritu
573 4901 733 4954 quem
764 4885 910 4939 dedit
941 4886 1114 4942 nobis.
1157 4887 1272 4956 Ipse
1300 4887 1534 4956 Spiritus
1568 4889 1934 4944 testimonium

351 4979 522 5031 reddit
550 4978 762 5046 spiritui
803 4987 1006 5043 nostro,
1058 4979 1179 5047 quia
1216 4993 1399 5032 sumus
1442 4979 1536 5033 lilii
1587 4980 1699 5034 Dei.
1746 4980 1824 5034 Ad
1859 4981 1937 5049 ip-

355 5084 468 5121 sum
492 5069 639 5122 enim
671 5069 905 5137 pertinet
929 5071 1177 5134 societas,
1210 5085 1310 5136 qua
1336 5071 1605 5124 el‘licimur
1633 5088 1792 5125 unum
1817 5088 1936 5126 cor-

357 5176 449 5228 pus
481 5162 622 5215 unici
655 5161 775 5215 Filii
807 5161 922 5217 Dei.
959 5159 1110 5216 Unde
1133 5163 1387 5230 scriptum
1418 5171 1536 5215 est:
1568 5163 1623 5217 Si
1653 5180 1753 5232 qua
1783 5165 1941 5233 igitur

359 5256 664 5308 exhortatio
698 5257 748 5307 in
791 5257 1030 5319 Christo,
1072 5256 1115 5308 si
1162 5255 1302 5324 quod
1344 5255 1593 5308 solatium
1639 5256 1936 5322 eharitatis,

357 5347 398 5400 si
429 5361 530 5416 qua
574 5347 804 5402 societas
850 5347 1101 5415 Spiritus,
1160 5363 1192 5416 p
1224 5356 1380 5416 opter
1419 5349 1554 5400 hanc
1599 5347 1933 5406 societatem.

361 5442 432 5495 illi
465 5443 682 5510 in-quos
730 5440 974 5509 primitus
1006 5442 1151 5496 venit
1193 5440 1388 5510 linguis
1418 5441 1655 5494 omnium
1702 5443 1939 5510 gentium

359 5543 480 5588 sunt
512 5534 695 5599 locuti,
724 5533 844 5602 quia
875 5534 1014 5588 sicut
1041 5548 1133 5603 per
1173 5534 1380 5603 linguas
1401 5543 1608 5588 constat
1638 5532 1938 5605 [consocia-

364 5629 462 5681 tinr
487 5637 572 5682 est
601 5624 868 5696 societas]
898 5626 1106 5696 generis
1135 5626 1376 5693 humani,
1405 5627 1483 5682 sic
1532 5628 1811 5696 oportebat
1844 5643 1937 5696 per

365 5719 566 5790 linguas
611 5721 850 5776 otnnium
896 5721 1127 5792 gentium
1178 5720 1463 5791 signiﬁcari
1506 5722 1660 5776 istum
1701 5720 1932 5777 societa-

2043 4625 2153 4686 εἰπε,
2205 4619 2580 4690 nunquam-illi
2621 4616 2946 4679 remittetur,
2992 4613 3115 4684 quia
3158 4613 3256 4669 hoc
3285 4613 3388 4668 sibi
3417 4613 3616 4668 claudit

2046 4715 2279 4788 [clausit]
2310 4716 2398 4770 ubi
2447 4713 2759 4775 remittitur,
2809 4720 2863 4764 et
2909 4709 3100 4763 merito
3131 4707 3470 4761 damnabitur
3499 4722 3617 4761 cum

2044 4809 2235 4878 spiritu
2254 4808 2340 4873 qni
2368 4807 2419 4860 in
2446 4807 2676 4873 :eipsum
2700 4803 2904 4856 divisus
2925 4811 3024 4868 est,
3051 4788 3327 4855 divisuset
3353 4800 3467 4870 ipse
3490 4815 3588 4854 con
3605 4829 3622 4840 -

2047 4910 2121 4951 tra
2143 4898 2399 4966 Spiritqu
2421 4895 2707 4970 [sanctum]
2727 4894 2814 4962 qui
2839 4894 2890 4947 in
2915 4895 3147 4963 seipsum
3167 4893 3370 4947 divisus
3394 4909 3495 4947 non
3519 4904 3619 4946 est.

2053 4991 2122 5046 Ut
2149 4991 2216 5044 de
2258 4990 2586 5056 blasphemia
2628 4987 2859 5055 Spiritus
2898 4988 3012 5041 hac
3047 4986 3309 5041 sententia
3351 4985 3622 5041 diceretur

2046 5097 2204 5135 causa
2230 5081 2430 5135 exstitit
2453 5094 2521 5133 ex
2554 5077 3068 5132 commemoratione
3090 5076 3307 5146 Spiritus
3335 5074 3616 5137 immundi,

2047 5174 2132 5242 qni
2165 5172 2217 5224 in
2249 5172 2481 5237 seipsnm
2512 5168 2719 5223 divisus
2749 5177 2851 5223 est.
2890 5169 3096 5222 Dictum
3118 5168 3258 5221 enim
3290 5173 3405 5218 erat
3425 5163 3492 5217 de
3521 5163 3622 5215 Do-

2049 5264 2216 5328 mitio,
2245 5262 2382 5330 quod
2412 5261 2462 5314 in
2499 5261 2739 5328 principe
2769 5259 3151 5313 daemoniorum
3183 5258 3402 5323 ejiceret
3427 5255 3621 5306 da-tno-

2050 5366 2164 5406 res.
2212 5351 2326 5419 Ipse
2363 5365 2421 5404 se
2459 5350 2716 5403 Dominus
2756 5350 2828 5402 ait
2861 5350 2912 5401 in
2953 5347 3151 5415 Spiritu
3195 5353 3380 5398 sancto
3423 5341 3620 5410 ejicere

2049 5443 2344 5505 tlzemones,
2372 5450 2427 5492 ut
2456 5439 2686 5508 Spiritus
2715 5439 2804 5506 qui
2836 5453 2939 5490 non
2971 5447 3051 5489 t-st
3083 5439 3132 5487 in
3164 5449 3222 5489 se
3249 5432 3471 5497 divisus,
3498 5450 3620 5486 eum

2047 5535 2134 5603 qni
2167 5535 2217 5587 in
2249 5549 2306 5587 ει
2331 5532 2533 5586 divisus
2560 5543 2642 5584 est
2674 5531 2847 5581 vincat
2875 5538 3032 5594 atque
3064 5525 3241 5594 ejiciat
3273 5543 3285 5577 :
3317 5525 3406 5579 ille
3436 5534 3614 5578 autent

2050 5629 2206 5679 homo
2237 5625 2286 5678 in
2332 5626 2449 5692 ejus
2479 5622 2777 5690 perditione
2807 5629 3097 5681 remaneat,
3141 5618 3229 5688 qui
3262 5617 3312 5673 in
3348 5618 3504 5686 hujus
3530 5620 3618 5686 qui

2044 5725 2094 5778 itt
2119 5735 2175 5774 se
2199 5720 2396 5774 divisus
2425 5734 2457 5771 ιι
2476 5732 2528 5769 ιιι
2550 5722 2633 5769 est
2655 5727 2834 5782 pacem
2867 5726 2955 5781 per
2983 5712 3421 5782 itnptnniteutiatn
3458 5723 3631 5766 trans-
