3974 6184
444 254 545 307 731

440 461 612 526 vobis,
662 462 910 531 quoniam
960 464 1140 519 omnia
1191 464 1532 518 dimittuntur
1582 463 1705 516 ﬁliis
1750 464 2024 516 hominum

440 561 659 618 precata
690 560 747 605 et
779 551 1130 620 blasphemia:
1158 552 1355 621 quibus
1387 551 1898 618 blaspltemavetint,
1932 548 2024 617 qui

437 651 617 696 autem
671 641 1121 709 blaspltemaverlt
1172 643 1224 696 in
1278 643 1534 710 Spiritum
1589 651 1858 703 sanctum,
1917 656 2022 692 non

439 734 656 789 habebit
678 734 1049 788 remissionem
1070 734 1122 787 in
1141 743 1421 797 mternum,
1454 734 1549 788 scd
1572 749 1695 788 reus
1715 735 1818 787 erit
1835 734 2021 786 aeterni

435 825 642 879 delleti.
682 824 807 878 "acc
832 825 993 879 verba
1030 825 1242 880 Domini
1266 841 1388 881 cum
1423 824 1667 888 dixisset,
1701 840 1796 878 sua
1828 824 2023 878 deinde

433 916 717 985 conjunxit
751 917 961 981 dicens,
992 916 1262 984 Quoniam
1307 917 1579 982 dicebam,
1622 916 1867 985 spiritum
1921 915 2021 967 int-

432 1008 692 1061 mundunt
728 1009 911 1073 habet,
957 1020 1014 1063 ut
1051 1010 1365 1063 ostenderet
1407 1009 1530 1063 hinc
1579 1008 1745 1061 fuisse
1782 1018 2021 1058 exortam

431 1114 647 1153 causam
663 1099 832 1153 uthoc
845 1099 1071 1163 diceret,
1087 1114 1151 1154 eo
1164 1099 1310 1168 quod
1324 1099 1564 1154 dixerunt
1582 1096 1859 1168 [dixissem
1878 1094 2019 1163 lcum

433 1195 485 1247 in
527 1192 830 1248 Beelzebub
870 1192 1112 1261 principe
1151 1193 1539 1246 dtemoniorum
1591 1191 1862 1242 daemones
1913 1186 2025 1253 pel-

434 1287 571 1351 lere,
596 1302 703 1340 non
731 1287 853 1356 quia
885 1287 993 1354 ipsa
1027 1296 1172 1339 esset
1203 1285 1529 1353 blasphemia
1563 1298 1679 1351 quae
1710 1298 1814 1334 non
1850 1281 2025 1333 remit-

434 1378 587 1443 titur,
612 1393 734 1431 cum
767 1386 822 1431 et
847 1379 961 1430 ba‘c
988 1377 1288 1430 remittatur
1314 1377 1358 1430 si
1390 1386 1533 1430 recta
1560 1372 1870 1443 poenitentia
1893 1386 2022 1425 con-

431 1477 723 1537 sequatur;
760 1468 853 1521 sed
885 1468 1025 1537 quod
1060 1466 1185 1521 hinc
1213 1510 1227 1533 ,
1262 1479 1318 1520 ut
1347 1467 1480 1532 dixi,
1514 1480 1675 1520 causa
1705 1462 1930 1527 exstitit,
1967 1470 2025 1515 ut

428 1575 457 1609 a
487 1559 711 1613 Domino
742 1558 829 1612 illa
860 1558 1125 1612 sententia
1170 1556 1532 1626 proferretur,
1570 1555 1703 1609 facta
1748 1554 2022 1608 mentione

427 1652 650 1719 spiritus
699 1649 959 1705 immundi
992 1666 1149 1715 quem
1192 1650 1453 1704 adversus
1494 1649 1728 1716 seipsum
1763 1645 2019 1698 Dominus

1530 258 1591 313 D.
1638 252 1951 310 EL‘GYI'PII
1995 252 2283 307 AllDATIS
2320 250 2641 307 AFRICANI

443 368 519 420 ire
545 366 831 423 detrectat.
871 367 981 423 lloe
1011 369 1153 424 enim
1186 370 1390 425 Marcus
1422 378 1603 425 narrat
1632 389 1643 422 :
1680 361 1850 424 Amen
1899 368 2018 421 dico
2051 370 2098 429 Α
2128 375 2183 419 et
2229 366 2387 422 bibit.
2420 368 2568 421 Alius
2600 374 2786 420 contra
2841 406 2855 420 .
2891 365 3024 431 Imo,

3578 258 3664 311 752

3096 369 3291 439 inquit,
3339 372 3381 425 si
3435 380 3562 429 tanta
3596 387 3665 429 est

2130 457 2182 525 pl
2204 473 2285 527 iga
2318 460 2520 527 peccati
2550 468 2710 528 atque
2741 459 2969 528 impetus
2996 462 3200 527 morbi,
3233 472 3288 518 ut
3315 464 3662 522 medicamenta

2130 550 2252 602 tlia
2301 549 2604 604 dfferenda
2655 550 2793 614 sint,
2849 550 3174 606 auctoritate
3242 554 3481 608 antistitis
3530 556 3667 612 debet

2127 640 2353 710 quisque
2382 641 2450 694 ab
2478 641 2675 695 altario
2704 642 2973 697 removeti
2999 683 3013 706 ,
3062 643 3125 695 al
3157 644 3403 712 agendam
3434 647 3667 715 poeniten-

2130 731 2281 793 tiam,
2312 740 2362 785 et
2382 731 2570 785 eadem
2585 732 2907 786 auctoritate
2934 733 3287 787 reconciliari.
3318 735 3420 789 [loc
3445 748 3518 790 est
3540 739 3664 791 enim

2130 821 2348 891 indigne
2379 823 2625 891 accipere
2646 863 2659 887 ,
2690 822 2735 877 si
2769 837 2835 877 eo
2866 832 3108 894 tempore
3138 826 3362 894 accipiat
3402 842 3498 896 quo
3532 830 3670 884 debet

2125 916 2285 980 agere
2312 914 2706 976 paenitentiam,
2734 930 2837 969 non
2855 924 2911 968 ut
2939 916 3163 969 arbitrio
3184 932 3280 971 suo
3301 933 3413 970 cum
3446 920 3573 975 libet.
3601 924 3669 975 v‘cl

2126 1000 2336 1055 auferat
2374 1018 2432 1055 se
2452 1003 2844 1066 communioni,
2876 1006 2959 1059 vel
2987 1006 3190 1060 reddat.
3222 1007 3473 1062 Craterum
3499 1013 3537 1063 si
3567 1027 3671 1078 pec-

2126 1103 2242 1146 cata
2272 1102 2415 1146 tanta
2447 1108 2554 1147 non
2603 1102 2766 1160 sunt,
2818 1106 2875 1149 ut
2906 1098 3445 1153 excommunicandus
3473 1101 3671 1170 quisque

2129 1182 2289 1236 homo
2316 1184 2601 1251 iudicetur,
2633 1199 2737 1238 non
2770 1199 2831 1239 se
2856 1184 3019 1240 debet
3041 1202 3069 1238 a
3101 1186 3405 1256 quotidiana
3435 1190 3668 1243 medicina

2123 1273 2374 1328 dominici
2395 1274 2640 1343 corporis
2661 1289 2936 1345 separare.
2962 1275 3183 1331 Rectius
3216 1276 3352 1331 inter
3370 1292 3457 1331 eos
3474 1277 3673 1333 fortasse

2123 1364 2389 1434 quispiam
2437 1366 2641 1420 dirimit
2678 1367 2825 1421 litem
2859 1407 2873 1431 ,
2926 1368 3018 1435 qui
3051 1378 3234 1424 monet
3263 1380 3319 1423 ut
3360 1371 3602 1438 pratcipue
3627 1373 3670 1424 in

2124 1454 2329 1511 Christi
2361 1472 2490 1527 pace
2517 1467 2885 1526 permaneant.
2921 1459 3103 1514 Faciat
3140 1470 3316 1516 autem
3345 1464 3673 1532 unusquis‘pte

2122 1548 2261 1617 quod
2291 1548 2582 1603 secundum
2603 1549 2758 1604 fidem
2784 1566 2932 1604 suam
2950 1551 3035 1620 pie
3055 1552 3357 1607 creditesse
3376 1552 3670 1607 faciendum.

2124 1641 2328 1696 Neuter
2353 1641 2493 1695 enim
2541 1656 2726 1695 eorum
2758 1642 3062 1697 exltonorat
3090 1658 3287 1713 corpus
3314 1654 3366 1698 et
3391 1646 3671 1713 sanguinein

427 1745 656 1797 divisum
688 1744 926 1799 ostendit
954 1757 1171 1812 propter
1202 1745 1461 1811 Spiritum
1495 1751 1761 1807 Sanctum,
1793 1739 1883 1808 qui
1909 1753 2012 1791 non
2049 1726 2091 1784 Β
2127 1733 2334 1787 Domini
2360 1773 2376 1797 ,
2433 1732 2528 1788 sed
2578 1734 2990 1790 saluberrimum
3042 1746 3430 1793 sacramentum
3459 1742 3672 1794 certatim

428 1834 604 1887 solum
644 1833 903 1887 adversus
933 1847 993 1887 se
1020 1834 1220 1887 divisus
1253 1850 1357 1887 non
1402 1841 1503 1896 est,
1550 1831 1643 1886 sed
1673 1831 1835 1884 etiam
1877 1843 2010 1896 quos

431 1923 633 1990 coltigit
682 1922 845 1977 efficit
893 1922 1170 1985 indivisos,
1218 1931 1436 1989 peccata
1484 1935 1605 1990 quas
1649 1919 1912 1973 adversus
1955 1932 2015 1971 se

431 2014 605 2067 divisa
649 2024 775 2066 sunt
816 2012 1158 2078 dimittendo,
1211 2028 1412 2082 eosque
1462 2011 1745 2065 mundatus
1796 2007 2013 2063 inhabi—

432 2105 613 2159 tando.
647 2104 776 2159 Nam
801 2105 901 2160 etsi
928 2104 1207 2173 quisquam
1244 2106 1316 2159 ita
1344 2105 1416 2159 sit
1443 2104 1746 2159 contrarius
1776 2101 2008 2166 veritati,

432 2208 488 2250 ιιι
513 2198 623 2252 Deo
651 2196 888 2266 loquenti
922 2213 1027 2250 nou
1061 2198 1112 2251 in
1143 2198 1442 2265 pr0phetis,
1474 2196 1566 2249 sed
1593 2194 1645 2248 itt
1669 2194 1826 2248 unico
1856 2193 2009 2255 Filio,

428 2306 551 2343 cum
583 2298 802 2358 propter
829 2302 927 2344 nos
956 2303 1101 2349 eum.
1128 2298 1183 2341 ut
1212 2288 1365 2343 nobis
1396 2287 1447 2342 in
1480 2301 1544 2340 co
1574 2286 1900 2356 loqueretur,
1929 2284 2014 2338 Fi-

431 2380 560 2433 liunt
593 2380 824 2434 hominis
865 2394 988 2433 esse
1014 2380 1205 2443 voluit,
1248 2384 1589 2445 reluetetur;
1628 2382 1931 2433 remittetur
1963 2378 2011 2429 ei

431 2487 550 2524 rum
585 2470 892 2538 paenitendo
930 2480 1226 2525 conversus
1273 2472 1432 2527 fuerit
1473 2471 1538 2525 ad
1582 2471 1675 2525 Dei
1711 2470 2011 2538 benignita—

432 2572 559 2627 tem,
590 2561 679 2631 qui
709 2577 829 2615 cum
864 2570 1091 2616 tnortem
1129 2562 1275 2631 impii
1322 2562 1505 2625 nollet,
1548 2572 1801 2631 quantum
1842 2571 1897 2613 ut
1929 2576 2010 2614 re-

431 2661 668 2707 vertatur
695 2661 747 2705 et
781 2652 955 2715 vivat,
987 2650 1136 2705 dedit
1167 2652 1423 2706 Ecclesiae
1453 2652 1713 2720 Spiritum
1742 2661 2007 2717 sanctum,

430 2753 486 2798 ut
515 2744 814 2814 cuicunque
841 2746 893 2799 in
920 2759 984 2799 eo
1014 2756 1231 2814 peccata
1263 2745 1580 2811 dimitteret,
1612 2745 2011 2800 dimitterentur

431 2839 503 2894 ei.
530 2838 630 2904 Qui
658 2852 786 2891 vero
816 2837 937 2890 huic
966 2837 1106 2891 dono
1136 2837 1382 2892 extiterit
1423 2836 1693 2899 inimicus,
1725 2844 1781 2889 ut
1811 2850 1916 2888 non
1949 2837 2005 2887 il-

433 2931 523 2986 lnd
555 2930 1058 3000 per-paenitentiam
1102 2938 1274 2999 petat,
1316 2930 1412 2984 sed
1457 2932 1505 2986 ei
1538 2944 1633 3000 per
1662 2930 2008 2997 impaeniten-

420 3026 557 3079 -tiam
589 3024 942 3087 contradicat,
994 3024 1051 3077 fit
1077 3024 1468 3087 irremissibile.
1511 3040 1616 3079 non
1647 3024 2004 3095 quodcunque

2120 1822 2389 1877 honorare
2423 1825 2775 1879 contendant.
2811 1825 2992 1896 Neque
3022 1826 3164 1881 enim
3200 1829 3528 1898 litigaverunt
3553 1830 3673 1882 inter

2118 1930 2200 1977 se,
2234 1925 2324 1968 aut
2355 1917 2637 1984 quiSqnam
2666 1932 2849 1970 eorum
2879 1934 2934 1971 sc
2952 1918 3106 1971 alteri
3142 1920 3429 1989 praeposuit
3461 1920 3674 1973 Zacbeus

2116 2018 2169 2062 ct
2200 2007 2287 2062 ille
2314 2010 2568 2069 Centurio
2597 2051 2611 2073 ,
2647 2024 2764 2062 cum
2814 2011 2952 2064 alter
2981 2027 3170 2065 eorum
3222 2012 3456 2081 gaudens
3499 2013 3546 2065 in
3593 2012 3673 2064 du-

2119 2119 2264 2156 mnm
2294 2118 2445 2158 suam
2477 2104 2765 2172 su~ceperit
2811 2104 3115 2170 Dominum,
3151 2107 3288 2161 alter
3314 2106 3497 2161 dixerit
3529 2105 3670 2160 :Non

2113 2206 2232 2247 sum
2263 2193 2452 2261 dignus
2484 2203 2540 2248 ut
2571 2194 2670 2247 sub
2701 2206 2897 2247 teetum
2944 2211 3119 2249 meum
3147 2198 3317 2252 intres
3350 2211 3362 2246 :
3389 2196 3536 2251 ambo
3563 2197 3667 2249 Sal-

2114 2292 2353 2338 vatorem
2408 2284 2826 2340 honorititantcs
2871 2285 3085 2340 diverso
3132 2296 3187 2342 et
3231 2287 3381 2356 qua~i
3427 2287 3673 2341 contrario

2117 2375 2300 2438 modo,
2331 2375 2491 2429 ambo
2546 2378 2781 2441 peccatis
2831 2378 3050 2443 miseri,
3083 2378 3244 2433 ambo
3277 2378 3671 2433 miscricordiam

2115 2467 2411 2521 consecuti.
2434 2466 2587 2522 Valet
2611 2468 2771 2522 etiam
2800 2470 2862 2522 ad
2889 2468 3025 2523 hanc
3052 2470 3449 2524 similitudinem
3476 2469 3602 2538 quod
3627 2471 3671 2519 in

2117 2557 2289 2625 primo
2321 2557 2516 2627 pupulo
2552 2559 2843 2627 unicuique
2888 2559 3125 2614 lidilium
3169 2577 3362 2614 manna
3409 2559 3672 2615 secundum

2115 2649 2385 2717 prepriam
2400 2648 2731 2704 voluntatem
2753 2651 2804 2703 iu
2826 2665 2920 2705 ore
2946 2650 3188 2720 sapiebat
3215 2670 3226 2703 :
3260 2652 3337 2707 sic
3357 2652 3673 2718 uniuscujus-

2112 2755 2216 2809 que
2243 2740 2293 2794 in
2321 2741 2482 2797 corde
2507 2741 2794 2796 Christiani
2815 2754 3210 2798 sacramentum
3240 2745 3367 2799 illud
3396 2760 3494 2814 quo
3514 2743 3673 2811 subju-

2111 2842 2263 2901 gatus
2293 2844 2377 2889 est
2408 2834 2658 2889 mundus.
2688 2835 2816 2889 Nam
2849 2846 2900 2890 et
2934 2836 3021 2890 ille
3065 2836 3383 2892 honorando
3410 2852 3509 2891 non
3536 2837 3675 2889 audet

2111 2929 2351 2998 quotidie
2379 2943 2625 2992 sumere.
2659 2940 2713 2983 et
2740 2931 2832 2985 ille
2856 2930 3168 2985 honorando
3184 2948 3292 2986 non
3322 2930 3674 2987 audetullodie

2110 3023 2216 3092 ει
2268 3023 2700 3095 prmtermittcre.
2761 3023 3139 3092 Contemptum
3190 3024 3366 3079 solum
3424 3040 3522 3079 non
3578 3025 3676 3079 vult

425 3128 733 3187 peccatum,
759 3118 851 3171 sed
883 3128 1188 3186 contempta
1223 3118 1307 3173 vel
1347 3120 1507 3173 etiam
1548 3129 1854 3188 oppugnata
1896 3119 2006 3188 ipsa
2037 3097 2082 3160 Ο
2113 3112 2266 3166 ο-Ιιιιε
2297 3110 2433 3184 [ille]
2468 3115 2567 3167 iste
2605 3116 2743 3167 s'cnt
2774 3114 2967 3168 Manna
3001 3114 3300 3171 fastidium.
3336 3116 3457 3171 Inde
3482 3114 3608 3171 enim
3631 3123 3675 3167 et

423 3207 676 3261 remissio
699 3217 1071 3276 peccatorum;
1094 3216 1253 3277 atque
1272 3208 1343 3261 ita
1365 3207 1561 3262 dicitur
1579 3209 1800 3263 verbum
1825 3220 2011 3263 contra

430 3299 690 3368 Spiritum
723 3308 968 3354 sanetum
991 3341 1005 3365 ,
1058 3316 1181 3355 cum
1211 3316 1276 3356 ex
1308 3300 1649 3369 dspersicne
1677 3302 1741 3354 ad
1775 3316 2009 3372 congre-

429 3391 698 3458 gationem
727 3406 997 3460 nunquam
1028 3392 1266 3458 venitur,
1298 3407 1418 3462 qua:
1444 3391 1511 3448 ad
1538 3394 1854 3448 remittenda
1885 3409 1994 3463 pec-

424 3490 546 3536 cata
574 3484 781 3552 accepit
830 3483 1089 3553 Spiritum
1117 3493 1383 3539 sanctum.
1417 3485 1495 3540 Ad
1529 3502 1687 3556 quam
1720 3501 2011 3555 congrega-

433 3574 630 3627 tionem
674 3575 884 3629 etiamsi
932 3590 1028 3644 per
1074 3576 1271 3630 malum
1325 3577 1579 3633 clericum
1608 3619 1626 3643 ,
1677 3577 1769 3631 sed
1832 3588 2006 3631 tamen

429 3665 751 3722 catholicum
822 3668 1144 3737 ministrum,
1206 3672 1495 3738 reprobum
1561 3682 1615 3727 et
1684 3671 1862 3726 fictum
1913 3672 2007 3726 ali-

429 3757 550 3824 quis
580 3760 870 3814 accesserit
898 3760 1061 3816 corde
1088 3777 1193 3817 non
1230 3765 1353 3817 ficto
1374 3803 1389 3829 ,
1420 3763 1472 3817 in
1508 3762 1624 3831 ipso
1660 3762 1859 3830 Spiritu
1886 3778 2010 3817 san-

424 3860 517 3903 cto
560 3853 934 3907 remissionem
974 3854 1167 3922 accipit
1215 3867 1554 3924 peccatorum
1589 3872 1601 3907 :
1632 3855 1720 3924 qui
1773 3854 2007 3923 Spiritus

428 3952 643 3996 sanctus
674 3944 725 3997 in
757 3956 939 3999 sancta
975 3946 1215 4001 Ecclesia
1242 3988 1257 4011 ,
1301 3947 1458 4000 ctiam
1500 3945 1600 3999 isto
1631 3954 1872 4014 tempore
1901 3961 2008 4015 quo

430 4032 572 4086 velut
598 4047 719 4087 area
737 4049 856 4089 cum
885 4036 1031 4104 palea
1066 4038 1364 4097 trituratur,
1399 4038 1479 4089 sic
1501 4046 1774 4103 aperatnr,
1801 4045 1859 4090 ut
1888 4037 2006 4089 nul-

431 4121 528 4177 lius
558 4139 737 4178 veram
764 4126 1083 4180 confession
1107 4142 1156 4179 m
1190 4138 1526 4193 aspernetur,
1561 4125 1759 4179 nullius
1790 4126 2007 4180 simula-

428 4217 578 4273 tione
608 4216 836 4281 fallatur,
868 4229 1025 4289 atque
1049 4220 1120 4273 ita
1145 4219 1406 4288 reprobus
1431 4220 1618 4289 fugiat,
1644 4229 1700 4272 ut
1728 4220 1887 4273 etiam
1909 4234 2006 4288 per

426 4325 615 4365 eorum
657 4311 1009 4365 ministerium
1041 4312 1236 4380 probos
1263 4311 1499 4377 colligat.
1534 4310 1705 4366 Unum
1736 4326 1864 4381 ergo
1894 4312 2005 4364 suf-

422 4398 629 4473 fugiam
657 4411 763 4467 est,
807 4417 873 4457 ne
902 4404 968 4457 sit
1010 4404 1392 4457 irrcmissibilis
1434 4404 1786 4473 blasphemia,
1828 4411 1888 4457 ut
1913 4419 2007 4459 cor

427 4493 772 4561 impmnitens
800 4503 1067 4557 caveatur,
1096 4510 1193 4548 nec
1223 4496 1378 4549 aliter
1410 4494 1718 4564 prenitentia
1752 4495 2005 4565 prodesse

427 4586 677 4640 credatur
707 4586 805 4640 nisi
838 4595 895 4641 ιιι
927 4596 1168 4641 teneatur
1197 4588 1459 4655 Ecclesia,
1504 4589 1593 4643 ubi
1620 4590 1863 4644 remissio
1886 4603 2006 4657 pec-

424 4685 663 4729 catorum
696 4676 850 4729 datur
887 4686 939 4731 et
982 4680 1105 4731 soci:
1131 4690 1206 4730 tas
1251 4680 1480 4746 Spiritus
1522 4678 1574 4733 in
1613 4679 1822 4734 vinculo
1861 4679 2004 4748 pacis

423 4765 742 4819 custoditur.

965 4858 1185 4911 CAPUT
1236 4858 1449 4913 CXXV.

422 4969 498 5023 De
525 4968 603 5020 his
627 4969 713 5037 qui
741 4969 963 5033 quotidie
986 4983 1041 5022 re
1065 4972 1125 5021 dc
1146 4970 1223 5022 his
1247 4972 1331 5038 qui
1362 4987 1571 5039 perraro
1595 4974 1994 5034 communicant,

491 5042 567 5092 rel
590 5045 739 5091 etiam
770 5043 832 5091 de
872 5041 948 5091 his
974 5042 1058 5105 qui
1095 5043 1147 5093 in
1187 5057 1329 5094 roma
1370 5041 1577 5095 Domini
1616 5055 1727 5110 post
1764 5059 1988 5097 commu-

489 5126 603 5184 nem
629 5112 794 5184 cibum
821 5110 1194 5184 Eupharistium
1222 5124 1461 5178 sumunt;
1494 5128 1556 5165 ea:
1583 5114 1713 5166 libro
1735 5116 1901 5184 primo
1925 5113 1993 5165 ad

489 5179 850 5248 lnquisiliones
881 5179 1145 5235 Januarii.

484 5292 687 5347 Dixerit
715 5292 907 5363 aliquis
932 5334 947 5359 ,
990 5309 1092 5347 non
1121 5296 1364 5364 quotidie
1387 5298 1762 5368 accipiendam
1793 5300 1995 5358 Eucha-

412 5385 637 5438 ristiam.
667 5382 954 5450 Quatsieris
980 5376 1187 5454 quare?
1217 5387 1506 5454 Quoniam,
1542 5390 1731 5461 inquit,
1761 5394 1992 5464 eligendi

409 5486 535 5529 sunt
579 5476 694 5533 dies
718 5478 908 5547 quibus
940 5482 1121 5548 purius
1154 5483 1313 5536 homo
1337 5482 1810 5555 continentiuSque
1836 5489 1993 5555 vivit,

408 5579 513 5629 quo
566 5566 632 5619 ad
683 5575 887 5622 tantum
934 5582 1323 5626 sacramentum
1376 5572 1567 5641 dignus
1612 5578 1850 5630 accedat.
1887 5577 1989 5644 Qui

410 5654 547 5705 enim
581 5658 974 5713 manducaverit
1002 5662 1247 5731 indigne,
1277 5663 1541 5731 judicium
1571 5666 1670 5721 sibi
1705 5668 1994 5723 manducat
2028 5716 2035 5721 .

2117 3209 2412 3278 Apostolus
2460 3209 2474 3263 i
2517 3208 2676 3280 digne
2722 3208 2850 3263 dicit
2878 3221 3157 3279 acceptum
3201 3210 3271 3264 ab
3301 3210 3380 3266 eis
3409 3250 3423 3275 ,
3467 3210 3551 3277 qui
3590 3210 3676 3262 hoc

2119 3316 2225 3356 non
2244 3302 2620 3356 discernebant
2645 3317 2674 3355 a
2704 3303 2917 3356 caeteris
2940 3302 3074 3357 cibis
3098 3305 3446 3359 veneratione
3468 3300 3677 3371 singula-

2115 3393 2252 3448 riter
2276 3393 2480 3449 debita.
2515 3394 2781 3449 Continuo
2804 3395 3001 3465 quippe
3023 3409 3142 3449 cum
3165 3396 3413 3460 dixisset,
3438 3393 3677 3451 Judicium

2110 3484 2213 3538 sibi
2247 3484 2534 3539 manducat
2554 3494 2605 3537 et
2637 3485 2797 3554 bibit,
2829 3485 2979 3539 addit
3019 3495 3070 3539 ut
3102 3486 3337 3552 diceret,
3368 3487 3479 3541 Non
3507 3484 3676 3553 dijudi‘

2110 3592 2140 3630 c
2178 3593 2241 3630 ns
2269 3592 2467 3646 corpus
2498 3578 2728 3636 Domini.
2777 3577 2920 3646 quod
2950 3579 3083 3633 satis
3114 3578 3231 3644 ipso
3264 3581 3386 3634 loco
3424 3579 3474 3631 in
3524 3575 3673 3645 Epist.

2110 3667 2174 3721 ad
2210 3668 2456 3722 Corinth.
2492 3684 2529 3733 ι,
2575 3667 2619 3723 si
2650 3667 2938 3737 diligenter
2965 3668 3303 3735 attendatur,
3338 3678 3575 3739 apparet.
3606 3666 3677 3719 Sit

2109 3759 2305 3828 aliquis
2328 3767 2646 3828 peregrinus
2680 3760 2730 3813 in
2762 3775 2827 3814 eo
2859 3760 2999 3814 forte
3031 3760 3151 3815 loco
3174 3761 3265 3817 ubi
3296 3767 3627 3831 perseverant
3657 3771 3679 3806 ς

2115 3851 2165 3904 in
2195 3851 2575 3907 observatione
2621 3852 3080 3923 Quadragesimze.
3132 3870 3233 3911 nec
3275 3857 3458 3925 quinta
3486 3852 3673 3907 sabbati

2111 3938 2285 3993 lavant
2308 3942 2618 3995 relaxantve
2644 3942 2909 4011 jejunium
2939 3963 2952 3998 :
2978 3944 3115 4008 Non,
3148 3946 3339 4015 inquit,
3373 3945 3528 3999 hodie
3553 3942 3675 4011 jcjtt-

2114 4030 2273 4086 nabo.
2303 4033 2571 4100 Quaeritur
2610 4035 2812 4088 causa?
2839 4035 2975 4100 Quia
3007 4053 3110 4089 non
3146 4036 3232 4101 fit,
3270 4039 3473 4106 inquit,
3505 4037 3553 4089 in
3592 4049 3675 4102 pa-

2110 4122 2206 4175 tria
2239 4138 2373 4178 mea.
2424 4124 2560 4190 Quid
2603 4124 2747 4179 aliud
2780 4126 2915 4198 [illel
2944 4127 3044 4181 iste
3071 4168 3085 4191 ,
3122 4128 3219 4183 nisi
3253 4127 3670 4182 consuctudineu

2110 4226 2262 4265 suam
2336 4214 2708 4268 consuetudini
2777 4214 3001 4270 alterius
3056 4232 3376 4285 pra-ponere
3434 4212 3678 4271 conatur?

2113 4302 2226 4356 Non
2254 4304 2397 4358 enim
2441 4305 2570 4359 mihi
2611 4306 2679 4360 de
2704 4305 2865 4360 Libro
2899 4306 2989 4359 Dei
3031 4307 3188 4379 [lucc]
3224 4308 3327 4362 hoc
3376 4308 3677 4362 recitaturus

2110 4401 2215 4447 est.
2244 4398 2340 4448 Aut
2369 4395 2627 4449 universae
2647 4394 3064 4466 [quacumquc]d
3091 4397 3284 4451 latatur
3306 4398 3557 4452 Ecclesia:
3582 4397 3679 4464 plc-

2036 4476 2086 4535 D
2113 4500 2176 4538 na
2198 4499 2325 4539 voce
2339 4484 2565 4539 certabit
2583 4527 2598 4552 ,
2614 4495 2704 4539 aut
2725 4488 2961 4541 ostende:
2990 4486 3139 4541 illum
3160 4497 3345 4542 contra
3370 4489 3523 4541 fidem
3545 4485 3677 4539 facc-

2109 4591 2190 4640 re,
2214 4590 2271 4630 se
2289 4586 2467 4631 autem
2490 4577 2779 4632 secundum
2805 4578 2960 4633 fidem
2988 4594 3272 4650 moresque
3295 4581 3421 4634 hinc
3436 4579 3674 4647 optimos,

2109 4676 2199 4721 aut
2229 4667 2372 4721 illum
2403 4667 2631 4734 violare,
2658 4678 2747 4722 aut
2770 4684 2828 4723 se
2849 4669 3121 4724 custodire
3143 4673 3445 4724 convincet.
3480 4668 3679 4720 Violaut

2104 4774 2233 4812 sane
2262 4761 2494 4828 quietem
2548 4769 2600 4815 et
2649 4775 2831 4828 pacem
2871 4760 3096 4831 [suam],
3128 4761 3193 4814 de
3238 4762 3506 4830 superflua
3539 4775 3677 4827 qua--

2106 4855 2283 4907 stione
2315 4854 2557 4907 rixando.
2591 4853 2799 4908 Mallem
2833 4864 3011 4908 tamen
3063 4856 3112 4907 in
3156 4855 3319 4907 rebus
3352 4850 3677 4920 hujusmodi,

2106 4956 2162 4997 ut
2188 4955 2241 4998 et
2270 4947 2355 4999 ille
2387 4947 2437 4998 in
2470 4945 2657 5013 hujus,
2681 4955 2733 4999 et
2766 4944 2850 4999 hic
2883 4946 2934 4999 in
2970 4946 3106 4997 illius
3139 4944 3308 5013 patria
3342 4944 3409 4995 ab
3453 4957 3519 4996 eo
3549 4937 3678 5007 quod

2101 5036 2278 5089 cmteri
2312 5034 2503 5089 faciunt
2534 5051 2637 5089 non
2662 5036 2999 5091 abhorreret.
3021 5036 3075 5091 Si
3100 5052 3228 5090 vero
3250 5036 3415 5089 etiam
3441 5036 3491 5088 in
3516 5035 3678 5087 aliena

2105 5127 2273 5194 patria
2305 5142 2424 5181 cum
2456 5128 2889 5197 peregrinaretur
2915 5170 2930 5192 ,
2954 5130 3042 5182 ubi
3076 5128 3249 5197 major
3269 5138 3323 5181 et
3359 5128 3418 5179 [τι
3441 5127 3677 5195 quentior

2101 5229 2152 5271 et
2189 5218 2479 5273 ferventior
2503 5232 2581 5273 est
2616 5222 2841 5289 populus
2868 5221 2985 5285 Dei,
3023 5220 3176 5285 vidit,
3206 5220 3353 5274 verbi
3378 5223 3546 5289 gratia
3565 5260 3579 5281 ,
3605 5218 3680 5271 bis

2100 5308 2286 5362 offerri
2310 5311 2488 5377 quinta
2505 5311 2709 5364 sabbati
2755 5311 3098 5365 hebdomadas
3120 5312 3321 5364 ultimm
3342 5307 3688 5378 Quadragesi-

2104 5414 2226 5464 ΜΡ,
2253 5409 2302 5453 et
2336 5414 2491 5453 Itane
2520 5408 2569 5453 et
2601 5402 2664 5452 ad
2699 5416 2997 5469 vesperam,
3028 5404 3355 5469 veniensque
3387 5402 3440 5458 iu
3462 5411 3676 5471 patriam
3711 5382 3739 5471 ἶ,

2102 5504 2254 5543 Suam
2288 5490 2374 5542 ubi
2403 5492 2452 5543 in
2485 5491 2589 5547 fine
2612 5492 2720 5548 diei
2748 5508 2866 5547 mos
2905 5507 2982 5546 εει
3010 5493 3210 5558 offerri,
3235 5492 3375 5548 male
3400 5501 3561 5559 atque
3582 5489 3675 5544 illi-

2103 5585 2207 5637 cite
2249 5582 2360 5637 ﬁeri
2388 5585 2698 5651 contendat,
2731 5587 2979 5654 quoniam
3006 5586 3132 5639 alibi
3155 5586 3310 5649 aliter
3332 5584 3450 5653 ipse
3472 5581 3677 5642 viderit,

2106 5675 2319 5743 puerilis
2349 5686 2428 5729 cst
2460 5678 2557 5729 iste
2590 5690 2780 5731 sensus
2819 5679 3086 5731 cavendus
3132 5679 3183 5732 in
3229 5676 3407 5745 nobis,
3442 5674 3672 5729 toleran-
