3990 6180
299 405 400 461 753

1476 402 1694 457 TIIESA
1707 402 1741 456 ll
1756 399 1908 456 RUS.
1950 400 2101 455 CAP.
2141 400 2381 457 CXXVI.

3454 400 3568 454 75+

297 521 393 572 dus
422 528 473 574 et
506 518 851 586 corﬁgettdus
880 516 929 567 in
964 516 1179 569 nostris.
1203 544 1273 555 --
1304 515 1381 567 Ex
1411 518 1585 568 eodem
1617 517 1705 567 lib.
1735 532 1771 579 ι,
1805 516 1873 565 ad
1902 519 1949 575 Α
1980 514 2105 568 deat
2174 516 2320 587 [anni
2380 511 2547 583 diem]
2579 513 2743 575 diem,
2795 514 2932 567 sient
2990 512 3103 565 dies
3153 528 3252 580 qua
3326 516 3556 570 traditur

296 610 659 678 Inquisitiones
689 608 913 677 ejusdem
936 604 1198 659 Januarii.
1228 636 1295 645 —
1324 606 1413 659 llis
1436 608 1576 659 enim
1601 607 1797 669 causis,
1823 605 1874 658 id

297 710 423 768 est,
467 709 560 753 aut
615 709 833 769 propter
886 697 1076 765 ﬁdem,
1128 708 1217 750 aut
1264 706 1478 765 propter
1529 711 1738 760 mores,
1794 696 1877 750 vel

296 791 571 847 tmeudari
618 800 832 859 oportet
861 790 1001 859 quod
1036 804 1317 857 perperam
1353 790 1534 857 ﬁebat,
1563 789 1645 843 Vel
1674 788 1875 842 institui

295 885 439 954 quod
468 899 573 937 non
606 883 788 935 ﬁebat.
822 882 937 949 Ipsa
970 882 1165 951 quippe
1193 883 1415 935 mutatio
1443 880 1875 942 consuetudinis,

297 977 456 1029 etiam
478 990 599 1045 qua:
630 974 856 1028 utilitate
888 974 1135 1042 adjuvat,
1164 976 1397 1027 novitate
1428 971 1722 1039 perturbat.
1740 972 1879 1037 Qua-

300 1076 517 1137 propter
544 1080 664 1136 qum
691 1066 837 1120 utilis
864 1081 967 1119 nou
992 1075 1094 1129 est,
1125 1067 1523 1133 perturbatione
1548 1065 1875 1119 infructuosa

297 1173 349 1215 et
394 1169 789 1229 consequenter
839 1160 995 1213 noxia
1032 1169 1133 1214 est.
1182 1160 1290 1214 Nec
1336 1160 1454 1213 ideo
1498 1159 1668 1226 putari
1698 1158 1876 1218 debet,

298 1250 598 1304 institutum
642 1265 764 1305 esse
805 1252 985 1304 multis
1029 1252 1158 1305 locis
1186 1293 1201 1316 ,
1231 1263 1284 1304 ιιι
1318 1251 1403 1305 illa
1436 1251 1531 1306 die
1559 1258 1679 1318 post
1710 1250 1879 1304 refec-

299 1341 496 1393 tionem
524 1341 795 1403 offeratur,
847 1341 967 1406 quia
1022 1342 1276 1409 scriptum
1327 1350 1430 1404 est,
1466 1340 1770 1395 identidem
1825 1350 1881 1394 et

295 1430 518 1485 calicem
550 1439 671 1500 post
719 1445 928 1484 (mnam
971 1432 1175 1492 dicens,
1201 1441 1304 1485 etc.
1343 1433 1557 1499 :ipsatn
1605 1432 1748 1486 enim
1783 1446 1875 1499 po-

298 1522 398 1574 tuit
463 1522 737 1590 appellare
787 1536 1036 1583 caenam,
1093 1522 1232 1590 quod
1296 1522 1409 1590 jam
1478 1535 1675 1590 corpus
1720 1537 1877 1575 acce-

297 1624 521 1681 perant,
580 1624 636 1666 ut
686 1613 881 1667 deinde
928 1614 1150 1668 calicem
1199 1616 1526 1684 acciperent.
1587 1614 1877 1683 Apostolus

295 1718 528 1772 namque
574 1704 699 1758 alibi
752 1704 902 1769 dicit,
932 1705 1394 1758 Couvenientibus
1440 1720 1569 1774 ergo
1614 1705 1764 1759 vobis
1823 1706 1874 1760 in

291 1810 457 1847 unum
483 1838 495 1860 ,
523 1809 628 1848 non
656 1804 735 1847 est
758 1794 1082 1848 dominicam
1113 1809 1322 1850 cuinam
1348 1795 1691 1864 manducare,
1743 1796 1877 1850 hanc

1982 617 2138 661 natus
2163 649 2178 672 ,
2221 618 2277 664 et
2304 609 2499 663 deinde
2527 608 2803 677 subjungis
2832 625 2843 661 :
2877 608 2931 662 Si
2968 607 3066 660 hoc
3098 605 3208 679 [sit]
3241 608 3298 661 ﬁt
3341 618 3557 676 propter

1982 699 2271 752 Sabbatuau
2303 708 2359 752 et
2407 699 2632 765 Lunam,
2668 699 2793 769 quid
2832 700 2929 753 sibi
2968 698 3093 752 velit
3141 702 3192 752 in
3225 697 3325 753 hac
3379 714 3436 752 re
3466 701 3562 752 oh-

1979 790 2215 844 servatio
2244 790 2461 845 Sabbati
2509 800 2563 845 et
2596 791 2800 844 Lunae?
2849 790 2945 844 llic
2997 790 3222 856 primum
3254 799 3469 857 oportet
3503 799 3560 843 ut

1980 880 2193 933 noveris
2217 879 2359 933 diem
2389 879 2587 932 Natalis
2621 881 2659 932 D
2686 898 2730 931 ιιι
2758 881 2849 945 ini,
2888 894 2991 931 non
3026 877 3075 931 itt
3104 887 3438 931 sacramento
3466 894 3557 932 cc-

1984 973 2198 1037 lebrari,
2231 971 2324 1027 sed
2358 982 2560 1025 tanttun
2591 973 2641 1025 in
2671 972 2982 1025 memoriam
3008 970 3278 1033 revocari,
3305 970 3443 1038 quod
3466 986 3561 1023 na-

1983 1074 2066 1118 tus
2094 1066 2178 1120 sit.
2232 1070 2309 1120 Ac
2363 1081 2457 1134 per
2486 1066 2584 1117 hoc
2616 1066 2746 1118 nihil
2775 1081 2910 1133 opus
2951 1075 3099 1130 erat,
3127 1066 3226 1119 nisi
3260 1066 3557 1119 revolutum

1980 1158 2121 1212 diem
2150 1161 2296 1215 anni.
2328 1174 2434 1226 quo
2476 1159 2590 1227 ip~a
2623 1172 2708 1211 res
2752 1168 2869 1212 aeta
2899 1168 2982 1212 est
3014 1159 3144 1213 festa
3177 1158 3461 1214 devotione
3489 1158 3562 1211 si-

1979 1250 2151 1319 gnari.
2185 1249 2591 1304 Sacrameotunt
2625 1258 2708 1303 cst
2756 1258 2936 1302 autem
2987 1249 3038 1302 in
3086 1248 3263 1317 aliqua
3312 1249 3559 1303 celebra-

1983 1342 2165 1406 tione,
2220 1355 2342 1395 cum
2393 1343 2470 1395 rei
2524 1350 2689 1409 geste
2737 1339 3178 1394 commemoratio
3228 1339 3297 1393 ita
3353 1340 3443 1403 lit,
3495 1348 3561 1393 ιιι

1981 1433 2182 1502 aliquid
2233 1432 2393 1485 etiam
2440 1431 2745 1500 signiﬁcare
2792 1430 3154 1498 intelligatur,
3203 1427 3344 1497 quod
3375 1436 3562 1483 sancte

1981 1523 2352 1592 accipiendum
2370 1532 2475 1577 est.
2514 1521 2589 1577 Eo
2621 1523 2799 1590 itaque
2824 1522 2985 1574 modo
3014 1522 3221 1590 agimus
3253 1519 3477 1585 Pascha,
3503 1529 3561 1573 ut

1983 1631 2088 1669 non
2120 1616 2296 1670 solum
2324 1615 2463 1684 quod
2506 1612 2761 1683 [gestum]
2809 1614 3006 1667 factum
3035 1621 3116 1666 est
3149 1611 3201 1664 in
3244 1611 3556 1664 memoriam

1983 1722 2336 1773 revocemus,
2384 1708 2433 1760 id
2464 1717 2577 1772 est,
2632 1706 2771 1774 quod
2807 1714 3045 1757 mortuus
3077 1713 3154 1758 est
3208 1704 3453 1757 Christus
3505 1712 3558 1756 et

1982 1800 2297 1862 resurrexit,
2341 1797 2433 1851 sed
2487 1797 2645 1849 etiam
2686 1806 2878 1849 cmtera
2926 1811 3046 1864 qua:
3097 1795 3239 1848 circa
3301 1811 3363 1848 ea
3423 1802 3560 1855 atte-

290 1889 463 1955 ips-am
496 1886 859 1956 acceptionem
891 1888 1259 1953 eucharistiaz,
1295 1889 1619 1943 dominicam
1663 1905 1871 1944 coenam
1910 1876 1949 1932 Β
1979 1900 2219 1956 stantur,
2269 1889 2335 1945 ad
2388 1886 2711 1943 sacramenti
2758 1886 3201 1955 signiﬁcationem
3251 1902 3355 1939 non
3396 1887 3559 1938 omit-

292 1993 526 2042 vocans,
561 1979 688 2033 illud
717 1981 885 2049 magis
916 1994 1135 2034 movere
1180 1980 1346 2048 potuit
1382 1980 1657 2046 homines,
1689 1992 1745 2035 ut
1762 1982 1871 2044 jam

288 2068 475 2124 refecti
504 2110 519 2134 ,
552 2069 639 2124 die
667 2070 756 2124 illo
788 2071 867 2123 vel
898 2069 1158 2124 oﬁ'errent
1179 2110 1193 2134 ,
1219 2071 1300 2125 vel
1329 2081 1605 2125 sumerent
1630 2072 1877 2126 euchari-

286 2160 632 2228 st‘am,quod
660 2159 712 2214 in
740 2159 1029 2230 Evangelio
1055 2162 1275 2216 dicitur:
1294 2159 1425 2215 Cum
1444 2172 1621 2217 autem
1639 2163 1876 2219 illiman-

286 2250 585 2317 ducarent,
618 2252 825 2320 accepit
880 2252 1037 2307 Jesus
1084 2268 1273 2321 panem
1305 2262 1360 2308 et
1398 2253 1705 2319 benedixit;
1754 2271 1874 2308 cum

286 2344 454 2398 etiam
478 2344 725 2412 superius
755 2344 1013 2399 dixisset:
1046 2343 1180 2398 Cum
1211 2358 1335 2399 sero
1364 2354 1541 2400 autem
1567 2345 1760 2399 factum
1791 2360 1875 2399 es-

287 2434 411 2502 set,
442 2435 787 2491 recumbebat
816 2451 935 2491 cum
978 2436 1299 2504 duodecim,
1332 2446 1387 2492 et
1428 2438 1875 2493 manducantibus

285 2526 372 2581 eis
400 2527 539 2582 dixit
569 2544 582 2580 :
607 2528 871 2595 Quoniam
906 2543 1042 2581 unus
1071 2544 1134 2582 ex
1169 2528 1315 2582 vobis
1345 2527 1521 2582 tradet
1552 2544 1658 2583 me.
1685 2530 1876 2583 Postea

284 2618 434 2671 enim
508 2618 730 2671 tradidit
790 2628 1218 2683 sacramentum,
1289 2627 1345 2673 et
1395 2619 1601 2687 liquido
1657 2630 1877 2689 apparet

283 2710 509 2779 quando
532 2712 759 2779 primum
773 2723 1093 2781 acceperunt
1108 2710 1360 2780 discipuli
1376 2725 1572 2777 corpus
1589 2723 1639 2766 et
1656 2714 1874 2781 Sangui-
1888 2708 1911 2727 ⁸

284 2819 414 2856 nem
445 2803 690 2867 Domini,
735 2819 839 2857 non
871 2818 964 2858 eos
1011 2805 1282 2872 accepisse
1324 2803 1558 2872 jejunos.
1609 2802 1876 2873 Numquid

284 2902 469 2945 tamen
505 2905 782 2961 propterea
824 2893 1253 2946 enlttmniandum
1285 2904 1371 2947 est
1398 2893 1660 2946 universm
1694 2893 1877 2948 Eccle-

282 2984 421 3049 si.e,
455 2984 595 3052 quod
626 2999 655 3036 a
698 2984 895 3052 jejunis
934 2998 1146 3051 semper
1168 2983 1465 3052 accipitur?
1493 2983 1565 3036 Ex
1598 2983 1698 3037 hoc
1729 2983 1875 3037 enim

286 3079 494 3145 placuit
525 3080 741 3145 Spiritui
790 3091 975 3133 sancto
1015 3089 1070 3133 ut
1113 3080 1166 3134 in
1221 3080 1477 3135 honorem
1521 3082 1652 3134 tanti
1684 3096 1870 3135 sacra-

284 3177 454 3229 menti
486 3176 537 3229 in
564 3190 624 3229 os
651 3174 938 3230 Christiani
969 3176 1114 3245 prius
1138 3176 1463 3231 dominicum
1485 3190 1681 3245 corpus
1708 3177 1875 3230 intra-

286 3278 400 3333 ret,
434 3284 591 3337 quam
625 3267 838 3340 [exteri]
867 3244 1044 3324 cmteti
1067 3271 1170 3325 cibi
1195 3311 1209 3335 ,
1237 3286 1358 3325 nam
1386 3272 1506 3326 ideo
1532 3288 1624 3341 per
1645 3275 1866 3327 univer~
1897 3244 1943 3306 Ο

282 3373 402 3412 sum
436 3360 620 3413 orbem
656 3374 772 3413 mos
820 3361 918 3414 iste
958 3370 1222 3417 servatur.
1270 3361 1452 3431 Neque
1480 3365 1625 3417 enim
1655 3363 1776 3429 quia
1819 3364 1869 3417 id

286 3460 411 3519 post
464 3452 615 3505 cilos
661 3451 808 3507 dedit
864 3452 1151 3520 Dominus,
1204 3466 1484 3526 propterea
1553 3457 1729 3525 pransi
1782 3468 1873 3512 aut

285 3545 489 3598 creuati
526 3543 718 3598 fratres
739 3586 751 3605 .
810 3545 874 3598 ad
920 3546 1046 3600 illud
1076 3559 1471 3603 sacramentum
1502 3551 1868 3618 accipiendum

286 3634 587 3687 convenire
610 3632 850 3705 [debent]
879 3634 1179 3705 debebunt,
1207 3639 1449 3692 autsicut
1480 3640 1551 3692 illi
1580 3640 1866 3705 faciebant,

283 3741 423 3792 quos
459 3725 743 3792 Apostolus
770 3727 943 3794 arguit
972 3736 1026 3781 et
1054 3728 1384 3794 emendavit,
1411 3732 1609 3784 mensis
1637 3731 1747 3785 suis
1770 3732 1869 3786 ista

284 3819 539 3871 miscere.
557 3816 687 3870 Nam
705 3817 952 3873 Salvator
965 3836 1068 3887 qtto
1080 3820 1448 3876 vehementius
1459 3823 1870 3879 commendaret

279 3907 525 3977 mysterii
560 3906 702 3961 illius
731 3907 1097 3973 altitudinem,
1125 3910 1368 3965 ultimum
1398 3911 1497 3966 hoc
1522 3912 1686 3966 voluit
1708 3912 1870 3969 altius

280 3998 507 4066 inﬁgere
527 3999 777 4054 cordibus
805 4010 859 4053 et
880 4002 1150 4055 memoriae
1178 4001 1557 4070 discipulorum
1576 4042 1591 4068 ,
1622 4018 1649 4055 a
1678 4004 1870 4071 quibus

282 4089 347 4141 ad
382 4090 687 4157 pa<sionem
713 4091 1051 4159 digressurus
1074 4100 1190 4146 erat
1214 4109 1226 4145 :
1259 4101 1312 4147 et
1335 4092 1457 4148 ideo
1484 4108 1588 4147 non
1618 4096 1869 4163 praecepit

278 4195 387 4248 quo
429 4180 623 4235 ordine
672 4181 930 4250 deinceps
976 4193 1299 4250 sumeretur,
1356 4194 1413 4237 ut
1464 4184 1735 4253 Apostolis
1778 4200 1871 4253 per

278 4286 415 4339 quos
445 4271 738 4325 Ecclesiam
770 4272 1124 4339 dispositurus
1161 4280 1308 4339 erat,
1339 4282 1585 4329 servaret
1612 4274 1752 4327 hunc
1783 4273 1867 4328 lo-

278 4378 424 4415 cum.
456 4362 589 4415 Nam
621 4362 667 4417 si
696 4362 798 4417 hoc
829 4362 918 4417 ille
963 4363 1291 4428 monuisset,
1321 4374 1377 4418 ut
1408 4374 1527 4433 post
1557 4364 1705 4420 cibos
1734 4364 1869 4419 alios

278 4468 497 4521 semper
514 4454 868 4522 acciperetur,
889 4454 1052 4509 credo
1072 4455 1211 4524 quod
1230 4470 1350 4508 eum
1374 4469 1580 4511 morem
1605 4471 1763 4510 nemo
1780 4470 1870 4508 va-

278 4547 498 4600 riasset.
522 4545 654 4601 Cum
672 4562 801 4601 vero
823 4547 1196 4616 aitApostolus
1219 4548 1284 4603 de
1305 4548 1405 4602 hoc
1422 4558 1766 4603 sacramento
1791 4549 1868 4603 lo-

278 4652 472 4705 quens,
490 4637 714 4707 Propter
735 4639 896 4709 quod,
923 4639 1132 4705 fratres,
1158 4656 1278 4695 cum
1302 4642 1603 4696 convenitis
1625 4643 1692 4697 ad
1716 4658 1866 4697 man-
1896 4618 1950 4679 D

277 4729 609 4795 ducandum,
643 4732 871 4786 invicem
903 4744 1246 4801 eXSpectate;
1276 4733 1319 4789 si
1350 4736 1469 4804 quis
1499 4736 1686 4803 esurit,
1720 4736 1866 4791 domi

278 4821 615 4887 manducet,
662 4833 719 4878 ut
748 4840 852 4880 non
881 4825 945 4880 ad
973 4826 1232 4896 judicium
1266 4829 1604 4883 conveniatis
1635 4846 1649 4885 :
1683 4830 1864 4884 statim

276 4913 559 4967 subtexuit
602 4916 852 4971 :Caetera
897 4926 1075 4971 autem
1133 4933 1251 4973 cum
1314 4934 1515 4974 venero
1582 4922 1865 4975 ordinaho.

280 5002 437 5057 Unde
490 5005 708 5075 intelligi
755 5007 932 5074 datur,
965 5009 1084 5077 quia
1119 5010 1342 5064 multum
1375 5020 1488 5065 erat
1538 5021 1594 5065 ut
1642 5011 1693 5065 in
1743 5013 1867 5080 Epi-

274 5096 416 5149 stola
450 5103 618 5150 totum
666 5098 798 5152 illud
828 5101 1016 5169 agendi
1061 5102 1305 5157 ordinem
1339 5103 1666 5170 insinuaret,
1698 5121 1857 5174 quem

277 5188 532 5241 universa
566 5203 662 5257 per
685 5191 870 5244 orbem
912 5202 1092 5247 servat
1126 5194 1363 5249 Ecclesia
1391 5195 1460 5249 ab
1490 5197 1607 5265 ipso
1647 5198 1864 5252 ordina-

276 5284 396 5331 tum
444 5291 597 5345 esse,
627 5280 771 5349 quod
818 5280 959 5336 nulla
993 5300 1197 5338 morum
1252 5286 1569 5343 diversitate
1601 5288 1858 5345 variatur.

814 5374 1040 5430 CAPUT
1088 5375 1327 5435 CXXVI.

278 5460 420 5525 Quid
444 5462 539 5514 sibi
578 5464 696 5517 velit
723 5465 773 5518 in
796 5466 1132 5520 celebratione
1179 5468 1391 5523 Pascha:
1413 5470 1693 5524 observatio
1721 5471 1855 5525 Sab-

349 5533 456 5607 balt'
478 5542 531 5607 et
563 5535 742 5600 Lunae,
768 5544 813 5588 et
837 5537 899 5588 de
931 5537 1358 5607 Quadragesima,
1388 5540 1463 5593 vel
1483 5541 1546 5593 de
1575 5558 1854 5594 consonan-

348 5603 424 5679 tia
468 5602 761 5679 Pentecoste
788 5622 904 5659 cum
931 5609 1015 5661 die
1042 5602 1163 5679 legis
1201 5602 1357 5677 datm,
1386 5626 1446 5664 ea:
1475 5612 1602 5664 libro
1628 5614 1853 5667 secundo

346 5674 417 5724 ad
439 5676 670 5728 eumdem
686 5674 1017 5731 Ianuarium.

349 5764 560 5830 Quaeris
590 5781 709 5837 quae
739 5783 899 5821 causa
941 5769 1029 5834 sit,
1062 5784 1157 5825 cur
1186 5770 1582 5828 anniversarios
1621 5772 1736 5827 dies
1767 5788 1857 5829 ce-

282 5857 552 5912 lebranda:
603 5858 893 5913 Dominicre
923 5859 1217 5930 passionis,
1257 5878 1359 5917 non
1394 5864 1457 5917 ad
1489 5864 1735 5918 eumdem
1768 5880 1853 5919 rc-

1982 1994 2176 2037 tamus.
2225 1981 2358 2047 Quia
2429 1979 2573 2034 enim
2650 1979 2789 2033 sicut
2852 1978 2984 2031 dicit
3036 1978 3353 2045 Apostolus,
3422 1976 3559 2031 Mor-

1978 2084 2102 2131 tuus
2118 2084 2202 2131 est
2231 2084 2450 2143 propter
2473 2072 2668 2127 delicta
2700 2081 2879 2126 nostra
2902 2114 2915 2136 ,
2946 2080 3001 2125 ct
3028 2072 3322 2126 resurrexit
3342 2081 3559 2139 propter

1974 2164 2414 2237 justiﬁcationem
2448 2172 2683 2218 nostram
2710 2202 2728 2231 ,
2758 2162 3016 2216 transitus
3046 2161 3259 2229 quidam
3288 2161 3356 2216 de
3387 2171 3561 2215 morte

1978 2256 2043 2309 ad
2094 2256 2256 2310 vitam
2280 2297 2296 2322 ,
2328 2255 2379 2309 in
2408 2254 2496 2309 illa
2532 2253 2784 2323 passione
2814 2260 2870 2307 et
2901 2252 3295 2306 resurrectione
3346 2251 3557 2307 Domini

1978 2358 2217 2406 sacratus
2266 2359 2370 2405 est.
2426 2348 2558 2403 Nam
2609 2347 2773 2402 etiam
2825 2347 3141 2402 vocabulum
3199 2349 3372 2416 ipsum
3416 2351 3558 2418 quod

1980 2440 2178 2508 pascha
2210 2440 2407 2494 dicitur
2437 2455 2542 2493 non
2576 2437 2819 2492 Grmcum
2852 2438 2989 2492 sicut
3020 2440 3175 2508 vulgo
3197 2439 3365 2495 videri
3394 2442 3558 2507 solet,

1978 2532 2072 2585 sed
2119 2531 2401 2585 Hebraeum
2447 2545 2567 2585 esse
2615 2529 2833 2592 dicunt,
2880 2528 2970 2596 qui
3002 2539 3284 2598 utramque
3326 2530 3558 2600 linguam

1981 2633 2266 2677 noverunt.
2291 2622 2473 2691 Neque
2501 2620 2643 2675 enim
2667 2636 2696 2674 a
2728 2622 2993 2689 passione,
3018 2622 3268 2690 quoniam
3296 2624 3476 2678 πάθην
3498 2624 3555 2677 in

1979 2715 2169 2771 Graeco
2207 2715 2434 2779 dicitur,
2488 2717 2591 2781 pati
2619 2755 2633 2779 ,
2664 2715 2756 2769 sed
2808 2715 2875 2767 ab
2905 2729 2971 2769 eo
2997 2714 3137 2783 quod
3171 2715 3426 2770 transitur
3451 2757 3465 2779 ,
3494 2724 3551 2771 ut

1980 2805 2109 2868 dixi,
2141 2805 2250 2878 [de]
2296 2822 2322 2857 a
2369 2814 2541 2860 morte
2588 2805 2653 2859 ad
2687 2806 2869 2867 vitam,
2907 2804 3131 2859 lleltraio
3160 2804 3322 2860 verbo
3352 2820 3438 2860 res
3461 2821 3553 2875 ap-

1982 2898 2178 2966 pellata
2225 2909 2302 2951 οει
2326 2940 2340 2964 ,
2387 2897 2439 2950 in
2484 2912 2590 2966 quo
2620 2897 2862 2964 eloquio,
3037 2896 3295 2950 transitus
3322 2896 3559 2961 dicitur,

1978 3004 2116 3058 sicut
2144 3002 2427 3071 perhibent
2472 3001 2563 3069 qui
2592 3000 2708 3056 haec
2732 3001 2928 3055 sciunt.
2976 3000 3126 3067 Quod
3158 3001 3325 3054 voluit
3355 3011 3408 3054 et
3440 3001 3557 3069 ipse

1982 3096 2239 3150 Dominus
2269 3094 2485 3164 tangere
2517 3110 2637 3149 cum
2668 3097 2761 3159 ait,
2814 3095 2912 3160 Qui
2942 3094 3115 3149 credit
3156 3098 3206 3147 in
3237 3110 3341 3160 me,
3383 3104 3553 3147 trans-

1985 3191 2054 3243 iet
2106 3204 2136 3243 a
2168 3199 2338 3243 morte
2368 3191 2419 3242 in
2450 3189 2640 3253 vitam;
2676 3198 2729 3242 et
2760 3187 2990 3241 maxime
3020 3187 3161 3241 idem
3212 3185 3554 3255 Evangelista

1978 3281 2076 3335 hoc
2091 3281 2404 3350 intelligitur
2416 3281 2718 3349 exprimere
2733 3280 2984 3344 voluisse,
3001 3294 3120 3334 cum
3138 3279 3554 3334 decelebraturo

1978 3372 2206 3427 Domino
2239 3371 2441 3425 Pascha
2471 3385 2592 3425 cum
2625 3370 2906 3438 discipulis
2934 3369 3048 3424 suis
3097 3369 3187 3423 ubi
3234 3384 3442 3424 ctenam
3474 3369 3556 3425 eis

1976 3466 2255 3536 mysticam
2298 3463 2489 3519 dedit:
2523 3462 2655 3518 Cum
2697 3463 2942 3529 vidisset,
2971 3461 3178 3532 inquit,
3222 3461 3380 3517 Jesus
3430 3461 3555 3531 quia

1976 3558 2120 3609 venit
2150 3555 2302 3620 hora,
2333 3564 2392 3609 ut
2438 3555 2694 3609 transiret
2741 3568 2808 3608 ex
2857 3552 2958 3608 hoc
2991 3552 3192 3607 mundo
3221 3552 3286 3607 ad
3319 3562 3552 3622 patrem.

1975 3648 2253 3702 Transitus
2274 3661 2403 3717 ergo
2428 3646 2497 3702 de
2523 3647 2621 3702 hac
2650 3649 2753 3700 vita
2778 3646 2987 3700 mortali
3012 3646 3061 3699 itt
3085 3646 3244 3699 aliam
3268 3647 3427 3699 vitam
3453 3645 3553 3699 im-

1974 3739 2275 3804 mortalem,
2310 3740 2412 3793 boc
2442 3747 2525 3793 est
2559 3739 2722 3803 enim,
2757 3737 2825 3791 de
2852 3747 3025 3793 moite
3051 3737 3117 3791 ad
3149 3738 3332 3798 vitam,
3358 3737 3409 3790 in
3434 3752 3556 3806 pas-

1974 3832 2125 3885 sione
2175 3840 2230 3884 et
2274 3828 2666 3885 resurrectione
2716 3827 2929 3881 Domini
2974 3827 3400 3882 commendatur.
3453 3828 3551 3882 llic

1977 3923 2233 3978 transitus
2262 3936 2292 3973 a
2323 3921 2479 3975 nobis
2511 3920 2671 3975 modo
2696 3920 2873 3989 agitur
2904 3934 2998 3988 per
3029 3919 3219 3983 ﬁdem,
3249 3934 3367 3988 qua!
3397 3920 3551 3973 nobis

1974 4025 2054 4069 est
2082 4016 2135 4068 in
2162 4013 2531 4069 remissionem
2555 4020 2916 4082 peccatorum,
2943 4011 2994 4065 in
3019 4026 3169 4080 spem
3189 4012 3310 4065 vitae
3335 4020 3552 4066 :eternae

1975 4107 2317 4175 diligentibus
2348 4106 2513 4159 Deum
2555 4113 2609 4158 et
2638 4103 2939 4173 proximum
2966 4144 2980 4163 ,
3006 4102 3128 4171 quia
3177 4101 3309 4157 ﬁdes
3352 4118 3445 4171 per
3470 4104 3553 4157 di-

1976 4198 2256 4253 lectionem
2288 4206 2543 4266 operazur
2565 4236 2580 4259 ,
2612 4205 2667 4249 et
2690 4195 2863 4263 justus
2886 4210 2949 4247 ex
2975 4193 3079 4247 ﬁde
3104 4193 3254 4247 vivit.
3288 4193 3425 4263 Spes
3454 4209 3549 4248 au-

1977 4298 2083 4345 tem
2115 4306 2233 4359 qua:
2263 4289 2493 4352 videtur,
2528 4303 2634 4341 non
2664 4295 2747 4341 est
2774 4300 2919 4354 spes.
2950 4285 3100 4352 Quod
3135 4284 3324 4358 [enim]
3366 4295 3548 4341 autem
3581 4288 3587 4295 ’

1977 4380 2120 4435 videt
2146 4380 2285 4449 quis,
2315 4379 2441 4450 quid
2470 4379 2685 4447 Sperat?
2716 4376 2760 4431 si
2788 4386 2966 4432 autem
2991 4377 3130 4445 quod
3161 4392 3265 4431 non
3307 4377 3548 4434 videmus

1973 4487 2285 4543 speramus,
2335 4486 2429 4541 per
2464 4468 2773 4539 patientiam
2805 4477 3218 4537 exspectamus:
3248 4468 3543 4523 secundum

1977 4565 2114 4620 hanc
2145 4564 2327 4629 ﬁdem,
2358 4578 2506 4630 spem
2538 4571 2592 4618 et
2619 4561 2965 4616 dilectionem
2985 4600 3001 4625 ,
3033 4561 3405 4630 quaeuepimus
3426 4576 3549 4617 esse

1972 4659 2072 4713 sub
2102 4658 2290 4727 gratia.
2333 4655 2449 4712 Jam
2501 4653 2823 4709 commortui
2854 4666 3039 4706 sumus
3080 4666 3202 4706 cum
3252 4650 3465 4706 Christo
3495 4665 3551 4708 et

1972 4750 2271 4820 consepulti
2301 4749 2375 4803 illi
2407 4763 2501 4816 per
2522 4745 2871 4816 baptismum,
2898 4744 3035 4798 sicut
3060 4742 3192 4797 dicit
3219 4743 3506 4810 Apostolus
3530 4760 3542 4797 :

1972 4846 2106 4911 Quia
2151 4852 2206 4898 et
2234 4851 2388 4899 vetus
2418 4842 2578 4896 homo
2610 4848 2815 4904 noster,
2861 4836 3018 4892 simul
3044 4836 3435 4890 concruciﬁxus
3462 4846 3549 4891 est

1972 4935 2118 4992 cruci
2144 4949 2263 4991 cum
2312 4933 2428 4999 illo,
2477 4943 2531 4987 et
2575 4930 2971 4987 resurreximus
2999 4944 3118 4981 cum
3152 4927 3272 4993 illo,
3324 4928 3442 4997 quia
3491 4938 3547 4983 et

1971 5028 2131 5083 simul
2179 5040 2277 5082 nos
2324 5026 2600 5088 excitavit,
2634 5032 2689 5078 et
2727 5021 2884 5076 simul
2933 5020 3122 5075 sedere
3167 5018 3294 5074 fecit
3343 5020 3394 5074 in
3436 5035 3546 5074 cm-

1972 5119 2214 5176 lestibus.
2270 5116 2421 5171 Unde
2488 5124 2574 5170 est.
2629 5115 2717 5169 illa
2758 5113 3061 5169 exhortatio
3107 5131 3119 5166 :
3170 5113 3298 5179 Quae
3330 5126 3542 5166 sursum

1971 5225 2095 5269 sunt
2117 5215 2307 5284 sapite,
2335 5228 2437 5267 non
2455 5228 2573 5280 qu.e
2590 5225 2754 5281 super
2770 5218 2996 5265 terram:
3015 5207 3108 5262 sed
3130 5206 3273 5275 quod
3302 5205 3548 5273 sequitur

1970 5311 2080 5380 8.2
2107 5317 2159 5361 et
2186 5306 2350 5359 dicit:
2387 5304 2576 5358 Mortui
2616 5301 2759 5357 enim
2795 5302 2952 5364 estis,
2974 5307 3028 5352 et
3063 5297 3166 5350 vita
3199 5304 3371 5350 vestra
3414 5295 3544 5349 abs-

1971 5400 2178 5457 condita
2195 5405 2278 5453 est
2291 5411 2411 5453 cum
2423 5394 2636 5450 Christo
2650 5394 2701 5447 in
2722 5395 2853 5459 Deo,
2869 5406 2987 5445 cum
3000 5387 3216 5442 Chistus
3232 5389 3548 5453 apparuerit

1972 5497 2074 5549 vita
2103 5501 2300 5556 vestra,
2341 5500 2466 5545 tunc
2492 5498 2545 5543 et
2574 5502 2669 5541 vos
2697 5485 3023 5554 apparebitis
3053 5498 3173 5537 cum
3205 5479 3321 5544 ipso
3344 5478 3397 5531 in
3428 5481 3543 5551 glo-

1962 5589 2070 5652 ria;
2103 5584 2234 5640 satis
2262 5582 2458 5637 indicat
2487 5579 2611 5648 qnid
2644 5580 2772 5632 velit
2799 5576 3040 5645 intelligi,
3062 5576 3183 5645 quia
3210 5585 3335 5628 tunc
3365 5584 3543 5625 trans-

1964 5681 2066 5733 itus
2111 5686 2292 5730 noster
2335 5674 2402 5727 de
2442 5680 2611 5725 morte
2660 5670 2724 5723 ad
2761 5670 2945 5731 tiam,
2993 5669 3082 5737 qui
3121 5669 3178 5721 ﬁt
3216 5681 3310 5735 per
3354 5664 3539 5727 ﬁdem,

1964 5786 2060 5839 spe
2090 5768 2362 5839 peragitur
2397 5764 2608 5826 futurm,
2660 5761 2711 5815 in
2745 5762 2849 5815 ﬁne
2888 5759 3292 5816 resurrectionis
3339 5766 3394 5813 et
3422 5758 3540 5826 glo-

1967 5865 2083 5927 rizc,
2116 5876 2234 5915 cum
2280 5854 2625 5926 corruptiltile
2668 5854 2798 5922 hoc,
2833 5854 2884 5906 id
2932 5863 3013 5909 est
3054 5867 3177 5907 coro
3204 5853 3302 5907 ista
3335 5850 3385 5904 in
3430 5863 3535 5917 qua
