3990 6180
417 395 518 450 755

1467 394 1536 455 Ι).
1580 390 1899 452 EUGYPI‘II
1943 387 2228 447 ABBA’I‘IS'
2269 393 2587 448 A'FR‘ICANI

3570 392 3682 446 73:6-

405 507 688 578 g'enitmus,
709 512 867 570 modo
883 496 1558 585 induet‘incorruptiOnem.
1574 523 1627 566 et
1641 507 1863 565 mortale
1877 507 1976 559 hnc
2011 504 2066 559 A=
2088 507 2136 558 in
2163 507 2315 561 bonis
2337 509 2590 577 operibus
2606 518 2825 576 apparet
2843 506 3171 575 hominibus,
3189 505 3476 577 aliquando
3496 518 3668 563 autem

407 603 638 659 induerit
667 607 1156 663 immortalitatem.-
1175 608 1322 662 Nunc
1338 609 1481 662 enim
1509 607 1619 674 jam
1647 605 1873 674 quidenr
1891 605 1983 653 ha-

406 693 716 763 he'ntuLs‘per
747 698 904 751 fidem
938 699 1201 768 primitias"
1232 700 1469 769 Spirit'tis,
1494 699 1586 753 sed
1610 698 1784 752 adhuc
1809 695 1872 748 in-
1895 711 1984 746 no-

406 785 729 857 bismetipsis
757 789 1152 858 ingeniis'cimuls
1191 777 1538 864 adoptihn‘ent
1581 797 1980 858 exspectantes,

403 877 823 945 redemptionem
849 883 1093 951 Corporis
1125 887 1316 939 nostri.
1352 884 1540 937 Restat
1564 882 1746 951 utique
1780 879 1985 934 redem-

405 969 512 1033 ptio
551 965 792 1038 corporis
833 972 1022 1042 nostri,
1066 991 1223 1045 quam
1261 981 1657 1044 caspectantes,
1704 974 1758 1026 in
1806 970 1981 1025 nobis-

402 1060 1088 1133 ructipsi's'ingomiscimus.
1108 1067 1258 1122 Unde
1275 1067 1497 1122 est'iliud
1517 1085 1530 1121 :
1549 1067 1654 1135 Spe
1670 1063 1978 1134 gaudentes.

402 1154 452 1204 in
486 1153 827 1210 tr'ibula'ti'one
859 1154 1150 1226 patientes.
1188 1159 1313 1214 litec
1354 1160 1516 1229 igitur
1558 1155 1830 1211 innovatio
1862 1154 1984 1206 vitae

401 1245 597 1303 nostra:
625 1245 680 1298 et
709 1246 926 1312 quidam
953 1245 1207 1302 transitus
1238 1249 1306 1304 de
1328 1256 1499 1303 morte
1529 1247 1595 1300 ad
1623 1247 1789 1300 vitam
1807 1243 1896 1313 qui
1928 1243 1985 1294 fit

401 1327 572 1400 primo
595 1336 698 1404 per
720 1337 899 1401 fidem,
925 1349 982 1392 ut
1008 1339 1060 1392 in
1091 1354 1187 1406 spe
1214 1340 1562 1408 gaudeamus,
1587 1347 1649 1393 et:
1670 1338 1722 1392 in
1754 1333 1979 1390 tribula-

402 1422 547 1478 tione
570 1425 838 1490 patientes-
856 1426 1044 1490 simhs,
1071 1427 1198 1481 dum
1232 1428 1409 1482 adhuc
1439 1427 1674 1483 exterior
1705 1427 1865 1480 homo
1887 1440 1982 1478 no-

398 1512 510 1563 sier
535 1511 923 1582 corrumpitur,
969 1516 1063 1570 sed
1108 1516 1334 1571 interior
1374 1527 1661 1572 renovatur
1687 1515 1755 1569 de
1796 1515 1883 1569 die
1929 1515 1980 1566 in

398 1598 561 1653 diem".
612 1599 838 1667 Propter
876 1602 1050 1670 ipsum
1102 1603 1314 1658 initium
1373 1605 1532 1659 novae
1559 1605 1710 1668 vine,
1765 1611 1984 1673 propter

397 1689 593 1738 n‘ovum
627 1685 917 1752 hominem,
949 1700 1108 1754 quem
1135 1688 1388 1757 jubemur
1425 1690 1670 1755 induere,
1699 1699 1755 1744 et
1781 1705 1988 1745 exuere

395 1772 672 1828 veterem;
724 1778 1079 1835 expurgantes
1123 1780 1276 1824 vetus
1318 1769 1662 1836 fermentum,
1712 1779 1770 1822 ut
1813 1771 1983 1825 simus

396 1858 530 1896 nova
560 1846 891 1914 conspersit),
923 1850 1172 1916 quoniam
1207 1850 1407 1904 Pascha
1452 1859 1694 1903 nostrum
1729 1850 1975 1903 immola-

395 1933 478 1977 tus
493 1934 573 1978 est
590 1924 854 1980 Christus.
872 1927 1100 1996 Propter
1114 1928 1248 1982 hanc
1261 1944 1389 1998 ergo
1410 1931 1530 1983 vit-.e
1545 1930 1852 1990 novitatem,
1872 1930 1946 1997 pri
1960 1958 1972 1966 -

395 2019 513 2054 mus
561 2004 762 2057 mensis
795 2009 844 2057 in
875 2007 998 2058 anni
1039 2008 1333 2073 mensibus,
1368 2008 1726 2062 celebration'r
1752 2007 1872 2060 huic
1897 2003 1978 2060 at-

394 2081 624 2135 tributus
658 2075 755 2135 est.
790 2083 919 2137 Nam
968 2085 1080 2152 i‘pse
1110 2087 1304 2139 dicitur
1348 2094 1400 2139 et
1448 2087 1656 2139 mensis
1695 2085 1975 2141 novorum.

394 2160 530 2227 Quia‘
556 2165 684 2216 vero
719 2162 778 2215 in'
805 2173 917 2218 toto
941 2175 1181 2233 tempore
1202 2166 1406 2227 saeculi,
1442 2179 1585 2219 nunc
1610 2166 1824 2220 tertium
1852 2175 1986 2220 tem-’

395 2265 493 2319 pus
521 2251 792 2320 apparuit,
821 2250 941 2307 ideo
971 2253 1297 2309 resurrectio
1330 2254 1574 2309 triduana
1605 2265 1705 2310 est.
1740 2255 1977 2310 Primum

393 2339 537 2393 enim’
584 2349 794 2408 tempus
823 2347 904 2395 est
947 2351 1076 2398 ante
1115 2343 1307 2413 legem,
1360 2343 1656 2399 secundum
1691 2346 1793 2399 sub
1841 2345 1974 2414 iege,

396 2429 616 2482 tertium
650 2419 750 2483 sub
783 2430 952 2500 gratia
972 2463 993 2495 ,-
1023 2431 1113 2485 ubi
1137 2431 1249 2500 jam
1283 2432 1644 2487 manifestatio
1682 2443 1764 2487 εει
1801 2433 1984 2487 sacra-'

395 2523 558 2575 menti
589 2517 737 2590 prius
758 2524 950 2578 occulti
975 2524 1026 2579 in
1051 2524 1363 2593 prephetico
1385 2526 1689 2595 aenigmate.
1719 2527 1828 2582 [ioc
1851 2539 1987 2598 ergo

393 2622 448 2664 et
479 2613 534 2665 in‘
561 2612 733 2666 lunari
764 2627 988 2668 numero
1016 2614 1369 2684 significatur.
1402 2616 1533 2683 Quia
1563 2617 1706 2672 enim
1733 2628 1982 2686 septenas

395 2705 505 2758 rius
536 2706 795 2762 muneras
834 2709 974 2762 snic't
1010 2709 1061 2763 in
1109 2708 1406 2780 Scrip'turis
1443 2712 1509 2765 ad
1540 2707 1826 2780 quamdam
1859 2727 1978 2782 per-

397 2799 680 2853 i'octioitem
705 2802 962 2870 mysticus
987 2815 1266 2871 apparere,
1287 2803 1438 2858 tertia
1464 2803 1798 2859 hebdomada
1821 2804 1981 2858 Luna:

397 2880 600 2944 Pascha
641 2891 964 2958 celebratur,
989 2894 1077 2961 qui
1103 2893 1218 2948 dies
1242 2895 1498 2956 occurrit.
1531 2910 1558 2947 a
1582 2895 1980 2965 quartadecima

398 2984 450 3034 in
480 2981 1046 3053 vicesima'mprimam.
1066 2984 1285 3040 Estiliic
1311 2992 1367 3042 et
1391 2987 1536 3041 aliud
1559 2996 1982 3051 sacramentum,

397 3073 535 3142 quod
559 3076 604 3128 si
625 3074 722 3130 tibi
736 3075 1020 3130 obscurum
1040 3075 1218 3142 fuerit,
1243 3077 1364 3146 quia
1389 3077 1440 3131 in
1466 3078 1656 3132 talibus
1680 3077 1981 3148 inquisitius

399 3167 554 3222 nibus
585 3167 760 3221 mimis
789 3169 1032 3224 eruditus
1070 3183 1151 3233 es,
1185 3183 1290 3223 non
1322 3170 1689 3236 contristeris,
1735 3183 1832 3223 nec
1860 3168 1980 3222 ideo

2091 597 2142 649 in
2172 601 2500 654 conscientia
2547 601 2712 662 latet,
2746 615 2808 655 ac
2841 602 2960 655 Deo
2997 599 3371 655 tantummodo
3411 611 3536 654 nota
3567 616 3670 662 est.

2089 703 2209 741 cum
2241 688 2360 743 solo
2407 705 2636 758 corpore
2665 699 2891 758 apparet
2922 691 3248 756 hominibus,
3285 691 3424 746 sicut
3466 692 3673 745 comin-

2087 782 2163 849 git
2184 796 2306 835 cum
2334 797 2553 838 oramus
2594 785 2644 837 in
2673 784 2856 850 corde,
2889 792 2949 838 et
2965 785 3116 853 quasi
3149 784 3279 838 nihil
3309 799 3473 854 agere
3496 785 3662 839 vidcao

2090 887 2227 936 mur,
2253 872 2378 926 dum
2407 889 2512 928 non
2539 875 2606 928 ad
2633 883 2853 937 terram,
2887 875 3235 930 sed-sursum
3253 889 3348 929 cor
3372 875 3571 929 habere
3589 875 3673 945 ju-

2089 966 2279 1020 hemur
2307 967 2373 1020 ad
2407 968 2709 1022 Dominum.
2761 969 2864 1023 Alii
2907 979 3094 1024 autem
3117 968 3312 1022 dicunt
3333 984 3438 1022 non
3473 970 3672 1024 habere

2091 1056 2266 1109 lunam
2314 1058 2489 1112 lumen
2537 1059 2831 1128 proprium,
2882 1059 2974 1113 sed
3021 1074 3062 1113 a-
3091 1061 3207 1114 sole
3251 1059 3546 1125 illustrari,
3579 1061 3680 1114 sed

2087 1147 2298 1214 quando
2324 1162 2444 1202 cum
2471 1149 2560 1203 illo
2587 1159 2702 1213 est,
2720 1164 2838 1203 eam
2872 1162 3074 1218 partem
3107 1150 3172 1204 ad
3197 1165 3297 1204 nos
3337 1149 3539 1204 habere
3569 1166 3671 1218 qua

2088 1251 2191 1290 non
2235 1239 2549 1302 illustratur.
2582 1251 2636 1295 et
2668 1241 2788 1295 ideo
2824 1241 2954 1294 nihil
2981 1241 3032 1294 in
3064 1255 3131 1295 ea
3157 1241 3290 1294 lucis
3325 1240 3525 1302 videri,
3549 1255 3670 1292 rum

2090 1339 2267 1384 autem
2301 1331 2486 1400 incipit
2515 1333 2584 1384 ab
2611 1331 2700 1385 illo
2729 1331 2982 1386 recedere
3014 1332 3290 1398 illustrari,
3324 1331 3390 1385 ab
3419 1346 3483 1384 ea
3507 1331 3678 1385 etiam.

2087 1431 2239 1488 parte
2266 1437 2432 1492 quam
2459 1423 2620 1476 habet
2643 1423 2710 1477 ad
2741 1434 2968 1487 terram,
3003 1434 3057 1477 et
3095 1421 3402 1477 necessario
3433 1421 3669 1488 incipere

2085 1526 2112 1562 a
2146 1512 2424 1578 cornibus,
2454 1513 2625 1568 donec
2673 1513 2766 1567 fiat
2805 1512 3197 1583 quintadecima
3242 1524 3426 1567 contra
3466 1513 3667 1574 solem;

2086 1611 2212 1656 tunc
2257 1602 2401 1657 enim
2440 1603 2555 1658 sole
2585 1604 2865 1658 occidente
2909 1605 3108 1668 oritur,
3147 1613 3202 1656 ut
3246 1601 3486 1672 quisquis
3530 1602 3668 1656 occi-

2083 1693 2298 1747 dentem
2343 1693 2512 1748 solem
2561 1695 2932 1749 observaverit
2972 1709 3093 1748 cum
3134 1709 3256 1748 eum
3297 1693 3523 1763 coeperit
3562 1710 3666 1746 non

2085 1786 2270 1840 videre
2299 1800 2594 1841 conversus
2623 1786 2688 1840 ad
2717 1789 2976 1841 orientem
3011 1787 3194 1840 lunam
3211 1802 3432 1853 surgere
3464 1785 3665 1851 videat,

2009 1877 2056 1937 Β
2081 1889 2240 1947 atque
2272 1877 2396 1931 inde
2434 1891 2498 1930 ex
2529 1877 2632 1930 alia
2663 1885 2834 1946 parte,
2879 1893 2996 1930 (‘lllll
3025 1876 3249 1944 creperit
3280 1876 3664 1944 propinquare,

2087 1969 2229 2022 illam
2262 1976 2463 2036 partem
2504 1967 2572 2020 ad
2602 1981 2700 2021 nos
2726 1977 3068 2030 convertere,
3097 1981 3197 2034 qua
3233 1981 3336 2018 non
3367 1965 3666 2018 illustratur

2083 2062 2255 2116 denec
2282 2061 2350 2114 ad
2390 2076 2591 2116 cornua
2635 2061 2816 2115 redeat
2851 2071 3011 2130 atque
3043 2061 3165 2114 inde
3197 2059 3416 2113 omnino
3444 2073 3547 2111 non
3576 2073 3664 2125 ap-

2086 2162 2288 2223 pareat,
2319 2153 2450 2223 qnia'
2485 2163 2611 2207 tunc
2651 2152 2743 2206 illa
2784 2166 2909 2222 pars
2945 2167 3065 2220 qua}
3093 2151 3408 2215 illustratur,
3453 2163 3664 2202 sursotn

2083 2253 2167 2300 est
2195 2245 2260 2299 ad
2283 2248 2500 2308 omium,
2529 2243 2594 2298 ad
2629 2253 2826 2299 terram
2867 2253 3068 2308 autem,
3102 2242 3190 2296 illa
3220 2257 3376 2310 quam
3411 2241 3667 2294 irradiare

2083 2337 2165 2390 sol
2207 2351 2314 2390 non
2345 2346 2540 2404 potest.
2589 2336 2728 2405 Ergo
2756 2346 2811 2389 et
2851 2336 3146 2389 secundum
3194 2336 3329 2387 hanc
3358 2333 3668 2400 opinionem

2087 2427 2209 2481 luna
2263 2427 2578 2498 intelligitur
2625 2427 2897 2491 Ecclesia,
2946 2425 3087 2496 quod
3135 2441 3289 2478 suum
3337 2425 3514 2478 lumen
3562 2438 3668 2477 non

2086 2521 2298 2586 habeat,
2331 2520 2424 2575 sed
2449 2522 2516 2574 ab
2547 2519 2820 2590 unigenito
2852 2519 2942 2573 Dei
2971 2518 3124 2583 Filio,
3139 2519 3228 2588 qui
3259 2517 3434 2570 multis
3459 2515 3590 2569 locis
3617 2516 3670 2570 in

2084 2613 2284 2668 sanctis
2325 2611 2616 2682 Scripturis
2658 2612 2945 2680 allegorice
2984 2613 3063 2666 sol
3109 2610 3411 2679 appellatus
3438 2621 3520 2663 εει
3551 2608 3668 2660 illu-

2085 2717 2308 2761 strator.
2330 2707 2500 2773 Quem
2527 2708 2825 2762 nescientes
2847 2716 2902 2760 et
2921 2721 3144 2762 cernere
3167 2723 3269 2759 non
3295 2706 3533 2760 valentes
3561 2705 3669 2759 ha:-

2086 2799 2234 2852 rctici
2265 2799 2484 2867 quidam
2509 2797 2580 2852 ad
2619 2798 2776 2852 istum
2817 2799 2984 2852 so!em
3028 2813 3344 2866 corporeum
3393 2807 3448 2852 et
3484 2798 3669 2851 visibi-

2086 2890 2206 2954 lem,
2240 2889 2379 2957 quod
2410 2905 2695 2944 commune
2740 2889 2920 2943 lumen
2952 2899 3035 2944 est
3075 2889 3252 2942 carnis
3284 2888 3555 2942 hominum
3591 2896 3670 2940 at-

2085 2997 2194 3051 que
2237 2997 2564 3044 muscarum,
2614 2997 2805 3037 sensus
2847 2981 3170 3051 simplicium
3210 2991 3473 3035 conantur
3513 2997 3670 3036 aver-

2088 3083 2198 3126 tere
2226 3113 2240 3137 ,
2289 3081 2344 3126 et
2383 3072 2758 3126 nonnullorum
2803 3082 3096 3138 avertunt,
3142 3072 3230 3138 qui
3277 3072 3513 3140 quandiu
3565 3087 3668 3126 non

2091 3173 2313 3230 possunt
2373 3164 2683 3218 interiorem
2749 3163 2922 3216 lucem
2981 3163 3224 3217 veritatis
3302 3171 3479 3216 mente
3544 3179 3670 3216 cou-

401 3275 486 3314 me
509 3269 662 3328 putes
679 3277 798 3314 esse
822 3262 1254 3331 meliorem,qnia
1280 3263 1392 3316 haec
1415 3261 1670 3315 instudiis
1686 3259 1981 3330 puerilibus
2010 3252 2056 3312 G
2091 3256 2247 3316 lucri.
2289 3256 2521 3322 simplici
2570 3257 2600 3307 li
2626 3259 2671 3308 le
2716 3255 2977 3308 catholica
3025 3254 3262 3308 coiitcuti
3291 3268 3412 3308 esse
3451 3255 3668 3320 nolunt,

399 3347 559 3404 didici
594 3369 606 3403 :
641 3353 729 3420 qui
773 3353 915 3404 enim
963 3351 1238 3419 gloriatur,
1288 3353 1339 3405 in
1391 3351 1646 3416 Domino,
1705 3351 1981 3421 glorietur.

401 3468 469 3480 --
494 3439 576 3492 Ex
621 3442 727 3494 alio’
777 3457 945 3509 opere.
973 3471 1040 3481 —-
1070 3443 1194 3494 Dnze
1249 3451 1374 3496 sunt
1415 3442 1482 3495 de
1528 3441 1649 3516 luna
1689 3442 1977 3509 Opiniones

405 3528 709 3596 prolrabi’e's
737 3547 748 3580 :
782 3529 969 3584 harum
999 3538 1177 3583 autem
1201 3546 1318 3599 qum
1347 3542 1466 3586 vera
1501 3531 1590 3596 sit,
1619 3541 1712 3585 aut
1741 3546 1846 3585 non
1868 3546 1983 3584 om-

403 3620 550 3683 nino,
583 3630 672 3673 aut
695 3619 1009 3676 difficillime
1040 3620 1272 3676 arbitror
1309 3638 1341 3690 p
1364 3638 1466 3678 »δερ
1499 3622 1769 3678 hominem
1816 3623 1978 3680 scire.

401 3710 531 3762 Cum
560 3710 701 3764 enim
739 3711 997 3781 quaaritur
1036 3712 1178 3767 unde
1214 3713 1393 3768 lumen
1425 3713 1637 3781 habeat,
1669 3715 1761 3768 alii
1797 3715 1986 3769 dicunt

402 3809 555 3853 suurn
583 3801 800 3866 habere,
847 3804 939 3857 sed
971 3803 1185 3873 globum
1215 3803 1331 3872 ejus
1362 3805 1641 3858 dimidium
1672 3805 1869 3870 lucere,
1901 3805 1985 3859 di-

403 3892 622 3947 midium
652 3903 826 3948 autem
864 3898 1150 3951 obscurum
1184 3911 1340 3963 esse;
1374 3897 1500 3951 dum
1531 3907 1707 3954 autem
1740 3907 1985 3953 movetur

402 3983 453 4037 in
482 3985 687 4040 circulo
717 3995 814 4040 Suo
842 3987 1087 4042 eamdem
1129 3997 1334 4057 partem
1375 4004 1478 4058 qua
1519 3989 1682 4054 lucet,
1728 3990 1982 4060 paulatim

401 4073 465 4128 ad
508 4083 678 4130 terras
707 4078 972 4142 converti,
1015 4087 1072 4132 ut
1103 4079 1272 4133 videri
1315 4095 1343 4132 a
1376 4081 1535 4134 nobis
1561 4082 1748 4148 possit,
1779 4090 1833 4134 et
1865 4081 1985 4134 ideo

403 4167 548 4234 prius
565 4181 685 4236 qua
702 4167 717 4221 i
738 4170 1121 4224 corniculatam
1139 4185 1417 4240 apparere.
1435 4171 1566 4226 Nam
1586 4181 1641 4226 et
1657 4172 1698 4225 si
1725 4172 1886 4228 iacias
1908 4174 1984 4240 pi-

405 4261 509 4314 lam
535 4277 600 4316 ex
631 4261 847 4318 dimidia
887 4275 1037 4333 parte
1063 4265 1347 4321 candidam
1376 4275 1432 4321 et
1457 4282 1520 4322 ex
1541 4267 1762 4322 dimidia
1792 4270 1986 4322 obscu-

403 4367 516 4405 ram
547 4371 558 4404 :
589 4353 632 4407 si
679 4369 796 4408 eam
844 4367 1047 4425 partem
1094 4373 1214 4428 qua:
1261 4359 1490 4414 obscura
1521 4368 1602 4413 est
1649 4369 1773 4415 ante
1803 4361 1986 4415 oculos

403 4447 624 4515 habeas,
658 4451 788 4505 nihil
831 4454 1081 4508 candoris
1118 4454 1287 4519 vides,
1337 4464 1542 4511 etcum
1573 4455 1803 4522 cteperis
1840 4455 1982 4509 illam

400 4539 680 4594 candidam
724 4551 926 4611 partem
955 4543 1024 4598 ad
1053 4545 1239 4600 oculos
1268 4557 1601 4612 convertere,
1652 4547 1697 4602 si
1729 4547 1981 4615 paulatim
2018 4614 2021 4617 π

2087 3359 2206 3416 quae
2237 3362 2336 3400 una
2391 3347 2622 3416 parvulis
2660 3347 2803 3400 salus
2845 3357 2947 3409 est,
3007 3355 3061 3401 et
3104 3361 3209 3415 quo
3266 3361 3370 3399 uno
3425 3347 3562 3400 lacte
3605 3348 3670 3400 ad

2090 3438 2394 3491 firmitatem
2441 3437 2711 3492 solidioris
2755 3437 2858 3492 cibi
2907 3449 3054 3491 certo
3095 3438 3289 3491 robore
3331 3438 3667 3506 pervcnitur.

2088 3529 2352 3594 Quaelibet
2381 3543 2508 3598 ergo
2546 3529 2769 3583 duarum
2810 3531 3028 3583 istarum
3059 3528 3372 3598 opinionum
3404 3545 3529 3583 vera
3570 3532 3670 3595 sit,

2089 3621 2217 3674 illud
2245 3629 2392 3674 certe
2421 3621 2759 3674 manifestum
2799 3631 2903 3686 est,
2947 3629 3001 3674 et
3034 3621 3203 3674 cuivis
3246 3620 3544 3675 adven-lenti
3589 3620 3670 3672 [ι-

2087 3713 2189 3766 cile
2216 3713 2514 3780 cognitum,
2537 3713 2677 3781 quod
2707 3715 2824 3766 luna
2856 3727 2961 3766 non
2987 3722 3244 3779 augeatur
3268 3712 3334 3767 ad
3363 3714 3548 3768 oculos
3571 3731 3671 3766 n0-

2088 3814 2254 3871 stros,
2285 3803 2386 3858 nisi
2415 3819 2442 3856 a
2473 3805 2586 3858 sole
2618 3804 2939 3868 recedendi),
2972 3819 3144 3873 neque
3183 3804 3448 3858 minuatur
3475 3806 3574 3856 nisi
3606 3804 3671 3858 ad

2088 3899 2254 3952 solem
2304 3912 2371 3952 ex
2417 3898 2517 3951 alia
2565 3908 2716 3967 parte
2773 3897 3199 3966 propinquando.
3251 3897 3481 3952 Attende
3532 3914 3672 3951 nuuc

2088 3991 2229 4059 quod
2265 3991 2318 4044 in
2361 3990 2664 4045 Proverbiis
2702 3991 2923 4060 legimus
2955 4009 2966 4044 :
2995 3991 3222 4060 Sapiens
3262 3995 3395 4046 sicut
3427 3992 3508 4046 sbi
3553 4009 3673 4059 pcr-

2090 4093 2288 4149 manet,
2322 4085 2518 4138 stultus
2547 4092 2726 4138 antem
2767 4083 2904 4138 sicut
2945 4084 3094 4138 Luna
3135 4092 3395 4152 mutatur._
3446 4086 3514 4138 Et
3549 4086 3672 4154 «piis

2089 4185 2173 4230 est
2216 4177 2430 4245 sapiens
2472 4178 2561 4244 qui
2603 4184 2914 4245 permanet,
2957 4178 3058 4230 nisi
3089 4179 3167 4232 sol
3210 4178 3297 4232 ille
3330 4175 3578 4244 justiti-.13,
3606 4178 3673 4230 de

2087 4284 2194 4338 quo
2241 4269 2458 4335 dicitur,
2499 4268 2658 4324 Ortus
2679 4279 2760 4323 est
2788 4269 2914 4323 mihi
2939 4267 3158 4336 iustitia:
3181 4269 3281 4334 sol,
3310 4278 3361 4324 et
3387 4283 3543 4337 quem
3567 4269 3672 4323 sibi

2091 4373 2206 4413 non“
2226 4360 2388 4415 fuisse
2416 4370 2590 4414 ortum
2618 4361 2671 4415 in
2703 4360 2792 4414 die
2822 4361 3111 4415 novissima
3147 4361 3457 4430 plangentes
3498 4361 3670 4429 impii,

2089 4454 2281 4507 dicturi
2320 4462 2444 4507 sunt
2480 4471 2492 4507 :
2528 4454 2591 4507 Et
2617 4454 2842 4522 iustitiae
2870 4455 3046 4508 lumen
3079 4469 3182 4508 non
3214 4455 3381 4508 illuxit
3417 4455 3592 4517 nobis,
3618 4467 3668 4508 et

2088 4546 2168 4599 sui
2203 4555 2305 4598 non
2335 4554 2482 4600 ortus
2511 4555 2594 4600 est
2624 4545 2820 4602 nobis?
2848 4545 2977 4600 Nam
3004 4546 3162 4601 istum
3193 4547 3371 4600 carnis
3401 4545 3570 4600 oculis
3597 4547 3674 4599 vi-

403 4627 588 4695 facias,
613 4631 786 4700 primo
808 4648 1008 4688 cornua
1036 4636 1287 4691 candoris
1318 4637 1545 4704 videbis,
1572 4638 1770 4694 deinde
1801 4639 1984 4708 paula-
2015 4625 2063 4684 Ῐ)
2090 4637 2298 4691 sibilem
2325 4638 2492 4693 solem
2532 4639 2660 4692 oriri
2688 4637 2814 4694 facit
2836 4654 2999 4707 super
3024 4639 3194 4694 benos
3221 4648 3276 4694 et
3305 4640 3470 4693 malus
3506 4639 3670 4701 Deus,

403 4720 496 4773 tim
517 4723 736 4789 crescit,
776 4723 950 4781 donec
978 4736 1083 4782 tota
1117 4743 1238 4798 pars
1262 4729 1500 4784 candens
1529 4740 1832 4799 opponatur
1858 4747 1982 4787 ocu-

401 4810 465 4864 lis
491 4821 545 4865 et
583 4813 715 4868 nihil
747 4817 992 4874 obscura:
1015 4821 1234 4876 alterius
1266 4823 1434 4889 partis
1462 4823 1723 4878 videatur.
1752 4825 1904 4891 Quod
1939 4830 1981 4879 si

403 4907 718 4970 perseveres
740 4908 914 4964 adhuc
944 4914 1198 4980 paulatim
1220 4924 1557 4979 convertere,
1579 4917 1763 4985 incipit
1782 4918 1982 4972 ohscu-

401 4993 530 5048 ritas
565 5009 858 5065 apparere,
897 5012 950 5055 et
993 5003 1194 5057 candor
1227 5005 1423 5070 minui,
1470 5007 1642 5062 donec
1682 5009 1875 5062 iterum
1917 5009 1981 5063 ad

399 5099 599 5139 cornua
624 5087 826 5153 redeat,
857 5101 910 5144 et
935 5100 1206 5160 postremo
1232 5105 1374 5151 totus
1397 5099 1465 5151 ab
1487 5099 1653 5152 oculis
1677 5110 1952 5156 avertatur
1969 5143 1982 5162 .

403 5194 466 5232 ac
497 5196 684 5238 rursus
722 5186 950 5239 obscura
982 5187 1071 5240 illa
1102 5203 1227 5257 pars
1261 5191 1373 5244 sola
1409 5192 1577 5260 possit
1608 5192 1776 5246 videri
1806 5210 1816 5244 :
1844 5194 1985 5262 quod

404 5272 515 5328 lieri
547 5275 750 5341 dicunt,
777 5291 897 5331 cum
927 5277 1105 5333 lumen
1139 5279 1278 5334 luna:
1308 5280 1517 5336 videtur
1543 5298 1790 5339 crescere
1819 5298 1988 5352 usque

401 5365 467 5418 ad
497 5369 999 5436 quintamdecimam
1041 5373 1238 5438 lunam,
1268 5384 1321 5430 et
1368 5386 1556 5430 rursus
1595 5392 1764 5447 usque
1793 5377 1857 5430 ad
1894 5379 1988 5430 tri—

404 5458 659 5514 cesimam
708 5464 878 5519 minui
929 5473 982 5519 et
1036 5466 1214 5522 redire
1257 5467 1324 5521 ad
1366 5483 1602 5532 cornua,
1663 5471 1834 5526 donec
1895 5485 1984 5538 [e-

407 5547 550 5602 nitus
579 5551 708 5606 nihil
760 5554 812 5606 in
870 5569 932 5608 ea
977 5554 1112 5609 lueis
1159 5566 1436 5625 appareat.
1492 5559 1798 5613 Secundum
1851 5559 1986 5616 hanc

405 5639 712 5704 opinionem
758 5644 880 5699 luna
927 5648 979 5701 in
1029 5649 1280 5718 allegoria
1334 5650 1600 5717 signiﬁcat
1665 5652 1984 5718 Ecclesium,

404 5729 546 5795 quod
577 5746 640 5785 ex
673 5745 821 5802 parte
848 5737 1073 5805 spiritali
1113 5740 1254 5794 lucet
1299 5740 1535 5796 Ecclesia
1570 5760 1584 5796 :
1613 5759 1677 5797 ex
1709 5753 1860 5814 parte
1887 5759 1986 5798 au-

411 5825 517 5872 tem
553 5825 750 5878 carnali
785 5825 1008 5882 obscura
1042 5840 1142 5894 csr,
1177 5837 1230 5884 ct
1259 5829 1541 5901 aliquando
1573 5835 1826 5904 spiritalis
1868 5852 1986 5907 pars

2092 4731 2181 4799 qui
2213 4730 2372 4784 etiam
2419 4729 2552 4796 pluit
2590 4744 2753 4798 super
2791 4730 2965 4799 justos
3006 4739 3060 4784 et
3098 4729 3346 4799 iniustos.
3395 4729 3672 4782 DuCuntur

2093 4829 2267 4874 autem
2291 4833 2503 4886 semper
2532 4835 2595 4873 cx
2619 4820 2778 4874 relms
2804 4819 3103 4876 visibilibus
3131 4821 3199 4875 ad
3235 4819 3517 4875 invisibilia
3541 4835 3675 4873 con-

2092 4927 2235 4978 gnta:
2285 4911 2688 4965 similitudines.
2721 4910 2852 4978 Quis
2893 4925 3022 4981 ergo
3064 4922 3146 4967 est
3192 4911 3280 4966 ille
3323 4910 3539 4973 stultus,
3581 4912 3674 4976 qui

2097 5015 2345 5071 tanquam
2376 5005 2496 5056 luna
2521 5012 2776 5069 mutatur,
2807 5004 2908 5057 nisi
2941 5005 3108 5057 Adam
3133 5005 3186 5057 in
3210 5019 3317 5071 quo
3337 5018 3524 5056 onmes
3550 5017 3676 5071 pec-

2094 5095 2388 5148 caverunt-ll
2414 5095 2601 5150 Anima
2626 5095 2823 5164 quippe
2855 5097 3083 5149 humana
3103 5095 3362 5150 recedens
3378 5111 3406 5148 a
3425 5094 3540 5150 sole
3559 5093 3676 5162 jus-

2087 5189 2236 5250 titiae,
2270 5189 2338 5241 ab
2366 5187 2450 5241 illa
2492 5187 2700 5242 scilicet
2743 5197 2948 5241 tuterua
2978 5188 3434 5256 contemplatione
3465 5187 3677 5240 incom-

2087 5281 2357 5336 mutabilis
2382 5280 2644 5344 veritatis,
2675 5294 2864 5333 omnes
2893 5281 3034 5333 vires
3061 5293 3189 5334 suas
3215 5281 3266 5334 in
3300 5290 3511 5334 terrena
3537 5293 3677 5332 cons

2086 5374 2264 5438 vertit,
2287 5383 2341 5426 et
2363 5387 2428 5427 eo
2460 5373 2630 5442 magis
2659 5373 2933 5441 magisque
2963 5372 3280 5426 obscuratur
3312 5372 3362 5425 in
3398 5371 3674 5425 interieri-

2090 5467 2189 5518 bus
2213 5479 2276 5518 ac
2304 5465 2669 5532 superioribus
2699 5464 2837 5517 suis:
2861 5463 2953 5518 sed
2978 5478 3099 5517 cum
3133 5463 3310 5517 redire
3349 5461 3575 5532 coeperit
3608 5461 3676 5515 ad

2091 5557 2233 5610 i'lam
2268 5555 2752 5610 iucommulabilem
2795 5554 3148 5623 sapientiam,
3192 5562 3389 5624 quanto
3432 5553 3601 5623 magis
3628 5553 3678 5607 ei

2091 5649 2411 5720 propinquat
2459 5637 2652 5704 aﬂectu
2707 5645 2953 5717 pietatis,
3015 5650 3162 5701 tanto
3219 5648 3389 5716 magis
3437 5648 3680 5700 exterior

2095 5745 2257 5796 homo
2291 5744 2679 5810 corrumpitur,
2711 5741 2805 5795 sed
2839 5741 3063 5796 interior
3094 5753 3378 5796 renavatur
3404 5739 3472 5793 de
3501 5739 3591 5793 die
3625 5741 3679 5795 in

2097 5831 2262 5898 diem,
2291 5833 2569 5903 omnisque
2600 5832 2684 5886 lux
2709 5832 2792 5887 illa
2820 5832 3015 5902 ingenti
3045 5849 3157 5904 qum
3182 5833 3244 5888 ad
3275 5833 3523 5887 irrit-riora
3556 5848 3675 5887 vcr-
