3990 6180
272 345 375 366 aur-Iv

281 364 367 401 ΗΜ

1492 326 1921 401 tuesaunus.
1964 327 2114 391 cap,
2158 326 2396 387 cxxw.

3438 315 3551 375 ’ἴδε

271 468 434 541 gebat
461 462 528 518 ad
563 449 1216 529 superioracouvsrlilur.
1240 456 1289 501 οι
1315 460 1344 499 ³
1370 445 1597 513 terrenis
1618 442 1871 512 (ιιιυίιαιηο
1906 446 1950 501 Α
1984 448 2095 514 spei
2130 448 2290 515 futuri
2321 442 2531 512 saeculi,
2554 442 2607 497 in
2636 441 2779 497 dono
2817 439 3123 511 septenario
3157 436 3388 506 Spiritus
3418 450 3543 490 sau-

271 539 437 619 rttodo
478 555 738 614 aulertur,
771 559 827 603 ut
859 547 1025 616 magis
1056 542 1330 612 magisque
1362 540 1485 599 huic
1513 539 1711 593 sat-culo
1749 550 1864 603 ruo-

270 655 465 712 riatur,
496 659 551 703 et
577 646 681 699 vita
710 642 828 709 ejus
872 635 1230 693 abscondatur
1259 647 1378 691 cum
1407 629 1621 692 Christo
1650 629 1700 681 in
1732 628 1863 684 Deo.

272 747 513 800 Mutatur
544 751 677 807 ergo
707 735 760 791 in
792 728 1039 807 deterius.
1073 724 1138 783 ad
1181 724 1457 788 exteriora.
1493 718 1861 787 progrediens,

266 850 325 893 et
355 838 412 890 in
448 834 552 885 vita
583 844 681 882 sua
713 819 1214 894 projiciensintima
1241 833 1360 881 sua,
1394 824 1447 869 ει
1474 815 1585 875 huc
1605 825 1783 875 mpm,
1813 811 1862 864 id

268 939 353 985 est
370 927 453 981 eis
465 920 784 993 quiterrena
801 912 1017 981 sapiunt
1031 909 1220 987 melius
1236 906 1469 971 videtur,
1483 919 1602 957 cum
1619 902 1740 985 laud
1779 910 1863 955 tur

270 1027 532 1090 peccator
563 1013 616 1067 in
643 1007 935 1084 desideriis
968 984 1158 1057 animm
1188 1014 1320 1058 suae,
1349 1008 1395 1050 et
1429 997 1517 1064 qui
1556 977 1735 1064 iniqua
1772 1007 1863 1061 ge-

272 1087 366 1174 rit,
395 1102 755 1163 benedicitur.
790 1097 1024 1155 Mutatur
1050 1103 1226 1155 autem
1249 1091 1299 1148 in
1334 1088 1524 1147 melius
1551 1101 1668 1140 cum
1693 1087 1862 1138 inten.

272 1208 479 1258 tionem
507 1210 663 1253 suam
688 1201 743 1251 et
769 1188 992 1261 gloriam
1031 1199 1060 1238 a
1088 1181 1337 1244 lerrenie,
1377 1194 1495 1249 quae
1542 1178 1594 1231 in
1626 1176 1730 1230 hoc
1757 1188 1863 1228 sa:-

271 1298 405 1355 culo,
426 1293 689 1361 apparent
720 1281 973 1353 paulatim
1011 1275 1246 1354 avertit,
1284 1281 1339 1326 et
1369 1271 1432 1325 ad
1473 1266 1753 1351 superiora
1787 1267 1865 1336 [et

267 1385 555 1455 superiora
583 1378 651 1437 ab
690 1371 1036 1443 inferioribus
1079 1346 1366 1433 convertit]
1404 1374 1566 1432 atque
1600 1344 1862 1437 interiora

265 1453 565 1537 convertit,
618 1479 681 1528 et
711 1468 811 1527 hoc
852 1474 1031 1527 terrae,
1082 1459 1147 1521 id,
1165 1465 1248 1519 est
1279 1456 1358 1510 eis
1391 1453 1481 1523 qui
1528 1462 1747 1521 terrena~
1779 1464 1863 1516 sa-

266 1571 434 1635 piunt
486 1560 724 1617 deterius
783 1554 1016 1613 videtur.
1076 1547 1231 1623 Unde
1268 1545 1340 1605 illi
1388 1542 1539 1612 irnpii
1589 1550 1865 1611 postremo

264 1657 667 1713 infructuosam
710 1655 937 1717 agentes
971 1638 1339 1711 pmnitentiam
1375 1635 1535 1695 etiam
1582 1632 1682 1697 hoc
1722 1631 1866 1693 inter,

264 1748 446 1804 multa
477 1740 669 1803 dicturi
711 1747 871 1798 sunt:
907 1734 970 1789 lli
1016 1740 1140 1793 sunt
1169 1743 1303 1800 quos
1350 1724 1643 1795 aliquando
1674 1722 1862 1777 habui-

1968 542 2061 605 cti,
2093 555 2186 609 per
2217 540 2441 599 liberum
2470 535 2750 599 arbitrium
2782 531 3124 597 destruatur?
3152 530 3233 595 Ob
3272 527 3373 581 hoc
3398 525 3555 595 euint

1967 635 2337 693 circtuneunte
2375 643 2521 692 arca,
2567 643 2672 681 non
2721 624 2951 695 impulsu
2992 621 3228 687 violento
3266 618 3339 672 illi
3384 618 3546 693 muri,

1968 725 2075 780 sed.
2097 731 2292 793 sponte
2315 720 2647 783 ceciderunt.
2688 690 2825 783 Sunt
2850 724 2911 781 et
2935 714 3047 779 alia
3068 708 3371 779 testimonia
3398 688 3547 777 Scri-

1970 830 2266 887 pturarum,
2313 829 2436 883 qua:
2480 810 2637 873 nobis
2678 810 2927 879 ingerunt
2959 820 3054 874 per
3078 790 3548 869 commemoratio-

1970 925 2090 964 nem
2122 908 2259 961 luna:
2292 903 2546 962 Ecclesia:
2575 898 3017 970 signiticatiouem
3046 908 3167 964 qua:
3196 892 3248 957 in
3280 891 3379 945 ista
3405 904 3549 941 rnor-

1969 1000 2173 1071 talitate
2203 998 2271 1051 ab
2292 996 2379 1065 illa
2405 992 2758 1057 Hierusalem,
2789 979 3315 1059 cujus'civessancti
3346 977 3545 1051 angeli,

1969 1092 2020 1147 in
2050 1086 2304 1144 aerumnis
2332 1095 2386 1141 et
2424 1083 2697 1146 laboribus
2737 1079 3125 1157 peregrinatur.
3164 1073 3279 1141 Non
3317 1069 3438 1143 ideo
3471 1078 3549 1141 ta-

1969 1197 2090 1237 men
2126 1189 2311 1247 putare
2336 1176 2541 1237 debent,
2578 1171 2726 1247 stulti
2756 1170 2847 1238 qui
2886 1156 3073 1222 nolunt
3098 1166 3151 1233 in
3182 1163 3372 1245 melius
3399 1174 3550 1235 com-

1970 1270 2162 1327 mutari
2188 1267 2461 1323 adoranda
2488 1279 2608 1320 csse
2636 1265 2735 1335 ista
2759 1258 3066 1323 luminaria.
3092 1256 3216 1325 quia
3240 1236 3457 1335 ducitur
3481 1265 3549 1321 ex

1967 1369 2045 1421 eis
2071 1361 2360 1433 aliquando
2408 1324 2734 1418 similitudo,
2783 1352 2853 1407 ad
2894 1321 3071 1405 divina
3112 1321 3372 1416 mysteria
3416 1321 3551 1412 ligu-

1968 1458 2167 1527 randa;
2208 1469 2271 1517 ex
2312 1451 2459 1507 omni
2500 1449 2643 1503 enim
2675 1454 2918 1527 creatura
2948 1441 3180 1513 ducitur.
3214 1436 3321 1491 Nec
3349 1436 3467 1509 ideo
3499 1434 3552 1486 in

1967 1526 2290 1611 sententiam
2336 1540 2698 1597 damnationis
2740 1518 3001 1601 debemus
3021 1518 3258 1617 'it’ruere,
3306 1541 3427 1598 qua:
3456 1539 3553 1578 ore

1967 1606 2279 1710 Apostolico
2325 1637 2395 1691 de
2442 1632 2761 1705 quibusdam
2806 1606 3094 1699 profertur,
3130 1624 3223 1694 qui
3266 1606 3553 1676 coluerunt

1967 1708 2031 1787 et
2060 1730 2368 1787 servierunt
2406 1732 2668 1799 creatura:
2712 1721 2886 1790 potius
2932 1732 3093 1787 quam
3143 1712 3407 1795 Creatori,
3459 1708 3553 1779 qui

263 1852 400 1892 mus
426 1835 479 1889 in
501 1802 667 1893 risum
696 1828 824 1893 etin
844 1822 1263 1887 similitudinem
1284 1814 1614 1885 improperii.
1647 1802 1756 1887 Nos
1778 1813 1858 1879 in-

1979 1832 2049 1880 :st
2074 1820 2389 1878 benedictus
2420 1818 2471 1871 in
2504 1816 2725 1870 saacu'a.
2769 1812 2919 1875 Sicut
2952 1810 3097 1863 enim
3131 1820 3236 1861 non
3264 1803 3553 1869 adoramus

262 1925 479 2003 qensati
512 1923 672 1985 vitam
695 1918 907 1983 illorum
929 1912 1324 1995 cestituabamus
1353 1906 1639 1973 insaniam.
1664 1902 1742 1971 At;
1770 1915 1865 1977 per

265 1986 541 2091 boc'83
592 2009 825 2079 Spiritus
882 1990 1107 2073 sanctus
1148 2002 1216 2069 de
1261 1998 1561 2065 visibitibus
1608 1995 1673 2061 ad
1725 1986 1864 2061 invi-

265 2088 478 2171 s'tbiliﬂ.
527 2114 586 2171 φι
628 2100 699 2167 de
727 2095 1095 2166 Corporalibns
1125 2092 1197 2163 ad
1231 2088 1487 2163 spiritalia
1532 2093 1871 2155 sacramenta,

265 2196 681 2263 similitudinem
725 2190 948 2253 ducens,
984 2184 1266 2263 transitum
1309 2182 1479 2251 illum,
1522 2179 1591 2235 de
1620 2178 1720 2232 alia
1760 2176 1871 2239 vita

268 2294 330 2347 in
360 2292 518 2362 aliain
551 2258 714 2341 vitam
745 2280 891 2361 quod
922 2279 1125 2345 Pascha
1158 2275 1484 2359 nominatur,
1527 2286 1556 2325 a
1584 2268 1868 2339 quat-talia-

265 2383 418 2441 cima
463 2350 589 2441 luna
629 2344 799 2439 voluit
846 2350 1142 2437 observari,
1197 2376 1253 2435 ut
1282 2344 1398 2433 non
1438 2363 1609 2429 solum
1655 2368 1871 2429 propter,

268 2489 496 2543 tempus
519 2471 756 2535 tet-tium,
786 2465 931 2533 quod
949 2478 1117 2532 supra
1137 2457 1575 2525 commemoravi,
1604 2453 1727 2524 quia
1749 2451 1870 2506 inde

268 2567 469 2636 incipit
518 2560 853 2627 hebdomada
898 2557 1077 2624 tertia,
1120 2554 1213 2617 sed
1244 2551 1402 2631 etiam
1439 2554 1656 2617 propter
1703 2544 1869 2613 ipsmu

267 2634 691 2734 conversionem
724 2652 791 2727 ab
821 2647 1179 2721 exterioribus
1226 2644 1294 2709 ad
1338 2640 1615 2709 interiora,
1658 2635 1726 2690 de
1748 2634 1869 2719 luna

268 2726 580 2808 similitudo
627 2751 1017 2809 assumeretur,
1070 2750 1242 2805 usque
1280 2733 1352 2795 ad
1392 2729 1701 2795 vicesimam
1743 2712 1872 2778 vero

269 2854 338 2902 ct
383 2842 609 2912 primam
664 2845 879 2908 propter
924 2836 1097 2901 ipsum
1151 2841 1431 2893 numerum
1481 2818 1868 2892 septenarium,

268 2908 396 3007 quo
448 2929 813 2991 universitatis
867 2924 1188 2996 signiﬁcatio
1254 2933 1405 2988 saepe
1449 2914 1727 2985 ﬁguratur,
1781 2908 1873 2979 qui

270 3029 449 3085 etiam
476 3022 575 3090 ipsi
608 3019 861 3077 Recles'ae
897 3014 1166 3076 tribuitur,
1211 3017 1429 3079 promer
1458 3005 1627 3070 instar
1657 3000 1873 3065 univcre

275 3089 506 3178 sitatis.
541 3117 665 3175 ideo
721 3113 955 3169 Joannes
1004 3105 1280 3172 apostolus
1328 3105 1380 3154 in
1438 3092 1761 3175 Apocalypsi
1807 3089 1873 3144 ad

1968 1931 2181 1987 pecora,
2213 1912 2457 1983 quamvis
2482 1909 2658 1965 dictus
2686 1906 2755 1960 sit
2785 1898 3073 1975 [Christus]
3091 1910 3146 1953 et
3175 1898 3356 1979 Agnus
3383 1904 3439 1948 et
3464 1892 3555 1946 Vi-

1969 2011 2135 2077 tulus,
2178 2023 2276 2063 nec
2306 2006 2497 2068 feram,
2531 2001 2653 2068 quia
2693 1974 2870 2053 dictus
2898 1996 2971 2053 sit
2998 1993 3106 2048 Leo
3127 1990 3195 2046 de
3226 1974 3363 2053 tribu
3393 1986 3554 2052 .luda,

1970 2116 2071 2157 nec
2098 2099 2327 2169 lapides,
2350 2097 2473 2166 quia
2515 2093 2675 2148 Petra
2715 2098 2832 2144 erat
2865 2085 3136 2157 Christus,
3177 2095 3277 2136 nec
3314 2088 3559 2144 moutcut

1968 2194 2120 2256 Sion,
2143 2194 2268 2261 quia
2296 2190 2350 2243 in
2382 2188 2499 2257 ipso
2530 2185 2790 2255 figuratur
2824 2178 3101 2241 Ecclesia;
3139 2174 3216 2228 sic
3249 2186 3350 2227 nec
3385 2171 3556 2249 solent

1972 2300 2071 2340 nec
2102 2284 2306 2350 lunam,
2335 2277 2584 2349 quamvis
2606 2290 2675 2331 ex
2704 2288 2767 2329 ea
2793 2268 3001 2327 caelesti
3029 2277 3303 2333 creatura,
3325 2242 3557 2335 sicut

1972 2377 2153 2439 multis
2169 2371 2513 2431 terrestribus
2525 2372 2984 2424 sacramentorum
3000 2360 3208 2439 ﬁgurae,
3223 2356 3291 2427 ad
3304 2355 3430 2421 iniu;
3448 2368 3559 2406 ma-

1973 2471 2149 2524 tiones
2174 2465 2427 2537 mysticas
2450 2466 2816 2516 assumuntur.
2842 2454 2956 2509 Non
2979 2436 3139 2521 igitur
3163 2463 3261 2503 nos
3278 2446 3345 2501 de
3372 2444 3487 2499 sole
3505 2452 3560 2515 et

1975 2564 2099 2619 luna
2130 2560 2325 2616 annuis
2366 2552 2727 2612 menstruisve
2768 2547 3100 2618 tempor.bus
3140 2542 3410 2619 actionum
3457 2551 3559 2590 no-

1974 2666 2208 2711 strarum
2242 2659 2433 2708 eventa
2477 2645 2817 2716 conjicimus,
2855 2656 2921 2694 ne
2949 2639 3001 2692 in
3035 2636 3158 2701 vita:
3190 2622 3438 2703 humanm
3464 2643 3561 2698 pe-

1979 2745 2380 2805 riculosiSsimis
2405 2737 2810 2815 tempestatibus
2835 2743 3089 2802 tanqua-u
3110 2731 3163 2784 in
3186 2724 3438 2807 scopulos
3462 2722 3561 2801 tui-

1974 2859 2110 2899 serae
2127 2831 2447 2913 [servitutis]
2470 2812 2728 2888 servitute
2756 2826 2901 2889 illisi,
2929 2840 2957 2878 a
2983 2824 3055 2878 lib
3091 2838 3151 2877 ro
3177 2802 3400 2874 arbitrio
3430 2830 3563 2869 nau-

1978 2935 2247 3001 lragemus
2272 2944 2287 2981 :
2312 2926 2406 2982 sed
2434 2924 2501 2979 ad
2532 2936 2645 2978 rem
2675 2928 2883 2981 sacrate
2908 2912 3337 2997 signiﬁcandam,
3370 2907 3563 2977 simili-

1979 3022 2194 3077 tudines
2232 3025 2384 3087 aptas
2437 3010 2841 3082 religiosissima
2885 3006 3169 3071 devotione
3216 2986 3561 3068 suscipimus,

1978 3115 2118 3169 sicut
2174 3110 2243 3165 de
2297 3117 2490 3163 cmtera
2542 3109 2814 3169 creatura,
2864 3099 2932 3161 de
2962 3096 3155 3178 ventis,
3199 3093 3268 3147 dc
3300 3089 3457 3163 mari,
3497 3089 3565 3144 de

272 3220 492 3278 septem
515 3204 699 3261 scribit
730 3200 1017 3261 [ﬂectes-ias.
1049 3193 1294 3259 Ecclesia
1324 3204 1454 3253 vero
1484 3185 1660 3240 adlmc
1689 3184 1741 3235 in
1766 3181 1864 3278 ista
1899 3203 1945 3265 ο
1976 3214 2139 3268 terra,
2172 3201 2240 3256 de
2284 3195 2611 3271 “Naulibus,
2642 3193 2709 3247 de
2756 3189 3013 3260 piscibm,
3048 3186 3117 3255 de
3157 3183 3463 3254 pecoribm,
3494 3180 3564 3235 de

275 3252 907 3278 ..ηυγ----τ-ηνην
996 3252 999 3255 ν
1904 3252 2235 3268 ..-νηημ
2299 3252 2343 3254 ἡ-
2466 3252 2469 3253 ν
2599 3252 2610 3260 ,
2756 3252 2770 3260 ,
2906 3252 2911 3257 .
2996 3252 3007 3256 -
3074 3252 3077 3253 ν

275 3299 618 3361 mortalitate
649 3293 828 3365 carnis
856 3288 1163 3351 constituta,
1197 3292 1414 3359 propter
1443 3280 1610 3348 ipsam
1643 3270 1871 3327 mutahi—
1974 3299 2295 3360 arboribus,
2349 3294 2417 3349 de
2465 3262 2811 3352 Hominibus,
2871 3284 2940 3341 ad
2988 3252 3293 3349 ,crmdnem
3350 3256 3568 3348 quidem

278 3394 496 3448 litatem
517 3389 652 3442 lunae
668 3385 906 3457 nomine,
926 3382 977 3434 in
1001 3376 1292 3453 Scriptu‘ris
1305 3368 1589 3447 [signatur]
1607 3366 1876 3437 signiﬁca-

283 3494 400 3543 tur.
419 3474 810 3535 Uudecstillud
834 3490 846 3524 :
875 3465 1436 3536 Paraveruntsagittas
1459 3476 1583 3515 suas
1608 3462 1658 3513 in
1684 3458 1875 3527 phare-

282 3588 398 3637 ιω,
432 3583 487 3634 ut
516 3571 766 3642 sagittent
806 3566 857 3620 in
889 3563 1114 3627 obscura
1146 3561 1269 3614 luna
1299 3566 1475 3621 rectos
1504 3552 1688 3610 corde.
1722 3550 1876 3605 Prius

276 3669 434 3739 enim
448 3680 602 3735 quam
619 3662 708 3716 ﬁat
720 3659 849 3725 illud
863 3658 1004 3728 quod
1020 3656 1146 3711 dicit
1162 3652 1463 3727 Apostolus,
1487 3650 1617 3703 Cum
1632 3645 1877 3703 Chrisms

281 3735 599 3827 apparuerit
623 3754 727 3806 vita
751 3761 953 3817 vestra,
981 3758 1105 3807 tunc
1130 3754 1185 3801 et
1209 3759 1301 3809 vos
1325 3756 1445 3797 cum
1477 3735 1639 3813 [ipso]
1669 3737 1758 3807 illo
1786 3750 1879 3803 ap-

286 3816 557 3922 parebitis
583 3847 636 3900 in
667 3842 857 3915 gloria,
884 3816 1114 3903 obscura
1146 3839 1353 3905 videtur
1381 3816 1620 3908 Ecclesia
1660 3831 1711 3883 in
1747 3840 1880 3887 tetu-

284 3960 427 4017 pore
469 3936 914 4011 peregrinationis
958 3948 1093 3997 suae,
1139 3932 1279 3995 inter
1326 3928 1520 3991 multas
1568 3923 1879 3990 iniquitates

284 4016 537 4107 gemens,
570 4043 624 4087 et
654 4040 777 4085 tunc
805 4035 928 4081 sunt
962 4024 1211 4097 timendae
1255 4019 1465 4095 insidia:
1498 4016 1765 4083 [allaciutn
1797 4026 1880 4066 sco

284 4104 601 4186 ductorum,
644 4136 779 4198 quas
817 4117 1033 4191 [tamine
1079 4115 1394 4189 sagittarum
1430 4108 1655 4176 intelligi
1689 4104 1877 4167 voluit.

289 4218 454 4279 Unde
481 4216 587 4270 alio
609 4215 728 4268 Ιοιο
752 4220 968 4282 propter
997 4213 1211 4273 nuntios
1243 4204 1585 4281 ﬁdelissimos
1615 4200 1880 4264 veritatis,

289 4326 435 4376 ιιιιοε
456 4309 651 4378 ubique
668 4308 803 4376 parit
827 4303 1091 4365 Ecclesia,
1108 4301 1303 4357 dicitur
1325 4298 1469 4357 Luna
1492 4296 1646 4354 testis
1669 4296 1721 4353 in
1745 4292 1884 4355 cmlo

292 4400 497 4465 tidelis.
524 4400 587 4466 Et
608 4412 728 4459 cum
772 4395 840 4461 de
862 4406 1027 4463 regno
1050 4389 1261 4449 Domini
1294 4386 1571 4459 psalmista
1595 4379 1884 4457 [cantaret]

292 4501 543 4569 caneret,
591 4489 827 4553 Otietur,
878 4486 1065 4556 inquit,
1112 4485 1169 4547 in
1206 4482 1395 4553 diebus
1433 4479 1552 4550 ejus
1586 4478 1793 4547 justitia
1833 4484 1888 4529 et

1978 3390 2371 3461 mult'pliciter,
2420 3385 2486 3439 ad
2545 3382 2963 3439 celebrationem
3021 3390 3152 3432 veto
3198 3380 3569 3441 sacramento-

1980 3501 2097 3557 rum
2142 3484 2252 3553 jam
2293 3478 2585 3536 christiana
2628 3475 2874 3533 libertate
2924 3468 3281 3536 parcissime;
3325 3466 3466 3529 sicut
3502 3464 3572 3527 do

1979 3592 2137 3650 aqua,
2171 3576 2239 3631 de
2281 3574 2575 3635 frumento,
2627 3569 2695 3625 de
2726 3567 2872 3629 vino,
2913 3564 2981 3623 de
3022 3562 3164 3617 oleo.
3214 3559 3271 3613 ln
3314 3558 3573 3631 servitute

1978 3679 2159 3726 autem
2192 3667 2393 3722 veteris
2421 3660 2601 3732 populi
2627 3659 2794 3715 multa
2816 3658 2977 3711 etiam
3002 3652 3264 3710 celebrari
3310 3651 3573 3719 imperata

1980 3772 2124 3828 sunt,
2159 3774 2279 3829 qua:
2307 3756 2460 3825 nobis
2488 3749 2857 3809 tantummodo
2886 3743 3232 3813 intelligenda
3265 3742 3571 3797 traduntur.

1980 3856 2090 3914 Sed
2117 3859 2376 3923 quantum
2418 3846 2629 3902 intersit
2680 3845 2820 3899 inter
2866 3838 3270 3895 obserxationes
3311 3834 3572 3897 siderum,

1987 3947 2055 4001 ad
2086 3943 2262 3999 aerias
2293 3938 2583 4007 qualitates
2616 3931 3085 3991 accommodatas,
3127 3928 3264 3980 sicut
3302 3924 3573 3993 agricola),

1984 4039 2066 4093 vel
2100 4045 2275 4090 nauta:
2302 4032 2623 4087 observant:
2648 4023 2825 4080 autad
2859 4021 3120 4077 notandas
3152 4028 3332 4087 partes
3362 4015 3571 4080 mundi,

1986 4140 2318 4196 cursumque
2348 4123 2527 4191 aliquo
2558 4127 2613 4175 et
2641 4115 2887 4174 alicunde
2915 4094 3270 4181 dirigendum,
3302 4107 3443 4177 quod
3472 4122 3572 4179 gn-

1984 4223 2306 4278 bernatores
2330 4215 2544 4271 navium
2587 4212 2805 4274 faciunt,
2836 4216 2891 4263 et
2928 4206 2979 4265 hi
3011 4206 3100 4275 qui
3134 4219 3227 4273 per
3256 4199 3573 4269 solitudines

1985 4327 2242 4370 arenosas
2304 4310 2358 4364 in
2409 4308 2662 4362 interiora
2714 4302 2943 4366 Austri,
2999 4299 3141 4353 nulla
3190 4304 3338 4359 certa
3381 4294 3572 4351 semita

1987 4406 2094 4479 [vel
2123 4401 2291 4473 recta]
2323 4400 2674 4473 gradiuntur;
2712 4404 2804 4448 aut
2843 4392 2985 4466 [cum
3019 4390 3085 4445 ad
3114 4386 3341 4457 aliquid]
3370 4384 3573 4453 aliquid

1991 4478 2044 4555 in
2073 4497 2321 4554 doctrina
2350 4480 2467 4549 utili
2501 4492 2724 4561 ﬁgurate
2764 4483 3195 4557 signiﬁcandum,
3248 4481 3307 4535 lit
3345 4478 3575 4533 nonnul-

288 4583 626 4645 ³δ¹¹¹¹ό³¹ἰίδ¹
681 4582 828 4651 meis
850 4622 864 4648 ’
914 4577 1089 4649 quoad
1134 4590 1304 4645 usque
1346 4571 1697 4631 imm-ﬁdam"
1740 4569 1884 4633 lum“
1918 4573 1968 4636 θ
1994 4595 2167 4649 lorum
2192 4591 2431 4646 siderum
2454 4586 2630 4653 aliqua
2656 4579 3127 4643 commemoratio;
3159 4588 3415 4646 quantum
3444 4587 3575 4643 ergo

290 4678 360 4739 id
399 4686 479 4747 est
518 4673 843 4733 abundantia
895 4671 1060 4741 pacis,
1103 4669 1155 4723 in
1189 4676 1393 4729 tantum
1439 4673 1667 4731 crescet,
1711 4662 1885 4727 donec

288 4784 518 4825 onmem
566 4766 978 4833 mutabilitatem
1032 4758 1372 4817 mortalitatis
1416 4756 1686 4815 absumat.
1736 4752 1887 4817 Tunc

292 4865 597 4933 novissima
620 4862 836 4935 inimica
867 4860 1174 4914 destruetur
1210 4869 1357 4911 mors
1377 4894 1392 4918 ,
1423 4860 1478 4908 et
1506 4846 1761 4921 quidquid
1791 4861 1887 4900 no-

292 4960 388 5014 bis
427 4957 629 5015 resistit
670 4971 737 5011 ex
782 4953 1090 5021 inﬁrmitate
1127 4948 1326 5014 carnis,
1381 4945 1524 5005 unde
1573 4942 1727 4999 nobis
1768 4957 1887 5010 per-

292 5052 443 5107 fecta
491 5063 594 5119 pax
639 5045 873 5105 nondum
918 5054 1023 5111 est,
1069 5047 1418 5098 consumetur
1464 5037 1702 5098 omnino,
1759 5049 1880 5088 cum

288 5138 652 5207 ,corruptibile
680 5138 782 5195 hoc
807 5136 1037 5191 induerit
1064 5134 1548 5203 incorruptionem,
1580 5137 1638 5184 et
1664 5126 1887 5183 mortale

296 5236 411 5291 hoc
442 5231 678 5289 induerit
702 5228 1178 5297 immortalitatem.
1205 5225 1359 5281 Unde
1390 5233 1443 5278 et
1474 5224 1616 5293 illius
1654 5220 1888 5276 civitatis

292 5325 467 5389 muri,
497 5340 616 5392 qua
646 5322 897 5377 llieiichu
927 5320 1248 5390 appellatur,
1277 5334 1397 5387 qua:
1426 5317 1476 5371 in
1508 5316 1735 5375 Hebraeo
1772 5313 1887 5367 elo-

291 5416 453 5488 quio,
486 5416 629 5482 luna,
667 5414 1005 5484 interpretari
1033 5413 1247 5478 dicitur,
1279 5411 1506 5480 septimo
1535 5409 1755 5462 circuitu
1789 5407 1890 5460 cir-

290 5518 542 5565 cumacta
558 5507 887 5562 Tcstamenti
908 5520 1053 5573 arca,
1070 5516 1410 5559 corruerunt.
1429 5502 1562 5569 Quid
1584 5503 1723 5556 enim
1750 5514 1890 5552 nunc

296 5601 493 5677 [aliud]
506 5602 965 5673 agitauuqntiatio
978 5600 1123 5670 regni
1136 5600 1419 5663 cmlorutn,
1437 5613 1594 5667 quam
1608 5598 1893 5651 circumac-

301 5694 381 5749 tio
397 5708 536 5749 arca
550 5692 891 5763 signiﬁcavit,
908 5692 1081 5746 nisiut
1102 5690 1281 5745 omnia
1300 5689 1631 5744 munimenta
1649 5686 1889 5741 mortalis

298 5789 445 5853 sine,
493 5787 545 5843 id
588 5795 672 5844 est
698 5785 874 5843 omnis
912 5800 1036 5855 spcs
1076 5781 1235 5855 hujus
1272 5784 1488 5853 srculi,
1531 5798 1650 5854 qua:
1688 5782 1890 5839 resistit

1994 4684 2203 4742 intersit
2244 4684 2382 4737 inter
2407 4676 2515 4734 has
2534 4677 2789 4731 utilitates
2814 4684 2870 4729 et
2898 4671 3161 4726 vanitates
3179 4669 3473 4735 hominum,
3501 4667 3570 4720 ad

1994 4778 2098 4833 hoc
2133 4772 2539 4830 observantium
2589 4768 2802 4831 sidera,
2844 4774 2902 4817 ιιι
2940 4777 3040 4816 nec
3080 4762 3221 4815 aeris
3267 4759 3575 4828 σιιιειιὶιςιιιιε,

1993 4885 2097 4926 nec
2138 4870 2419 4937 regionum
2449 4862 2586 4926 vias,
2629 4874 2727 4914 nec
2769 4856 2914 4911 solus
2952 4863 3250 4922 trmpormn
3299 4863 3577 4911 numeros,

1997 4977 2097 5019 nec
2126 4958 2449 5031 epiritaliutn
2481 4952 2887 5015 similitudines,
2931 4948 3024 5002 sed
3065 4946 3217 5016 quasi
3268 4945 3451 4999 fatalia
3487 4960 3578 5000 re-

1986 5069 2107 5109 rum
2128 5053 2239 5124 jam
2271 5056 2471 5117 eventa~
2492 5045 2826 5117 perquirunt,
2855 5041 2975 5111 quis
3004 5056 3113 5094 non
3140 5036 3443 5107 intelligat?
3473 5034 3575 5091 Sed

1984 5146 2095 5217 jam
2125 5144 2381 5211 deinceps
2412 5138 2689 5193 videamus
2712 5149 2810 5188 cur
2834 5136 2994 5187 etiam
3018 5132 3065 5183 id
3099 5129 3433 5187 observetur,
3456 5138 3573 5178 cum

1993 5232 2195 5289 Pascha
2225 5223 2572 5306 [celebratur]
2611 5224 2947 5280 celebramus
2979 5230 3036 5274 ut
3072 5220 3359 5276 Sabltatnm
3390 5229 3577 5267 occur-

1995 5337 2097 5384 rat.
2135 5326 2247 5381 lloc
2275 5322 2418 5379 enim
2442 5315 2766 5394 [proprium]
2815 5315 3119 5384 proximum
3148 5309 3468 5364 Christiana:
3494 5319 3578 5359 re-

2003 5418 2215 5490 ligionis
2245 5412 2359 5472 cst.
2382 5413 2513 5468 Nam
2544 5410 2715 5468 Judaei
2752 5403 3121 5462 tantummodo
3153 5414 3389 5455 mensem
3422 5410 3577 5451 novo

1999 5526 2117 5568 rum
2144 5519 2198 5567 et
2223 5511 2403 5564 lunam
2449 5506 2756 5567 observant,
2797 5516 2824 5554 a
2862 5494 3260 5570 quartadecima
3302 5506 3472 5561 usque
3510 5491 3577 5545 ad
3661 5480 3663 5482 ’

1999 5602 2311 5657 vicesimam
2363 5601 2611 5668 primam.
2644 5593 2764 5669 ‘Sed
2805 5592 2927 5660 quia
2977 5586 3106 5642 illud
3148 5601 3332 5640 eorum
3376 5582 3577 5638 Pascha

1997 5710 2104 5764 quo
2137 5706 2324 5763 passus
2359 5699 2444 5746 est
2483 5688 2737 5742 Dominus
2787 5686 2858 5736 ita
2891 5678 3125 5736 occurrit
3154 5688 3209 5733 ut
3249 5678 3388 5731 inter
3432 5694 3578 5732 mor-

1997 5792 2103 5842 tem
2152 5784 2268 5854 ejus
2319 5790 2374 5838 et
2426 5776 2877 5836 resurrectionem
2928 5770 3137 5827 medius
3173 5780 3312 5829 esset
3360 5769 3583 5828 Sabbati
