3974 6184
448 312 552 383 759

1512 312 1572 364 D.
1621 306 1937 364 EUGYPPII
1981 308 2271 363 ABISATIS
2312 308 2632 365 AFRICANI

3630 313 3737 366 750

448 428 603 492 dies,
660 425 963 479 addendum
1017 424 1201 477 Patres
1258 422 1427 477 nostri
1483 430 1826 484 censuerunt,
1877 432 1929 473 ut
1978 427 2031 470 et
2063 423 2104 475 Λ
2140 420 2246 473 Deo
2268 421 2481 484 dicitur,
2506 422 2625 491 quia
2657 435 2774 473 cum
2804 419 3015 475 fecisset
3043 421 3219 474 omnia
3244 435 3407 490 operi
3434 422 3575 475 bona
3609 427 3734 478 val-

452 526 633 572 nostra
666 515 929 571 festivitas
958 532 983 567 a
1013 515 1319 569 Judaeorutn
1363 514 1657 568 festivitate
1687 514 2049 581 distinguere-

450 622 557 675 tur,
586 622 640 667 et
669 612 809 681 quod
840 626 943 665 non
977 610 1169 663 fruStra
1201 609 1401 663 factum
1433 623 1555 663 esse
1583 608 1911 663 credendum
1941 615 2046 669 est,

453 703 520 755 ab
547 702 637 757 illo
665 702 755 768 qui
784 710 866 754 est
891 710 1013 753 ante
1043 709 1309 769 tempora,
1357 708 1408 753 et
1442 714 1536 766 per
1565 715 1727 770 quem
1759 698 1896 752 facta
1926 710 2049 752 sunt

454 802 717 859 tempora,
766 798 821 844 et
848 790 937 859 qui
973 789 1113 843 venit
1155 790 1207 843 in
1259 790 1593 859 plenitudine
1642 798 1962 859 temporum,
1998 801 2049 843 et

454 881 544 948 qui
572 888 888 947 potestatem
919 880 1149 933 habebat
1178 881 1407 950 ponendi
1439 881 1670 934 animam
1692 896 1843 934 suam
1873 890 1923 934 et
1948 880 2048 934 ite-

451 985 567 1024 rum
599 970 897 1039 recipiendi
929 986 1069 1033 eam,
1103 980 1155 1025 et
1183 971 1303 1025 ideo
1330 985 1433 1025 non
1468 971 1705 1037 fatalem,
1740 971 1832 1025 sed
1862 985 2052 1039 oppor-

453 1072 635 1115 tunam
679 1072 1051 1130 sacramento,
1094 1062 1236 1131 quod
1288 1063 1671 1117 commendare
1717 1062 2045 1127 instituerat,

458 1152 644 1207 horam
669 1152 1017 1220 exspectabat
1046 1168 1164 1206 cum
1197 1153 1422 1217 diceret,
1473 1153 1718 1207 Noodum
1749 1153 1891 1206 venit
1920 1150 2047 1205 bora

458 1257 606 1310 mea,
661 1254 719 1297 ut
759 1245 809 1296 in
853 1244 1228 1298 anniversaria
1286 1243 1554 1312 passionis
1606 1242 1972 1297 eelebratione
2017 1256 2047 1295 a

458 1339 684 1401 posteris
729 1343 1059 1389 servaretur.
1111 1333 1263 1401 Quod
1312 1334 1455 1388 enim
1508 1348 1668 1397 nunc,
1703 1343 1759 1387 ut
1802 1331 2048 1401 superius

454 1428 585 1495 dixi,
636 1428 739 1481 ﬁde
771 1443 831 1481 ac
861 1442 957 1495 spe
991 1424 1271 1498 [gerimus]
1331 1429 1760 1495 peregrinantur,
1791 1438 1951 1493 atque
1991 1433 2047 1479 ut

456 1517 519 1571 ad
547 1516 599 1570 id
634 1518 1004 1586 perveniamus
1038 1517 1329 1573 dilectione
1360 1519 1678 1586 satagimus,
1730 1520 1941 1587 requies
1965 1525 2049 1572 est

455 1608 701 1677 quadam
742 1609 810 1662 ab
839 1609 987 1662 omni
1035 1608 1220 1663 labore
1248 1607 1488 1663 omnium
1524 1609 1892 1663 molesﬁarum
1923 1622 2045 1663 sana

455 1710 541 1753 cta
581 1710 743 1770 atque
775 1711 1069 1769 perpetua:
1104 1701 1157 1754 iu
1205 1699 1441 1773 [eadem]
1491 1715 1608 1755 eam
1652 1701 1807 1755 nobis
1840 1717 1905 1756 ex
1947 1702 2044 1757 hac

2152 511 2239 572 de,
2270 512 2499 580 septimo
2529 510 2615 563 die
2648 511 2911 578 requievit
2945 512 3012 563 ab
3052 512 3301 564 omnibus
3342 512 3597 579 operibus
3627 516 3741 567 suis

2152 615 2268 669 qua:
2302 601 2426 654 fecit
2454 617 2467 653 :
2497 600 2723 653 futuram
2751 601 2892 654 enim
2926 601 3161 669 requiem
3191 600 3542 668 signiﬁcabat,
3577 620 3743 671 quam

2156 703 2269 759 post
2291 692 2426 746 bona
2446 709 2606 761 opera
2629 694 2851 748 daturus
2874 704 2987 747 erat
3013 691 3211 766 [nobis]
3234 694 3564 749 hominibus.
3590 698 3749 750 Sicut

2152 786 2292 838 enint
2320 801 2439 858 cum
2471 786 2605 841 bene
2632 802 2865 855 operam:
2889 804 2939 852 r,
2972 790 3083 855 ipse
3104 788 3300 842 dicitur
3328 791 3538 858 cperari
3568 789 3625 841 iu
3650 804 3748 841 no-

2157 878 2256 940 bis,
2287 877 2439 948 cujus
2463 896 2684 932 munere
2712 880 2845 934 bene
2883 894 3171 948 operantur
3204 898 3216 931 :
3252 880 3320 934 ita
3353 896 3473 935 cum
3522 883 3747 947 requie-

2154 968 2373 1034 scimus,
2419 969 2532 1038 ipse
2582 970 2917 1040 requie-cere
2962 971 3180 1035 dicitur,
3223 970 3351 1042 [quo
3382 972 3625 1027 donante
3658 987 3747 1025 re-

2152 1061 2495 1133 quiescimus]
2531 1064 2669 1131 quod
2717 1079 2820 1116 non
2868 1073 2991 1117 ante
3043 1064 3451 1133 requiescimus.
3507 1064 3749 1133 Ideoque

2154 1154 2293 1206 in'er
2340 1154 2511 1206 omnia
2544 1155 2725 1208 decem
2765 1156 2850 1209 illa
2885 1166 3174 1225 praecepta,
3206 1158 3380 1212 solum
3412 1159 3481 1211 ibi
3504 1159 3657 1226 quod
3682 1159 3750 1212 de

2151 1246 2381 1301 Sabbato
2408 1248 2634 1315 positum
2668 1259 2771 1313 est,
2804 1248 3027 1316 ﬁgurate
3056 1250 3449 1304 observandum
3492 1250 3749 1317 praecipi-

2153 1345 2253 1391 tur.
2287 1338 2455 1403 Quam
2484 1338 2703 1405 ﬁguram
2738 1355 2832 1393 uos
2879 1340 3281 1409 intelligendam
3310 1356 3417 1395 non
3446 1343 3617 1395 etiam
3654 1357 3751 1408 per

2150 1430 2316 1481 otium
2340 1430 2618 1497 corporale
2647 1429 3023 1483 celebrandam
3049 1431 3400 1499 suscepimus.
3425 1433 3564 1485 Cum
3600 1434 3747 1487 enim

2151 1518 2387 1573 Sa'bato
2443 1518 2849 1591 [signiﬁcetur]
2903 1522 3264 1576 sanctiﬁcetur
3337 1524 3609 1591 spiritalis
3665 1540 3748 1579 re-

2149 1607 2324 1675 quies,
2361 1608 2427 1662 de
2477 1625 2577 1678 qua
2624 1610 2823 1663 dictum
2870 1620 2951 1665 est
3000 1612 3051 1665 iu
3077 1615 3319 1681 psalmo:
3353 1613 3553 1669 Vacate
3589 1626 3640 1668 et
3668 1616 3747 1669 vi-

2148 1701 2271 1756 dete
2297 1704 2418 1772 quia
2454 1718 2553 1771 ego
2584 1702 2854 1773 [quoniam
2892 1718 2993 1773 ego
3039 1720 3154 1757 sum
3209 1704 3370 1777 Deus]
3397 1720 3515 1759 sum
3563 1708 3750 1761 Domi-

454 1793 563 1845 vita
597 1792 653 1845 ﬁt
684 1794 963 1854 transitus,
1014 1806 1170 1861 quem
1206 1794 1466 1846 Dominus
1497 1804 1680 1846 noster
1705 1792 1862 1848 Jesus
1890 1792 2044 1849 Chri-
2080 1790 2124 1849 Β
2153 1809 2277 1859 nus,
2307 1804 2360 1850 et
2387 1811 2492 1864 quo
2519 1796 3039 1851 voranturlxomines
3072 1798 3268 1867 ahipso
3294 1799 3520 1853 Domino
3553 1801 3747 1854 dicen-

462 1896 576 1940 stus
622 1900 717 1938 sua
759 1888 1009 1955 passione
1061 1884 1475 1957 [demonstrare]
1529 1895 1943 1955 praemonstrare
1993 1894 2047 1940 et

460 1991 781 2031 consecrare
808 1976 1056 2045 dignatus
1106 1987 1211 2031 est.
1256 1978 1397 2032 luest
1440 1985 1617 2031 autem
1661 1976 1714 2028 in
1745 1977 1830 2029 illa
1862 1976 2047 2046 requie

459 2081 566 2120 non
595 2066 860 2119 desidiosa
894 2065 1144 2134 segnitia,
1175 2065 1269 2120 sed
1302 2067 1546 2134 quaedam
1586 2065 1870 2120 ineﬁ'abilis
1902 2075 2045 2120 tranv

460 2158 694 2227 quillitas
721 2158 947 2212 actionis
967 2158 1177 2213 otiosae.
1212 2159 1301 2212 Sic
1327 2160 1468 2213 enim
1490 2164 1556 2212 ab
1588 2159 1744 2227 hujus
1770 2159 1893 2213 vitae
1919 2174 2041 2227 0pe~

462 2254 634 2318 tibus,
669 2253 720 2306 in
754 2252 857 2306 ﬁne
883 2250 1253 2320 requiescitur,
1279 2263 1335 2306 ut
1359 2252 1411 2307 in
1438 2253 1657 2307 alterius
1688 2253 1810 2306 vitae
1838 2250 2051 2308 actione

462 2345 776 2411 gaudeatur.
824 2344 928 2399 Sed
962 2346 1081 2414 quia
1109 2344 1229 2398 talis
1260 2344 1399 2398 actio
1430 2344 1481 2397 iu
1517 2344 1610 2397 Dei
1655 2343 1810 2398 laude
1849 2344 2042 2413 agitur,

463 2438 579 2491 siue
605 2438 786 2491 labore
811 2438 1203 2502 membrorum,
1250 2437 1365 2490 sine
1394 2451 1595 2506 angore
1634 2450 1904 2499 curarum,
1940 2452 2044 2490 non

462 2531 528 2585 ad
561 2529 726 2604 [eam]
780 2530 967 2585 eadem
1013 2531 1091 2585 sic
1124 2530 1382 2583 transitur
1416 2544 1511 2599 per
1552 2528 1808 2597 quietem,
1862 2536 1917 2581 ut
1946 2528 2045 2597 ipsi

466 2622 661 2694 [labor]
717 2621 885 2678 labori
941 2622 1217 2685 succedat,
1266 2622 1314 2675 id
1345 2631 1425 2675 est
1457 2637 1561 2674 non
1592 2621 1672 2674 sic
1702 2634 1822 2675 esse
1863 2618 2048 2689 incipit

469 2724 636 2789 actio,
665 2730 723 2774 ut
770 2735 890 2775 esse
931 2720 1141 2775 desinat
1167 2719 1340 2788 quies.
1371 2717 1554 2787 Neque
1582 2718 1725 2770 enim
1758 2714 1962 2769 reditur
1981 2713 2047 2768 ad

463 2815 675 2869 labores
715 2823 767 2868 et
806 2828 983 2878 curas,
1031 2810 1124 2865 sed
1163 2818 1443 2879 permanet
1482 2809 1536 2863 in
1574 2806 1783 2862 actione
1808 2805 1949 2875 quod
1981 2804 2046 2857 ad

462 2908 697 2977 quiele
738 2907 991 2974 pertinet,
1028 2917 1125 2958 nec
1157 2904 1207 2956 in
1244 2917 1407 2971 Opere
1434 2901 1697 2962 laborare,
1740 2913 1842 2952 nec
1871 2898 1922 2950 in
1959 2910 2048 2949 co-

465 2999 720 3066 gitatione
765 2995 1043 3049 fluctuare.
1074 2994 1208 3059 Quia
1248 3007 1376 3062 ergo
1417 3006 1513 3059 per
1551 2989 1788 3057 requiem
1831 2987 1895 3040 ad
1941 2986 2048 3056 pri-

468 3105 607 3143 mam
633 3090 791 3141 vitam
824 3086 1049 3152 reditur,
1084 3085 1223 3139 unde
1253 3084 1430 3137 anima
1472 3082 1616 3151 lapsa
1648 3089 1731 3135 est
1760 3081 1812 3133 in
1855 3093 2045 3146 pecea-

2152 1893 2203 1937 te
2226 1882 2456 1959 {Venite
2480 1885 2546 1938 ad
2572 1901 2655 1940 me
2678 1900 2866 1940 omnes
2894 1888 2982 1957 qui
3002 1888 3253 1943 laboratis
3276 1900 3327 1943 et
3353 1892 3563 1943 onerati
3592 1891 3744 1957 estis,

2147 1986 2201 2030 et
2231 1990 2330 2045 ego
2361 1991 2455 2030 vos
2488 1976 2760 2043 reﬁciam;
2789 1979 2959 2033 tollite
2985 1980 3168 2051 jugum
3201 1997 3377 2036 meum
3418 1996 3593 2050 super
3623 1998 3739 2047 vos,

2148 2078 2201 2121 et
2230 2069 2417 2124 discite
2451 2085 2477 2123 a
2504 2086 2586 2124 me
2618 2068 2789 2143 [quia]
2821 2073 3069 2140 quoniam
3100 2074 3242 2126 mitis
3285 2087 3400 2126 sum
3433 2082 3490 2127 et
3518 2073 3745 2127 humilis

2148 2160 2330 2226 corde,
2360 2162 2711 2215 etinveuietis
2736 2163 2973 2232 requiem
2993 2165 3269 2219 animabus
3298 2165 3517 2229 vestris;
3543 2176 3745 2220 extera

2149 2256 2325 2303 tamen
2353 2251 2420 2305 ibi
2447 2260 2708 2321 prmcepta
2728 2253 2944 2322 proprie
2972 2255 3108 2308 sicut
3128 2266 3385 2323 praecepta
3418 2265 3573 2321 sunt,
3603 2256 3743 2330 [sine

2148 2337 2276 2410 ulla]
2298 2340 2507 2408 singula
2534 2342 2757 2410 ﬁgurata
2783 2342 3171 2412 signiﬁcatione
3193 2344 3567 2399 observamus.
3600 2351 3617 2398 t
3644 2347 3748 2399 nde

2150 2447 2251 2485 nou
2304 2434 2741 2489 inconvenienter
2782 2435 3137 2505 intelligimus
3183 2439 3249 2489 ad
3294 2438 3532 2491 amorem
3591 2440 3745 2492 caci-

2150 2524 2392 2592 tandum,
2417 2540 2521 2595 quo
2550 2527 2615 2580 ad
2643 2528 2881 2597 requiem
2910 2530 3396 2594 tendimus,valere
3425 2530 3612 2583 omnia
3631 2545 3700 2598 qu
3720 2546 3747 2580 e

2154 2616 2423 2689 [figurate]
2476 2619 2525 2672 in
2570 2618 2865 2689 Scripturis
2896 2620 3187 2686 dicuntur;
3229 2622 3668 2691 quandoquidem
3695 2620 3746 2674 id

2151 2709 2325 2761 solum
2360 2708 2411 2761 in
2442 2707 2702 2778 decalogo
2732 2712 2959 2780 ﬁgurate
3002 2711 3330 2780 praecipitur,
3376 2712 3459 2765 ubi
3521 2711 3747 2780 requies

2149 2800 2578 2865 commendatur,
2609 2817 2727 2871 quae
2757 2802 2957 2872 ubique
3001 2812 3232 2867 amatur,
3258 2804 3350 2857 sed
3396 2803 3444 2857 in
3486 2804 3614 2857 solo
3638 2803 3749 2858 Deo

2149 2900 2330 2944 sancta
2357 2902 2407 2944 et
2437 2899 2582 2945 certa
2616 2888 2906 2946 invenitur.
2944 2893 3067 2949 Dies
3090 2903 3266 2948 tamen
3296 2894 3615 2948 Dnminicus
3643 2911 3746 2947 nou

2150 2980 2376 3046 Iudaeis,
2412 2981 2504 3037 sed
2536 2982 2855 3039 Christianis
2885 2986 3282 3040 resurrectione
3306 2985 3516 3040 Domini
3568 2986 3748 3041 decla-

2154 3085 2298 3128 ratus
2328 3085 2431 3141 est,
2456 3085 2508 3131 et
2534 3091 2599 3131 ex
2630 3076 2720 3131 illo
2765 3078 2962 3132 habere
2995 3079 3156 3148 cmpit
3188 3078 3532 3133 festivitatem
3565 3094 3744 3134 suam.

469 3191 602 3245 tum,
635 3187 919 3249 propterea
947 3176 1183 3232 Sabhato
1220 3176 1432 3244 requies
1466 3172 1818 3243 significatur.
1844 3170 1932 3224 Illa
1956 3186 2048 3224 au-
2078 3173 2123 3233 C
2160 3167 2363 3218 Animae
2386 3166 2584 3233 quippe
2624 3168 2862 3220 omnium
2891 3174 3197 3222 sanctorum
3230 3180 3355 3223 ante
3387 3168 3745 3223 resurrectio—

470 3280 574 3322 tetn
614 3268 781 3337 prima
815 3268 918 3319 vita
942 3308 956 3331 ,
997 3282 1115 3334 quzt-
1155 3263 1268 3335 [de]
1302 3279 1330 3317 a
1364 3262 1798 3331 peregrinatione
1827 3261 2053 3316 redeun-

471 3363 611 3417 tibus
660 3372 713 3415 et
759 3362 983 3429 primam
1033 3360 1222 3413 stolam
1260 3357 1642 3427 accipientibus
1683 3358 1923 3412 redditur
1961 3373 2054 3426 per

473 3471 631 3508 unam
665 3454 878 3510 Sahbati
906 3468 1062 3520 quem
1099 3453 1240 3506 diem
1267 3453 1597 3506 Dominicum
1629 3453 1879 3515 dicimus,
1918 3451 2051 3523 ﬁgu-

474 3555 640 3599 ratur.
676 3547 868 3612 Quzere
889 3554 1092 3612 septem
1137 3542 1287 3607 dies,
1341 3541 1590 3596 Genesim
1632 3542 1769 3610 lege,
1811 3542 2055 3595 invenies

474 3638 757 3704 septimum
783 3636 897 3688 sine
919 3648 1146 3701 vespere
1174 3675 1189 3698 ,
1210 3632 1331 3700 quia
1359 3631 1595 3701 requiem
1621 3632 1738 3685 sine
1764 3632 1867 3685 ﬁne
1892 3630 2055 3698 signi-

482 3729 627 3783 ﬁcat.
685 3727 862 3782 Prima
917 3741 1047 3797 ergo
1087 3727 1193 3780 vita
1238 3741 1342 3779 non
1401 3725 1498 3779 fuit
1551 3726 1877 3793 sempiterna
1932 3739 2057 3793 pec-

477 3823 661 3886 canti,
696 3821 907 3890 requies
962 3830 1141 3875 autem
1197 3819 1378 3872 ultima
1436 3821 1762 3885 sempiterna
1819 3826 1942 3881 est,
1994 3830 2056 3870 ac

477 3931 574 3984 per
639 3913 739 3969 hoc
804 3923 855 3967 et
926 3923 1146 3967 octavus
1219 3910 1600 3979 sempiternam
1670 3908 2055 3962 beatitudinem

480 4006 732 4068 habebit,
780 4005 901 4074 quia
956 4004 1170 4072 requies
1217 4002 1308 4056 illa
1370 4017 1492 4069 qua:
1557 4000 1882 4070 sempiterna
1939 4010 2053 4063 est,

476 4098 741 4167 excipitur
809 4097 878 4152 ab
959 4106 1169 4157 octavo,
1250 4109 1356 4147 non
1428 4094 1824 4162 exstzuguitur,
1887 4106 2059 4161 neque

478 4191 624 4245 enim
655 4198 796 4245 esset
838 4188 993 4242 aliter
1021 4187 1371 4257 sempiterna.
1415 4184 1488 4238 lta
1521 4200 1649 4251 ergo
1690 4184 2057 4243 eritoctavus,

478 4285 564 4354 qui
601 4284 831 4352 primus,
864 4292 922 4335 ut
951 4281 1117 4349 prima
1154 4280 1258 4333 vita
1297 4292 1402 4332 non
1450 4278 1691 4341 tollatur,
1728 4277 1821 4330 sed
1862 4285 2059 4330 a'tcrua

478 4372 755 4427 reddatur.
799 4370 1091 4427 Sabbatum
1136 4380 1311 4422 tamen
1335 4366 1767 4420 commendatum
1789 4373 1871 4418 est
1902 4362 2059 4429 priori

484 4462 680 4529 populo
703 4461 754 4513 in
778 4461 890 4514 otio
912 4457 1266 4527 corporaliter
1286 4455 1688 4521 celebrandum,
1715 4464 1770 4508 ut
1795 4455 1959 4519 ﬁgura
1980 4467 2063 4508 es-

2160 3272 2280 3311 uem
2328 3257 2569 3323 corporis
2600 3267 2723 3311 sunt
2752 3259 2967 3323 quidem
3001 3260 3054 3314 in
3100 3261 3308 3326 requie,
3340 3261 3430 3315 sed
3458 3258 3512 3315 iu
3545 3276 3611 3314 ea
3647 3275 3746 3315 non

2159 3358 2282 3400 sunt
2313 3349 2545 3413 acti0ne,
2580 3365 2677 3415 qua
2707 3364 2929 3418 corpora
2967 3364 3175 3420 recepta
3202 3360 3531 3420 vegetamur.
3558 3352 3745 3407 Tali-nt

2156 3441 2354 3509 quippe
2384 3440 2646 3493 actionem
2673 3441 3064 3510 significatdies
3083 3455 3302 3497 octavus
3327 3443 3413 3513 qui
3437 3455 3487 3497 et
3513 3446 3745 3511 primus,

2157 3535 2277 3599 quia
2329 3546 2432 3583 non
2473 3533 2646 3585 aufett
2686 3534 2827 3587 illam
2889 3537 3150 3603 requiem,
3183 3536 3276 3589 sed
3316 3536 3597 3605 gloriﬁcat.
3636 3537 3746 3591 Non

2158 3625 2300 3677 enim
2334 3624 2473 3678 redit
2503 3642 2621 3679 cum
2649 3642 2875 3695 corpore
2924 3629 3209 3683 difﬁcultas
3242 3645 3306 3684 ex
3338 3645 3588 3697 corpore,
3624 3631 3745 3701 quia

2160 3732 2257 3769 nec
2288 3720 2582 3787 corruptio.
2604 3719 2825 3788 Oportet
2856 3723 2996 3775 enim
3029 3723 3377 3789 corruptibile
3404 3725 3502 3776 hoc
3522 3724 3749 3779 induere

2159 3812 2642 3876 incorruptionem,
2676 3822 2730 3867 et
2761 3816 2987 3869 mortale
3020 3818 3120 3870 boc
3152 3815 3377 3871 induere
3426 3818 3747 3872 immortali-

2160 3908 2344 3954 tatem.
2363 3901 2698 3971 Quapropter
2714 3914 2837 3957 ante
2858 3904 3063 3959 Domini
3084 3906 3530 3960 resurrectionem
3550 3923 3746 3977 quatu-

2161 3991 2240 4045 vis
2268 4001 2483 4046 sanctos
2516 3992 2720 4059 Patres,
2755 3995 2946 4064 plenos
2980 3996 3296 4065 prophetico
3326 3997 3549 4067 Spiritu,
3571 3999 3749 4053 octavi

2161 4092 2560 4138 sacramentum
2616 4100 2952 4155 nequaquam
2984 4087 3193 4155 lateret,
3218 4102 3326 4156 quo
3354 4088 3752 4155 signiﬁcaretur

2164 4176 2483 4231 resurrectio
2509 4177 2654 4246 (nam
2700 4188 2755 4232 et
2792 4194 2889 4247 pro
2930 4190 3118 4235 octavo
3140 4181 3374 4250 psalmus
3395 4180 3751 4253 [inscribitur]

2163 4267 2438 4336 scribitur,
2497 4281 2551 4324 et
2600 4279 2785 4323 octava
2816 4271 2903 4325 die
2941 4272 3461 4327 circumcidebantur
3492 4273 3751 4335 infantes,

2164 4374 2219 4419 et
2247 4365 2298 4418 in
2334 4366 2660 4420 Ecclesiaste
2684 4367 2751 4421 ad
2780 4368 3004 4421 duorum
3048 4368 3510 4423 Testamentornm
3544 4368 3751 4436 signiﬁ-

2170 4454 2436 4511 catiouem
2460 4456 2676 4524 dicitur,
2706 4460 2776 4511 Da
2807 4458 2913 4513 illis
2938 4469 3143 4529 septem
3172 4470 3226 4515 et
3252 4460 3361 4514 illis
3386 4458 3531 4529 octo)
3577 4462 3753 4514 reéer-

477 4562 562 4607 set
581 4552 1014 4607 sanctiﬁcationis
1038 4551 1088 4603 in
1113 4551 1295 4617 requie
1311 4546 1539 4616 Spiritus
1557 4546 1746 4601 sancti.
1776 4545 2057 4615 Nunquam
2086 4534 2138 4595 Ι)
2168 4558 2346 4602 vatum
2379 4560 2460 4604 est
2490 4558 2662 4604 tamen
2697 4551 2824 4624 [illis
2864 4564 2941 4606 est
2975 4552 3319 4623 occultatum]
3343 4561 3398 4607 et
3424 4551 3750 4606 occultatum

482 4642 809 4713 [Nusquam]
838 4643 981 4697 enim
1008 4641 1233 4711 legimus
1263 4639 1314 4692 in
1339 4637 1533 4693 Genesi
1581 4636 2054 4692 sanctiﬁcationem

475 4734 587 4807 84,
607 4751 704 4803 per
722 4750 908 4789 omnes
939 4736 1144 4802 priores
1173 4733 1326 4797 dies;
1360 4733 1452 4786 sed
1483 4733 1549 4786 de
1572 4734 1688 4787 solo
1713 4734 1948 4786 Sabbato
1978 4733 2059 4786 di-

478 4839 622 4881 ctum
652 4836 731 4880 est
765 4844 778 4879 :
806 4825 1165 4881 Sanctiﬁcavit
1194 4823 1380 4896 [Deus]
1404 4823 1548 4877 diem
1585 4825 1892 4893 septimum.
1926 4825 2054 4890 Quia

478 4934 607 4989 ergo
635 4918 870 4973 charitas
895 4918 987 4973 Dei
1016 4918 1205 4972 diffusa
1236 4928 1319 4971 est
1347 4918 1397 4970 in
1446 4918 1700 4972 cordibus
1741 4916 1934 4971 nostris
1966 4931 2060 4984 per

476 5010 735 5079 Spiritum
758 5014 1001 5063 sanctum
1034 5010 1121 5078 qui
1152 5011 1306 5063 datus
1352 5020 1437 5063 est
1475 5008 1649 5073 uobis,
1684 5008 1801 5061 ideo
1826 5007 2060 5062 sanctiﬁ-

478 5100 621 5155 catio
649 5100 701 5153 iu
750 5100 982 5168 septimo
1030 5099 1117 5153 die
1145 5107 1567 5153 commemorata
1598 5106 1699 5160 est,
1727 5097 1817 5149 ubi
1847 5096 2062 5165 requies

477 5189 906 5244 commendatur.
926 5188 1217 5256 Quia‘vero
1242 5203 1341 5241 nec
1363 5188 1498 5241 bene
1520 5201 1571 5252 ot
1591 5186 1729 5240 erari
1752 5200 2059 5253 possumus,

478 5279 581 5333 nisi
625 5280 768 5333 dono
817 5276 936 5347 ejus
984 5277 1170 5345 adjuti,
1218 5278 1357 5331 sicut
1404 5276 1693 5344 Apostolus
1736 5276 1888 5340 dicit,
1925 5276 2061 5328 Deus

478 5374 623 5426 enim
669 5383 772 5435 est,
818 5374 906 5441 qui
966 5381 1220 5441 operatur
1263 5372 1311 5424 iu
1345 5372 1497 5425 nobis
1527 5380 1579 5424 et
1610 5370 1745 5425 velle
1771 5382 1819 5425 et
1851 5371 2059 5437 operari

483 5477 579 5529 pro
608 5463 747 5517 bona
781 5465 1080 5528 voluntate,
1112 5478 1211 5517 nec
1237 5462 1440 5534 [agere,
1469 5477 1567 5515 nec
1598 5461 1957 5531 requiescere]
1985 5476 2065 5515 re-

476 5555 759 5619 quiescere
790 5555 1086 5623 poterimus
1116 5564 1239 5622 post
1264 5555 1445 5609 omnia
1478 5553 1614 5607 bona
1666 5568 1828 5620 opera
1861 5565 2063 5619 nostra,

480 5659 598 5707 «tute
631 5645 683 5698 in
714 5647 815 5701 bac
840 5648 942 5701 vita
972 5649 1227 5718 gerimus,
1255 5647 1355 5700 nisi
1382 5644 1498 5717 ejus
1522 5645 1667 5699 dono
1692 5646 1755 5697 ad
1792 5647 2063 5699 a‘teruita-

484 5740 588 5783 tem
643 5737 953 5791 sanctiﬁcati
1015 5750 1065 5793 ct
1122 5737 1387 5807 perfecti;
1465 5749 1743 5808 ιινοιηρτω
1826 5737 1891 5789 de
1950 5738 2064 5806 ἰ1⁷⁵0

2165 4651 2217 4697 et
2260 4643 2432 4697 solum
2465 4643 2845 4698 celebrandum
2886 4644 3178 4699 Sabbatutn
3218 4646 3463 4697 traditum
3491 4652 3594 4706 est,
3624 4642 3750 4712 quia

2162 4742 2278 4787 erat
2307 4744 2461 4789 antea
2495 4734 2709 4803 requies
2754 4743 3088 4788 mortuorum
3124 4752 3137 4801 ;
3198 4736 3515 4789 resurrectio
3568 4744 3753 4789 autem

2165 4824 2368 4877 nullius
2392 4834 2507 4878 erat
2553 4825 2744 4895 [donec
2776 4828 2983 4878 veniret
3011 4822 3300 4893 Christus].
3333 4825 3420 4890 qui
3463 4839 3753 4894 resurgens

2165 4931 2192 4968 a
2230 4919 2482 4980 mortuis,
2512 4916 2619 4985 jam
2654 4934 2758 4972 non
2791 4927 3110 4984 moreretur,
3148 4928 3202 4972 et
3232 4934 3375 4972 mors
3400 4919 3449 4972 ei
3484 4919 3617 4973 ultra
3644 4936 3751 4975 non

2167 5006 2540 5059 dominaretur
2565 5024 2576 5057 :
2613 5015 2667 5060 ut
2699 5019 2977 5079 postquam
3007 5007 3139 5062 facta
3164 5017 3245 5064 est
3290 5009 3409 5063 talis
3428 5011 3753 5063 resurrectio

2172 5098 2220 5149 in
2259 5111 2488 5164 corpore
2523 5097 2751 5163 Domini,
2783 5099 2865 5169 (ut
2913 5100 3125 5167 prteiret
3168 5100 3219 5153 in
3269 5098 3440 5162 capite
3471 5098 3750 5162 Ecclesim,

2170 5190 2309 5255 quod
2337 5205 2529 5260 corpus
2554 5191 2805 5245 Ecclesiae
2828 5203 3066 5258 speraret
3096 5194 3147 5246 in
3169 5193 3319 5260 ﬁne).
3338 5193 3443 5260 iam
3457 5194 3620 5248 etiam
3634 5194 3751 5248 dies

2176 5283 2507 5346 Dominicus,
2543 5283 2592 5336 id
2639 5292 2744 5347 est,
2772 5296 3014 5347 oetarus,
3043 5284 3131 5349 qui
3161 5294 3213 5337 et
3240 5285 3445 5353 primus
3492 5285 3752 5350 inciperet

2171 5372 2457 5426 celebrari.
2510 5373 2625 5441 Ipsa
2684 5374 2844 5426 etiam
2885 5388 3043 5426 causa
3077 5373 3409 5441 intelligitur,
3440 5387 3537 5426 cur
3562 5374 3751 5428 obser-

2172 5464 2400 5517 vandum
2436 5462 2660 5525 Pascha,
2689 5464 2776 5517 ubi
2807 5462 3045 5534 [agnum]
3073 5479 3225 5516 ovem
3245 5465 3494 5518 occidere
3523 5474 3577 5517 et
3593 5464 3751 5518 cdere

2165 5556 2458 5626 jubentur,
2537 5556 2679 5625 quod
2768 5555 3199 5610 manifestissime
3272 5558 3578 5624 passionem
3650 5555 3747 5610 Do-

2169 5652 2298 5704 mini
2332 5651 2629 5719 praaﬁgurat
2658 5689 2670 5711 ,
2701 5664 2805 5701 non
2830 5648 2907 5701 eis
2936 5647 3003 5700 ita
3031 5657 3353 5714 pra'teptum
3377 5657 3479 5712 est,
3504 5656 3565 5701 ut
3583 5656 3751 5701 atten-

2171 5741 2359 5797 dcrent
2392 5754 2671 5796 occurrere
2703 5739 3009 5804 Sabbatutu,
3036 5748 3088 5792 et
3115 5755 3232 5792 cum
3255 5754 3439 5793 mense
3466 5753 3745 5803 novorum,
