3990 6180
338 391 435 448 761

1514 398 1951 455 TIIESAURUS.
1992 401 2143 458 car.
2186 408 2419 464 CXXVI.
3504 428 3569 481 τε

336 516 400 568 ad
435 514 646 568 tertiam
678 513 816 567 lunre
845 513 1233 568 hebdomadam
1279 528 1629 581 concurrere,
1668 527 1721 570 ut
1750 534 1907 571 eum-
1948 521 1996 577 Λ
2027 520 2219 574 frustra
2246 526 2358 591 ipse
2385 529 2641 585 Dominus
2666 538 2721 587 et
2752 536 3095 606 quadraginta
3145 539 3260 594 dies
3284 557 3348 609 po
3383 551 3400 593 t
3428 558 3606 597 τοξευτ-

336 608 457 661 dem
481 621 697 675 quoque
712 607 853 659 diem
875 606 1131 659 Dominus
1151 606 1328 674 potius
1356 622 1449 661 sua
1475 609 1721 675 passione
1742 611 1918 676 signa-

336 707 441 762 ret,
473 698 563 767 qui
595 698 754 751 etiam
786 697 1144 764 Dominicutn,
1188 696 1240 750 id
1291 707 1396 762 est,
1450 708 1718 761 octavum,
1749 700 1835 765 qui
1865 708 1917 749 et

335 792 541 861 primus
582 798 687 854 est,
715 788 1085 843 declaraturus
1137 791 1444 843 advenerat.
1489 790 1734 843 Adtende
1764 791 1917 857 igitur

331 885 757 937 sacratissimum
804 882 1034 935 triduum
1080 883 1340 945 crucifixi,
1387 884 1598 951 sepulti,
1654 884 1912 937 suscitati.

332 978 538 1030 llorum
565 978 725 1030 trium
751 976 893 1044 quod
922 975 1187 1045 significat
1209 991 1335 1028 crux
1363 975 1413 1029 in
1440 977 1686 1044 persenti
1712 977 1915 1045 agimus

328 1070 463 1133 vita,
496 1067 637 1134 quod
684 1080 860 1121 autem
890 1067 1151 1132 significat
1183 1067 1454 1134 sepultura
1485 1078 1537 1120 et
1569 1069 1911 1131 resurrectio,

330 1161 439 1215 ﬁde
456 1175 519 1214 ac
545 1176 640 1229 spe
669 1158 924 1225 gerimus.
946 1156 1095 1211 Nunc
1118 1158 1257 1210 enim
1288 1159 1484 1210 dicitur
1509 1158 1705 1211 homini
1731 1160 1914 1213 :‘l'olle

328 1267 546 1307 crucem
576 1261 719 1304 tuam
749 1258 803 1303 et
830 1264 1056 1317 sequere
1088 1263 1197 1303 me.
1245 1247 1528 1302 Cruciatur
1557 1260 1733 1303 autem
1765 1264 1911 1313 caro,

328 1360 455 1399 cum
490 1341 878 1396 mortificamur
936 1339 1170 1393 membra
1213 1348 1390 1393 nostra
1443 1355 1560 1408 qua:
1605 1350 1729 1392 sunt
1754 1353 1910 1403 Supra

328 1449 555 1502 terram,
584 1436 881 1498 fornicatio,
912 1433 1266 1496 imtnun-litia,
1322 1433 1551 1497 luxuria,
1589 1433 1830 1496 avaritia,
1860 1441 1913 1484 et

324 1539 530 1582 cmtera
579 1525 878 1595 lmjusmodi
936 1524 1004 1577 de
1052 1523 1242 1592 quibus
1289 1522 1429 1577 idem
1479 1523 1608 1577 dicit
1639 1538 1655 1576 :
1684 1522 1739 1577 Si
1768 1523 1909 1575 enim

321 1621 623 1676 SCtltﬂdttm
675 1633 888 1673 Carnem
938 1616 1200 1680 vixeritis,
1254 1614 1602 1670 moriemini:
1637 1615 1682 1669 si
1731 1624 1907 1669 autem

319 1714 523 1782 spiritu
574 1711 708 1765 facta
761 1712 935 1764 carnis
988 1708 1456 1772 mortificaveritis,
1506 1708 1715 1762 vivetis.
1777 1707 1909 1761 [line

320 1805 492 1858 etiam
540 1801 606 1856 de
635 1818 693 1855 se
720 1800 836 1869 ipso
864 1799 991 1853 dicit
1024 1817 1037 1852 :
1069 1798 1292 1853 Mundus
1327 1799 1455 1851 mihi
1489 1797 1770 1852 crucifixus
1805 1808 1905 1863 est,

2026 612 2320 668 rectionem
2347 616 2400 670 in
2435 618 2533 674 hac
2562 630 2723 688 terra,
2752 625 2878 679 etin
2910 628 3008 682 hac
3040 628 3142 683 vita
3186 644 3305 683 cum
3333 631 3607 699 discipulis

2023 714 2371 759 conversatus
2400 718 2501 773 est,
2536 719 2590 763 et
2640 722 2986 784 posteaquam
3015 720 3255 773 ascendit
3299 721 3350 774 in
3384 724 3602 784 cmlum,

2022 790 2205 847 decem
2236 794 2425 851 diebus
2448 800 2798 869 interpositis,
2826 811 3147 873 promissum
3174 810 3317 863 misit
3335 812 3600 879 Spiritum

2019 892 2261 937 sanctum
2304 890 2575 956 completo
2626 893 2715 948 die
2768 894 3129 952 Pentecostes.
3164 900 3265 966 Qui
3304 903 3416 955 dies
3452 905 3602 969 «ptin-

2022 977 2378 1040 quzigenarius
2401 978 2556 1033 habet
2578 981 2804 1038 alterum
2823 1000 3235 1056 sacramentum,
3253 994 3390 1060 quod
3406 996 3601 1061 septies

2018 1073 2222 1130 septem
2253 1070 2603 1140 quadraginta
2637 1091 2826 1129 novem
2884 1080 3035 1146 fiunt,
3069 1090 3123 1134 et
3150 1098 3271 1136 cum
3304 1084 3508 1138 reditur
3534 1086 3598 1139 ad

2019 1155 2251 1221 initium,
2276 1161 2417 1228 quod
2443 1174 2524 1217 est
2547 1173 2791 1231 octavus,
2815 1170 2902 1236 qui
2944 1181 2995 1223 et
3050 1174 3276 1242 primus,
3308 1176 3421 1229 dies
3449 1179 3600 1244 quin-

2015 1245 2272 1315 quaginta
2318 1254 2678 1322 complentur,
2739 1261 2826 1326 qui
2877 1261 3217 1317 celebrantur
3259 1274 3376 1331 post
3422 1281 3601 1319 resur-

2018 1339 2305 1393 rectionem
2354 1343 2583 1401 Domini.
2616 1347 2731 1401 Jam
2782 1350 2835 1403 in
2878 1351 3042 1420 figura
3079 1367 3182 1406 non
3236 1353 3455 1417 laboris,
3504 1356 3597 1409 sed

2013 1433 2209 1498 quietis
2236 1444 2293 1489 et
2316 1436 2538 1499 Iatitim,
2575 1450 2794 1510 propter
2825 1447 2924 1496 hoc
2953 1443 3154 1511 jejuuia
3185 1446 3515 1507 relaxantur,
3544 1456 3599 1500 et

2013 1530 2219 1576 stantes
2240 1538 2475 1590 oramus,
2508 1532 2644 1594 quod
2676 1541 2759 1584 est
2783 1532 2990 1602 signum
3012 1537 3421 1589 resurrectionis
3446 1537 3596 1591 Unde

2013 1617 2173 1669 etiam
2203 1618 2390 1673 diebus
2431 1624 2680 1679 omnibus
2721 1627 3012 1681 Dominicis
3030 1628 3079 1685 id
3110 1630 3173 1683 ad
3205 1630 3374 1685 altare
3403 1634 3591 1685 obser—

2012 1718 2184 1770 vatur,
2233 1721 2287 1764 et
2326 1714 2534 1769 alleluia
2570 1718 2802 1782 canitur,
2842 1721 2980 1788 quod
3026 1722 3290 1788 significat
3330 1724 3592 1777 actionem

2012 1810 2246 1855 nostram
2278 1804 2531 1873 futuram,
2565 1825 2669 1863 non
2719 1826 2837 1866 esse
2883 1813 2984 1867 nisi
3018 1814 3235 1869 laudare
3266 1816 3429 1870 Deum
3460 1818 3594 1871 sicut

320 1903 389 1947 et
413 1907 511 1962 ego
538 1891 755 1944 mundo.
790 1890 907 1943 Alio
935 1889 1357 1949 Ioco:Scientes,
1382 1888 1574 1956 inquit,
1608 1889 1729 1956 quia
1755 1898 1906 1941 vetus
1943 1897 1981 1954 ιι
2017 1894 2275 1959 scriptum
2301 1905 2383 1949 est
2409 1915 2421 1948 :
2455 1898 2596 1951 Beati
2626 1902 2714 1968 qui
2739 1900 2979 1956 habitant
3009 1904 3060 1958 in
3090 1905 3249 1959 domo
3273 1916 3379 1970 tua,
3414 1908 3464 1960 in
3495 1923 3590 1960 sa:-

324 1986 498 2039 homo
542 1993 722 2037 noster
751 1982 910 2037 simul
942 1980 1227 2035 crucifixus
1275 1988 1355 2034 est
1384 1979 1529 2035 cruci
1561 1995 1680 2034 cum
1710 1979 1818 2043 illo,
1853 1989 1908 2032 ut

317 2084 620 2132 evacuetur
647 2090 841 2143 corpus
873 2073 1097 2142 peccati,
1131 2073 1265 2127 ultra
1320 2088 1425 2126 non
1465 2071 1760 2125 serviamus
1789 2085 1910 2140 pec-

316 2175 472 2221 cato.
505 2164 747 2233 Quandiu
770 2180 897 2235 ergo
921 2165 971 2218 id
996 2172 1157 2233 agunt
1186 2178 1346 2232 opera
1377 2171 1583 2228 nostra,
1608 2173 1665 2217 ut
1685 2175 1910 2216 evacuec

318 2265 419 2310 tur
447 2270 638 2324 corpus
685 2255 908 2324 peccati,
942 2253 1174 2322 quamliu
1207 2254 1443 2307 exterior
1475 2255 1635 2307 homo
1664 2267 1909 2306 corrum-

319 2347 496 2416 pitur,
528 2356 585 2399 ut
610 2346 832 2399 interior
859 2353 1166 2411 renovetur,
1197 2343 1262 2399 de
1307 2344 1394 2399 die
1436 2343 1488 2397 in
1529 2344 1667 2398 diem
1699 2354 1909 2412 tempus

315 2448 413 2491 est
440 2435 633 2490 crucis.
669 2435 792 2490 llarc
817 2434 977 2489 etiam
1007 2444 1132 2489 sunt
1178 2434 1314 2488 bona
1346 2451 1506 2503 Opera
1532 2436 1768 2503 quidem,
1821 2445 1907 2488 ta-

315 2544 453 2580 men
482 2526 653 2579 adhuc
684 2526 969 2591 laboriosa,
1003 2541 1227 2594 quorum
1273 2541 1481 2579 merces
1535 2526 1746 2594 requies
1801 2536 1904 2580 est.

316 2618 397 2671 Et
429 2616 482 2669 in
504 2615 780 2684 scripturis
806 2616 1018 2685 quidem
1048 2616 1316 2669 veteribus
1338 2616 1400 2669 ad
1419 2617 1679 2679 agendum
1706 2615 1905 2671 Pasi-ba

314 2722 435 2761 non
465 2714 545 2758 est
577 2717 897 2774 praeceptum
950 2714 1180 2773 tempus,
1215 2707 1318 2759 nisi
1341 2721 1403 2759 ex
1438 2721 1620 2759 mense
1650 2722 1905 2761 novorum

325 2800 463 2851 luna
494 2797 885 2865 quartadecima
915 2812 1082 2867 usque
1123 2799 1186 2849 ad
1221 2800 1525 2852 vicesimam
1555 2800 1799 2866 primam.
1832 2799 1905 2853 Ea

316 2889 619 2957 Evangelio
668 2897 865 2950 tamen,
915 2889 1034 2958 quia
1078 2888 1414 2943 manifestum
1466 2900 1570 2953 est,
1602 2906 1706 2959 quo
1746 2893 1905 2944 ctiam

315 2978 419 3034 die
456 2980 709 3034 Dominus
757 2980 1046 3034 crucifixus
1066 2981 1157 3043 sit,
1190 2991 1243 3034 et
1275 2980 1324 3033 in
1357 2982 1625 3047 sepultura
1670 2982 1824 3035 fuerit
1853 2991 1903 3036 et

313 3071 704 3135 resurrexerit,
741 3070 992 3139 adjuncta
1019 3071 1277 3125 estctiam
1312 3072 1544 3139 ipsorum
1575 3072 1780 3125 dierum
1812 3072 1908 3126 ob-

314 3165 585 3226 servatio,
609 3176 704 3228 per
735 3162 947 3215 Patrum
971 3162 1220 3227 concilia,
1252 3168 1305 3214 et
1332 3162 1446 3215 orbi
1478 3162 1726 3217 universo
1749 3161 1905 3216 Chri-

2013 1984 2129 2035 CUla
2180 1986 2501 2040 sa'culorum
2692 1991 2982 2047 laudabunt
3012 2002 3086 2047 te.
3133 1994 3238 2049 Sed
3292 1996 3407 2049 dies
3432 1998 3593 2065 quin-

2011 2077 2351 2144 quagesimus
2406 2089 2460 2133 et
2525 2082 2576 2134 in
2641 2081 2937 2152 Scripturis
2985 2087 3430 2151 commendatur,
3486 2104 3591 2145 non

2013 2175 2214 2220 tantum
2246 2170 2296 2223 in
2332 2171 2640 2241 Evangelio,
2669 2176 2792 2243 quia
2836 2186 2960 2230 tunc
3000 2176 3230 2244 Spiritus
3260 2188 3476 2233 sanctus
3497 2180 3594 2236 ad-

2012 2258 2290 2323 venit,sed
2306 2260 2467 2315 etiam
2486 2262 2536 2316 in
2557 2267 2825 2320 veteribus
2845 2267 3017 2321 libris.
3052 2266 3183 2322 Nam
3215 2276 3270 2323 et
3290 2266 3359 2325 ibi
3386 2278 3593 2338 postea-

2011 2364 2169 2416 quam
2201 2351 2402 2406 Pascha
2448 2355 2631 2410 occiso
2669 2372 2808 2424 agno
2850 2358 3279 2426 celebraverunt,
3329 2362 3589 2432 quinqua-

2011 2441 2152 2507 ginta
2182 2441 2298 2497 dies
2326 2454 2696 2512 numerantur,
2744 2463 2914 2515 usque
2961 2449 3012 2502 in
3041 2449 3184 2503 diem
3215 2466 3321 2519 quo
3349 2453 3430 2506 lex
3466 2453 3588 2507 data

2011 2540 2093 2584 est
2138 2532 2190 2585 in
2245 2544 2429 2589 monte
2477 2535 2623 2591 Sinai
2673 2537 2875 2593 famulo
2920 2539 3012 2594 Dei
3058 2539 3248 2611 Moysi,
3289 2542 3455 2611 digito
3493 2543 3589 2596 Dii

2011 2621 2231 2689 scripta.
2292 2622 2610 2681 Celebratur
2654 2642 2837 2683 verum
2882 2628 3109 2695 Pascha,
3162 2640 3216 2685 et
3264 2631 3589 2700 interpositis

2011 2714 2391 2786 quinquaginta
2442 2718 2655 2785 diebus,
2709 2723 2867 2776 datur
2896 2723 2960 2776 ad
3004 2723 3315 2779 charitatem
3358 2725 3589 2794 Spiritus

2011 2817 2248 2872 sanctus,
2279 2810 2368 2877 qui
2407 2821 2487 2864 est
2532 2812 2729 2881 digitus
2778 2814 2893 2880 Dei,
2942 2816 3242 2871 contrarius
3284 2816 3588 2873 hominibus

2010 2917 2104 2956 sua
2130 2906 2513 2975 quaerentibus,
2566 2918 2620 2962 et
2642 2909 2762 2965 ideo
2785 2910 2967 2979 jugum
2986 2927 3231 2978 asperum
3255 2922 3307 2967 et
3323 2914 3586 2967 sarcinam

2009 3006 2225 3060 gravem
2254 2998 2606 3064 portantibus,
2638 3014 2737 3053 nec
2778 3000 3173 3056 invenientibus
3203 3002 3438 3071 requiem
3469 3003 3589 3057 ani-

2011 3082 2198 3137 mabus
2223 3085 2365 3149 suis;
2397 3087 2521 3155 quia
2550 3088 2786 3142 charitas
2814 3104 2918 3143 non
2948 3090 3139 3159 quaerit
3167 3107 3285 3160 qua:
3311 3107 3404 3146 sua
3435 3102 3582 3147 sunt.

2012 3173 2134 3228 Ideo
2182 3175 2495 3232 animositas
2539 3179 2912 3235 luereticorum
2964 3197 3174 3252 semper
3221 3185 3451 3253 inquieta
3483 3195 3587 3249 est,

314 3254 501 3309 stiano
553 3268 857 3322 persuasum
904 3262 1007 3318 est,
1057 3269 1122 3308 eo
1170 3255 1329 3307 modo
1383 3253 1583 3308 Pascha
1636 3254 1975 3323 celebrari'c
2007 3277 2143 3332 quos
2171 3265 2442 3334 Magorum
2488 3267 2787 3325 pharaonis
2814 3271 3011 3326 habere
3054 3284 3303 3327 cumtum
3349 3274 3589 3330 dedam,

316 3355 595 3414 oportere.
645 3346 1063 3417 Quadragesima
1118 3362 1247 3401 sane
1276 3347 1601 3416 jejuniorum
1631 3347 1791 3402 haleet
1819 3363 1905 3402 au-

318 3440 659 3505 ctoritatem,
691 3449 744 3494 et
776 3440 829 3493 in
856 3440 1130 3495 veteribus
1161 3439 1308 3493 libris
1335 3455 1398 3495 ex
1429 3439 1633 3507 jejunio
1665 3440 1830 3503 Moysi
1851 3449 1907 3494 et

319 3531 515 3597 llelizr,
542 3542 591 3587 et
621 3549 684 3589 ex
717 3531 1009 3601 Evangelio
1038 3531 1160 3600 quia
1191 3530 1337 3585 totid-t
1358 3546 1408 3584 m
1432 3531 1619 3585 diebus
1648 3531 1904 3584 Dominus

316 3626 605 3695 jejunarit,
628 3625 1004 3679 demonstrans
1038 3624 1381 3694 Evangelium
1415 3639 1517 3677 non
1561 3622 1849 3677 dissentire
1874 3638 1903 3675 a

317 3717 445 3786 iege
473 3728 525 3771 et
558 3715 857 3785 Prophetis.
892 3714 947 3768 In
992 3728 1216 3784 persona
1246 3714 1443 3782 quippe
1470 3712 1633 3784 Moysi
1678 3713 1808 3781 Lex,
1850 3712 1903 3766 in

318 3822 552 3876 persona
586 3807 750 3861 Helia:
800 3806 1083 3877 PrOpheta:
1125 3806 1482 3875 accipiuntur,
1527 3807 1666 3860 inter
1692 3820 1823 3875 quos
1853 3807 1903 3859 in

322 3909 513 3954 Inonte
550 3898 819 3967 gloriosus
869 3899 1134 3967 apparuit,
1190 3908 1246 3952 ut
1300 3898 1599 3952 evidentius
1644 3897 1902 3952 emineret

317 3991 467 4059 quod
497 3990 565 4046 de
596 3991 689 4045 illo
715 3990 846 4044 dicit
869 3990 1153 4058 Apostolus
1189 4008 1200 4042 :
1234 3989 1623 4044 Testimonium
1650 3988 1851 4043 habens
1875 4005 1903 4042 a

320 4082 468 4150 Lege
497 4092 550 4136 et
582 4082 882 4149 Pr0phetis.
906 4081 960 4135 In
983 4098 1083 4148 qua
1118 4096 1243 4151 ergo
1274 4091 1423 4151 parte
1455 4079 1580 4134 anni
1611 4095 1906 4149 congruen-

321 4174 433 4228 tius
454 4175 756 4228 observatio
776 4174 1194 4243 quadragesimm
1219 4176 1635 4229 constitueretur
1656 4174 1755 4227 nisi
1775 4191 1904 4228 con-

323 4265 453 4319 ﬁnis
494 4273 653 4332 atque
691 4268 934 4334 contigua
980 4265 1271 4319 Dominicis
1322 4266 1553 4334 passioni
1591 4266 1714 4335 quia
1759 4264 1810 4319 in
1841 4281 1903 4319 ea

320 4355 658 4424 signiﬁcatur
707 4354 820 4408 [nec
862 4356 964 4409 vita
1013 4355 1307 4421 laboriosa,
1339 4356 1425 4410 cui
1465 4370 1597 4425 opus
1627 4366 1707 4411 est
1734 4357 1906 4410 conti-

322 4449 533 4512 nentia,
566 4456 618 4498 ut
663 4446 731 4500 ab
777 4447 943 4515 ipsius
971 4445 1152 4501 mundi
1202 4447 1433 4501 amicitia
1463 4447 1757 4517 jejunetur,
1786 4464 1904 4517 qua:

320 4537 510 4604 utique
532 4535 790 4589 fallaciter
829 4535 1083 4601 blandiri,
1113 4545 1167 4590 et
1213 4536 1584 4591 illecebrarum
1617 4538 1766 4592 fucos
1795 4539 1902 4591 cir-

2010 3363 2296 3431 Apostolus
2337 3365 2568 3421 dicens:
2602 3367 2751 3423 Sicut
2797 3371 2940 3425 enim
2990 3371 3189 3425 Jannes
3230 3383 3284 3427 et
3327 3372 3591 3427 Mambres

2009 3458 2320 3511 restiterunt
2368 3458 2557 3529 Moysi,
2583 3461 2660 3514 sic
2704 3470 2758 3516 et
2790 3462 2840 3516 hi
2869 3463 3128 3517 resistunt
3160 3464 3392 3528 veritati,
3420 3464 3591 3518 homi‘

2008 3560 2105 3599 nes
2133 3560 2313 3602 mente
2343 3550 2605 3617 corrupti,
2653 3552 2866 3619 reprobi
2915 3554 3056 3606 circa
3105 3552 3285 3619 fidem,
3331 3554 3423 3608 sed
3456 3556 3591 3609 ultra

2009 3653 2113 3693 non
2173 3639 2475 3717 proficient.
2529 3642 2883 3714 [lusipientia]
2937 3645 3212 3699 Dementia
3242 3646 3382 3698 enim
3407 3662 3592 3700 eorum

2009 3730 2287 3786 manifesta
2319 3733 2419 3787 erit
2446 3736 2719 3800 omnibus,
2769 3736 2910 3789 sicut
2968 3747 3022 3790 et
3070 3736 3282 3791 illorum
3316 3737 3441 3803 fuit;
3472 3740 3592 3808 quia

2007 3825 2147 3877 enim
2180 3839 2273 3893 per
2296 3825 2463 3894 ipsam
2491 3828 2891 3895 corruptionem
2942 3830 3137 3882 mentis
3166 3829 3590 3901 [inquietissimi]

2007 3914 2329 3983 iniquissimi
2358 3916 2591 3981 fuerunt,
2613 3917 2663 3969 in
2695 3917 2848 3986 signo
2877 3919 3034 3972 tertio
3055 3917 3387 3984 defecerunt,
3416 3919 3590 3974 faten-

2008 4013 2088 4059 tes
2115 4005 2216 4060 sibi
2242 4005 2527 4060 adversum
2561 4022 2681 4061 esse
2712 4007 2967 4075 Spiritum
3010 4019 3252 4063 sanctum
3282 4010 3368 4078 qui
3398 4020 3513 4065 erat
3536 4009 3587 4063 in

2007 4094 2209 4165 Moyse.
2258 4095 2388 4150 Nam
2471 4096 2788 4152 deficientes
2857 4097 3156 4152 dixerunt:
3229 4098 3434 4167 Digitus
3494 4099 3588 4151 Dei

2007 4195 2092 4240 est
2121 4186 2225 4241 hic.
2280 4186 2432 4241 Sicut
2477 4197 2654 4240 autem
2696 4188 3012 4242 concifiatus
3070 4197 3125 4242 et
3178 4189 3416 4256 placatus
3470 4187 3589 4255 Spi-

2009 4277 2141 4331 ritus
2176 4287 2395 4332 sanctus
2442 4278 2679 4347 requieta
2734 4287 2947 4347 praestat
2993 4279 3211 4333 mitibus
3261 4288 3314 4333 et
3370 4278 3586 4333 humili—

2010 4368 2107 4420 hus
2134 4368 2299 4422 corde
2332 4385 2344 4419 :
2379 4368 2449 4421 ita
2471 4368 2776 4424 contrarius
2804 4378 2857 4423 et
2881 4370 3138 4424 adversus
3162 4370 3395 4423 immites
3424 4377 3478 4423 et
3492 4384 3585 4422 su-

2009 4461 2203 4527 perbos
2234 4460 2601 4530 inquietudine
2648 4463 2902 4531 exagitat.
2952 4463 3119 4528 Quam
3166 4460 3584 4529 inquietudinem

2010 4564 2207 4603 muscas
2252 4550 2360 4603 illae
2415 4550 2747 4605 brevissimae
2772 4550 3229 4621 significaverunt,
3268 4551 3366 4605 sub
3397 4551 3588 4619 quibus

318 4641 701 4695 cumstmrsere
729 4636 888 4694 atque
908 4626 1119 4696 jaCW‘e
1166 4644 1271 4681 ηοη
1311 4638 1505 4682 οθδδίιῑο
1542 4628 1773 4683 Numero
1800 4645 1897 4682 ευ·
1932 4632 1982 4692 D
2010 4639 2142 4710 Magi
2175 4641 2473 4696 Pharaonis
2497 4641 2812 4697 defecerunt
2838 4644 3078 4698 dicentes
3110 4660 3123 4696 :
3151 4643 3353 4713 Digitus
3387 4643 3477 4697 Dei
3506 4650 3588 4696 est

320 4732 436 4771 tem
485 4720 900 4788 quadragenario
948 4720 1107 4775 vitam
1157 4721 1313 4774 istam
1363 4730 1645 4789 propterea
1688 4722 1903 4792 figurari

315 4812 574 4877 arbitror,
603 4814 722 4883 quia
755 4813 1005 4867 denarius
1037 4814 1086 4867 in
1118 4829 1222 4883 quo
1265 4823 1347 4867 est
1380 4814 1637 4882 perfectio
1668 4815 1901 4868 beatitu-

316 4902 467 4954 diuis
487 4917 681 4956 noSIra-
699 4904 839 4956 sicut
863 4906 912 4955 in
938 4903 1234 4967 octonario,
1260 4903 1382 4971 quia
1407 4903 1543 4957 redit
1562 4903 1626 4957 ad
1653 4905 1902 4971 primum.

318 4994 401 5047 Ita
462 4991 512 5046 in
572 4993 671 5048 hoc
723 4993 850 5047 mihi
903 4994 1111 5048 videtur
1165 4995 1414 5062 exprimi,
1457 4996 1580 5063 quia
1634 5006 1899 5063 creatura,

314 5097 445 5149 quia:
485 5080 785 5149 septenario
832 5082 1107 5152 figuratur,
1135 5081 1663 5149 adhaeretCreatori,
1716 5086 1769 5138 in
1798 5102 1903 5153 quo

317 5173 631 5227 declaratur
657 5174 829 5225 unitas
857 5172 1156 5238 Trinitatis,
1190 5188 1285 5242 per
1316 5172 1621 5227 universum
1648 5176 1901 5230 mundum

318 5264 688 5333 temporaliter
741 5264 1124 5328 anmmtianda,
1177 5266 1265 5332 qui
1321 5267 1551 5317 mundus
1597 5277 1648 5319 et
1696 5282 1725 5321 a
1771 5284 1903 5337 qua-

318 5373 447 5416 tuor
485 5362 653 5415 vcutis
692 5360 999 5425 delimatur,
1039 5372 1092 5416 et
1149 5373 1376 5431 quatuor
1403 5364 1685 5419 elementis
1740 5368 1906 5437 erigi-

319 5464 431 5516 tur,
491 5461 542 5506 et
598 5461 825 5521 quatuor
865 5453 1018 5505 annis
1059 5462 1354 5519 temporum
1403 5455 1605 5509 viribus
1644 5458 1897 5512 variatur.

318 5544 518 5597 Decem
546 5553 722 5596 autem
748 5553 935 5611 quater
964 5543 1015 5595 in
1053 5543 1405 5611 quadraginta
1431 5558 1897 5611 consummantur,

315 5634 779 5703 quadragenarius
826 5646 1003 5689 autem
1065 5636 1305 5705 partibus
1364 5639 1476 5691 suis
1524 5648 1892 5707 computatus,

313 5723 513 5797 [addit]
536 5726 742 5778 addidit
771 5726 943 5793 ipsum
967 5726 1243 5781 denarium
1266 5737 1319 5780 et
1345 5728 1472 5782 fiunt
1490 5730 1896 5803 quinquaginta,

314 5824 568 5885 tanquam
603 5832 810 5872 merces
843 5816 1039 5871 laboris
1070 5827 1120 5871 et
1150 5820 1511 5874 continentiw.
1546 5820 1725 5891 Neque
1752 5824 1893 5877 enim

2009 4730 2141 4804 [hic]
2167 4732 2286 4787 hoc.
2320 4734 2552 4788 Numera
2574 4735 2749 4804 itaque
2770 4752 2797 4787 a
2826 4745 3009 4804 quarta
3032 4735 3237 4789 decima
3260 4735 3415 4804 primi
3440 4750 3588 4788 men-

2006 4826 2102 4889 sis,
2120 4840 2224 4893 quo
2241 4825 2434 4878 factum
2448 4836 2528 4879 est
2550 4826 2772 4891 Pascha,
2792 4840 2958 4894 usque
2974 4825 3041 4879 ad
3055 4825 3195 4880 diem
3213 4826 3427 4880 tertium
3444 4824 3587 4878 tertii

2008 4914 2228 4976 mensis.
2243 4926 2296 4968 et
2316 4916 2556 4970 invenies
2570 4918 2751 4970 decent
2766 4927 2817 4971 et
2835 4925 3040 4983 septem
3057 4916 3173 4970 dies
3193 4915 3350 4985 primi
3365 4916 3584 4978 mensis,

2008 5006 2226 5075 triginta
2274 5008 2513 5070 secundi,
2550 5015 2658 5061 tres
2705 5009 2870 5077 tertii,
2898 5007 2987 5078 qui
3020 5010 3151 5062 fiunt
3181 5009 3582 5078 quinquaginta.

2010 5097 2116 5151 Lex
2146 5098 2198 5153 in
2229 5114 2350 5152 arca
2381 5108 2464 5152 est
2495 5101 2850 5153 sanctificatio
2889 5100 2940 5153 in
2973 5114 3198 5167 corpore
3229 5097 3455 5160 Domini,
3492 5110 3585 5163 per

2007 5189 2161 5258 cujus
2181 5190 2634 5245 resurrectionem
2667 5190 2821 5245 nobis
2873 5194 3086 5261 requies
3122 5193 3293 5245 futura
3325 5185 3585 5258 promitti-

2009 5294 2113 5337 tur.
2155 5284 2235 5338 Ad
2270 5301 2430 5354 quam
2481 5286 2875 5355 percipiendam
2907 5298 3096 5342 sancto
3119 5287 3319 5355 Spiritu
3350 5278 3584 5337 charitas

2007 5373 2316 5441 inspiratur.
2337 5376 2574 5445 Spiritus
2603 5389 2780 5432 autem
2811 5380 3046 5432 nondum
3075 5386 3190 5432 erat
3210 5376 3384 5434 datus,
3416 5372 3581 5443 [cum|

2006 5468 2128 5535 quia
2160 5468 2314 5523 Jesus
2343 5470 2577 5524 nondum
2628 5481 2746 5525 erat
2780 5472 3118 5525 clarificatus.
3148 5468 3272 5523 Inde
3304 5468 3576 5537 prophetia

2004 5559 2092 5611 illa
2126 5569 2338 5613 cantata
2364 5570 2449 5615 est
2476 5581 2488 5614 :
2526 5562 2755 5631 Exurge,
2786 5562 3028 5626 Domine,
3063 5562 3114 5612 in
3139 5562 3375 5627 requiem
3408 5571 3577 5626 tuam,
3610 5573 3622 5645 ἱ

2005 5658 2058 5701 ιιι
2090 5660 2142 5703 ct
2165 5666 2286 5705 arca
2312 5653 2748 5706 sanetilication's
2767 5661 2889 5704 tuae.
2919 5651 3016 5706 Ubi
3042 5651 3273 5717 requies,
3298 5649 3369 5703 ibi
3388 5660 3439 5703 et
3458 5664 3582 5703 san-

2004 5741 2275 5795 crificatio.
2303 5742 2451 5797 Unde
2481 5758 2619 5795 nunc
2648 5752 2706 5794 ut
2734 5756 2970 5794 amemus
2995 5751 3048 5793 et
3077 5739 3465 5799 desideremus.
3496 5742 3576 5807 pi-

2003 5845 2135 5899 gnus
2153 5836 2473 5903 accepimus.
2495 5833 2760 5887 Vocantur
2773 5841 2949 5887 autem
2969 5831 3032 5887 ad
3048 5830 3331 5905 [requietuj
3351 5847 3569 5903 regnum
