3990 6180
212 405 320 460 765

1435 392 1859 452 τιιρδλυιιυε.
1900 394 2054 452 CAP.
2096 394 2315 457 CXXX.

3382 391 3486 448 766

210 530 265 572 et
292 516 468 571 tribus
499 513 767 579 noctibus,
795 511 874 567 sic
899 509 1001 565 erit
1020 518 1082 565 et
1106 509 1272 564 Filius
1296 506 1527 561 hominis
1556 506 1610 558 in
1638 503 1887 563 θοι-ΔΕΑ,
1907 513 2012 559 tur..
2048 502 2235 561 Gloria
2263 507 2424 575 igitur
2466 506 2529 564 in.
2572 505 2817 561 excelsis
2835 505 2989 575 Dee,
3019 515 3081 563 et
3116 506 3167 567 in
3211 516 3350 561 terra
3383 523 3484 583 Qa;

211 622 376 664 terrm
408 608 579 662 tribus
607 605 801 660 diebus
841 611 914 659 et.
936 600 1395 657 tribusnoctibtts.
1429 600 1607 655 Sexta
1655 595 1802 651 [etim

209 700 325 753 σὶιειὶΔ
381 710 588 766 partem
628 710 749 764 quas
787 693 1043 765 sepultus.
1068 703 1155 748 est
1182 708 1313 748 cum.
1348 690 1617 761 gratuita
1646 697 1817 743 nocte.

208 805 323 860 pro‘
342 801 506 846 nocte
530 799 589 842 et
615 789 702 844 die
727 789 999 858 accipies,
1043 787 1273 848 homost,
1305 798 1403 853 pro
1432 781 1807 838 toto.die.sab.-

208 897 363 938 MIO’
396 891 563 937 nocte
591 881 802 945 etdie,
830 887 898 935 et.
932 885 1145 934 noctem
1191 876 1512 931 dominicam
1557 888 1803 929 cumeu—

205 976 343 1028 dem
384 973 894 1035 dio-illucescente,
944 984 1007 1023 ae
1055 984 1158 1037 per
1192 968 1303 1022 hoe.
1335 964 1647 1035 accipiendo
1678 978 1801 1031 par-

207 1077 459 1135 tenpto
505 1075 627 1119 toto
665 1063 843 1118 habes
885 1061 1124 1117 nudum
1159 1068 1214 1115 et
1259 1070 1369 1114 tres
1409 1055 1808 1121 noctes..0ttnd:

208 1156 366 1211 enim
411 1157 663 1211 dicuntur
703 1154 903 1209 decem
938 1165 1167 1207 menses.
1199 1149 1524 1221 praegnantis
1548 1191 1563 1215 ,
1607 1160 1798 1201 novem

209 1255 343 1300 sunt
374 1246 543 1315 pleni,
580 1244 681 1300 sed
704 1244 914 1299 initium
935 1243 1145 1299 decimi
1160 1256 1265 1310 pro
1292 1249 1411 1295 toto
1434 1241 1722 1308 accipiam.
1746 1247 1813 1295 et.

207 1339 369 1405 quod
390 1353 455 1393 se
482 1338 745 1393 murrinus
783 1335 1016 1390 ostendit
1046 1335 1105 1390 in
1131 1342 1345 1399 monte,
1387 1340 1511 1403 post
1554 1346 1648 1389 sex
1681 1330 1813 1386 dios.

208 1427 423 1481 factum
448 1427 578 1482 dicit
618 1441 759 1481 unus
801 1426 1164 1496 evamlista,
1194 1425 1330 1479 alter
1360 1438 1497 1480 vero
1519 1430 1643 1492 post
1678 1430 1811 1476 octo.

204 1519 332 1572 dies
357 1561 372 1584 ,
408 1519 543 1574 dicit
571 1529 779 1589 partem
810 1518 1169 1588 posteriorem
1205 1516 1367 1586 primi
1403 1514 1511 1569 diei
1534 1555 1549 1578 ,
1596 1515 1649 1567 in
1694 1528 1813 1582 quo

205 1609 456 1664 futnruttt
483 1610 584 1665 hoc
613 1609 857 1678 promisit
883 1609 1162 1674 Dominus,
1207 1618 1267 1663 et
1302 1618 1514 1677 partem
1562 1604 1796 1674 priorem

207 1702 498 1755 novissimi
528 1701 667 1767 diei,
691 1702 741 1756 in
767 1716 875 1770 quo
903 1701 1224 1769 completum
1252 1708 1335 1754 est
1362 1699 1502 1770 quod
1532 1698 1803 1768 promisit.

204 1806 310 1860 pro
344 1792 474 1846 totis
499 1801 659 1861 atque
699 1792 931 1862 integris.
958 1792 1159 1847 diebus
1178 1805 1587 1855 muniemus,
1614 1798 1679 1843 ut
1721 1790 1799 1843 iu-

1908 594 2227 655 ltomiuibus
2262 597 2421 657 bona:
2454 597 2767 655 voluntatis.
2794 596 2988 657 --Cttr.
3010 599 3091 656 hic
3129 600 3265 657 malo
3291 601 3484 657 homini

1905 684 2027 739 bene
2070 687 2175 755 ait”
2188 690 2264 743 uel
2292 688 2433 746 anno.
2466 688 2627 745 uteie.
2666 688 2751 746 Ea;
2794 705 3027 745 sermone
3056 686 3484 752 «Providentia

1903 778 2037 835 Deiz.
2068 809 2138 821 —-
2170 780 2321 836 Hinc.
2355 781 2590 841 maxime
2620 781 2957 841 credendum
2998 791 3081 843 est
3117 781 3265 853 (ιιιοά
3314 781 3485 860 pietas

1905 869 2539 938 pradicaunanifestum
2583 872 2815 930 futurum
2863 888 2982 930 esse
3022 874 3325 948 iudinbtm,,
3358 875 3487 947 (ptio

1905 974 2058 1017 nunc
2084 960 2621 1020 videmushnmams
2666 964 2949 1021 felicitates
2994 973 3051 1023 et
3093 965 3279 1027 clades,
3320 967 3485 1030 indis-

1901 1064 2062 1109 cwe.
2078 1053 2246 1111 bouis.
2257 1062 2320 1111 et
2334 1056 2654 1111 malisvelut
2677 1056 2793 1113 sine
2826 1056 2935 1113 ullo
2960 1057 3174 1126 judicio
3189 1074 3319 1119 esse.
3334 1073 3482 1121 com-

1903 1157 2145 1213 munes.
2184 1159 2311 1203 cum
2340 1145 2691 1217 Deliustitia,
2722 1145 2877 1216 cujus
2904 1147 2983 1201 sic
3006 1148 3210 1207 eminet.
3240 1151 3293 1203 in
3322 1150 3483 1215 rebus

1904 1235 2117 1305 exiguis
2143 1236 2522 1305 providentia,
2552 1237 2700 1296 milio
2730 1236 2891 1297 modo
2938 1238 3216 1307 relinquat.
3231 1240 3349 1299 sine
3378 1242 3485 1303 ullo

1897 1326 2101 1396 judicio
2131 1329 2329 1396 passim
2363 1327 2818 1403 Meonian.
2837 1328 2981 1395 Quid
2997 1340 3177 1392 autem
3199 1332 3483 1401 ιιεὲυᾶθει.

1901 1435 2013 1476 non
2035 1420 2217 1479 solum,
2235 1424 2294 1479 tn
2317 1422 2709 1487 ἰαί-διηερίην
2731 1437 2925 1479 verum
2947 1424 3123 1483 etiam.
3158 1424 3210 1478 in
3239 1418 3484 1495 angelica

1903 1519 2301 1581 natura,,quam
2347 1512 2556 1571 ultumi
2598 1512 2748 1582 iusta
2776 1513 3333 1582 miseriamuniantur,
3360 1515 3489 1571 bimi

1902 1618 2035 1659 veno
2059 1603 2391 1663 beatitudine
2415 1604 2799 1672 perfruentur-1:
2819 1605 2981 1674 Quod;
3002 1620 3143 1676 ergo,
3174 1622 3323 1669 nunc
3344 1608 3487 1661 malo

1905 1695 2113 1751 homini
2162 1698 2317 1765 quasi
2348 1698 2493 1757 bene,
2525 1699 2884 1765 est,,ocottlta
2933 1714 3094 1769 pmna
3114 1708 3228 1765 est,
3262 1700 3489 1755 felicitas

1907 1787 2042 1843 falsa
2056 1803 2084 1852 ;,
2104 1787 2255 1856 quod
2272 1797 2461 1847 autem
2496 1788 2711 1848 homini:
2736 1790 2887 1850 bono
2909 1794 3049 1846 male
3080 1801 3183 1856 est.
3216 1807 3320 1849 non
3352 1807 3489 1861 prte-

210 1884 436 1951 telligas
464 1898 586 1938 eum
617 1885 706 1952 qui
736 1884 871 1938 dixit
900 1893 1020 1953 post
1065 1898 1159 1938 sex
1198 1882 1317 1937 dies
1339 1923 1354 1947 ,
1403 1881 1557 1935 solos
1595 1880 1800 1934 medios
1829 1873 1885 1935 Β
1908 1880 2073 1935 otium
2100 1879 2667 1951 pie1atinegatur,sed
2696 1880 2992 1950 admajora
3022 1883 3243 1951 prtemia
3273 1886 3486 1952 patien-

204 1988 681 2029 eommemotasse
698 2014 717 2040 ,
748 1975 847 2043 qui
870 1988 1000 2030 vero
1026 1975 1124 2028 toti
1146 1984 1311 2043 atque
1328 1972 1515 2042 integri
1543 1971 1799 2040 contpleti

205 2079 333 2117 sunt
362 2082 379 2130 ;
408 2065 461 2118 in
495 2064 699 2120 Genesi.
740 2067 887 2121 enim
911 2081 941 2119 a
970 2063 1390 2133 lumineinripit.
1422 2063 1574 2128 dies,
1604 2072 1664 2117 et
1686 2061 1814 2116 linit.

206 2155 285 2208 ad
314 2157 577 2210 tenebras
599 2157 663 2209 ad
694 2157 1101 2227 signiﬁcandum
1131 2160 1345 2226 lapsum
1367 2154 1635 2218 hominis;
1659 2168 1801 2208 nunc

206 2257 401 2299 autem
431 2260 461 2298 a
487 2247 727 2300 tenebris
744 2247 810 2301 ad
836 2249 1047 2311 lucem,
1062 2249 1203 2300 sicut
1230 2246 1437 2301 dictum
1463 2256 1544 2300 est
1570 2245 1635 2300 de
1654 2256 1803 2300 tene-

210 2339 335 2391 bris
369 2338 545 2392 lucem
570 2338 945 2408 splendescere
970 2335 1335 2409 [clarescere],
1364 2337 1490 2405 quia
1518 2351 1547 2389 a
1573 2336 1807 2406 peccatis

208 2431 386 2485 homo
415 2429 678 2485 libentes
692 2429 1021 2500 pervenitad
1045 2430 1214 2484 lucem
1241 2429 1490 2499 justitiat.

775 2559 1004 2618 CAPUT
1043 2559 1252 2617 CXXX.

721 2678 798 2732 De
830 2677 1162 2731 Providentia
1186 2676 1303 2730 Dei.

286 2793 439 2849 Fieri
473 2801 648 2863 potest
678 2801 734 2846 ut
761 2807 854 2861 per
885 2791 1081 2845 malum
1112 2789 1383 2844 hominem
1414 2788 1591 2843 divina
1624 2788 1803 2857 provi-

207 2886 406 2940 dentia
437 2892 492 2938 et
538 2883 722 2953 puniat
761 2892 818 2938 et
844 2881 1155 2950 opituletur.
1188 2878 1320 2934 Nam
1363 2880 1670 2935 ludat-orum
1700 2880 1801 2933 itu-

208 2977 397 3047 pietas
423 2984 479 3029 et
501 2974 697 3029 ludam
721 2972 1102 3043 supplantavit.
1133 2981 1188 3027 et
1215 2972 1465 3041 gentibus
1493 2971 1655 3025 saluti
1680 2968 1802 3024 fuit.

212 3069 352 3121 Item
383 3064 499 3119 ﬁeri
532 3073 708 3134 potest
737 3073 794 3117 ut
821 3063 1001 3118 divina
1041 3061 1373 3132 providentia
1404 3075 1501 3130 per
1531 3059 1807 3116 bonrinem

212 3161 421 3214 bonum
454 3167 509 3212 et
536 3158 755 3211 damnet
798 3166 849 3211 et
895 3155 1151 3225 adjuvet,
1178 3155 1318 3209 sicut
1355 3155 1434 3208 ait
1467 3153 1757 3222 Apostolus
1788 3170 1801 3205 :

210 3252 360 3305 Aliis
402 3264 590 3305 sumus
614 3249 747 3302 odor
794 3248 918 3302 vita:
964 3250 1015 3300 in
1048 3247 1237 3310 vitant,
1283 3245 1401 3299 aliis
1444 3255 1626 3299 autem
1667 3235 1874 3298 odorC

212 3343 417 3397 mortis
469 3342 520 3394 in
571 3350 832 3410 mortem.
868 3340 971 3394 Sed
1021 3355 1147 3394 cum
1192 3338 1371 3392 omnis
1414 3336 1689 3393 tribulatio
1712 3346 1805 3391 aut

213 3448 378 3500 penne
409 3432 697 3498 impiorum
728 3432 823 3495 sit,
869 3441 959 3483 aut
1008 3428 1330 3483 exercitatio
1351 3428 1653 3498 iustorum;
1681 3428 1802 3498 quia

214 3522 411 3576 eadem
467 3522 661 3575 tribula
714 3529 770 3575 et
817 3522 999 3590 paleas
1038 3520 1304 3585 concidit,
1357 3527 1413 3573 et
1459 3517 1723 3573 frumenta
1772 3532 1807 3571 a

215 3613 392 3680 paleis
423 3612 597 3676 exuit,
626 3614 767 3666 unde
796 3611 1069 3666 tribulatio
1100 3625 1293 3665 nomen
1324 3609 1563 3679 accepit;
1590 3624 1804 3663 rursum

218 3719 342 3757 cum
389 3718 491 3773 pax
537 3714 591 3757 et
617 3705 767 3772 quies
794 3720 823 3757 a
871 3703 1133 3758 molestiis
1161 3702 1510 3758 sateularibus
1536 3711 1592 3757 et
1635 3702 1809 3759 bonos

222 3795 509 3858 lucretur,
544 3802 599 3848 et
645 3804 953 3864 corrumpat
1002 3794 1207 3861 malos,
1257 3794 1435 3848 omnia
1484 3792 1599 3848 haec
1628 3794 1802 3850 divina

218 3881 564 3951 providentia
618 3897 715 3950 pro
764 3883 972 3937 meritis
1007 3881 1314 3936 moderatur
1358 3882 1684 3949 animarum,
1709 3881 1807 3937 sed

219 3983 407 4028 tamen
440 3988 544 4025 non
579 3972 681 4026 sibi
720 3974 922 4041 eligunt
949 3973 1073 4027 boni
1106 3973 1465 4027 ministerium
1501 3973 1804 4029 tribulatio—

218 4066 342 4129 nis,
371 4078 471 4117 nec
511 4063 635 4116 mali
666 4076 845 4117 amant
878 4079 1087 4130 paceni.
1114 4064 1294 4127 Quare
1320 4063 1418 4132 ipsi
1448 4079 1662 4133 quoque
1708 4079 1802 4132 per

216 4170 363 4226 quos
386 4155 435 4207 id
465 4155 641 4224 agitur
666 4153 807 4223 quod
838 4153 1106 4223 ignorant,
1129 4170 1232 4208 non
1254 4154 1473 4222 iustitia:
1502 4168 1618 4224 quae
1646 4154 1808 4210 refer-

218 4259 319 4301 tur
347 4246 411 4299 ad
444 4246 607 4301 Deum
625 4287 642 4311 ,
670 4246 762 4300 sed
791 4246 1171 4301 malivolentia:
1199 4260 1310 4300 sua:
1338 4247 1637 4301 mercedem
1666 4247 1808 4303 acci-

217 4347 410 4413 piunt;
441 4344 891 4415 quemadmodum
925 4359 1025 4399 nec
1053 4344 1210 4400 bonis
1240 4345 1530 4414 imputatur
1555 4345 1694 4413 quod
1726 4346 1807 4413 ip-

215 4438 302 4491 sis
352 4435 601 4503 pru-desse
642 4435 946 4489 volentibus
1004 4444 1227 4490 nocetur
1273 4435 1468 4500 alicui,
1512 4436 1605 4490 sed
1666 4436 1807 4489 bono

214 4528 409 4579 animo
454 4526 841 4581 benevolentiae
890 4527 1164 4595 praemium
1212 4527 1486 4582 tribuitur.
1520 4527 1593 4581 Ita
1642 4529 1802 4583 etiam

1906 1970 1976 2024 tia
2026 1970 2245 2038 pietatis
2269 1980 2515 2042 augetur.
2552 1969 2685 2029 Item
2707 1972 2850 2041 quod
2880 1972 3175 2041 aliquando
3209 1982 3275 2029 et,
3302 1975 3353 2030 in
3387 1977 3489 2031 bac

1904 2061 2009 2115 vita
2026 2061 2385 2117 malohomini
2404 2063 2543 2117 mala
2553 2069 2756 2131 est,aut
2770 2063 3488 2128 emendatio.est..autafﬂh:-

1907 2149 1981 2203 tio
2011 2152 2644 2220 peccatorum..0natulo
2679 2161 2859 2211 autem
2909 2153 3052 2213 bono
3100 2154 3307 2214 homini
3351 2155 3490 2213 bene

1904 2253 2013 2310 est,
2043 2259 2153 2299 non
2191 2254 2274 2301 est
2304 2245 2457 2305 illius
2478 2260 2735 2316 supernae
2757 2246 2943 2318 patriar
2971 2249 3333 2307 certissimum
3358 2266 3493 2319 gau-

1904 2333 2053 2390 dium
2074 2376 2097 2403 ,
2140 2336 2241 2391 sed
2269 2336 2438 2406 hujus
2466 2338 2784 2406 periculosae
2815 2341 3259 2411 permutationis
3306 2343 3493 2413 quale-

1904 2442 2133 2496 cumque
2161 2428 2439 2484 solatium-
2467 2429 2592 2487 [Lee
2635 2440 2795 2501 atque
2824 2430 3137 2500 huiusmodi
3160 2434 3205 2489 si
3230 2436 3491 2504 cogitaret

1907 2521 2139 2577 inﬁdelis
2168 2522 2452 2590 impietas,
2478 2524 2539 2580 in
2565 2523 2936 2592 gubernandis
2950 2525 3115 2581 rebus
3140 2524 3387 2583 humanis
3409 2528 3491 2581 di-

1907 2614 2084 2668 vinam
2114 2613 2507 2682 providentiam
2547 2630 2661 2671 non»
2698 2624 2947 2685 negaret,
2991 2630 3091 2671 nec
3133 2617 3185 2671 in
3208 2617 3323 2671 suis
3345 2625 3492 2672 tene-

1913 2704 2093 2757 brosis
2115 2712 2171 2760 et
2211 2705 2507 2760 mortiferis
2543 2705 2750 2760 viribus
2775 2716 2967 2762 contra
3003 2707 3189 2765 hunetr
3222 2716 3281 2763 et
3329 2710 3491 2763 vitam

1911 2795 2193 2862 sapientiae
2218 2796 2555 2864 perduraret.
2588 2796 2717 2853 Illud
2743 2812 2874 2868 ergo
2903 2797 3148 2853 attendat
3178 2799 3339 2853 homo
3371 2800 3490 2852 inti-

1908 2886 2065 2955 delis,
2091 2887 2233 2955 quod
2279 2886 2462 2945 dicere
2500 2903 2606 2943 non
2637 2897 2812 2956 potest
2841 2891 2911 2942 ab
2940 2890 3253 2947 hominibus.
3279 2891 3491 2947 institu-

1909 2989 2045 3043 tum,
2075 2992 2145 3035 ne
2193 2979 2358 3035 Deum
2399 2990 2562 3049 neget
2602 2982 2762 3038 rebus
2794 2981 3041 3040 humanis
3066 2983 3312 3043 ordinem
3337 2984 3487 3049 dare,

1907 3070 1996 3138 qni
2042 3069 2222 3125 docuit
2251 3072 2492 3139 apiculas
2536 3073 2713 3128 cellas
2738 3072 2983 3130 lavorum
3018 3084 3127 3132 tam
3175 3076 3489 3137 mirabiliter

1907 3160 2160 3216 ordinare
2195 3161 2345 3235 {ipsi
2373 3165 2573 3232 quippe
2598 3163 2807 3227 homini
2831 3166 2952 3233 quis
2982 3167 3129 3223 dedit
3169 3167 3487 3227 inordinatis

1907 3254 2071 3309 rebus
2093 3252 2289 3308 oﬂ'endi
2311 3296 2326 3320 ,
2350 3265 2405 3311 et
2430 3270 2610 3315 rerum
2639 3257 2829 3315 ordine
2855 3259 3143 3315 delectari?
3173 3260 3358 3317 Ntmne
3390 3261 3491 3315 hoe

1907 3342 1957 3395 in
1982 3358 2096 3399 sua:
2121 3346 2317 3401 animae
2349 3357 2539 3403 natura
2565 3349 2787 3415 invenit,
2816 3365 2977 3419 quam
3008 3350 3111 3407 sibi
3136 3352 3253 3419 ipse
3280 3366 3385 3409 non
3415 3352 3490 3407 fe-

1905 3434 2014 3487 cit?
2040 3434 2177 3489 Nam
2205 3453 2373 3507 quare
2400 3439 2592 3497 ordine
2632 3455 2736 3497 non
2784 3442 3003 3499 invento
3031 3443 3083 3499 iu
3114 3441 3279 3500 rebus
3308 3442 3491 3497 buma-
3535 3502 3543 3507 ,

1907 3524 1991 3579 nis
2020 3525 2185 3581 Deum
2236 3543 2326 3582 res
2368 3529 2630 3587 htunauas
2672 3531 2974 3600 gubernare
3006 3546 3111 3588 non
3142 3534 3315 3593 credit
3341 3573 3356 3597 .
3390 3534 3491 3591 nisi

1906 3616 2035 3684 quia
2079 3617 2241 3672 rebus
2273 3620 2589 3675 inordinatis
2618 3622 2896 3679 ordinatas
2928 3637 3240 3691 praeponere
3279 3632 3491 3678 natura-

1908 3710 2030 3764 liter
2060 3711 2240 3766 novit?
2292 3714 2501 3781 Ergone
2546 3715 2709 3768 homo
2734 3714 2941 3783 jttdicat
2968 3717 3363 3773 ordinationem
3394 3731 3490 3783 po-

1909 3801 2017 3857 tius
2040 3818 2200 3872 quam
2246 3805 2707 3871 perturbationem
2734 3807 2986 3874 operibus
3024 3806 3317 3863 eonvettire
3344 3805 3482 3862 divin

1909 3893 2031 3948 nis?
2061 3894 2125 3948 Et
2154 3894 2297 3948 Deus
2326 3895 2629 3948 ordinatum
2656 3895 2920 3963 judicium
2948 3911 3054 3949 non
3089 3894 3247 3955 habet
3272 3895 3343 3953 de
3388 3895 3489 3948 ho-

1908 3985 2145 4042 minibus
2173 3985 2460 4049 universis,
2493 3987 2583 4054 qui
2610 3987 2818 4047 ordinis
2841 4002 3058 4046 sensum
3075 3988 3275 4042 creavit
3303 3986 3359 4041 in
3380 3987 3491 4042 sin-

1908 4076 2080 4146 gulis?
2111 4077 2282 4131 Habvt
2310 4076 2486 4146 plane,
2523 4077 2714 4140 habet.
2761 4093 2867 4135 non
2894 4078 3102 4133 dubitet
3130 4080 3319 4147 pietas,
3350 4089 3405 4135 et
3443 4078 3490 4134 si

1910 4185 2018 4225 non
2065 4169 2473 4237 comprehendit
2522 4170 2822 4227 inﬁrmitas.
2875 4171 3048 4240 Opera
3102 4170 3371 4227 fabrorum
3426 4186 3489 4226 ea

1911 4275 2101 4330 nempe
2132 4261 2439 4325 laudamus,
2470 4276 2593 4331 qua:
2636 4260 2902 4329 inspicere
2932 4274 3236 4330 possumus.
3273 4260 3490 4317 mecha-

1912 4353 2154 4407 nicorum
2181 4361 2361 4408 autem
2389 4361 2666 4421 stupemus
2689 4390 2705 4418 ,
2735 4360 2793 4406 et
2822 4353 2921 4407 nisi
2945 4360 3128 4421 aperta
3150 4362 3310 4422 atque
3337 4366 3490 4407 mon-

1911 4452 2081 4499 strata
2120 4443 2318 4499 fuerint
2341 4482 2356 4508 ,
2406 4456 2503 4499 eos
2533 4440 2887 4511 impossibilia
2920 4444 3160 4510 potuisse
3205 4443 3486 4499 miramur.

1910 4531 2017 4587 Cur
2058 4546 2187 4603 ergo
2215 4531 2281 4585 de
2323 4530 2540 4600 indiciis
2570 4531 2663 4589 Dei
2694 4542 2797 4591 tatu
2831 4544 3038 4591 temere
3068 4532 3393 4602 judicamus,
3433 4545 3489 4588 et

217 4626 423 4671 cetera
487 4625 733 4671 creatura
796 4631 893 4687 pro
942 4618 1149 4672 meritis
1206 4618 1505 4672 animarum
1572 4617 1805 4672 rationa-
1838 4607 2074 4679 Ddivini
2122 4624 2298 4693 operis
2349 4625 2594 4680 ordinem
2641 4624 2733 4681 ubi
2774 4641 2878 4680 non
2922 4625 3252 4695 potuerimus
3279 4626 3487 4690 videre,

218 4708 362 4763 lium
393 4708 469 4760 vel
500 4708 751 4772 sentitur,
784 4709 865 4763 vel
903 4708 1030 4764 latet
1050 4748 1068 4774 .
1117 4709 1202 4765 vel
1233 4708 1456 4764 molesta
1476 4748 1494 4773 ,
1540 4710 1622 4764 vel
1652 4724 1805 4763 eom-

217 4797 387 4852 moda
418 4809 519 4854 est.
572 4798 795 4855 Summo
843 4801 985 4855 enim
1019 4800 1130 4855 Deo
1158 4811 1349 4856 cuncta
1383 4802 1517 4857 bene
1545 4802 1806 4857 adminis-

215 4898 431 4942 strante
450 4904 568 4958 qua:
589 4889 735 4954 iecit,
759 4892 891 4945 nihil
912 4891 1275 4946 inordinatum
1301 4892 1353 4947 in
1380 4893 1628 4947 universo
1652 4893 1808 4947 nihil-

216 4994 334 5048 que
361 4978 612 5047 injustnm
638 4992 717 5035 est
740 5019 757 5046 ,
797 4981 913 5036 sive
942 4983 1236 5037 scientibus
1258 5024 1273 5047 ,
1306 4986 1421 5039 sive
1447 4986 1808 5040 nescientibus

214 5072 404 5126 nobis.
438 5072 540 5126 Sed
569 5074 620 5127 in
656 5082 806 5142 parte
835 5074 1121 5129 oﬂ‘enditur
1150 5076 1325 5129 anima
1374 5078 1665 5144 peccatrix.
1693 5078 1797 5132 Ta-

218 5182 352 5218 men
382 5166 499 5233 quia
526 5180 621 5233 pro
649 5166 853 5222 meritis
879 5166 948 5221 ibi
977 5177 1082 5232 est,
1107 5169 1193 5221 ubi
1222 5183 1342 5224 esse
1367 5170 1525 5224 talem
1548 5172 1725 5236 decet,
1749 5181 1803 5227 et

216 5272 285 5311 ea
324 5256 521 5323 patitur
558 5272 679 5326 quae
720 5259 879 5312 talem
924 5261 1028 5328 pati
1077 5276 1288 5328 acquum
1330 5272 1450 5328 est,
1498 5265 1800 5319 universum

222 5347 329 5403 Dei
375 5362 592 5417 regnum
645 5349 786 5402 nulla
836 5364 929 5404 sua
980 5347 1224 5406 fteditate
1272 5352 1551 5407 deformat.
1597 5352 1798 5420 Quam-

217 5439 416 5491 obrem
448 5438 701 5507 quoniam
733 5455 836 5493 non
885 5443 1062 5497 omnia
1110 5444 1358 5497 novimus
1402 5460 1520 5512 quae
1550 5445 1618 5498 de
1650 5448 1805 5502 nolis

223 5529 364 5583 bene
387 5528 494 5597 agit
519 5529 650 5583 ordo
676 5530 905 5597 divinus,
937 5532 989 5586 in
1012 5534 1123 5587 sola
1155 5534 1292 5589 bona
1314 5536 1583 5589 voluntate
1611 5551 1804 5592 secun-

223 5621 353 5673 dum
381 5619 550 5690 legem
578 5621 783 5689 agimus
808 5661 824 5687 ,
869 5623 921 5677 in
948 5624 1159 5678 caeteris
1195 5634 1373 5679 autem
1406 5627 1697 5682 secundum
1722 5629 1803 5686 le-

226 5724 347 5781 gem
372 5711 602 5780 agimur.
634 5726 755 5766 cum
779 5711 861 5766 lex
892 5713 1003 5782 ipsa
1023 5714 1470 5769 incommutabilis
1497 5727 1729 5782 tnancat,
1751 5730 1805 5772 et

224 5799 406 5854 omnia
439 5801 708 5856 mutabilia
759 5802 1111 5872 pulcherrima
1144 5805 1529 5875 gubernatione
1560 5808 1803 5867 modere-

1908 4716 2225 4773 festinamus
2256 4731 2475 4786 negare,
2511 4715 2791 4772 laudantes
2823 4716 3113 4783 potentiam
3139 4716 3408 4771 Creatoris
3435 4716 3489 4772 in

1909 4806 2160 4862 arborum
2192 4806 2335 4863 foliis
2358 4847 2374 4871 ,
2406 4815 2462 4862 et
2490 4822 2607 4862 eam
2663 4821 2770 4861 non
2805 4816 3052 4877 putantes
3079 4821 3204 4864 esse
3244 4808 3296 4865 in
3323 4808 3489 4865 rebus

1910 4898 2179 4961 humanis,
2211 4910 2311 4953 nec
2343 4898 2520 4967 potius
2552 4896 2996 4970 investigabiliter
3042 4906 3099 4954 et
3139 4899 3373 4961 latenter
3402 4917 3491 4956 or-

1910 4989 2089 5044 dinem
2120 5003 2299 5044 rerum
2341 4992 2694 5045 humanarum
2734 5006 2956 5051 currere
2984 4991 3259 5051 credimus
3280 5032 3296 5055 ,
3329 5009 3490 5062 quem

1910 5084 1991 5139 vel
2024 5082 2343 5139 immensum
2375 5082 2874 5152 comprehendere,
2905 5086 2985 5139 vel
3023 5086 3295 5140 occultum
3326 5085 3491 5155 inspi-

1908 5188 2033 5228 cere
2059 5187 2164 5227 non
2193 5173 2468 5227 valemus?
2494 5172 2602 5228 Sed
2633 5188 2814 5231 rerum
2844 5174 3100 5230 divinitus
3127 5175 3485 5235 institutarum

1910 5262 2158 5328 ordines,
2184 5261 2451 5319 manifesti
2465 5277 2533 5319 ex
2563 5264 2758 5332 quibus
2786 5264 3139 5334 conjiciantur
3166 5264 3381 5325 occulti,
3411 5265 3488 5317 fe-

1912 5354 2055 5408 riuut
2083 5354 2244 5408 etiam
2275 5355 2460 5409 oculos
2505 5357 2810 5427 impiorum.
2835 5358 3064 5425 —Qu:’d
3108 5357 3163 5410 in
3220 5354 3348 5413 libro
3383 5352 3485 5406 Ec~

1911 5447 2170 5500 cleriastes
2203 5445 2452 5500 Salomon
2477 5446 2542 5500 de
2590 5447 2671 5501 his
2722 5449 2772 5499 in
2827 5447 2924 5501 hac
2954 5449 3053 5500 vim
3082 5446 3225 5498 bouis
3268 5444 3485 5502 etntalis

1907 5554 2022 5605 qua:
2047 5538 2146 5590 sint
2175 5539 2467 5593 communia
2492 5539 2785 5608 dispulerit.
2817 5537 2894 5595 Ex
2922 5538 3049 5596 libro
3071 5537 3132 5593 de
3156 5534 3369 5591 Civitati?
3390 5534 3485 5591 Dei

1910 5645 2000 5684 xx.
2032 5659 2101 5670 -
2132 5628 2281 5685 Nunc
2324 5628 2535 5699 quando
2564 5646 2666 5683 non
2700 5629 2869 5680 solum
2917 5622 2969 5676 in
3007 5627 3145 5680 tnnlo
3172 5634 3297 5681 sunt
3334 5624 3481 5695 boni,

1907 5732 1961 5775 et
1991 5722 2041 5776 in
2074 5722 2211 5777 bono
2243 5724 2387 5785 mali,
2415 5721 2555 5790 quod
2581 5721 2787 5777 videtur
2817 5721 3090 5785 injustam.
3120 5734 3300 5779 verum
3325 5719 3482 5779 etiam

1911 5813 2227 5882 plerumque
2273 5823 2325 5867 et
2356 5812 2509 5867 malis
2546 5810 2689 5867 mala
2732 5809 3022 5877 eveniunt,
3067 5818 3121 5865 ct
3164 5809 3319 5871 bouis
3349 5812 3484 5873 bona

3513 5598 3518 5629 l
