3974 6184
446 407 550 462 767

1541 401 1603 455 1).
1648 399 1961 455 EUCYPP"
2004 400 2291 455 ABBATIS
2330 399 2645 456 AFRICANI

3609 408 3717 461 768

448 522 785 588 proveniunt,
820 520 989 589 magis
1022 516 1383 573 inscrutabiiia
1418 515 1543 567 llunt
1574 515 1773 584 judicia
1825 515 1938 579 Dei,
1971 525 2023 568 et
2052 519 2099 576 Α
2127 515 2383 583 despecto
2414 555 2428 577 ,
2476 515 2590 569 sive
2617 516 2815 569 bonum
2836 558 2850 581 ,
2884 517 3002 571 sive
3032 519 3249 572 malum.
3302 518 3438 586 Quid
3470 519 3711 578 brevius.

448 614 842 683 investigabiles
891 614 989 665 via:
1034 611 1171 680 ejus.
1243 609 1497 676 Quamvis
1546 623 1677 679 ergo
1724 608 2024 662 nesciamus

444 707 552 776 87
588 722 691 775 quo
717 705 918 774 judicio
962 703 1099 756 Deus
1130 702 1225 754 ista
1272 703 1349 753 vel
1393 698 1572 762 faciat,
1604 700 1685 753 vel
1716 699 1830 753 lieri
1862 699 2021 763 sinat,

444 799 583 862 apud
610 811 767 864 quem
816 809 1024 846 summa
1053 794 1223 845 virtus
1251 800 1331 846 est
1359 832 1373 853 ,
1422 802 1470 843 et
1502 805 1705 843 summa
1739 789 2021 857 sapientia,

445 899 651 938 summa
704 884 936 953 justitia,
990 882 1131 935 nura
1164 882 1479 945 inlirmilas,
1534 880 1674 934 nulla
1715 881 2023 943 temeritas,

449 974 589 1026 nulla
612 973 884 1043 iniquitas,
917 972 1203 1026 salubriter
1234 980 1409 1024 tamen
1425 970 1683 1023 discimus
1714 984 1818 1023 non
1849 968 2026 1038 magni

449 1063 718 1132 pendere,
746 1077 839 1116 seu
876 1063 1037 1128 bona,
1064 1074 1156 1114 seu
1189 1063 1349 1121 mala,
1370 1076 1488 1125 qua:
1519 1060 1765 1113 videmus
1793 1073 1913 1113 esse
1944 1060 2028 1113 bo-

447 1156 531 1209 nis
560 1154 823 1223 malisque
853 1154 1156 1207 communia
1176 1193 1191 1217 ,
1241 1161 1297 1206 et
1327 1153 1411 1204 illa
1446 1155 1582 1204 bona
1637 1166 1880 1220 quaerere
1907 1165 2027 1219 quas

445 1247 727 1312 bonorum,
749 1253 909 1313 atque
943 1244 1031 1298 illa
1061 1244 1292 1297 maxime
1314 1243 1499 1311 fugere
1520 1258 1639 1312 qua:
1661 1242 1872 1311 propria
1904 1251 2029 1296 sunt

446 1336 728 1387 malorum.
745 1333 876 1386 Cum
898 1348 1027 1387 vero
1042 1333 1104 1385 ad
1129 1334 1257 1385 illud
1273 1332 1532 1401 judicium
1549 1333 1850 1386 venerimus
1874 1333 2027 1400 cujus

446 1436 654 1493 tempus
698 1425 807 1493 jam
838 1425 1057 1494 proprie
1086 1424 1201 1478 dies
1226 1424 1413 1493 judicii
1438 1465 1454 1491 ,
1496 1436 1548 1479 et
1579 1426 1869 1494 aliquando
1910 1427 2027 1480 dies

446 1515 654 1567 Domini
690 1525 1045 1583 nuncupatur,
1080 1529 1187 1568 non
1220 1516 1390 1569 Solum
1422 1531 1753 1586 quaecunque
1795 1527 1919 1571 tune
1943 1517 2026 1586 ju-

440 1607 778 1673 dicabuntur,
811 1623 993 1661 verum
1039 1608 1197 1661 etiam
1224 1623 1555 1677 quaecunque
1588 1609 1655 1664 ab
1709 1610 1862 1665 initio
1887 1609 2025 1677 judi-

439 1710 555 1751 cata
583 1741 599 1765 ,
631 1710 684 1753 et
714 1714 1047 1769 quacunque
1096 1714 1263 1769 usque
1309 1700 1377 1753 ad
1427 1701 1558 1755 illud
1593 1712 1799 1769 tempus
1851 1700 2025 1754 adhuc

437 1793 722 1862 jndieanda
750 1802 908 1857 sunt,
937 1793 1271 1861 apparebunt
1299 1807 1420 1847 esse
1441 1792 1758 1862 justissima.
1794 1794 1892 1848 Ubi
1923 1794 2024 1849 hoc

2130 606 2310 658 verius
2332 645 2346 668 ,
2369 605 2631 659 salubrius
2660 604 2762 658 diei
2790 606 2956 675 potuit
2984 608 3007 659 '!
3053 608 3240 671 Deum,
3275 610 3465 677 inquit,
3500 611 3627 665 time
3655 624 3711 665 et

2129 696 2375 749 mandata
2429 695 2549 765 ejus
2580 696 2830 760 custodi,
2863 698 2984 765 quia
3032 698 3134 752 hoc
3179 709 3260 753 est
3298 702 3476 755 otnnis
3523 702 3705 756 homo.

2128 786 2441 855 Qu‘cunqne
2466 785 2611 841 enim
2651 793 2735 841 est
2758 828 2772 851 ,
2805 786 2906 841 hoc
2936 798 3040 849 est,
3070 800 3252 844 eusms
3280 792 3461 859 utique
3488 794 3713 846 manda-

2132 888 2306 932 torum
2336 879 2461 944 Dt-i,
2492 880 2745 949 quoniam
2780 882 2865 949 qni
2901 881 3001 936 hoc
3031 897 3137 936 non
3169 892 3272 948 est,
3304 884 3435 939 nihil
3463 897 3563 940 est.
3590 887 3709 941 Non

2127 968 2269 1022 enim
2299 968 2362 1022 ad
2392 970 2630 1024 veritatis
2660 970 2944 1041 imaginem
2970 972 3312 1040 reformatur,
3341 991 3627 1030 remanens
3656 980 3711 1031 in

2128 1060 2479 1113 similitudine
2527 1060 2774 1113 vanitatis
2796 1101 2811 1127 ,
2842 1064 2964 1132 quia
2991 1078 3154 1119 omne
3195 1065 3298 1120 hoc
3339 1081 3493 1135 Opus,
3527 1068 3577 1122 id
3600 1080 3708 1133 est,

2128 1153 2272 1221 quod
2303 1152 2371 1205 ab
2403 1152 2623 1208 homine
2654 1155 2712 1208 lit
2758 1154 2809 1208 iu
2848 1155 2949 1210 hac
2980 1156 3085 1210 vita
3114 1197 3129 1223 ,
3162 1156 3277 1212 sive
3322 1158 3552 1227 bonum,
3595 1162 3714 1214 sive

2130 1244 2353 1309 malum,
2385 1243 2524 1297 Deus
2554 1244 2849 1299 adducetin
2874 1245 3135 1313 judicium
3168 1248 3220 1301 in
3251 1250 3396 1303 omni
3427 1249 3709 1318 despecto,

2128 1335 2179 1390 id
2205 1343 2307 1400 est,
2326 1336 2376 1389 in
2399 1336 2724 1390 omnietiam
2752 1336 2839 1403 qui
2862 1339 3281 1407 contemptibilis
3298 1341 3382 1394 hic
3397 1339 3626 1405 videtur,
3658 1352 3716 1394 et

2130 1426 2253 1481 ideo
2284 1441 2385 1481 nec
2414 1427 2641 1491 videtur,
2670 1426 2923 1495 quoniam
2959 1428 3100 1483 Deus
3128 1438 3183 1484 et
3205 1429 3383 1496 ipsum
3415 1429 3575 1495 videt,
3608 1445 3714 1485 nec

2128 1534 2251 1575 eum
2279 1520 2526 1588 despicit,
2560 1534 2659 1574 nec
2690 1534 2809 1573 cum
2854 1519 3062 1588 judicat
3088 1522 3347 1591 prmteril.

2667 1631 2896 1686 CAPUT
2935 1631 3167 1687 CXXXI.

2131 1720 2323 1794 Quibus
2345 1720 2602 1794 s_ent_enti:'s
2636 1720 2844 1794 Domini
2868 1723 3124 1794 judicium
3147 1724 3197 1775 iu
3236 1724 3335 1787 ﬁne
3357 1725 3588 1794 futurum
3612 1743 3712 1779 str-

2199 1791 2305 1844 culi
2340 1790 2650 1845 declaretur.
2697 1790 2830 1845 Item
2870 1790 2938 1846 ea:
2987 1792 3167 1847 eodem
3207 1790 3452 1849 libro'de
3495 1796 3714 1850 Civitate

440 1861 651 1953 quoque
673 1884 1122 1943 manilestabitur,
1152 1900 1309 1953 quatn
1331 1861 1476 1952 justo
1498 1884 1701 1954 judicio
1727 1884 1818 1938 Dei
1853 1884 1943 1938 liat
1966 1894 2022 1939 ut
2055 1876 2101 1936 Β
2201 1861 2299 1917 θεέ
2332 1878 2421 1916 ³⁸·
3094 1927 3113 1951 ‘

441 1990 582 2028 nunc
613 1984 718 2027 tam
751 1975 915 2027 multa
960 1989 1021 2028 ac
1061 1989 1197 2044 pene
1219 1975 1394 2027 omnia
1423 1976 1566 2041 justa
1594 1974 1794 2042 judicia
1831 1975 1920 2030 Dei
1956 1976 2022 2028 la-

441 2072 587 2118 teant
616 2077 809 2119 sensus
860 2073 1174 2133 mentesque
1221 2064 1526 2119 mortalium
1551 2106 1568 2132 ,
1601 2080 1721 2119 cum
1754 2074 1931 2120 tamen
1968 2067 2019 2120 in

442 2154 542 2209 hac
571 2168 628 2209 re
657 2154 865 2223 piorum
898 2154 1057 2209 iidem
1116 2170 1221 2209 non
1268 2156 1451 2223 lateat,
1481 2156 1682 2225 justum
1712 2171 1834 2211 esse
1879 2158 2020 2227 quod

442 2246 589 2299 latet.
612 2246 817 2315 Nempe
838 2248 1273 2315 sapientissimus
1304 2248 1559 2303 Salomon
1592 2264 1683 2304 rex
1715 2250 1899 2314 Israel,
1931 2252 2019 2319 qui

439 2339 679 2407 regnavit
710 2340 762 2392 in
788 2324 1112 2403 Jerusalem,
1139 2339 1333 2393 librum
1356 2342 1444 2409 qui
1469 2353 1690 2396 vocatur
1721 2342 2021 2398 Ecclesias-

442 2440 543 2495 tes,
573 2443 621 2485 et
652 2446 681 2485 a
709 2430 907 2486 Jndzeis
938 2447 1151 2501 quoque
1180 2432 1409 2488 habetur
1436 2434 1489 2487 in
1514 2449 1787 2488 saerartun
1817 2449 2023 2490 canone

440 2522 758 2589 litterarum,
781 2521 859 2576 sic
878 2536 1104 2576 exorsus
1127 2532 1210 2576 est
1236 2524 1479 2577 :Vanitas
1504 2526 1824 2590 vanitatum,
1842 2527 2021 2579 omnia

443 2610 672 2664 vanitas.
698 2611 828 2677 Quae
858 2612 1180 2667 abundantia
1207 2612 1408 2668 homini
1439 2616 1489 2668 in
1526 2616 1703 2669 omnia
1734 2616 1820 2688 [ex
1854 2615 2021 2687 omni]

439 2698 620 2753 labore
649 2715 746 2755 suo
772 2716 877 2771 quo
907 2701 1114 2756 laborat
1142 2703 1245 2755 sub
1271 2704 1421 2757 sale?
1459 2714 1653 2759 etcum
1682 2722 1745 2760 ex
1782 2708 1879 2760 Lac
1902 2721 2024 2761 sen-

438 2797 599 2851 tentia
631 2808 975 2853 connecteret
1020 2809 1216 2854 cetera
1243 2841 1257 2864 ,
1290 2814 1719 2856 eomrnemorans
1751 2818 2022 2857 mrumnas

437 2901 753 2957 erroresque
782 2887 905 2941 vita:
936 2890 1091 2958 hujus
1110 2935 1123 2957 ,
1168 2899 1223 2945 et
1255 2901 1607 2946 vanescentes
1638 2893 1840 2948 interea
1872 2902 2013 2948 tem-

437 2992 627 3047 porum
655 2979 833 3048 lapsus
859 3023 873 3046 ,
906 2981 993 3036 ubi
1039 2982 1169 3036 nihil
1201 2984 1427 3037 solidmn
1450 3025 1464 3048 ,
1513 2984 1642 3039 nihil
1674 2985 1865 3041 stabile
1895 2988 2025 3041 reti-

441 3080 636 3137 netur,
690 3072 740 3126 in
788 3088 848 3126 ea
893 3089 1071 3127 rerum
1120 3075 1355 3130 vanitate
1401 3076 1659 3130 sub’sole
1704 3076 1830 3131 illud
1862 3080 2020 3132 etiam

438 3162 688 3231 deplorat
739 3163 1172 3233 quodammodo,
1227 3165 1368 3235 quod
1423 3182 1544 3222 cum
1577 3170 1647 3222 sit
1695 3170 2019 3225 abundantia

2194 1973 2441 2029 Salvator
2470 1989 2589 2029 cum
2617 1975 2923 2046 objurgaret
2946 1977 3190 2035 civitates
3220 1977 3272 2032 in
3302 1978 3498 2049 quibus
3530 1980 3709 2035 virtu-

2125 2072 2206 2119 tes
2228 2078 2448 2133 magnas
2488 2065 2687 2120 fecerat
2714 2108 2728 2132 ,
2758 2083 2930 2135 nequc
2963 2068 3332 2135 crediderant,
3367 2078 3422 2125 et
3450 2072 3530 2125 eis
3570 2072 3711 2126 alie-

2125 2154 2347 2224 nigenas
2367 2163 2719 2222 anteponeret
2751 2173 2763 2209 :
2798 2155 3206 2221 Verumtamen,
3233 2160 3422 2228 inquit,
3456 2159 3579 2215 dico
3610 2176 3713 2215 vo-

2124 2248 2226 2314 bis,
2253 2249 2396 2319 Tyro
2424 2257 2478 2303 et
2502 2249 2687 2303 Sidoni
2717 2250 2994 2305 remissius
3022 2252 3124 2304 erit
3154 2250 3205 2304 in
3230 2251 3521 2321 diejndicii
3548 2270 3711 2323 qnam

2124 2339 2292 2393 vttb's.
2328 2339 2393 2392 Et
2422 2338 2581 2407 paulo
2628 2348 2746 2407 post
2781 2338 2938 2393 alteri
2980 2340 3182 2394 civitati
3212 2358 3227 2394 :
3263 2343 3454 2406 Amen,
3489 2343 3665 2413 inquit
3694 2386 3712 2410 ,

2122 2428 2247 2483 dico
2279 2428 2454 2495 vobis,
2486 2429 2608 2496 quia
2651 2439 2810 2484 terrae
2828 2429 3184 2485 Sodomorum
3221 2431 3500 2486 remissius
3527 2434 3625 2487 erit
3655 2434 3714 2487 in

2124 2520 2409 2590 diejndicii
2433 2536 2590 2592 quam
2615 2521 2732 2576 tibi.
2756 2521 2851 2575 llic
2873 2522 3712 2592 evidentissimepraedicatdit-tn

2118 2613 2303 2683 judicii
2338 2628 2459 2669 esse
2488 2622 2796 2667 venturum.
2846 2613 2913 2668 Et
2942 2616 3046 2669 alio
3078 2616 3233 2670 loco:
3272 2616 3381 2670 Viri
3411 2616 3665 2672 Ninivita:
3692 2658 3710 2682 ,

2127 2706 2296 2776 inquit
2318 2747 2332 2771 ,
2356 2715 2575 2775 surgent
2606 2706 2657 2760 in
2696 2705 2902 2775 judicio
2940 2721 3061 2761 cum
3106 2709 3450 2778 generatione
3480 2709 3581 2762 ista
3605 2750 3618 2775 ,
3650 2722 3714 2765 et

2123 2799 2555 2852 condemnabuut
2599 2813 2755 2863 eam,
2800 2799 2917 2868 quia
2968 2799 3334 2868 pmtiitentiam
3375 2811 3601 2870 egerunt
3651 2804 3707 2855 in

2125 2890 2499 2959 prmdicatione
2539 2886 2718 2957 Jonas,
2743 2899 2798 2943 et
2826 2906 2953 2945 ecce
2978 2892 3253 2961 plus-iusin
3284 2892 3418 2947 Jnna
3456 2894 3562 2948 hic.
3602 2895 3713 2949 lte-

2122 2981 2245 3049 gina
2288 2981 2466 3035 Austri
2497 2990 2677 3051 surget
2717 2982 2767 3035 in
2795 2980 2999 3050 judicio
3024 2998 3145 3038 cum
3181 2984 3526 3054 generatione
3549 2986 3650 3039 ista
3684 3028 3699 3048 ,

2122 3080 2176 3125 et
2216 3071 2595 3127 condemnabit
2624 3088 2742 3127 eam
2765 3114 2779 3138 ,
2814 3074 2936 3141 quia
2971 3075 3116 3129 venit
3140 3090 3167 3127 a
3201 3075 3392 3129 ﬁnibus
3424 3086 3581 3130 terrae
3610 3092 3710 3129 au-

2124 3160 2238 3215 dire
2259 3162 2577 3232 sapientiam
2603 3163 2910 3219 Salomonis
2934 3206 2946 3229 ,
2972 3174 3027 3219 et
3062 3180 3189 3221 ecce
3226 3167 3508 3236 plusquam
3552 3168 3679 3223 Salo
3697 3196 3711 3207 ο

441 3255 720 3324 sapientia:
753 3272 916 3325 super
962 3259 1322 3329 insipientiam
1355 3261 1490 3316 sicut
1524 3260 1648 3333 [est]
1696 3264 2015 3319 abundantia

2129 3266 2248 3305 mon
2280 3251 2385 3306 hic.
2421 3252 2561 3307 Duas
2587 3269 2676 3308 res
2711 3255 2817 3308 hoc
2848 3255 2966 3309 loco
3005 3255 3260 3310 discimus
3284 3300 3297 3323 ,
3340 3268 3392 3310 et
3420 3269 3705 3312 venturum

442 3346 575 3400 lucis
602 3362 765 3415 super
813 3350 1083 3410 tenebras,
1118 3352 1486 3421 sapientisque
1516 3354 1655 3407 ocu!i
1686 3355 1791 3409 sint
1838 3357 1889 3409 in
1934 3372 2023 3411 ca-

439 3440 549 3505 pite
580 3439 768 3507 ipsius,
801 3449 854 3493 ct
885 3442 1083 3495 stultus
1112 3443 1163 3495 in
1212 3444 1448 3497 tenebris
1474 3444 1744 3509 ambulet,
1778 3463 1915 3500 uisus
1947 3458 2025 3500 ta-

440 3545 562 3584 men
593 3531 838 3585 incursus
887 3544 1143 3588 occurrat
1182 3535 1450 3600 omnibus,
1480 3537 1663 3604 utique
1706 3541 1756 3591 in
1789 3539 1887 3594 hac
1916 3541 2021 3594 vita

439 3636 558 3690 qua
578 3621 680 3676 sub
700 3623 814 3677 sole
836 3625 1027 3692 agitur,
1052 3625 1364 3693 signiﬁcans
1388 3628 1633 3683 videlicet
1656 3645 1716 3682 ea
1744 3631 1880 3683 mala
1903 3646 2023 3699 qna:

441 3713 596 3767 bonis
623 3721 679 3768 et
709 3714 864 3769 malis
903 3716 1147 3769 videmus
1175 3702 1294 3772 esse
1323 3720 1645 3773 communia.
1694 3721 1833 3775 Dicit
1862 3722 2020 3775 etiam

444 3803 575 3857 illud
628 3805 769 3873 quod
827 3816 879 3859 et
921 3806 1043 3860 boni
1090 3809 1358 3875 patiantur
1401 3810 1534 3862 mala
1585 3819 1834 3879 tanquam
1898 3811 2020 3864 mali

440 3899 546 3951 sint
572 3939 586 3963 ,
619 3907 675 3953 et
704 3901 827 3954 mali
861 3910 1111 3970 tanquam
1155 3903 1279 3956 boni
1332 3902 1440 3957 sint
1469 3903 1832 3971 adipiscantur
1862 3906 2021 3971 bona,

441 3992 512 4045 ita
546 3992 770 4062 loquens
795 4009 811 4048 :
832 3995 951 4062 Est,
979 3996 1170 4065 inquit,
1198 3997 1405 4051 vanitas
1434 4011 1553 4066 qtue
1584 3996 1721 4051 facta
1751 4006 1834 4052 est
1863 4012 1941 4057 Su;
1964 4014 2026 4053 er

455 4094 691 4149 terram,
748 4085 868 4153 quia
920 4097 1048 4139 sunt
1089 4085 1218 4155 justi
1266 4102 1430 4153 super
1480 4102 1613 4156 quos
1662 4088 1830 4154 venit,
1890 4087 2026 4142 sicut

443 4173 644 4248 [quasi]
694 4176 893 4231 factum
928 4176 1213 4245 impiorum
1241 4219 1256 4242 ,
1287 4185 1341 4232 et
1368 4186 1492 4231 sunt
1523 4178 1668 4247 impii
1700 4194 1864 4245 super
1890 4194 2025 4245 quos

447 4266 593 4320 venit
620 4267 761 4321 sicut
794 4267 987 4321 factum
1017 4268 1301 4337 justorum.
1340 4269 1454 4322 Dixi
1486 4269 1737 4337 quoniam
1764 4271 1864 4324 hoc
1894 4286 2026 4340 quo-

443 4372 549 4423 que
580 4358 807 4413 vanitas.
854 4358 911 4412 In
942 4360 1041 4413 hac
1072 4360 1311 4415 vanitate
1341 4360 1424 4413 cui
1446 4401 1461 4425 ,
1488 4369 1744 4427 quantum
1778 4362 1911 4415 satis
1942 4363 2025 4414 vi-

441 4462 556 4500 sum
590 4456 701 4514 est,
736 4448 1044 4501 intimandze
1077 4457 1244 4503 totum
1276 4450 1434 4504 istum
1466 4450 1659 4505 librum
1702 4452 1783 4506 vir
1806 4454 2024 4520 sapien-

442 4540 681 4593 t'ssimus
710 4539 1007 4609 deputavit,
1043 4556 1145 4593 non
1180 4542 1362 4611 utique
1388 4542 1459 4597 oh
1489 4544 1655 4609 aliud,
1689 4546 1790 4598 nisi
1822 4557 1876 4598 ut
1905 4562 2023 4600 eam

442 4632 604 4686 vitam
631 4632 998 4688 desideremus
1010 4650 1126 4702 quas
1148 4636 1437 4690 vanitatem
1459 4651 1565 4691 non
1590 4636 1772 4702 habet,
1799 4638 1899 4690 sub
1919 4637 2023 4692 hoc

443 4723 588 4787 sole,
616 4724 707 4777 sed
740 4726 1019 4781 veritatem
1043 4726 1142 4779 sub
1169 4726 1259 4778 iilo
1289 4726 1378 4796 qui
1404 4728 1526 4782 fecit
1567 4728 1708 4783 hunc
1737 4730 1933 4794 solem;
1966 4730 2021 4784 in

446 4813 544 4868 hic
570 4830 697 4885 ergo
724 4818 961 4871 vanitate
1010 4818 1249 4885 nunquid
1300 4819 1399 4872 nisi
1440 4822 1588 4887 justo
1632 4820 1726 4874 Dei
1769 4830 2020 4890 recteque

439 4905 663 4974 judicio,
694 4908 884 4961 similis
908 4910 1083 4965 eidem
1130 4912 1348 4966 vanitati
1381 4911 1552 4967 factus
1580 4924 1890 4969 vanesceret
1922 4916 2018 4968 ho-

444 4997 572 5051 mo?
602 4997 654 5052 in
686 4997 875 5054 diebus
914 5009 1094 5056 tamen
1143 5004 1391 5057 vanitatis
1431 5019 1573 5069 sme,
1598 5006 1816 5060 interest
1857 5005 2021 5073 pluri-

452 5104 597 5143 mum
656 5100 831 5144 utrum
891 5092 1107 5149 resistat
1156 5110 1222 5149 an
1292 5096 1627 5167 obtemperet
1678 5098 1916 5160 veritati,
1969 5106 2023 5153 ct

447 5189 624 5236 utrum
680 5181 751 5237 sit
795 5198 987 5253 expers
1016 5201 1157 5243 verte
1200 5188 1411 5257 pietatis
1459 5205 1525 5243 an
1572 5190 1869 5259 particeps,
1915 5207 2019 5244 non

443 5284 662 5344 propter
691 5274 813 5329 vita:
845 5277 1033 5344 hujus,
1068 5278 1151 5333 vel
1187 5279 1324 5333 bona
1356 5281 1675 5349 acquirenda
1704 5323 1719 5348 ,
1769 5282 1851 5335 vel
1885 5283 2019 5335 mala

443 5366 657 5421 vitanda
686 5370 1023 5423 vanesccndo
1050 5371 1512 5437 transenntia,sed
1538 5382 1754 5442 propter
1786 5373 2019 5426 futurum

440 5456 698 5523 judicium
731 5475 823 5529 per
851 5461 993 5530 quod
1025 5470 1177 5515 erunt
1204 5502 1218 5527 ,
1267 5473 1313 5515 et
1370 5462 1525 5517 hortis
1557 5464 1725 5524 b0na,
1773 5473 1827 5519 et
1870 5466 2023 5518 malis

440 5549 576 5605 mala
606 5550 723 5605 sine
753 5554 857 5606 line
902 5568 1172 5606 mansura.
1209 5553 1447 5623 Denique
1480 5554 1580 5609 iste
1612 5556 1830 5624 sapiens
1877 5554 2021 5609 hunc

442 5646 634 5700 librum
682 5646 763 5701 sic
811 5646 1090 5712 conclusit,
1141 5655 1198 5701 nt
1224 5646 1475 5702 diceret:
1528 5648 1693 5702 Deum
1745 5647 1916 5713 time,
1970 5659 2022 5704 et

444 5738 691 5792 mandata
722 5738 837 5808 ejus
852 5738 1083 5802 cusmdi,
1117 5740 1237 5807 qu’a
1265 5738 1362 5794 hoc
1385 5748 1469 5795 est
1494 5741 1668 5794 omnis
1692 5740 1873 5804 homo,
1898 5743 2018 5810 quia

440 5840 602 5882 omne
652 5829 752 5883 hoc
780 5847 910 5899 opus
942 5834 1079 5889 Deus
1128 5833 1358 5889 adducta
1409 5836 1457 5890 in
1502 5836 1757 5905 judicium
1792 5838 1841 5893 itt
1876 5838 2018 5893 omni

2123 3357 2245 3398 esse
2266 3342 2546 3412 judicium,
2575 3354 2628 3399 et
2654 3360 2774 3400 cum
2796 3359 3126 3401 mortuorum
3156 3349 3552 3403 resurrectione
3579 3365 3709 3403 ven-

2125 3443 2323 3488 turum.
2360 3435 2433 3488 De
2464 3434 2712 3489 Ninivitis
2744 3438 2885 3491 enim
2906 3478 2921 3501 ,
2955 3448 3009 3492 et
3038 3440 3217 3509 regina
3256 3439 3462 3503 Austri,
3492 3442 3709 3509 quando

2127 3524 2224 3578 ista
2257 3524 2491 3589 dicebat,
2522 3525 2590 3579 de
2619 3528 2844 3581 mortuis
2868 3529 2985 3583 sine
3016 3528 3174 3582 dnhio
3210 3529 3546 3598 loquebatur,
3572 3546 3711 3601 quos

2127 3624 2303 3667 tamen
2330 3614 2380 3670 in
2404 3614 2491 3669 die
2515 3614 2702 3683 judicii
2735 3628 3136 3673 resurrecturus
3155 3634 3275 3674 esse
3302 3620 3544 3688 prazdixit
3563 3663 3578 3687 ,
3612 3639 3715 3677 nec

2127 3704 2253 3759 ideo
2278 3704 2411 3758 dixit
2435 3706 2871 3763 condemnabnnt
2892 3751 2907 3775 ,
2938 3711 3060 3780 quia
3095 3712 3193 3779 ipsi
3216 3712 3536 3781 judicabunt
3562 3755 3579 3779 ,
3616 3715 3715 3768 sed

2123 3794 2245 3862 quia
2270 3809 2334 3848 ex
2359 3796 2597 3864 ipsorum
2620 3802 3022 3869 comparatione
3044 3800 3128 3853 isti
3153 3803 3345 3856 merito
3371 3801 3718 3858 damnabun-

2125 3894 2231 3940 tur.
2274 3886 2478 3942 Rursus
2507 3887 2611 3941 alio
2652 3889 2768 3944 loco
2797 3905 2918 3945 cum
2950 3891 3019 3945 de
3049 3892 3333 3946 hominum
3360 3894 3627 3948 bonorum
3660 3905 3717 3950 et

2127 3982 2390 4036 malorum
2417 3998 2557 4038 nunc
2581 3987 2958 4055 permixtione,
2993 3998 3177 4056 postea
3201 3990 3563 4059 separatione,
3591 4008 3718 4060 qua:

2125 4075 2311 4144 utique
2335 4075 2420 4129 die
2440 4075 2626 4145 judicii
2657 4077 2832 4132 futura
2859 4088 2966 4145 est,
2996 4080 3325 4149 loqueretur,
3358 4081 3606 4136 adhibuit
3636 4084 3718 4136 si-

2128 4166 2485 4221 militudinem
2537 4168 2604 4222 de
2639 4170 2819 4224 tritico
2857 4170 3119 4226 seminata
3144 4213 3159 4238 ,
3192 4182 3245 4227 et
3273 4174 3720 4243 superseminatis

2130 4258 2389 4325 zizaniis,
2416 4274 2643 4330 eamque
2676 4262 2787 4315 suis
2824 4276 3104 4332 exponens
3141 4265 3417 4335 discipulis
3452 4285 3462 4318 :
3494 4266 3596 4331 Qui
3628 4283 3718 4320 se-

2128 4352 2324 4416 minat,
2357 4351 2527 4421 inquit
2554 4392 2571 4419 ,
2624 4353 2822 4407 bonum
2853 4368 3036 4410 semen
3064 4396 3078 4419 ,
3117 4364 3200 4409 est
3233 4356 3398 4410 Filius
3430 4355 3673 4410 hominis
3701 4376 3715 4423 ;

2128 4456 2257 4511 ager
2285 4450 2462 4495 autem
2493 4452 2574 4497 est
2594 4440 2725 4513 [hic]
2753 4444 2980 4498 mundus
3006 4486 3019 4508 ,
3049 4453 3102 4501 et
3124 4455 3317 4501 ca'tera
3341 4461 3507 4517 usque
3532 4447 3601 4500 ad
3638 4449 3718 4501 lo-

2129 4547 2249 4585 cum
2281 4548 2385 4600 quo
2414 4533 2489 4585 ait
2523 4553 2534 4585 :
2561 4533 2663 4600 Qui
2692 4534 2853 4588 habet
2881 4551 3039 4591 aures
3063 4537 3313 4592 audiendi
3340 4579 3353 4600 ,
3384 4537 3584 4591 audiat.
3617 4538 3718 4591 llic

2058 4622 2105 4681 Ι)
2124 4625 2386 4695 judicium
2410 4627 2627 4694 quidem
2652 4629 2731 4682 vel
2749 4628 2888 4683 diem
2908 4628 3096 4698 judicii
3123 4646 3226 4683 non
3254 4631 3583 4693 nominavit,
3616 4630 3717 4683 sed

2128 4733 2248 4773 eum
2280 4721 2446 4772 multo
2490 4720 2686 4775 clarius
2718 4722 2846 4791 ipsis
2879 4724 3039 4776 rebus
3068 4725 3370 4793 expressit,
3411 4731 3465 4777 ct
3505 4724 3558 4776 in
3605 4723 3719 4777 line

2128 4812 2308 4864 saeculi
2341 4811 2575 4865 futurum
2624 4828 2745 4866 esse
2775 4812 3042 4881 przedixit.
3084 4814 3213 4867 Item
3243 4814 3519 4884 discipulis
3549 4815 3669 4868 suis
3699 4833 3712 4866 :

2128 4902 2314 4965 Amen,
2350 4904 2558 4971 inquit,
2592 4903 2712 4957 dico
2742 4906 2925 4969 vobis,
2962 4905 3101 4974 quod
3135 4921 3226 4958 vos
3253 4906 3341 4974 qui
3365 4909 3533 4959 secuti
3578 4906 3719 4959 estis

2129 5014 2211 5051 me
2247 4997 2300 5051 in
2335 5001 2771 5069 regeneratione.
2804 5018 2923 5056 cum
2956 5004 3155 5058 seder’t
3187 5004 3351 5058 Filius
3383 5005 3616 5058 hominis
3649 5006 3704 5060 itt

2126 5092 2253 5145 sedc
2295 5093 2590 5160 majestatis
2641 5108 2753 5149 sua:
2780 5137 2793 5159 ,
2842 5097 3096 5150 sedebit‘s
3133 5107 3187 5150 et
3228 5112 3323 5150 vos
3354 5112 3514 5166 super
3548 5097 3714 5152 sedes

2123 5180 2426 5246 duodecim,
2458 5181 2759 5251 judicantes
2781 5184 3058 5239 duodecim
3093 5186 3261 5240 tribus
3291 5185 3469 5241 l~rael.
3502 5187 3599 5242 llic
3619 5187 3709 5241 di—

2125 5273 2327 5325 scimus
2359 5288 2479 5325 cum
2511 5275 2623 5327 suis
2656 5275 2935 5345 discipulis
2958 5277 3317 5345 judicaturnm
3356 5278 3717 5347 .lcsum,unde

2126 5374 2179 5418 et
2200 5365 2324 5417 alibi
2360 5364 2561 5419 Judtcis
2583 5367 2715 5421 dixit
2747 5386 2761 5422 :
2792 5368 2846 5421 Si
2879 5384 2977 5436 ego
3014 5371 3062 5421 in
3094 5369 3395 5434 Bvelzehnb
3417 5368 3575 5438 ejicio
3597 5372 3715 5422 dm-

2129 5460 2335 5526 monia,
2366 5459 2458 5513 filii
2502 5463 2664 5514 vestri
2715 5462 2766 5515 in
2808 5478 2911 5528 quo
2941 5462 3193 5530 ejiciunt?
3222 5463 3341 5517 ideo
3372 5464 3467 5533 ipsi
3498 5462 3714 5533 jndiees

2128 5554 2289 5606 vestri
2310 5562 2494 5607 erunt.
2516 5553 2623 5607 Nec
2647 5554 2894 5622 quoniam
2921 5570 3081 5622 super
3102 5554 3383 5608 duodecim
3409 5554 3566 5609 sedes
3592 5568 3713 5608 ses-

2126 5661 2282 5701 surus
2313 5660 2433 5700 esse
2461 5647 2558 5709 ait,
2591 5645 2874 5700 duodecim
2907 5646 3051 5701 solos
3075 5645 3321 5701 homines
3350 5660 3470 5699 cum
3506 5646 3593 5698 illo
3620 5645 3710 5712 ju-

2125 5739 2395 5793 dicaturos
2433 5746 2621 5804 putare
2662 5735 2953 5800 debemus,
2991 5737 3321 5790 duodeuario
3368 5736 3564 5805 quippe
3604 5752 3707 5789 nu-

2127 5847 2273 5887 me:0
2309 5832 2553 5885 universa
2597 5829 2837 5899 quaedam
2884 5828 2997 5896 sign
3026 5827 3177 5883 licata
3234 5837 3315 5883 est
3350 5826 3702 5895 judicantium
