3990 6180
424 280 529 334 775

1497 276 1557 328 n.
1602 271 1918 329 EUGIPPII
1965 269 2247 329 ADB.\TlS
2288 272 2605 329 AFHICANI
3608 260 3697 329 mi

419 401 519 452 bus
551 396 667 465 plus
689 394 854 465 rmpit
877 393 1069 462 impios
1102 392 1403 462 possidere.
1431 391 1553 444 Plus
1586 405 1817 459 namque
1840 390 2011 458 possi-
2048 399 2089 449 Α
2123 392 2274 455 anni,
2312 402 2362 444 ιιι
2402 409 2506 445 non
2537 392 2817 446 seduceret
2844 388 2954 461 jtim
3005 399 3214 460 gentes.
3250 390 3375 444 Post
3414 387 3559 462 lboc]
3588 390 3698 445 hzec

417 489 577 545 detur
599 504 628 542 a
657 488 904 554 diabolo,
938 487 1029 556 qui
1061 501 1166 538 non
1200 485 1371 538 solum
1405 494 1484 537 est
1516 482 1783 535 alienatis
1811 496 1841 534 a
1876 480 2008 543 Deo,

417 601 606 640 verum
640 584 798 637 etiam
835 584 999 649 gratis
1033 578 1145 634 odit
1185 576 1487 631 servientes
1519 575 1666 630 Deo:
1708 574 1773 628 Et
1797 574 2009 636 clausit,

420 676 633 739 inquit,
665 683 719 728 et
748 670 979 739 signavit
1002 682 1166 735 super
1203 680 1325 719 eum
1360 675 1416 718 ut
1459 681 1564 717 non
1598 663 1881 717 seduceret
1901 662 2010 732 jam

419 775 649 837 gentes,
704 765 877 818 donec
925 763 1177 815 ﬁniantur
1237 759 1379 812 mille
1422 758 1568 811 anni.
1608 757 1809 811 Clausit
1852 770 2015 823 super

419 875 575 921 eum,
608 857 806 909 dictum
858 864 961 915 est,
996 851 1276 906 interdixit
1314 850 1362 904 ei
1416 865 1482 903 ne
1526 859 1705 917 posset
1738 848 1920 912 exire,
1957 847 2010 899 id

419 960 502 1003 est
532 950 749 1004 vetitum
785 945 1080 1014 transgredi
1116 960 1131 996 :
1177 941 1409 1012 s'gnatit
1449 951 1625 993 autem
1660 940 1799 1009 quod
1830 938 2010 1001 addit,

418 1040 751 1108 signiﬁcasse
799 1037 927 1090 mihi
960 1034 1191 1099 videtur,
1222 1033 1349 1103 quia
1379 1032 1650 1085 occultum
1697 1044 1819 1085 esse
1849 1029 2015 1081 voluit

419 1134 507 1200 qni
540 1132 840 1199 pertineant
868 1127 932 1180 ad
976 1134 1182 1195 partem
1214 1123 1415 1178 diaboli
1446 1165 1461 1188 ,
1508 1132 1563 1177 et
1588 1122 1677 1191 qui
1708 1137 1814 1176 non
1846 1123 2009 1190 perti-

422 1232 602 1276 neant.
641 1221 751 1274 [loc
782 1223 978 1287 qu‘ppe
1007 1216 1059 1269 in
1091 1215 1198 1269 hoc
1224 1214 1429 1268 smculo
1462 1228 1689 1282 prorsus
1717 1213 1867 1277 latet,
1893 1211 2011 1278 quia

421 1325 473 1369 et
504 1314 593 1381 qui
639 1313 850 1365 videtur
879 1318 1023 1362 stare
1056 1317 1236 1359 utrum
1273 1305 1341 1358 sit
1368 1318 1623 1369 casurus,
1658 1313 1711 1358 et
1736 1304 1825 1374 qui
1867 1305 2015 1356 vide-

421 1416 507 1460 tur
546 1405 728 1473 jacere
757 1411 934 1454 utrum
975 1400 1046 1453 sit
1092 1406 1460 1459 surrecturus,
1496 1396 1760 1449 incertum
1792 1406 1894 1449 est.
1933 1394 2014 1449 Ab

421 1501 499 1551 eis
528 1505 703 1549 autem
754 1493 1001 1561 gentibus
1031 1488 1354 1543 seducendis
1393 1487 1548 1555 huius
1582 1485 1853 1541 interdiCIi
1902 1486 2017 1538 vin—

422 1590 541 1644 culo
571 1598 623 1641 et
655 1587 892 1638 claustro
920 1581 1167 1636 diabolus
1188 1578 1500 1646 prohibetur
1522 1590 1683 1645 atque
1705 1578 2013 1645 cohibetur,

424 1696 556 1751 quas
589 1678 917 1747 pertinentes
943 1674 1006 1727 ad
1036 1672 1309 1728 Christum
1340 1669 1631 1725 seducehat
1658 1678 1818 1725 antea
1838 1670 1919 1723 vel
1940 1679 2017 1724 te-

2120 482 2245 549 inqu
2273 494 2312 548 t,
2342 493 2702 551 oportetenm
2734 483 2867 536 solvi
2905 482 3052 537 brevi
3087 491 3330 550 tempore
3353 520 3368 546 ,
3412 483 3457 535 si
3499 480 3601 535 hoc
3629 494 3706 535 est

2118 574 2330 627 diabolo
2361 572 2513 641 ligari
2537 583 2589 628 et
2617 574 2837 639 includi,
2872 573 3167 629 Ecclesiam
3209 588 3315 627 non
3347 587 3505 641 posse
3547 572 3703 626 sedu-

2120 679 2264 727 cere,
2296 665 2411 718 hmo
2430 679 2558 734 ergo
2588 664 2907 719 eritsolutio
2927 665 3042 733 ejus
3072 674 3129 717 ut
3155 665 3362 734 possit?
3387 665 3548 718 absit.
3580 662 3709 717 Nun-

2117 772 2276 826 quam
2322 756 2463 810 enim
2512 755 2579 810 ab
2616 755 2707 811 illo
2748 756 2992 810 Ecclesia
3024 756 3309 810 seducetur
3335 754 3707 825 prtedestinata

2118 858 2171 903 et
2199 849 2370 901 electa
2409 857 2535 902 ante
2563 847 2744 901 mundi
2787 847 3250 907 constitutionem,
3281 846 3349 900 de
3377 860 3480 912 qua
3510 846 3709 899 dictum

2118 949 2223 1005 est,
2251 939 2405 993 Novit
2438 939 2694 993 Dominus
2723 939 2810 1008 qui
2843 946 2966 992 sunt
3010 940 3128 1003 ejus
3153 955 3167 990 :
3196 946 3252 991 et
3273 946 3454 990 tamen
3487 935 3576 990 hic
3613 937 3713 988 erit

2118 1030 2283 1085 etiam
2340 1030 2438 1084 illo
2495 1041 2741 1098 tempore
2803 1045 2911 1097 quo
2968 1027 3257 1084 solvendus
3310 1035 3396 1082 est
3448 1026 3709 1085 diabolus.

2121 1123 2263 1176 sicut
2319 1137 2384 1175 ex
2415 1136 2522 1190 quo
2573 1131 2656 1175 est
2711 1121 2951 1175 instituta
3000 1120 3087 1174 hic
3142 1119 3276 1183 fuit,
3340 1128 3395 1172 et
3438 1119 3541 1173 erit
3566 1118 3710 1172 omni

2126 1227 2370 1284 tempore
2399 1216 2449 1268 in
2483 1214 2595 1269 suis
2625 1215 2808 1284 utique
2843 1213 2934 1283 qui
2981 1212 3272 1268 succedunt
3304 1212 3573 1267 nascendo
3601 1227 3713 1264 mo-

2119 1307 2402 1362 rienttbus.

2633 1374 2859 1432 CAPUT
2900 1373 3194 1429 CXXXVI.

2124 1472 2262 1538 Quid
2318 1470 2733 1541 respondendum
2756 1471 2821 1523 sit
2851 1471 2923 1521 eis
2967 1469 3053 1539 qui
3080 1475 3263 1541 putent
3292 1464 3712 1541 resurrectionem

2191 1549 2259 1595 ad
2284 1538 2662 1610 sola—corpora,
2694 1557 2794 1593 non
2819 1544 2973 1610 etiam
3006 1541 3074 1590 ad
3116 1539 3317 1590 animus
3350 1538 3621 1600 pertinere,
3652 1549 3713 1586 ea“

2192 1615 2365 1735 ἳοτΙειιι
2395 1615 2526 1666 libro
2570 1614 2632 1665 de
2659 1609 2880 1665 Civitate
2921 1609 3018 1662 Dei
3051 1625 3112 1661 xx
3141 1648 3156 1673 ,
3188 1613 3320 1660 inter
3349 1616 3537 1660 ca'tera
3569 1614 3613 1657 ct
3644 1613 3709 1656 ad

2218 1701 2384 1735 ocunn

2218 1701 2276 1736 οε
2282 1702 2310 1736 ιι
2318 1701 2364 1736 ιιι
2371 1720 2384 1737 ε

425 1775 605 1826 nebat.
645 1770 749 1823 Has
780 1768 921 1821 enim
955 1766 1094 1819 Deus
1126 1763 1289 1831 elegit
1313 1771 1438 1816 ante
1469 1761 1651 1815 tnnndi
1681 1762 2019 1815 constittttio-
2056 1770 2097 1828 Β
2196 1774 2322 1830 Hac
2372 1773 2699 1829 resurreciio
2729 1771 2900 1842 prima
2935 1779 3037 1826 est.
3071 1771 3265 1826 Beams
3301 1780 3353 1825 ei
3381 1776 3597 1824 saucius
3628 1765 3712 1836 qui

429 1880 551 1917 nem
583 1873 775 1914 eruere
806 1857 874 1910 de
908 1864 1174 1922 potestate
1206 1852 1551 1907 tenebrarum
1574 1893 1588 1916 ,
1634 1860 1689 1906 et
1727 1852 2022 1907 transferre

426 1955 477 2005 in
508 1965 729 2020 regnum
764 1948 856 2001 ﬁlii
885 1945 1163 2000 charitatis
1207 1958 1340 2007 sine,
1374 1944 1514 1996 sicut
1544 1944 1833 2011 Apostolus
1866 1943 2016 1999 dicit.

436 2046 566 2099 Nam
600 2042 862 2095 seducere
906 2038 1054 2090 illum
1108 2048 1294 2105 gentes
1341 2035 1502 2089 etiam
1548 2052 1689 2089 nunc
1734 2044 1787 2089 ct
1837 2051 2018 2090 secum

428 2139 641 2192 trahere
673 2135 724 2186 in
755 2142 1012 2185 aeternam
1042 2143 1254 2199 poenam
1282 2169 1295 2185 .
1335 2126 1435 2183 sed
1466 2144 1569 2182 non
1604 2129 2021 2199 praedestinatas

427 2231 478 2284 iu
511 2238 768 2281 mternam
809 2224 972 2276 vitam
1005 2221 1124 2289 quis
1155 2219 1328 2272 ﬁdelis
1376 2219 1621 2288 ignorat?
1653 2219 1762 2275 Nec
1810 2230 2023 2274 moveat

427 2325 568 2395 quod
598 2339 740 2392 smpe
768 2320 1013 2375 diabolus
1033 2317 1421 2373 seducitetiam
1458 2318 1580 2372 illos
1600 2319 1687 2387 qui
1718 2317 2023 2386 regenerati

426 2419 536 2487 iam
587 2417 639 2469 in
693 2415 909 2469 Christo
941 2412 1054 2465 vias
1103 2409 1475 2479 ingrediuntur
1513 2410 1652 2464 Dei:
1701 2411 1851 2464 novit
1880 2412 2021 2465 enim

432 2508 692 2562 Dominus
723 2504 811 2571 qui
859 2511 984 2556 sunt
1013 2500 1131 2570 ejus
1157 2540 1171 2563 ,
1203 2514 1268 2554 ex
1301 2499 1383 2552 his
1416 2500 1469 2554 in
1499 2511 1755 2555 teternam
1805 2501 2022 2555 damna-

432 2603 631 2655 tionem
659 2594 925 2651 llelllillelll
959 2594 1050 2648 ille
1072 2592 1300 2647 seducit.
1332 2592 1424 2647 Sic
1449 2593 1592 2646 enim
1616 2607 1711 2646 eos
1734 2593 1887 2645 novit
1919 2592 2025 2645 Do-

430 2696 609 2749 minus
657 2700 717 2745 ut
766 2691 940 2753 Deus,
985 2702 1143 2757 quem
1178 2686 1307 2741 nihil
1342 2687 1475 2741 latet
1503 2687 1664 2739 etiam
1699 2685 2023 2749 futurorum,

432 2804 537 2841 non
566 2795 625 2840 ut
652 2784 812 2837 homo
842 2781 931 2851 qui
979 2780 1251 2834 hominem
1300 2777 1364 2832 ad
1414 2792 1651 2846 prmsens
1682 2776 1847 2845 videt,
1874 2777 1918 2831 si
1951 2786 2029 2830 ta-

432 2896 555 2933 men
585 2876 733 2930 videt
764 2873 921 2943 cujus
963 2886 1057 2926 cor
1089 2885 1193 2925 non
1219 2869 1396 2936 videt,
1430 2869 1604 2939 qualis
1633 2878 1811 2923 autem
1840 2877 2027 2938 pOStca

431 2975 503 3027 sit
533 2971 743 3025 futurus
764 3007 779 3033 ,
814 2981 911 3020 nec
943 2980 1003 3018 se
1025 2966 1198 3032 ipsum
1225 2963 1391 3015 videt.

964 3053 1194 3108 CAPUT
1236 3051 1501 3107 CXXXV.

731 3154 810 3204 De
836 3147 1138 3217 alligatione
1164 3155 1209 3198 et
1243 3146 1498 3198 solutione
1527 3145 1738 3198 diaboli.

502 3248 582 3302 Ad
616 3244 717 3298 hoc
761 3256 890 3310 ergo
940 3240 1136 3307 ligatus
1171 3246 1255 3291 est
1303 3237 1552 3291 diabolus
1592 3249 1647 3292 et
1694 3236 1934 3293 inclusus
1967 3236 2020 3292 in

430 3342 628 3411 abysso
652 3378 666 3401 ,
700 3344 757 3388 ut
784 3333 896 3402 jam
947 3345 1052 3384 non
1083 3329 1306 3384 seducat
1343 3338 1531 3399 gentes
1575 3344 1638 3384 ex
1671 3329 1864 3399 quibus
1893 3344 2025 3384 cono

430 3443 537 3490 etat
567 3427 823 3485 Ecclesia,
861 3436 991 3491 quas
1019 3430 1145 3474 ante
1196 3422 1448 3475 seductas
1482 3422 1705 3476 tenebat
1730 3432 2022 3491 antequam

429 3534 575 3582 esset
605 3522 861 3578 Ecclesia.
897 3520 1029 3593 [Nec
1058 3516 1198 3569 enim
1241 3514 1444 3567 dictum
1489 3524 1592 3579 est,
1626 3524 1683 3567 ut
1714 3529 1818 3568 non
1867 3516 2026 3568 sedu-

431 3625 577 3674 ceret
606 3615 967 3685 aliquem,sed
986 3622 1159 3665 utnon
1181 3609 1486 3671 seduceret,
1521 3607 1720 3678 inquit,
1750 3608 1864 3677 jam
1896 3625 2027 3678 gen-

434 3706 559 3779 tes.]
586 3707 768 3777 Neque.
798 3708 941 3760 enim
970 3703 1172 3758 dictn-n
1205 3708 1327 3755 est:
1356 3699 1427 3755 Ut
1474 3715 1581 3754 non
1613 3700 1923 3767 seduceret,
1948 3702 2023 3754 in-

438 3805 575 3870 quit,
602 3802 709 3869 jam
747 3809 936 3870 gentes
967 3797 1019 3852 in
1052 3796 1246 3865 quibus
1279 3793 1517 3849 Ecclesia
1552 3792 1905 3862 proculdubio
1932 3810 2028 3846 vo-

433 3894 530 3949 luit
567 3891 813 3959 intelligi.
848 3890 1031 3943 Donec
1072 3886 1354 3953 liniantur,
1389 3884 1585 3955 inquit,
1616 3883 1763 3939 mille
1792 3888 1940 3951 anni,
1976 3883 2029 3939 id

434 3994 537 4048 est,
568 3993 659 4036 aut
687 3980 830 4051 quod
863 3985 1106 4034 remanet
1133 3976 1201 4031 de
1238 3986 1392 4031 sexto
1421 3975 1536 4045 die,
1585 3976 1675 4046 qui
1716 3986 1929 4032 constat
1961 3990 2027 4033 ex

434 4076 583 4131 mille
605 4074 781 4141 annis,
805 4080 894 4125 aut
919 4083 1109 4124 omnes
1135 4067 1262 4122 anni
1290 4066 1481 4134 quibus
1503 4067 1757 4136 deinceps
1784 4067 1887 4122 hoc
1925 4084 2032 4122 sa:-

432 4168 613 4223 cnlum
662 4162 1021 4234 peragendum
1077 4168 1183 4214 est.
1241 4157 1351 4213 Nec
1397 4159 1477 4214 sic
1524 4159 1895 4228 accipiendum
1948 4171 2032 4215 est

432 4259 575 4329 quod
610 4262 713 4324 ait,
762 4255 832 4311 Ut
880 4269 983 4307 non
1025 4253 1307 4307 seduceret
1349 4260 1535 4321 gentes
1564 4251 1737 4307 donec
1781 4252 2036 4308 ﬁniantur

434 4351 585 4406 mille
615 4348 764 4411 anni,
809 4345 960 4416 quasi
992 4353 1176 4413 postea
1214 4343 1284 4396 sit
1311 4343 1630 4397 seducturus
1659 4358 1750 4397 eas
1777 4342 2036 4400 duntaxat

431 4451 650 4509 gentes,
680 4453 747 4491 ex
777 4435 968 4505 quibus
1005 4434 1380 4502 przeiestinata
1428 4441 1637 4487 constat
1686 4433 1923 4489 Ecclesia
1947 4476 1961 4501 ,
2007 4450 2036 4488 a

2128 1866 2287 1921 habet
2314 1867 2366 1920 in
2395 1866 2494 1920 bac
2523 1864 2695 1935 prima
2719 1864 3114 1919 resurrectione
3141 1871 3371 1933 partem,
3402 1859 3454 1914 id
3479 1866 3581 1923 est,
3608 1874 3714 1927 par-

2128 1962 2296 2030 ticeps
2324 1960 2444 2030 ejus
2472 1968 2591 2024 est;
2625 1958 2741 2026 ipse
2787 1966 2872 2012 est
2919 1966 3098 2011 autem
3147 1955 3413 2023 particeps
3460 1952 3599 2020 ejus,
3628 1952 3715 2019 qui

2128 2069 2232 2106 non
2285 2053 2459 2105 solum
2490 2066 2517 2103 a
2554 2059 2728 2103 morte
2764 2063 2882 2118 quas
2930 2048 2982 2101 in
3033 2044 3274 2115 peccatis
3317 2052 3396 2099 est
3428 2040 3714 2103 reriviscit,

2127 2160 2313 2199 verum
2351 2144 2513 2197 etiam
2563 2143 2615 2196 in
2677 2157 2743 2194 eo
2786 2140 2926 2210 quod
2977 2138 3230 2194 revixerit
3260 2134 3611 2204 permanebit.
3664 2135 3717 2188 ln

2128 2236 2245 2292 istis
2274 2278 2288 2300 ,
2322 2237 2533 2305 inquit,
2566 2233 2799 2289 secunda
2845 2247 2990 2286 mors
3044 2247 3148 2285 non
3182 2231 3339 2284 habet
3375 2237 3717 2298 potestatem.

2131 2330 2300 2385 liabet
2332 2344 2462 2398 ergo
2494 2327 2546 2381 in
2570 2326 2791 2395 reliquis
2829 2325 2895 2380 de
2921 2325 3115 2393 quibus
3145 2324 3393 2392 superius
3424 2321 3497 2375 ait
3528 2336 3544 2375 :
3570 2320 3714 2375 Reli-

2128 2420 2219 2489 qui
2245 2435 2429 2474 eorum
2464 2435 2569 2474 non
2611 2419 2858 2472 vixerunt
2904 2418 3076 2470 donec
3109 2417 3362 2469 liniantur
3391 2415 3541 2468 mille
3571 2411 3723 2474 anni,

2134 2511 2388 2579 quoniam
2433 2521 2547 2566 toto
2586 2510 2689 2565 isto
2737 2509 2997 2577 temporis
3030 2507 3358 2569 intervallo,
3407 2505 3551 2574 quod
3582 2504 3726 2557 mille

2133 2619 2303 2656 annos
2346 2611 2536 2669 vorat,
2580 2610 3051 2671 quantulicumque
3082 2599 3132 2652 in
3176 2614 3241 2652 eo
3270 2600 3495 2668 quisque
3539 2612 3725 2652 eorum

2133 2693 2265 2746 vixit
2306 2693 2358 2746 in
2406 2706 2665 2761 corpore,
2710 2706 2817 2745 non
2849 2674 3043 2745 revixit
3071 2705 3101 2744 a
3132 2699 3326 2753 morte,
3359 2689 3411 2742 in
3450 2704 3555 2759 qua
3602 2704 3725 2742 eum

2135 2785 2353 2840 tenebat
2393 2784 2669 2852 impietas,
2712 2792 2770 2837 ut
2810 2783 2890 2837 sic
2920 2782 3293 2837 reviviscendo
3320 2782 3511 2851 prima:
3540 2796 3726 2835 resur-

2138 2877 2397 2931 rectionis
2420 2874 2686 2946 particeps
2715 2875 2898 2937 ﬁeret,
2928 2885 3087 2944 atque
3114 2876 3168 2927 in
3210 2888 3275 2928 eo
3302 2884 3617 2942 pmestatem
3644 2886 3728 2927 sc-

2136 2968 2312 3021 cunda
2357 2981 2502 3020 mors
2549 2981 2654 3019 non
2688 2964 2928 3019 haberet.
2960 2964 3097 3020 Sunt
3121 2965 3209 3035 qui
3241 2974 3420 3035 putant
3453 2979 3729 3019 resurrec-

2139 3059 2344 3115 tionem
2376 3059 2480 3113 dici
2513 3074 2619 3113 non
2651 3074 2808 3127 posse
2846 3058 2953 3129 91
2989 3060 3088 3112 nisi
3124 3073 3447 3127 corporum,
3501 3058 3730 3127 ideoque

2051 3137 2097 3199 C
2132 3152 2289 3205 istam
2338 3167 2552 3221 quoque
2601 3152 2827 3219 primam
2873 3148 2928 3202 in
2969 3149 3284 3219 corporibus
3328 3148 3562 3203 futuram
3607 3164 3732 3203 esse

2127 3244 2484 3299 contendunt.
2520 3245 2754 3310 Quorum
2789 3242 3053 3309 cnimest,
3086 3242 3349 3311 inquiunt,
3378 3239 3597 3305 cadere,
3632 3255 3731 3294 eo-

2128 3355 2246 3393 rum
2280 3348 2363 3393 εει
2390 3353 2713 3407 resurgere,
2750 3338 2949 3391 cadunt
2974 3348 3155 3393 autem
3179 3351 3401 3406 corpora
3425 3335 3730 3399 moriendo,

2132 3448 2255 3486 nam
2292 3440 2347 3486 et
2385 3446 2414 3484 a
2447 3430 2689 3485 cadendo
2718 3431 2979 3485 cadavera
3013 3438 3387 3499 nuncupantur
3416 3444 3431 3482 :
3464 3442 3571 3482 non
3601 3442 3735 3496 ergo

2131 3523 2459 3584 animarum,
2481 3521 3096 3592 inquiunt,re~urrcctio
3123 3531 3299 3591 potest
3317 3535 3457 3586 esse,
3491 3518 3588 3573 sed
3608 3533 3734 3572 cor-

2132 3629 2346 3684 porum.
2371 3612 2480 3667 Sed
2520 3612 2646 3683 quid
2674 3621 2859 3667 contra
2885 3613 3199 3680 Apostolum
3225 3612 3446 3674 dicunt,
3479 3610 3572 3680 qui
3602 3623 3726 3663 eam

2132 3705 2589 3760 resurrcCtionem
2620 3703 2893 3773 appellat?
2919 3702 3049 3758 Nam
3065 3703 3357 3759 secundum
3391 3703 3733 3767 interiorem,

2133 3813 2239 3854 non
2269 3797 2569 3852 secundum
2607 3795 2937 3851 exteriorem
2980 3796 3253 3851 hominem
3305 3796 3490 3865 utique
3545 3810 3735 3850 resur-

2134 3899 2389 3946 rexerant
2410 3889 2604 3957 quibus
2632 3889 2708 3942 ait
2731 3904 2745 3940 :
2768 3885 2827 3941 Si
2852 3887 3327 3943 conresurrexistis
3347 3901 3469 3941 cum
3493 3883 3735 3951 Christo,

2139 3999 2262 4055 quae
2291 3998 2505 4038 sursum
2537 3991 2660 4036 sunt
2708 3983 2913 4049 sapite;
2945 3996 3102 4052 quem
3148 3995 3367 4035 sensum
3398 3980 3585 4035 verbis
3615 3979 3739 4032 aliis

2135 4076 2261 4131 alibi
2293 4078 2470 4145 posuit
2513 4076 2698 4127 dicens
2727 4089 2740 4125 :
2772 4072 2842 4127 Ut
2869 4071 3320 4139 quemadmodum
3368 4069 3616 4123 Christus
3647 4084 3737 4121 te-

2135 4167 2376 4224 surrexit
2406 4182 2434 4220 a
2460 4165 2685 4220 mortuis
2716 4179 2812 4234 per
2838 4164 3064 4233 gloriam
3094 4161 3298 4227 Patris,
3332 4162 3411 4214 sic
3452 4169 3507 4214 et
3554 4175 3658 4214 nos
3685 4161 3738 4214 in

2138 4262 2377 4316 novitate
2406 4258 2530 4312 vita:
2559 4257 2915 4311 ambulemus.
2953 4255 3087 4309 llinc
3132 4261 3217 4309 est
3255 4264 3311 4309 et
3337 4253 3463 4307 illud
3498 4270 3511 4304 :
3565 4253 3741 4323 Surge

2138 4352 2226 4422 qui
2258 4350 2492 4412 dormis,
2520 4357 2576 4403 et
2596 4362 2828 4418 exsurge
2860 4362 2890 4400 a
2921 4346 3163 4414 mortuis,
3205 4354 3259 4400 et
3308 4344 3638 4399 illuminabit
3686 4354 3740 4397 te

2140 4443 2408 4498 Christus.
2441 4440 2594 4506 Quod
2625 4448 2807 4494 autem
2850 4437 3037 4493 dicunt
3067 4452 3173 4492 non
3226 4451 3385 4506 posse
3414 4450 3739 4504 resurgere,

435 4531 630 4599 quibus
655 4524 973 4582 sedncendis
1005 4523 1095 4577 illo
1123 4531 1206 4577 εει
1236 4522 1449 4576 vinculo
1478 4525 1817 4594 claustroque
1848 4525 2031 4594 pl‘Ohi-
2065 4509 2111 4568 υ
2141 4532 2241 4588 nisi
2278 4531 2369 4603 qui
2401 4531 2622 4593 cadunl.
2653 4542 2707 4586 et
2752 4530 2872 4586 ideo
2923 4539 3106 4595 puum
3163 4527 3619 4585 resurrectionem
3672 4527 3740 4582 ad

434 4623 591 4675 bitus.
626 4619 730 4676 Sed
759 4628 848 4672 aut
893 4617 978 4671 illa
1012 4616 1278 4670 locutione
1321 4616 1523 4670 dictum
1565 4626 1646 4670 est
1673 4632 1792 4686 qua:
1823 4616 1877 4670 in
1908 4616 2037 4673 scri-

434 4713 608 4783 pturis
642 4711 919 4780 aliquOties
953 4710 1219 4763 invenitur
1248 4707 1419 4777 qualis
1447 4719 1529 4762 est
1576 4708 1629 4762 in
1678 4709 1907 4777 psalmo,
1941 4710 2031 4766 Sic

433 4804 570 4857 oculi
601 4803 769 4856 nostri
811 4802 875 4854 ad
911 4800 1189 4854 Dominum
1221 4800 1385 4853 Deum
1417 4810 1689 4866 nostrum,
1723 4800 1895 4856 donec
1931 4805 2031 4856 mi-

433 4902 675 4950 sereatur
725 4894 911 4947 nostri.
957 4892 1137 4961 Neque
1196 4893 1336 4945 enim
1379 4906 1498 4945 cmn
1552 4892 1803 4947 misertus
1850 4894 2025 4958 fuerit,

434 5005 542 5044 non
579 4995 736 5043 erunt
778 4986 915 5039 oculi
944 5001 1219 5039 servorum
1265 4989 1381 5054 ejus
1430 4986 1498 5040 ad
1543 4988 1821 5043 Dominum
1867 4992 2029 5046 Deum

432 5098 610 5138 suum.
642 5083 747 5136 Aut
774 5090 919 5134 certe
947 5081 1049 5133 iste
1077 5088 1157 5132 est
1179 5081 1313 5132 ordo
1345 5083 1624 5134 verborum
1645 5124 1659 5150 ,
1690 5092 1745 5137 et
1770 5084 1956 5138 clausit
1982 5094 2036 5139 et

430 5175 660 5245 signavit
689 5186 850 5241 super
889 5186 1012 5224 eum
1042 5171 1213 5224 donec
1245 5169 1496 5223 ﬁniantur
1521 5172 1663 5226 mille
1701 5174 1845 5227 anni.
1877 5173 2030 5240 Quod

431 5286 559 5325 vero
589 5265 903 5336 interposuit
935 5263 1001 5320 Ut
1032 5279 1134 5316 non
1176 5262 1452 5317 seduceret
1478 5263 1600 5333 jam’
1619 5273 1839 5335 gentes,
1873 5269 1941 5321 ita
1973 5282 2033 5324 se

430 5366 611 5430 habet,
647 5372 705 5417 ut
731 5361 798 5414 ab
820 5357 974 5429 huius
1005 5356 1210 5413 ordinis
1239 5370 1337 5410 con
1352 5363 1579 5411 ﬂexione
1618 5359 1689 5413 sit
1719 5360 1943 5415 liberum
1972 5368 2025 5416 et

431 5472 672 5515 seorsum
706 5452 1130 5523 intelligendum,
1154 5450 1297 5503 velut
1328 5454 1370 5502 si
1398 5459 1514 5517 post
1540 5451 1847 5519 adderetur,
1865 5462 1921 5507 ut
1948 5454 2027 5508 sic

429 5565 489 5604 se
520 5551 738 5604 haberet
764 5557 867 5601 l0la
902 5547 1203 5599 sententia:
1244 5540 1309 5595 Et
1337 5542 1546 5606 clausit,
1594 5552 1647 5596 et
1676 5546 1904 5612 signavit
1931 5561 2025 5599 su—

431 5656 527 5711 per
555 5656 677 5695 eum
706 5640 877 5694 donec
902 5637 1151 5691 ﬁniantur
1179 5638 1321 5692 mille
1343 5636 1491 5697 anni,
1527 5644 1709 5689 utnon
1740 5639 2027 5693 seduceret

400 5729 535 5819 .jam
575 5744 794 5802 gentes,
821 5730 869 5785 id
903 5732 1138 5797 eSt,idco
1166 5733 1355 5789 clausit
1384 5731 1554 5789 donec
1597 5732 1845 5787 ﬁniantur
1878 5732 2021 5789 mille

2138 4642 2363 4695 corpora
2396 4639 2501 4680 non
2534 4626 2600 4677 ad
2626 4623 2835 4677 animas
2862 4621 3161 4692 pertinere,
3185 4621 3308 4690 quia
3338 4634 3631 4687 corporum
3658 4628 3741 4675 est

2138 4719 2371 4784 cadere,
2406 4734 2501 4771 cur
2532 4731 2637 4771 non
2686 4714 2926 4780 audiunt,
2979 4713 3093 4768 Non
3125 4713 3389 4767 recedatis
3418 4710 3486 4765 ab
3529 4712 3624 4766 illo
3674 4727 3743 4766 ne

2136 4813 2359 4876 cadatis,
2385 4820 2460 4880 et,
2487 4810 2596 4868 Suo
2625 4810 2845 4865 domino
2870 4818 2974 4863 stat
3004 4815 3096 4861 aut.
3124 4806 3289 4873 cadit,
3316 4814 3394 4874 et,
3419 4805 3516 4873 Qui
3548 4820 3613 4860 se
3643 4820 3741 4873 puo

2139 4919 2218 4963 tat
2264 4920 2409 4963 stare
2461 4916 2648 4961 ca\eat
2707 4919 2774 4959 ne
2824 4902 3013 4960 eadat;
3056 4910 3182 4971 puto
3225 4900 3369 4956 enim
3398 4942 3412 4965 ,
3463 4898 3610 4968 quod
3683 4900 3737 4952 in

2148 5002 2325 5053 anima
2379 5015 2483 5052 non
2517 4999 2567 5051 in
2610 5010 2840 5064 corpore
2883 5008 3041 5048 casus
3088 4991 3189 5047 iste
3218 4990 3492 5045 cavendus
3518 4998 3629 5044 est.
3679 4988 3738 5044 Si

2146 5092 2309 5162 igitur
2338 5088 2643 5144 cadentium
2695 5096 2778 5141 est
2828 5086 3149 5139 resurrectio
3175 5122 3190 5145 ,
3223 5079 3424 5134 cadunt
3465 5088 3651 5133 autem
3686 5088 3740 5131 ct

2140 5187 2356 5251 anitnzc,
2406 5181 2650 5252 profecto
2689 5189 2743 5235 et
2789 5181 2994 5232 animas
3037 5190 3317 5245 resurgrre
3365 5173 3737 5228 conﬁtendum

2140 5289 2245 5334 est.
2277 5275 2428 5343 Quod
2459 5285 2635 5329 autem
2661 5287 2783 5328 cum
2812 5270 3066 5331 dixisset,
3099 5266 3150 5319 in
3182 5267 3298 5321 istis
3324 5264 3560 5321 secunda
3582 5280 3735 5318 mors

2137 5385 2244 5423 non
2282 5368 2442 5420 habet
2471 5372 2813 5435 potestatem,
2842 5346 3084 5429 adjunxit
3115 5368 3275 5427 atque
3297 5358 3405 5411 ait:
3436 5355 3539 5412 Sed
3567 5365 3756 5433 erunt.

2139 5463 2445 5517 Sacerdotes
2476 5460 2568 5514 Dei
2601 5469 2656 5513 et
2684 5455 2902 5521 Christi,
2938 5464 2992 5509 et
3024 5452 3319 5521 tegnabuut
3341 5466 3464 5505 cum
3493 5466 3557 5505 eo
3580 5452 3733 5503 mille

2137 5555 2333 5609 annis:
2366 5568 2469 5607 non
2503 5553 2685 5620 utique
2713 5549 2780 5603 de
2825 5550 2958 5603 solis
2998 5549 3269 5617 epiScopis
3300 5556 3354 5599 et
3397 5544 3732 5615 presbyteris

2135 5646 2335 5701 dictum
2364 5654 2465 5707 est,
2498 5644 2584 5712 qui
2614 5641 2826 5711 proprie
2851 5639 2962 5709 iam
2996 5648 3258 5694 vocantur
3288 5635 3343 5690 in
3377 5637 3614 5691 Ecclesia
3640 5651 3733 5689 sa-

2137 5738 2401 5802 cerdolcs,
2430 5734 2522 5790 sed
2554 5730 2734 5806 [sicut]
2762 5732 2840 5787 sic
2869 5746 3058 5788 omnes
3078 5731 3307 5785 christos
3338 5728 3560 5786 dicimus
3591 5741 3728 5797 pro.
