3990 6180
266 256 369 310 ΠἺ

1424 248 1850 306 TIIESAURUS.
1893 248 2044 301 CAP.
2087 247 2373 303 CXXXIX.

3419 256 3520 308 773

265 381 385 440 pter
420 367 703 438 mysticum
729 363 986 426 chrisma,
1017 365 1098 418 sic
1120 377 1307 418 omnes
1345 365 1671 428 sacerdotes,
1705 377 1837 432 quo-
1865 367 1916 426 Α
1943 363 2043 418 bus
2070 363 2318 430 gentibus
2339 363 2458 428 erit,
2485 364 2627 431 quod
2655 365 3013 434 signiﬁcatum
3046 374 3161 428 est,
3199 371 3413 423 nomine
3445 373 3514 424 la-

267 462 408 515 uiam
431 459 670 514 membra
691 465 819 511 sunt
845 456 1000 508 unius
1027 456 1342 509 sacerdotis.
1383 455 1456 509 De
1495 456 1686 522 quibus
1714 469 1842 522 apo-

267 549 442 603 stolus
468 546 657 600 Petrus
689 563 704 599 :
737 545 911 608 Plebs,
949 544 1140 609 inquit,
1181 553 1362 597 sancta
1387 545 1561 609 regale
1591 543 1842 598 sacerdo-

263 641 418 692 tium.
445 637 588 690 Saue
618 636 743 688 licet
767 633 1004 687 breviter
1046 644 1206 702 atque
1235 643 1577 687 transeunter
1608 635 1841 686 insinua-

264 730 342 782 vit
383 743 506 782 eSse
556 724 836 779 Dominum
883 724 1170 787 Christum,
1225 723 1449 776 ditendo
1481 742 1493 774 :
1525 723 1842 778 Sacerdotes

261 820 356 874 Dei
386 831 440 874 et
477 818 694 881 Christi,
721 818 821 871 hoc
843 825 927 869 est
968 815 1138 868 Patris
1167 826 1219 868 et
1250 815 1395 880 Filii,
1441 816 1680 883 quamvis
1727 832 1843 884 pro-

260 919 380 977 pter
411 911 636 961 loraiam
664 908 805 960 servi
837 905 972 958 sicut
995 905 1223 957 hominis
1254 904 1444 967 Filius,
1474 905 1542 958 ita
1571 907 1728 958 etiam
1756 921 1840 958 sa-

257 998 453 1052 cerdos
507 997 753 1052 Christus
784 996 1005 1049 eﬁectus
1035 995 1104 1048 sit
1134 996 1189 1047 in
1240 1004 1501 1048 retentum
1547 998 1836 1051 secundum

258 1091 504 1144 ordinem
535 1086 943 1142 Melchisedech.
977 1086 1052 1140 De
1083 1102 1184 1154 qua
1229 1100 1288 1140 re
1318 1085 1370 1140 iu
1417 1087 1516 1139 huc
1541 1101 1703 1154 opere
1733 1102 1840 1140 non

257 1181 426 1234 semel
456 1178 706 1233 diximus.

757 1290 987 1345 CAPUT
1042 1289 1352 1346 CXXXVII.

255 1401 334 1455 De
361 1400 474 1470 σος
489 1412 537 1454 et
567 1399 754 1470 Magog
778 1417 902 1468 quos
925 1402 990 1453 ad
1011 1403 1409 1471 persequendam
1443 1401 1721 1455 Ecclesium
1749 1401 1840 1458 Dei

324 1473 524 1525 solutus
553 1487 710 1537 prope
742 1473 897 1537 ﬁnem
924 1471 1101 1524 sis-culi
1122 1471 1356 1526 diabolus
1380 1473 1635 1540 incitabit,
1660 1488 1724 1528 ea:
1747 1489 1838 1528 eo-

330 1543 448 1594 dem
480 1543 609 1592 libro
641 1556 728 1592 xx.

329 1655 395 1707 Et
431 1669 552 1707 cum
595 1652 728 1706 ﬁniti
781 1652 976 1706 fuerint
1005 1653 1148 1707 mille
1169 1654 1295 1708 anni
1340 1655 1586 1709 solvetur
1610 1657 1836 1712 Satanas

1949 454 2186 507 titudinis
2209 464 2400 520 terrm,
2443 455 2515 508 ibi
2544 467 2702 510 erunt
2741 467 2918 510 castra
2964 468 3268 512 sanctorqu
3299 460 3386 514 ubi
3417 465 3518 515 erit

1943 544 2135 601 dilecta
2167 545 2275 598 Deo
2320 547 2511 599 civitas
2540 546 2656 614 ejus
2688 589 2703 613 ,
2761 548 2830 601 ibi
2877 549 2944 602 ab
2989 549 3236 603 omnibus
3292 551 3520 606 inimicis

1943 635 2076 701 suis,
2098 637 2222 704 quia
2251 644 2305 689 et
2330 637 2426 704 ipsi
2451 636 2502 690 in
2530 637 2779 692 omnibus
2805 655 2927 693 cum
2957 640 3045 693 illa
3074 643 3317 709 gentibus
3338 656 3518 704 erunt,

1946 727 2332 794 persecutionis
2363 728 2502 780 il'ius
2544 730 2870 784 immanitate
2897 731 3160 799 cingetur,
3208 731 3308 786 hoc
3337 742 3419 786 est
3465 734 3518 787 in

1944 817 2221 884 angustias
2253 818 2610 872 tribulationis
2638 821 2948 886 arctabitur,
2982 825 3275 890 urgebitur.
3299 825 3516 878 conclu-

1943 905 2119 970 detur,
2151 922 2251 961 nec
2283 907 2526 960 militiam
2553 924 2701 962 suam
2733 911 2966 975 deseret,
2999 929 3116 981 qua:
3147 915 3406 967 vocabqu
3431 929 3516 971 est

1943 997 2206 1063 appellata
2249 1007 2570 1051 castrorum.
2603 1001 2754 1064 Quod
2804 1017 2929 1054 vero
2975 1005 3085 1070 ait,
3131 1013 3186 1056 et
3242 1006 3518 1060 desceud.t

1944 1083 2080 1151 ignis
2102 1085 2169 1138 de
2198 1088 2336 1138 ructo
2364 1094 2418 1138 et
2463 1089 2696 1140 comedit
2721 1105 2834 1153 eos,
2870 1106 2972 1144 non
3005 1103 3301 1146 extremum
3332 1106 3517 1162 putan-

1940 1176 2066 1228 dum
2101 1176 2259 1229 estid
2281 1191 2401 1230 esse
2429 1177 2787 1244 supplicium,
2822 1181 2962 1248 quod
2994 1184 3096 1235 erit
3137 1199 3255 1236 cum
3289 1185 3514 1250 dicetur,

1944 1263 2214 1319 Discedite
2242 1283 2268 1315 a
2295 1281 2402 1328 me,
2437 1266 2735 1326 maledicti.
2764 1268 2814 1320 in
2859 1269 3032 1335 igni-tn
3063 1279 3343 1324 :cternum.
3369 1273 3516 1326 'I‘unc

1939 1354 2136 1424 quippe
2165 1357 2216 1409 iu
2273 1356 2450 1423 ignem
2495 1356 2770 1411 mittentur
2801 1360 2897 1424 ipsi
2926 1400 2940 1422 ,
2986 1376 3092 1413 non
3122 1362 3256 1430 ignis
3285 1365 3353 1417 de
3379 1366 3515 1418 caelo

1941 1450 2118 1503 veniet
2147 1452 2338 1523 [super
2360 1451 2525 1523 ipsos]
2558 1454 2607 1506 in
2641 1452 2805 1520 ipsos.
2829 1453 2924 1506 Hic
2955 1463 3130 1508 autem
3156 1458 3290 1511 bene
3319 1458 3516 1512 intelli-

1939 1542 2082 1610 gitur
2107 1544 2242 1612 ignis
2263 1545 2331 1598 de
2359 1547 2520 1610 caelo,
2551 1545 2620 1599 de
2640 1545 2752 1611 ipsa
2788 1546 3036 1600 ﬁrmitate
3065 1560 3388 1613 sanctorum,
3411 1568 3514 1618 qua

1941 1649 2046 1687 non
2076 1637 2384 1690 concessuri
2430 1645 2554 1690 sunt
2583 1637 2926 1690 saevientibus
2950 1678 2963 1700 ,
3002 1647 3058 1692 ut
3088 1655 3272 1693 eorum
3319 1642 3514 1699 faciant

245 1748 323 1801 de
351 1747 592 1800 custodia
635 1759 730 1798 sua
751 1785 766 1810 ,
801 1746 877 1818 [ει
917 1745 1104 1816 uigil]
1133 1747 1197 1800 ad
1228 1747 1562 1803 “ducenda
1593 1749 1832 1804 “moues
1868 1731 1914 1790 Β
1941 1727 2288 1782 voluntatem.
2323 1729 2737 1782 Firmamentum
2758 1741 2840 1783 est
2861 1730 3003 1782 enim
3033 1731 3227 1784 ctelum
3252 1736 3402 1799 cujus
3425 1735 3513 1787 ﬁr-

243 1855 376 1908 qua:
429 1847 555 1891 sunt
613 1837 665 1889 in
692 1845 920 1905 quatuor
949 1837 1157 1906 angulis
1195 1849 1366 1902 :errie,
1398 1839 1510 1906 Cng
1541 1848 1595 1892 et
1623 1840 1830 1910 Magng,

242 1939 306 1981 ct
338 1931 514 1982 trahet
533 1941 626 1981 eas
657 1927 707 1980 in
742 1926 937 1980 bellum
965 1943 1188 1995 quorum
1223 1945 1472 1982 numerus
1499 1940 1600 1994 est,
1635 1940 1692 1982 ut
1718 1947 1836 1985 aru-

244 2038 321 2074 ua
353 2021 540 2075 maris.
588 2019 667 2073 Ad
715 2017 813 2071 hic
842 2035 972 2086 ergo
1015 2031 1138 2071 tunc
1164 2020 1404 2084 seducet,
1435 2021 1560 2074 utin
1591 2021 1691 2076 hoc
1722 2021 1834 2076 bel-

242 2117 360 2166 lum
392 2112 588 2165 trahat.
633 2110 762 2164 Nam
793 2121 846 2164 et
874 2119 1028 2164 antea
1073 2111 1242 2163 modis
1272 2113 1465 2179 quibus
1504 2122 1708 2180 poterat
1742 2128 1836 2180 per

242 2203 392 2255 mala
420 2202 582 2254 multa
615 2209 670 2254 ct
708 2201 854 2252 varia
905 2200 1212 2254 seducebat.
1247 2200 1427 2254 Exibit
1471 2211 1671 2265 autem,
1717 2202 1834 2256 dic-

241 2305 363 2346 tum
392 2300 497 2353 est,
532 2291 583 2343 in
606 2299 842 2358 apertam
865 2291 1289 2358 persecutionem
1313 2291 1380 2344 de
1409 2291 1622 2346 latebris
1643 2307 1836 2346 erum-

240 2395 336 2453 pet
375 2383 646 2437 odiorum.
680 2383 808 2436 Ilaec
835 2383 976 2435 enim
1019 2383 1122 2435 erit
1152 2383 1443 2437 novissima
1492 2387 1793 2452 persecutio
1816 2427 1831 2450 ,

240 2476 547 2529 novissimo
576 2475 886 2527 imminente
911 2472 1112 2540 judicio
1137 2511 1152 2538 ,
1185 2489 1342 2544 quam
1373 2486 1554 2528 sancta
1591 2477 1832 2531 Ecclesia

239 2579 364 2622 toto
390 2578 651 2621 terrarqu
681 2567 811 2621 orbe
857 2565 1086 2634 patietur
1111 2605 1126 2630 ,
1160 2567 1410 2620 universa
1440 2569 1652 2624 scilicet
1697 2569 1832 2624 civi-

240 2670 328 2712 tas
349 2657 588 2724 Christi,
613 2656 682 2710 ab
716 2657 962 2710 universa
993 2655 1191 2711 diaboli
1230 2657 1449 2716 civitate
1479 2669 1830 2726 quantacum-

239 2765 350 2815 que
377 2750 482 2802 erit
522 2756 746 2815 utraque
777 2762 938 2816 super
993 2758 1206 2800 terram.
1250 2747 1448 2802 Gentes
1476 2749 1673 2819 quippe
1719 2752 1834 2807 istas

239 2854 381 2904 quas
408 2839 644 2906 appellat
673 2838 788 2907 Gog
812 2849 866 2892 et
893 2839 1097 2905 Magog,
1121 2851 1224 2889 non
1254 2838 1333 2890 sic
1358 2849 1484 2892 sunt
1510 2839 1834 2908 accipiendae

240 2940 504 2998 tanquam
537 2928 645 2982 sint
674 2929 859 2996 aliqui,
892 2928 943 2981 in
991 2928 1163 2996 aliqua
1215 2939 1366 2996 parte
1393 2939 1654 2984 terrarum
1707 2933 1834 2985 Bar-

241 3021 359 3075 bari
401 3021 717 3087 constituti,
767 3022 882 3076 sive
909 3035 1044 3089 quos
1091 3021 1306 3090 quidam
1345 3023 1689 3089 suspicantur
1732 3023 1836 3078 Ge-

242 3126 326 3166 tas
349 3122 409 3166 et
436 3112 794 3182 Massagetas,
825 3121 1039 3181 propter
1067 3112 1270 3168 litteras

245 3205 485 3270 primas,
521 3203 632 3257 sive
657 3203 792 3256 alios
835 3203 886 3257 al
911 3218 1046 3272 quos
1073 3204 1399 3273 alienigenas
1429 3203 1501 3275 [et
1531 3220 1559 3258 a
1592 3205 1832 3260 Romano

242 3296 363 3365 jure
404 3293 700 3364 sejunctas]
731 3304 784 3348 et
825 3309 856 3346 a
894 3293 1060 3348 Iioma
1087 3311 1189 3348 non
1221 3295 1338 3360 jure
1377 3298 1668 3361 sejunctos.
1695 3297 1832 3362 Tcto

242 3403 482 3457 namque
514 3387 645 3442 orbe
682 3396 947 3441 terrarum
978 3387 1264 3456 signiﬁcati
1294 3399 1418 3442 sunt
1448 3389 1532 3443 isti
1561 3405 1680 3444 esse
1708 3405 1829 3443 cum

241 3481 452 3534 dictum
505 3491 590 3534 est
617 3519 632 3543 ,
662 3481 906 3533 nationes
949 3496 1068 3549 qua:
1115 3490 1238 3534 sunt
1276 3481 1328 3534 in
1373 3491 1601 3551 quatuor
1626 3482 1833 3551 angulis

242 3585 442 3633 terrae,
487 3585 686 3639 easque
717 3566 944 3639 subjecit
983 3585 1104 3626 esse
1136 3570 1248 3642 Gog
1279 3583 1330 3626 ct
1363 3574 1566 3642 lllagug,
1605 3589 1830 3642 quorum

242 3661 754 3731 interpretationem
799 3662 1072 3715 nominum
1125 3678 1246 3717 esse
1304 3666 1662 3732 comperimus
1721 3664 1834 3735 Gog

241 3765 451 3811 tectum
478 3798 495 3821 ,
530 3755 716 3824 Magog
763 3755 831 3810 de
878 3764 1056 3820 tecto,
1105 3764 1354 3825 tanquam
1401 3758 1592 3812 domus
1636 3769 1689 3813 et
1718 3759 1835 3826 ipse

240 3848 327 3916 qui
377 3845 626 3915 procedit
649 3846 718 3899 de
747 3845 944 3911 domo;
979 3846 1178 3900 Gentes
1225 3845 1424 3917 [igitur]
1471 3863 1597 3916 ergo
1627 3857 1752 3902 sunt
1779 3846 1832 3900 in

241 3938 444 4005 quibus
473 3933 746 3988 diabolum
780 3934 925 3989 velut
971 3933 1022 3988 in
1067 3933 1262 4004 abysso
1294 3935 1540 4002 superius
1570 3934 1832 4004 intellige-

241 4032 442 4080 bamus
492 4023 774 4088 inclusum,
805 4032 860 4078 et
903 4025 1016 4093 ipse
1052 4024 1120 4079 de
1149 4025 1255 4078 illis
1284 4025 1677 4094 quodammodo
1716 4039 1836 4080 sese

240 4119 485 4171 eﬂereus
511 4124 564 4169 et
589 4113 914 4182 procedens,
945 4113 1026 4186 [ut
1053 4114 1140 4168 ille
1169 4115 1305 4168 sicut
1333 4125 1556 4177 tectum,
1586 4113 1699 4182 ipse
1728 4124 1835 4168 tec-

242 4206 386 4278 tum]
439 4217 496 4260 ut
539 4206 644 4260 illa:
688 4206 797 4260 sint
845 4213 1041 4259 tectum
1092 4204 1208 4273 ipso
1259 4206 1519 4260 detecto.
1555 4204 1610 4259 Si
1657 4215 1833 4259 autem

243 4311 545 4365 utrumque
570 4297 864 4350 referamus
893 4294 960 4348 ad
982 4305 1201 4363 gentes,
1235 4310 1340 4348 non
1371 4311 1532 4348 unum
1560 4296 1746 4349 horum
1768 4295 1834 4348 ad

242 4392 393 4457 illas,
424 4391 655 4443 alterum
681 4389 747 4442 ad
775 4388 1043 4442 diabolum
1066 4404 1080 4452 ;
1107 4399 1160 4443 et
1191 4397 1386 4443 tectum
1419 4389 1547 4458 ipsa:
1568 4399 1692 4442 sunt
1711 4390 1835 4459 quia

243 4484 296 4536 iu
324 4483 417 4536 eis
456 4479 796 4534 concluditur
827 4489 882 4534 et
909 4478 1303 4547 quodammodo
1346 4480 1545 4548 tegitur
1588 4479 1836 4534 inimicus

243 4574 530 4639 antiquus,
557 4581 612 4624 et
640 4571 706 4624 de
733 4580 874 4626 tecto
920 4572 1049 4640 ipsae
1079 4581 1237 4624 erunt
1263 4571 1477 4640 quando
1517 4572 1568 4624 in
1589 4583 1834 4641 apertum

242 4669 435 4720 odium
462 4666 529 4718 de
549 4672 736 4732 aperto
758 4675 1026 4731 eruptura:
1055 4673 1199 4717 sunt.

745 4773 972 4828 CAPUT
1012 4773 1342 4828 CXXXVIII.

242 4872 324 4924 An
363 4868 438 4919 ad
493 4866 726 4919 ultimum
760 4866 1015 4934 judicium
1059 4866 1304 4929 pertineat
1354 4866 1647 4934 impiorum,
1700 4869 1835 4934 quod

315 4938 650 4992 descendisse
691 4937 824 5003 ignis
846 4937 910 4989 de
943 4935 1090 5000 cado,
1115 4945 1162 4988 et
1199 4938 1400 4990 eosdem
1429 4937 1708 4992 comedisse
1733 4953 1837 4990 me-

314 5019 581 5071 moratur,
611 5023 672 5059 ει
699 5007 876 5060 eodem
907 5005 1060 5059 libro.

315 5120 482 5187 Quod
513 5136 639 5174 vero
667 5121 741 5172 ait
765 5137 780 5172 :
813 5120 876 5174 Et
898 5119 1261 5174 ascenderunt
1281 5135 1442 5188 super
1469 5129 1628 5175 terrm
1657 5120 1836 5175 latitu-

245 5212 462 5275 dinem,
503 5221 554 5263 et
598 5211 879 5263 cinxerunt
921 5221 1100 5264 castra
1150 5220 1460 5264 sanctorum
1490 5220 1545 5266 et
1588 5211 1836 5266 dilectam

244 5304 560 5366 civitatem;
596 5319 700 5355 non
734 5303 914 5371 utique
959 5304 1024 5356 ad
1063 5319 1225 5358 unum
1282 5304 1458 5357 locum
1511 5306 1726 5359 venisse
1755 5304 1838 5358 vel

247 5394 468 5447 venturi
512 5407 634 5446 esse
663 5393 945 5460 signiticati
995 5405 1140 5458 sunt,
1175 5395 1326 5462 quasi
1361 5410 1466 5449 uno
1508 5397 1690 5462 aliquo
1719 5397 1838 5452 loco

248 5484 437 5537 latura
469 5490 576 5535 sint
619 5490 793 5534 castra
827 5492 1133 5536 Sanctorum
1165 5495 1219 5539 et
1247 5485 1440 5539 dilecta
1475 5487 1684 5553 civitas,
1716 5503 1836 5541 cum

251 5575 370 5630 hch
401 5591 508 5628 non
536 5574 729 5627 sitnisi
760 5573 956 5628 Christi
1000 5575 1238 5630 Ecclesia
1273 5588 1382 5631 toto
1415 5586 1678 5632 terrarum
1710 5580 1840 5634 orbe

248 5666 466 5734 d-ﬁusrt,
494 5681 554 5720 ac
580 5681 671 5730 per
695 5667 793 5718 hoc
824 5666 1141 5732 ubicumque
1166 5677 1289 5723 tunc
1318 5669 1412 5724 erit
1440 5685 1558 5739 qua:
1586 5670 1638 5722 in
1661 5671 1837 5725 omni-

584 5781 855 5836 PA!R')I..
894 5778 1090 5837 LXII.

1941 1816 2125 1872 unitate
2156 1819 2228 1872 illi
2258 1819 2642 1872 cruciabuntur
2662 1821 3042 1873 ardentissimo
3082 1822 3227 1884 zelo,
3260 1827 3510 1892 quoniam

1938 1924 2042 1961 non
2076 1918 2321 1972 poterunt
2365 1909 2636 1963 attrahere
2690 1910 2744 1962 in
2790 1921 2964 1978 partes
3014 1911 3324 1967 Antichristi
3368 1931 3514 1970 sanc~

1940 2005 2022 2050 tos
2049 1997 2275 2062 Christi,
2304 2009 2355 2051 et
2386 1999 2499 2065 ipse
2525 2001 2628 2052 erit
2673 2000 2807 2066 ignis
2836 2002 2923 2068 qui
2953 2003 3200 2056 comedet
3228 2020 3322 2058 eos
3345 2009 3514 2060 ethoc

1937 2098 1968 2136 a
2000 2085 2128 2147 Deo,
2169 2088 2289 2153 quia
2323 2086 2414 2139 Dei
2449 2101 2672 2140 munere
2701 2086 3088 2154 inseparabLles
3121 2091 3257 2144 ﬁunt
3285 2095 3456 2146 sancti
3491 2112 3504 2146 :

1938 2174 2078 2229 unde
2145 2173 2569 2248 [cruciabuntur]
2631 2178 3011 2231 excruciantur
3067 2181 3289 2234 inimici.
3362 2183 3511 2238 Sicut

1935 2265 2078 2320 enim
2111 2265 2163 2318 in
2217 2267 2356 2319 bono
2389 2268 2617 2335 positum
2658 2277 2740 2320 est
2771 2267 2880 2338 [ubi
2935 2269 3148 2340 legitur]
3180 2288 3193 2324 :
3226 2272 3380 2325 Zelus
3409 2275 3509 2325 dn-

1937 2372 2056 2411 mus
2088 2365 2192 2409 tua:
2221 2358 2454 2410 comedit
2495 2375 2602 2423 me,
2655 2359 2724 2412 ita
2754 2374 2785 2413 e
2833 2361 3100 2414 contrario
3145 2363 3218 2432 [in
3245 2367 3385 2417 malo
3416 2368 3506 2418 tibi

1935 2446 2154 2519 dicitur]
2206 2447 2411 2502 :Zelus
2455 2448 2734 2516 occupavit
2783 2450 2988 2516 plebem
3038 2450 3384 2518 ineruditum,
3455 2469 3509 2508 et

1938 2549 2064 2594 tunc
2098 2539 2235 2608 ignis
2263 2541 2562 2594 contrarios
2588 2541 2918 2603 cumedet,et
2938 2552 3059 2596 tunc
3091 2545 3270 2610 utique
3287 2557 3512 2614 excepto

1935 2631 2142 2685 scilicet
2167 2630 2334 2684 ultimi
2368 2631 2508 2685 illius
2538 2631 2659 2701 igne
2701 2631 2907 2699 judicii,
2957 2641 3049 2685 aut
3076 2634 3119 2684 si
3150 2649 3266 2686 eam
3303 2634 3509 2701 plagam

1935 2736 2040 2789 qua
2070 2721 2403 2790 percutiendi
2433 2731 2556 2774 sunt
2580 2721 2830 2774 Ecclesiae
2861 2731 3229 2789 persecutores
3261 2723 3510 2783 veniente

1931 2813 2040 2881 jam
2071 2813 2285 2867 Christo
2311 2853 2328 2879 ,
2362 2828 2495 2882 quos
2525 2813 2762 2866 viventes
2801 2813 3036 2866 inveniet
3063 2827 3224 2880 super
3271 2824 3464 2868 terram
3490 2857 3507 2880 ,

1935 2907 2148 2973 quando
2200 2904 2483 2958 interliciet
2533 2903 2920 2957 Anticln-istum
2973 2903 3161 2971 spiritu
3217 2903 3329 2956 oris
3385 2907 3508 2970 sui,

1938 2996 2113 3064 ignem
2144 2995 2428 3064 appellavit
2470 2994 2881 3049 descendentem
2909 2994 2976 3049 de
3011 2996 3166 3056 uelo,
3199 3010 3396 3063 eusque
3421 3014 3511 3049 cu-

1317 3083 1505 3166 hom'm
1552 3115 1824 3168 nominum
1860 3112 1902 3173 ε
1937 3085 2239 3139 medentem
2267 3126 2282 3149 ,
2316 3100 2486 3154 neque
2512 3084 2613 3137 hoc
2645 3083 2886 3138 ultimum
2935 3085 3250 3152 supplicium
3287 3085 3381 3138 eii-
3412 3084 3512 3139 im-

1937 3178 2173 3246 piorum,
2199 3177 2292 3231 sed
2317 3175 2444 3231 illud
2468 3176 2610 3247 quod
2636 3174 2776 3230 laeta
2804 3190 3088 3243 corporum
3118 3176 3512 3231 resurrectione

1936 3269 2142 3338 passuri
2171 3276 2316 3322 sunt.

2443 3377 2670 3434 CAPUT
2706 3374 2997 3431 CXXXIX.

1939 3496 2086 3561 Quod
2115 3494 2378 3565 apostolus
2430 3491 2966 3546 Thessalonicensibus
3011 3493 3294 3565 scripserit,
3344 3503 3391 3546 et
3446 3495 3510 3544 de

2007 3563 2415 3633 mmt‘festatioue
2457 3565 2775 3631 Antichristi,
2824 3578 2887 3616 ex
2933 3565 3106 3615 eodem
3157 3563 3286 3615 libro
3339 3581 3402 3616 xx
3449 3566 3514 3616 de

2008 3635 2223 3689 Civitute
2255 3635 2369 3690 Dei.

2009 3753 2320 3820 Itugamus,
2379 3751 2579 3820 inquit,
2636 3766 2753 3814 vos,
2807 3750 3028 3814 fratres,
3086 3765 3180 3818 per
3230 3751 3514 3804 adventum

1942 3843 2152 3896 Domini
2188 3842 2356 3896 nostri
2384 3840 2510 3895 Iesu
2552 3841 2750 3896 Christi
2778 3849 2833 3895 et
2862 3849 3058 3894 nostr-.e
3088 3844 3515 3911 coagregatinnis

1940 3934 1992 3986 iu
2025 3935 2234 4001 ipsum,
2269 3942 2327 3986 ιιι
2346 3949 2452 3986 tton
2477 3933 2584 3986 cito
2615 3932 2929 3985 moveatuiui
2957 3942 3164 3997 tuente,
3195 3949 3368 4003 neque
3408 3945 3514 3988 ter-

1941 4025 2186 4091 reamiui,
2207 4038 2379 4093 neque
2394 4038 2484 4089 per
2497 4024 2766 4092 spiritum,
2783 4039 2955 4092 neque
2971 4039 3064 4091 per
3083 4025 3300 4078 verbum
3313 4068 3326 4089 ,
3343 4040 3514 4094 neque

1940 4131 2034 4184 per
2053 4115 2335 4182 epistolam
2367 4123 2616 4183 tanquant
2645 4129 2743 4183 per
2767 4129 2863 4168 nos
2894 4115 3108 4168 missam
3128 4155 3142 4179 ,
3171 4115 3318 4184 quasi
3355 4116 3514 4170 iuswt

1939 4209 2054 4262 dies
2079 4207 2311 4275 Domini,
2347 4222 2412 4262 ne
2441 4208 2559 4276 quis
2581 4222 2677 4262 vos
2705 4205 2927 4261 seducat
2957 4206 3062 4260 ullo
3088 4208 3246 4260 tnodo
3266 4209 3514 4276 quoniam

1940 4299 2044 4353 nisi
2072 4299 2277 4352 venerit
2327 4298 2506 4368 refuga
2538 4299 2763 4367 primum
2796 4306 2851 4352 et
2878 4298 3142 4352 revelatus
3173 4298 3327 4352 fuerit
3358 4301 3516 4352 homo

1939 4391 2163 4458 peccati,
2200 4390 2336 4444 lilius
2375 4390 2640 4454 Interitns,
2681 4389 2772 4458 qui
2815 4388 3128 4443 adversatur
3163 4398 3218 4443 et
3263 4404 3516 4456 superes-

1867 4465 1917 4525 υ
1945 4483 2147 4537 tollitur
2173 4497 2332 4551 supra
2359 4497 2519 4536 omne
2546 4481 2684 4549 quod
2713 4481 2906 4535 dicitur
2932 4481 3071 4534 Deus
3100 4491 3190 4534 aut
3219 4481 3356 4548 quod
3388 4479 3515 4533 Culi-

1944 4583 2046 4637 tur,
2075 4572 2143 4626 ita
2173 4575 2299 4626 utin
2327 4572 2524 4640 templo
2548 4572 2638 4626 Dei
2664 4571 2868 4633 sedeat,
2889 4580 3163 4624 ostentans
3183 4584 3240 4624 se
3263 4579 3513 4637 tanquam

1944 4667 2014 4719 sit
2042 4666 2198 4720 Deus.
2232 4665 2345 4718 Non
2375 4665 2617 4718 retinetis
2641 4665 2691 4718 iu
2725 4664 2998 4726 memoria,
3029 4661 3169 4730 quod
3201 4662 3373 4714 adhuc
3394 4675 3514 4713 cuiu

1944 4773 2120 4812 essem
2163 4757 2302 4826 apud
2335 4772 2449 4822 vos,
2486 4755 2600 4810 ha-c
2641 4755 2879 4808 dicebam
2924 4752 3112 4806 vobis?
3139 4761 3193 4806 et
3224 4767 3362 4805 nunc
3392 4752 3518 4820 quid

1944 4850 2180 4904 detineat
2232 4849 2379 4904 scitis
2423 4859 2480 4902 ut
2531 4850 2796 4902 reveletur
2838 4847 2888 4900 iu
2936 4860 3034 4899 suo
3085 4854 3341 4912 tempore.
3401 4845 3519 4898 Jam

1941 4941 2083 4993 enim
2135 4941 2450 5008 mysterium
2506 4937 2796 5005 iniquitatis
2842 4944 3130 5004 operatur,
3178 4943 3382 4988 tantum
3431 4935 3519 5002 qui

1941 5031 2100 5084 modo
2126 5039 2270 5085 tenet
2296 5039 2495 5092 teneat,
2525 5029 2698 5082 donec
2726 5027 2792 5082 de
2839 5027 3015 5080 medio
3043 5029 3132 5081 liat
3159 5067 3174 5091 ,
3207 5036 3262 5082 et
3291 5037 3416 5080 tunc
3439 5043 3520 5080 re-

1941 5120 2202 5176 relabitur
2228 5120 2443 5188 iniquus
2488 5119 2623 5192 [ille]
2663 5136 2820 5189 quem
2851 5121 3102 5175 Dominus
3133 5119 3287 5174 Jesus
3318 5118 3519 5172 interﬁ-

1941 5214 2048 5267 ciet
2073 5213 2262 5282 spiritu
2293 5213 2400 5266 oris
2429 5213 2510 5267 sui
2543 5253 2556 5276 ,
2591 5222 2645 5266 et
2673 5212 2952 5267 evacuabit
2994 5212 3377 5266 illuminatioue
3405 5209 3516 5278 92

1943 5307 2239 5375 praesentiae
2275 5321 2386 5359 sine
2425 5320 2546 5357 eum
2593 5305 2748 5372 cujus
2788 5315 2868 5358 est
2907 5303 3186 5372 ριωεεηιίει
3227 5300 3517 5353 secundum

1942 5397 2305 5464 operationem
2327 5396 2542 5450 Satanze
2562 5438 2576 5462 ,
2603 5397 2652 5449 in
2679 5399 2820 5449 onmi
2849 5398 3042 5448 virtute
3064 5403 3117 5447 et
3141 5389 3303 5459 signis
3321 5399 3376 5442 et
3399 5403 3518 5457 pro-

1943 5488 2099 5557 iligiis
2130 5485 2392 5540 mendacii
2411 5526 2426 5550 ,
2455 5495 2507 5538 et
2539 5489 2589 5538 in
2618 5485 2761 5537 omni
2787 5483 3094 5538 seductione
3119 5477 3406 5545 iniquitatis
3434 5477 3518 5530 his

1945 5582 2032 5648 qui
2069 5591 2312 5648 pereunt,
2367 5594 2462 5648 pro
2494 5593 2558 5633 eo
2595 5577 2734 5646 quod
2763 5574 3102 5628 dilectionem
3145 5570 3384 5625 veritatis
3417 5588 3518 5625 non

1948 5683 2294 5741 receperunt,
2327 5683 2381 5726 ut
2413 5672 2541 5725 salvi
2574 5672 2787 5734 ﬁerent,
2823 5677 2875 5719 et
2899 5667 3016 5718 ideo
3047 5665 3220 5718 iuiztet
3247 5664 3353 5718 illis
3381 5663 3523 5720 Deus

2930 5776 3007 5834 9.5)
