3974 6184
456 229 553 284 779

1512 223 1572 279 D.
1617 222 1935 277 EIJCYPPII
1978 220 2269 279 ABBATIS
2309 223 2628 279 AFIKICANI

3616 224 3721 278 τευ

451 339 810 412 operationem
843 340 1068 405 erroris,
1104 347 1163 391 ut
1195 336 1418 392 credant
1463 336 1744 390 mendacio
1790 345 1845 389 et
1892 335 2036 405 judi-
2064 340 2117 399 Α
2142 350 2319 393 autem
2355 338 2671 407 Apostolnm
2702 340 2907 406 fideles,
2938 342 3074 397 utin
3109 342 3212 397 fide
3240 358 3399 412 quam
3427 351 3615 398 tenent
3640 349 3724 395 te-

452 442 640 488 ceutur
669 446 858 485 omnes
885 432 972 498 qui
1004 447 1107 483 non
1150 430 1490 484 crediderunt
1518 426 1751 490 veritati,
1782 429 1875 481 sed
1904 443 2032 481 enn-

451 533 732 580 senserunt
761 523 1023 591 iniquitati
1061 540 1072 572 :
1101 521 1226 575 nulli
1272 519 1490 574 dubium
1521 528 1604 573 est
1628 535 1751 573 enm
1783 519 1850 578 de
1880 520 2032 573 Anti-

453 619 655 673 rltristo
685 618 782 672 ista
813 616 1018 669 dixisse
1040 657 1053 677 ,
1077 616 1327 684 diemque
1345 613 1528 683 judicii
1562 614 1735 685 (hunc
1764 617 1906 668 enim
1942 629 2035 682 ap-

454 714 613 782 pellnt
634 711 771 764 diem
799 709 875 761 Do
899 708 1033 776 uiui)
1056 722 1299 763 nouesse
1321 717 1629 771 venturum,
1656 708 1757 761 nisi
1784 707 1871 760 ille
1892 707 2037 774 prior

455 802 657 859 venerit
678 818 835 863 quem
866 799 1104 868 refugam
1136 808 1307 863 vocat,
1345 800 1528 868 utique
1559 814 1590 852 τι
1629 799 1857 851 Dom‘nu
1903 798 2032 851 Deo.

453 872 602 962 Quod
633 894 677 947 si
708 893 774 948 de
798 891 1046 947 omnibus
1078 891 1253 958 impiis
1277 889 1581 944 meritodiei
1602 898 1774 958 potest
1798 929 1814 954 ,
1841 901 2038 954 quamn

452 984 620 1055 magis
649 983 717 1039 de
741 984 845 1038 isto
868 1027 882 1047 ,
916 981 1011 1037 sed
1063 981 1114 1035 in
1147 997 1252 1051 quo
1284 980 1481 1049 templo
1529 981 1619 1034 Dei
1651 978 1731 1051 [ut
1763 978 1924 1049 Deus]
1971 980 2039 1032 sit

453 1090 703 1132 cessurus
747 1076 1009 1129 incertum
1062 1081 1185 1135 est,
1220 1081 1396 1126 utrum
1428 1071 1480 1124 in
1532 1072 1617 1124 illa
1652 1070 1803 1125 ruina
1852 1070 2035 1135 templi

450 1171 591 1240 quod
621 1185 652 1224 a
674 1168 967 1226 Salomone
998 1181 1126 1234 rege
1179 1173 1545 1220 constructum
1576 1170 1659 1217 est
1682 1204 1698 1228 ,
1730 1178 1795 1214 an
1827 1177 1955 1215 vero
1984 1162 2034 1215 in

452 1261 714 1317 Ecclesia.
753 1261 864 1314 Non
909 1259 1050 1312 enim
1085 1260 1341 1322 templum
1382 1256 1538 1322 alicnj
1568 1270 1607 1307 .s
1656 1252 1781 1306 idoli
1813 1263 1903 1305 aut
1929 1254 2039 1305 d.e-

451 1352 624 1407 monis
664 1352 922 1416 templum
986 1348 1077 1401 Dei
1110 1347 1400 1415 Apostolus
1447 1345 1694 1397 diceret:
1727 1344 1866 1396 unde
1908 1360 2039 1396 non.

453 1443 580 1498 nulli
609 1458 714 1497 non
745 1443 915 1510 ipsum
948 1439 1270 1509 principem,
1304 1436 1398 1490 sed
1445 1437 1585 1488 uuiv.
1607 1450 1754 1488 rsum
1802 1436 2033 1502 qundam

452 1532 610 1588 modo
637 1547 832 1600 corpus
861 1530 1001 1600 ejus,
1027 1528 1078 1581 id
1105 1537 1188 1583 est
1211 1527 1275 1579 ad
1318 1541 1440 1581 eum
1474 1527 1826 1595 pertinentem
1862 1524 2035 1578 tiomi-

453 1642 581 1682 num
650 1621 1044 1678 multitudinem
1084 1618 1240 1670 simul
1297 1632 1416 1671 cum
1465 1616 1580 1684 ipso
1627 1630 1727 1669 suo
1774 1614 2036 1683 principe,

2140 430 2345 485 naeiter
2389 444 2736 500 perseVerent
2765 434 3015 498 dicendo,
3046 435 3277 487 Tantum
3307 433 3396 504 qui
3445 438 3611 490 modo
3659 446 3725 492 te-

2139 534 2251 589 net,
2285 533 2465 578 teneat
2485 527 2657 580 donec
2682 526 2750 580 de
2773 526 2949 579 nit-dio
2978 530 3087 592 ttat,
3121 528 3223 580 hoc
3246 539 3348 593 est,
3373 529 3546 582 donec
3567 540 3724 582 exeat

2137 616 2205 670 de
2232 617 2409 671 medio
2441 618 2695 671 Ecclesiae
2714 620 3029 688 mysterium
3056 619 3376 689 iniquitatis,
3406 620 3548 688 quod
3585 634 3727 673 nunc

2138 710 2406 762 occultum
2437 720 2539 764 est.
2572 710 2649 764 Ad
2702 710 2875 779 ipsum
2905 712 3050 766 enim
3101 712 3417 781 mysterium
3451 714 3726 780 pertinere

2138 798 2492 864 arbitrantur,
2526 800 2669 868 quod
2707 802 2782 853 ait
2810 802 2861 854 in
2894 801 3129 868 Epistula
3152 816 3247 854 sua
3278 801 3511 855 Joannes
3546 801 3725 853 Evan-

2140 887 2326 953 gelista
2353 905 2367 940 :
2405 890 2579 951 l’ueri‘,
2614 890 2903 944 notissima
2937 893 3064 944 liora
3099 902 3211 957 est,
3243 902 3297 947 et
3326 894 3464 945 sicut
3496 892 3729 946 audistis

2140 981 2279 1048 quod
2315 984 2674 1037 Anticltristus
2707 985 2777 1038 sit
2806 997 3089 1051 venturus,
3142 1001 3284 1041 nunc
3333 994 3515 1040 autem
3575 988 3729 1041 Anti-

2139 1073 2327 1126 christi
2382 1074 2529 1129 tnnlti
2588 1074 2715 1129 facti
2765 1087 2926 1141 sunt,
2961 1079 3102 1132 unde
3154 1081 3527 1148 cognoscimus
3581 1080 3729 1148 quod

2142 1166 2428 1219 novissima
2455 1168 2523 1221 sit
2552 1167 2701 1232 liora,
2731 1185 2797 1223 ex
2841 1172 2995 1224 nobis
3018 1173 3281 1233 exierunt,
3316 1172 3409 1225 sed
3443 1187 3547 1226 ιιοιι
3576 1183 3732 1227 erant

2139 1271 2202 1309 ex
2236 1256 2389 1310 nobis
2414 1274 2428 1322 ;
2457 1262 2600 1326 quod
2648 1260 2692 1314 si
2727 1261 2955 1315 fuissent
2985 1275 3049 1315 ex
3082 1263 3234 1316 nobis
3257 1304 3271 1327 ,
3298 1264 3732 1331 permansissent

2143 1347 2325 1415 utique
2360 1350 2658 1403 nobiscum.
2687 1350 2836 1404 Sient
2860 1366 2989 1421 ergo
3017 1365 3141 1406 ante
3165 1352 3323 1407 finem
3356 1355 3407 1406 in
3438 1353 3537 1408 bac
3574 1352 3731 1418 liora,

2140 1435 2406 1504 inquiunt,
2440 1453 2598 1507 quam
2634 1438 2868 1494 Joannes
2911 1441 3256 1494 novissimam
3298 1442 3449 1507 dicit,
3480 1445 3735 1497 exierunt

2143 1529 2291 1580 multi
2320 1527 2555 1583 ltmretici
2586 1530 2654 1584 de
2685 1530 2860 1586 medio
2888 1530 3168 1600 Ecclesim,
3202 1549 3337 1603 quos
3367 1536 3569 1588 multos
3605 1536 3733 1588 dicit

2142 1621 2506 1675 Antichristos
2530 1662 2544 1685 ,
2579 1624 2649 1676 ita
2691 1639 2879 1678 omnes
2912 1634 3037 1679 tunc
3067 1626 3190 1679 inde
3217 1628 3439 1679 exibunt
3476 1628 3575 1694 qui
3625 1642 3732 1679 non

456 1721 555 1773 hoc
587 1719 704 1771 loco
735 1712 955 1781 intelligi
1016 1710 1405 1765 Anticltristum
1478 1708 1659 1761 volunt
1685 1747 1701 1772 ,
1733 1704 2036 1763 rectiusque
2073 1706 2113 1765 Β
2141 1708 2208 1763 ad
2235 1710 2505 1765 Christum
2528 1753 2543 1777 ,
2575 1711 2670 1766 sed
2688 1713 2752 1766 ad
2785 1713 2932 1769 mum
2954 1715 3306 1770 novissimum
3333 1716 3733 1772 Amichrismm

456 1819 641 1881 putant
662 1808 825 1863 etiam
873 1804 1058 1859 Latine
1088 1802 1193 1855 dici
1234 1804 1370 1854 sicut
1417 1800 1467 1852 in
1498 1798 1687 1854 Grmco
1716 1806 1819 1862 est,
1853 1814 1956 1850 non
1989 1798 2038 1849 in

456 1902 656 1973 templo
689 1902 814 1964 Dei,
864 1896 959 1951 sed
1008 1897 1059 1949 in
1094 1893 1351 1961 templum
1403 1893 1491 1944 Dei
1524 1891 1733 1955 sedi-at,
1788 1897 2038 1958 tanquam

453 1997 567 2062 ipse
589 1994 656 2046 sit
687 1989 943 2058 templum
976 1986 1067 2040 Dei
1098 2024 1113 2049 ,
1155 1983 1298 2053 quod
1329 1992 1412 2037 est
1443 1981 1702 2042 Ecclesia,
1738 1982 1876 2033 sicut
1906 1980 2039 2033 dici-

459 2098 610 2140 mus:
644 2081 792 2136 sedet
823 2089 877 2132 et
909 2078 962 2131 in
985 2078 1249 2139 amicum,
1280 2075 1328 2127 id
1360 2083 1441 2128 est
1467 2074 1610 2126 velut
1641 2072 1963 2138 amicus,vi-l
1996 2072 2039 2125 si

455 2176 583 2247 quid
634 2172 779 2229 aliud
817 2173 923 2225 isto
966 2166 1249 2224 locutionis
1295 2179 1490 2235 genere
1537 2164 1645 2217 dici
1680 2164 1836 2217 solet.
1887 2162 2039 2227 Quod

457 2278 635 2324 autem
665 2267 758 2333 ait,
792 2263 857 2317 Et
887 2276 1029 2316 nunc
1078 2259 1203 2329 quid
1232 2257 1469 2312 detineat
1497 2256 1679 2324 scitis,
1728 2254 1777 2309 id
1808 2264 1891 2309 est
1915 2253 2039 2323 quid

454 2363 527 2416 sit
557 2362 609 2414 in
634 2372 805 2422 mora,
835 2370 954 2425 quae
975 2367 1134 2408 causa
1164 2350 1234 2405 sit
1255 2350 1523 2404 dilationis
1548 2347 1666 2417 ejus
1690 2355 1749 2400 ut
1776 2348 2042 2401 reveletur

454 2454 507 2507 in
530 2466 626 2505 sun
647 2458 906 2516 tempore,
928 2443 1105 2497 scitis:
1123 2440 1371 2511 quoniam
1391 2439 1529 2494 scire
1554 2439 1674 2492 illos
1686 2436 1840 2501 dixit,
1859 2446 2041 2506 aperte

456 2545 559 2596 lme
585 2541 765 2594 dicere
798 2536 989 2601 noluit,
1019 2542 1074 2589 et
1102 2534 1222 2587 ideo
1252 2547 1351 2587 nos
1380 2532 1470 2602 qui
1492 2531 1764 2586 nescimus
1794 2530 1934 2598 quod
1960 2528 2037 2582 illi

457 2633 731 2696 sciebant,
760 2627 1041 2699 pervenire
1087 2640 1208 2679 eum
1242 2624 1425 2679 labore
1469 2622 1536 2676 ad
1588 2622 1639 2677 id
1683 2622 1823 2692 quod
1871 2621 2041 2675 sensit

453 2725 761 2795 Apostolus,
796 2722 1040 2791 cupimus
1082 2735 1181 2774 nec
1209 2719 1468 2773 valemus.
1502 2716 1806 2772 Praesertim
1838 2718 1957 2786 quia
1986 2724 2040 2770 et

452 2816 537 2873 illa
569 2831 689 2888 qua:
732 2812 938 2869 addidit
967 2815 1107 2866 hunc
1154 2824 1369 2865 sensum
1403 2808 1601 2864 faciunt
1654 2807 2034 2863 obscuriorem.

454 2908 585 2964 Nam
639 2904 766 2975 quid
824 2913 906 2957 est
956 2921 969 2957 :
1012 2902 1128 2956 Jam
1181 2902 1324 2957 enim
1376 2902 1689 2969 mysterium
1750 2901 2039 2966 iniquitatis

455 3009 730 3070 operatur,
762 3006 969 3051 tantum
996 2995 1086 3063 qui
1133 2993 1292 3047 modo
1323 3002 1469 3046 tenet
1497 3032 1512 3057 ,
1544 3001 1721 3047 teneat
1750 2992 1923 3046 donec
1971 2992 2039 3046 de

2145 1802 2504 1868 pertinebunt,
2523 1813 2578 1857 et
2606 1815 2729 1857 tunc
2761 1806 3109 1861 revelabitur.
3141 1808 3291 1862 Alius
3312 1824 3440 1877 ergo
3465 1810 3571 1873 sic,
3596 1809 3735 1863 alius

2144 1892 2343 1965 [autem
2388 1894 2487 1966 sic]
2536 1898 2694 1951 aliter
2723 1899 2801 1951 sie
2834 1900 3080 1962 Apostoli
3129 1901 3357 1954 obscura
3403 1902 3571 1955 verba
3605 1918 3735 1956 con-

2139 1991 2322 2058 jectat,
2383 1992 2523 2057 quod
2579 2000 2754 2045 tamen
2786 2008 2909 2045 eum
2956 1992 3157 2046 dixisse
3208 2009 3311 2045 non
3357 1992 3584 2046 dubium
3631 2004 3730 2047 εει.

2142 2077 2258 2132 Non
2294 2080 2471 2133 veniet
2498 2080 2562 2133 ad
2588 2080 2736 2133 vivus
2764 2090 2815 2134 et
2846 2089 3089 2134 mortuos
3112 2080 3437 2150 jndieaudos
3458 2080 3557 2135 Clu
3578 2083 3730 2145 istus,

2143 2170 2243 2225 nisi
2278 2171 2424 2238 prius
2456 2174 2663 2226 venerit
2710 2173 2777 2227 ad
2804 2173 3142 2227 seluceudos
3168 2173 3222 2226 in
3269 2174 3448 2227 anima
3482 2191 3533 2227 ιιι
3565 2188 3734 2228 riuos

2142 2263 2480 2318 adversarius
2526 2265 2642 2333 ejus
2674 2266 3030 2320 Anticltri~tus
3060 2307 3074 2331 ,
3112 2268 3355 2335 quamvis
3381 2265 3494 2335 jam
3523 2268 3597 2319 ad
3638 2283 3733 2321 oc-

2142 2354 2342 2407 cultum
2370 2353 2629 2422 judicium
2653 2355 2743 2409 Dei
2772 2354 3055 2423 pertineat,
3079 2356 3218 2424 quod
3244 2355 3311 2409 ab
3343 2357 3432 2409 illo
3460 2357 3732 2411 seducen-

2144 2451 2247 2497 tur.
2286 2444 2576 2500 lutesciitia
2598 2446 2797 2514 quippe
2829 2446 2946 2514 ejus
2984 2454 3086 2500 cr.t
3111 2447 3249 2500 sicut
3273 2445 3474 2501 dictum
3507 2458 3619 2516 est,
3648 2463 3731 2503 se-

2144 2535 2381 2589 cundum
2412 2538 2781 2606 operationem
2807 2539 3020 2593 Satanae
3044 2578 3060 2603 ,
3091 2540 3141 2593 in
3174 2541 3317 2593 utnui
3348 2543 3544 2596 virtute
3577 2551 3639 2596 et
3661 2545 3730 2596 si-

2141 2625 2260 2694 gnis
2299 2635 2354 2681 et
2396 2626 2650 2698 prodigiis
2680 2629 2981 2693 mendacii,
3029 2639 3081 2683 et
3132 2631 3182 2683 in
3230 2632 3378 2685 Omni
3408 2632 3728 2688 seductione

2143 2714 2436 2786 iniquitatis
2477 2718 2561 2772 his
2608 2719 2699 2788 qui
2731 2728 2974 2787 pereunt.
3005 2719 3047 2772 Τ
3053 2734 3155 2774 unc
3181 2721 3321 2775 enim
3352 2722 3602 2777 solvetur
3633 2724 3731 2778 Sa-

2145 2817 2329 2872 tanas,
2363 2817 2418 2863 et
2465 2826 2558 2875 per
2587 2810 2736 2865 illum
2789 2811 3173 2867 Anticliristum
3205 2814 3255 2866 in
3303 2815 3450 2869 omni
3491 2833 3592 2870 sua
3627 2818 3729 2870 vir-

2146 2909 2255 2954 tute
2285 2901 2603 2957 mirabiliter
2634 2902 2873 2970 quidem,
2898 2902 2992 2957 sed
3031 2904 3359 2958 mendaciter
3388 2907 3724 2974 operaiiitur.

2142 2993 2295 3059 Quod
2332 2997 2469 3051 solet
2497 2997 2693 3065 ambigi
2727 3005 2903 3050 utrum
2934 3006 3213 3065 propterea
3242 2998 3379 3052 dicta
3409 3000 3537 3065 sint,
3570 3001 3731 3069 signa

451 3092 630 3147 medio
658 3088 767 3155 tiat,
798 3096 853 3143 et
884 3098 1010 3142 tunc
1037 3085 1364 3141 revelabitur
1394 3086 1646 3154 iniquus?
1682 3085 1792 3153 Ego
1814 3099 2033 3155 prorsus
2061 3086 2109 3149 C
2140 3091 2196 3139 et
2226 3088 2462 3155 prodigia
2508 3087 2796 3154 mendacii,
2825 3090 3079 3156 quoniam
3111 3089 3367 3143 mortales
3396 3104 3594 3143 sensus
3635 3106 3727 3157 per

452 3185 573 3255 quid
605 3181 800 3238 dixerit
847 3195 932 3235 me
962 3179 1131 3233 fateor
1177 3179 1424 3247 ignorare
1452 3220 1464 3242 ,
1494 3176 1829 3246 suspiciones
1857 3187 2035 3232 tamen

455 3277 733 3332 hominum
776 3286 910 3343 quas
936 3272 1019 3325 vel
1048 3269 1235 3325 audire
1265 3269 1346 3323 vel
1388 3270 1565 3339 legere
1615 3271 1760 3340 potui
1810 3286 1914 3324 non
1959 3282 2037 3324 ta-

452 3367 605 3421 cebo.
638 3364 864 3431 Quidam
916 3361 1238 3431 putant'hoc
1270 3360 1341 3415 de
1368 3359 1592 3430 imperio
1639 3361 1835 3418 dictum
1874 3363 2037 3418 fuisse

454 3456 726 3517 ltomann,
776 3461 832 3507 et
860 3461 1144 3521 propterea
1177 3449 1397 3504 Paulum
1429 3451 1729 3520 apostolum
1774 3451 1826 3506 id
1852 3464 2037 3522 aperte

452 3544 686 3599 scribere
718 3538 1000 3613 [noluisse]
1035 3538 1271 3593 voluisse
1291 3580 1306 3604 ,
1341 3554 1409 3595 ue
1436 3540 1760 3596 calumniam
1793 3543 2036 3600 videlicet

453 3633 773 3695 incurreret,
806 3631 948 3699 quod
1003 3631 1244 3684 llomauo
1277 3630 1501 3699 imperio
1534 3634 1670 3687 male
1723 3635 2033 3702 optaverit,

452 3740 570 3780 cum
606 3730 916 3792 sieraretur
960 3732 1218 3777 aeternum
1252 3738 1265 3775 :
1298 3730 1358 3777 ut
1406 3722 1504 3777 hoc
1531 3724 1671 3793 quod
1705 3724 1861 3790 dixit,
1910 3725 2029 3781 Jam

451 3817 609 3872 etiam
639 3813 953 3887 mysterium
995 3812 1285 3880 iniquitatis
1314 3826 1594 3882 operatur,
1648 3816 1914 3871 Neronem
1944 3832 2036 3872 vo-

457 3912 612 3965 luerit
640 3907 899 3977 intellgi,
930 3908 1080 3975 enjus
1103 3905 1216 3976 jiin
1247 3907 1385 3962 facta
1413 3908 1555 3963 velut
1598 3907 1913 3965 Antichristi
1958 3910 2032 3964 vi-

451 4003 735 4058 debantur.
764 3999 917 4055 Unde
941 3998 1181 4053 nonnulli
1213 3999 1385 4067 ipsum
1420 4013 1842 4057 resurrecmrum
1872 4012 1930 4057 et
1951 4002 2035 4055 fu—

452 4104 632 4149 turum
662 4090 1057 4146 Anticliristum
1087 4090 1460 4158 suspicantur;
1483 4092 1570 4146 alii
1602 4107 1730 4147 vero
1752 4090 2034 4163 uec]eum]

454 4186 687 4238 occisum
724 4190 942 4249 putant,
974 4179 1069 4234 sed
1102 4180 1433 4236 subtractum
1463 4182 1640 4250 potius
1671 4193 1730 4236 ut
1760 4192 2034 4251 putaretur

452 4276 685 4339 occisus,
718 4284 768 4327 et
792 4276 967 4326 vivum
998 4272 1254 4326 occultari
1296 4273 1348 4327 in
1380 4273 1562 4343 vigore
1588 4275 1754 4343 ipsius
1783 4275 1957 4330 sitatis
1978 4275 2043 4329 in,

451 4385 551 4437 qua
583 4367 681 4423 fuit
716 4381 836 4418 cum
868 4365 1178 4420 crederetur
1204 4364 1520 4432 exstinctus,
1564 4366 1735 4421 donec
1775 4381 1872 4421 SUu
1899 4378 2031 4421 tem-

2142 3177 2519 3245 pbautasmata
2546 3176 2867 3245 decepturus
2894 3179 3220 3247 eal,lIlQIl0d
3253 3195 3355 3232 non
3388 3178 3514 3233 facit
3544 3180 3727 3235 facere

2141 3269 2422 3323 videatur:
2455 3284 2523 3323 au
2552 3269 2673 3338 quia
2704 3269 2790 3322 illa
2825 3270 2960 3335 ipsa,
2992 3270 3154 3325 etiam
3186 3271 3228 3324 si
3261 3281 3415 3324 erunt
3440 3287 3562 3327 vera
3601 3287 3725 3341 pro-

2139 3358 2305 3428 digia,
2336 3359 2401 3412 ad
2448 3360 2785 3414 mendacium
2829 3360 3141 3428 pertraltent
3168 3363 3470 3415 crediturus
3516 3378 3629 3416 non
3660 3380 3722 3418 ea

2141 3451 2382 3520 potuisse
2407 3451 2510 3507 nisi
2540 3452 2799 3507 divinitus
2818 3451 2933 3507 fieri
2966 3457 3213 3509 virtutem
3242 3455 3441 3509 diaboli
3471 3459 3722 3511 nescien-

2143 3554 2255 3608 tes,
2288 3544 2522 3599 maxime
2562 3544 2779 3615 quando
2812 3555 3010 3600 tantam
3042 3543 3295 3616 quantam
3328 3564 3601 3618 nunquam
3633 3550 3731 3602 ha-

2142 3632 2256 3685 buit
2278 3636 2545 3704 acceperit
2577 3647 2927 3707 potestatem.
2948 3637 3062 3692 Non
3086 3641 3228 3692 enim
3258 3641 3472 3708 quando
3491 3640 3562 3695 de
3577 3645 3731 3695 cmlo'

2141 3731 2277 3800 ignis
2304 3728 2498 3785 occidit
2519 3738 2574 3785 et
2604 3739 2805 3785 tantam
2839 3731 3090 3785 familiam
3123 3748 3243 3786 cum
3277 3736 3439 3787 tantis
3461 3736 3720 3803 gregibus

2144 3833 2393 3889 pecorum
2420 3821 2591 3874 sancti
2620 3822 2724 3877 Job
2754 3837 2861 3876 uno
2890 3824 3091 3891 impetu
3117 3823 3431 3890 absump~it,
3463 3833 3519 3879 et
3558 3826 3721 3879 turbo

2137 3908 2348 3963 irruens
2379 3917 2437 3964 et
2458 3910 2674 3966 domum
2704 3913 2958 3982 dejiciens
2989 3916 3126 3970 filios
3149 3916 3266 3985 ejus
3289 3914 3503 3978 occidit,
3548 3915 3721 3985 pham

2138 4007 2363 4058 tasmata
2394 4002 2631 4069 fuerunt,
2662 4022 2784 4074 qua:
2807 4017 2983 4062 tamen
3008 4009 3158 4063 fuere
3182 4025 3344 4079 opera
3366 4011 3600 4072 Satanae,
3633 4010 3720 4065 cui

2136 4095 2277 4151 Deus
2303 4096 2528 4150 dederat
2559 4096 2699 4153 hanc
2727 4107 3069 4167 potestatem.
3092 4101 3198 4157 Sed
3224 4112 3439 4170 propter
3460 4102 3585 4170 quid
3618 4103 3720 4154 tio-

2133 4200 2252 4238 rum
2279 4200 2409 4255 ergo
2430 4185 2573 4240 dicta
2600 4186 2709 4240 sint
2740 4188 2974 4258 prodigia
3000 4199 3056 4244 et
3095 4192 3245 4260 signa
3275 4192 3559 4257 mendacii,
3590 4206 3719 4248 tune

2136 4278 2313 4344 potius
2340 4278 2647 4346 apparebit;
2675 4278 2768 4332 sed
2829 4288 3051 4348 propter
3077 4282 3353 4350 quodlibet
3385 4286 3579 4336 borum
3627 4284 3719 4337 di-

2134 4380 2279 4420 etnm
2308 4370 2396 4430 sit,
2444 4369 2768 4422 sedneentnr
2823 4369 2900 4423 eis
2929 4370 3094 4439 signis
3137 4382 3298 4440 atque
3330 4373 3584 4441 prodigiis
3624 4374 3716 4439 qui

457 4472 589 4529 pore
639 4459 906 4511 reveletur
940 4465 993 4508 et
1016 4454 1324 4508 restituatur
1356 4455 1409 4509 in
1464 4470 1705 4525 regnum.
1749 4457 1854 4510 Sed
1897 4458 2035 4511 mul-
2063 4454 2114 4513 D
2140 4460 2320 4514 seduci
2353 4461 2743 4515 merebuntur:
2790 4476 2885 4530 pro
2930 4478 2995 4516 eo
3035 4464 3176 4533 quod
3222 4465 3593 4531 dilectionem,
3629 4482 3715 4520 m-

451 4564 563 4606 tum
597 4549 725 4604 mihi
776 4550 907 4601 mira
938 4558 1021 4603 est
1046 4546 1159 4599 hate
1196 4546 1525 4614 opinantium
1559 4557 1702 4603 tanta
1735 4564 2027 4617 prmsmnp-

453 4646 549 4695 tio.
602 4641 733 4696 illud
784 4647 961 4692 tamen
1014 4636 1155 4704 quod
1210 4636 1284 4690 ait
1332 4639 1662 4704 Apostolus,
1697 4646 1899 4693 tantum
1942 4639 2029 4704 qui

451 4734 609 4786 modo
633 4740 800 4794 tenet,
827 4738 1007 4783 teneat
1033 4714 1203 4782 donec
1223 4727 1290 4781 de
1316 4728 1491 4782 medio
1520 4728 1630 4793 fiat,
1666 4744 1769 4783 non
1801 4730 2031 4784 absurde

450 4831 514 4879 de
538 4828 651 4894 ipso
682 4824 925 4877 Rountuo
971 4822 1195 4890 imperio
1242 4822 1475 4877 creditur
1502 4823 1699 4877 dictum
1729 4863 1745 4888 ,
1777 4831 2028 4892 tauquam

448 4917 652 4971 dictum
684 4916 777 4973 sit,
802 4924 1004 4967 tantum
1036 4912 1121 4980 qui
1155 4913 1315 4966 modo
1348 4912 1573 4981 imperat
1607 4916 1833 4981 imperet
1857 4915 2028 4970 donec

447 5009 514 5061 de
544 5004 719 5061 medio
766 5002 879 5065 tiat,
912 5002 963 5057 id
991 5012 1093 5066 est,
1132 5003 1198 5056 de
1229 5004 1405 5057 medio
1439 5005 1673 5069 tollatur,
1705 5014 1757 5059 et
1790 5016 1915 5061 tunc
1944 5024 2029 5063 re-

447 5099 711 5156 velabitur
744 5098 957 5167 iniquus
988 5112 1145 5164 quem
1176 5098 1463 5168 signiﬁcari
1496 5101 1881 5157 Anticltristum
1913 5107 2029 5159 nul-

447 5195 529 5247 lus
559 5190 799 5260 ambigit.
828 5189 935 5244 Alii
960 5206 1087 5244 vero
1114 5200 1169 5244 et
1199 5190 1337 5257 quod
1364 5195 1437 5244 ait
1462 5230 1475 5255 ,
1498 5192 1625 5261 quid
1655 5193 1893 5250 detineat
1923 5200 2028 5252 sci-

446 5285 511 5337 tis
530 5292 583 5337 et
607 5284 919 5353 mysterium
940 5278 1235 5353 [operatur]
1254 5283 1463 5348 Operari
1483 5283 1801 5353 iniquitatis,
1815 5303 1919 5342 non
1936 5306 2031 5356 pu-

447 5382 560 5427 tant
588 5372 786 5427 dictum
814 5372 914 5425 nisi
938 5370 1005 5425 de
1021 5371 1176 5425 malis
1203 5381 1255 5425 et
1279 5374 1412 5427 lictis
1434 5376 1521 5443 qui
1552 5384 1679 5432 sunt
1705 5377 1760 5432 in
1786 5379 2024 5436 Ecclesia

445 5466 617 5519 donec
666 5465 984 5533 perveniant
1038 5464 1104 5517 ad
1156 5473 1359 5518 tantum
1408 5484 1692 5524 numerum
1744 5475 1833 5540 qttl
1879 5476 2027 5529 Anti-

448 5558 645 5608 cln-isto
675 5570 921 5620 magnum
954 5554 1203 5623 populum
1249 5553 1427 5621 faciat,
1459 5568 1512 5611 et
1548 5558 1649 5612 hoc
1674 5574 1797 5615 esse
1828 5573 2027 5633 myste-

450 5658 583 5698 rium
630 5642 961 5710 iuituitatis,
1021 5643 1142 5711 quia
1197 5644 1413 5699 videtur
1462 5652 1749 5706 occultum.
1804 5651 2020 5709 Hortari

2137 4553 2271 4620 quit,
2302 4553 2545 4607 veritatis
2576 4568 2678 4606 non
2712 4565 3032 4621 receperunt
3076 4564 3136 4610 ut
3181 4558 3314 4611 salvi
3364 4560 3572 4613 tierent.
3606 4562 3717 4613 Nec

2136 4642 2395 4696 dubitavit
2426 4643 2716 4709 ApoStoltts
2761 4645 2959 4699 addere
3003 4661 3063 4700 ac
3093 4648 3313 4714 dicere,
3366 4647 3489 4703 Ideo
3539 4649 3716 4704 mittet

2137 4732 2243 4786 illis
2276 4733 2414 4787 Deus
2441 4735 2807 4803 operationem
2836 4737 3037 4790 erroris
3066 4749 3120 4791 ut
3146 4740 3368 4792 credant
3403 4740 3711 4795 mendacio.

2139 4826 2274 4879 Deus
2304 4826 2444 4879 enim
2491 4827 2700 4889 mittet,
2731 4828 2855 4895 quia
2897 4828 3037 4882 Deus
3064 4830 3334 4884 diabolum
3384 4830 3563 4886 facere
3613 4833 3714 4887 ista

2137 4918 2584 4988 [permittitjusto
2616 4920 2783 4987 ipsius
2822 4920 3049 4992 judicio]
3092 4928 3363 4992 permittet
3399 4924 3548 4993 jnsm
3595 4928 3713 4994 ipso

2125 5008 2347 5075 judicio.
2379 5008 2633 5074 Quamvis
2680 5009 2839 5063 faciat
2884 5010 2972 5064 ille
3002 5010 3183 5081 iniquo
3212 5014 3551 5082 maliguoque
3580 5031 3711 5070 cou-

2132 5098 2251 5151 silio
2284 5114 2295 5149 :
2331 5097 2743 5166 Utjndicentur,
2779 5100 2963 5169 inquit,
2998 5117 3187 5156 omnes
3213 5105 3301 5172 qui
3334 5119 3437 5158 non
3466 5108 3707 5161 Credide-

2132 5202 2255 5246 runt
2291 5192 2546 5257 veritati,
2578 5193 2671 5246 sed
2716 5207 3105 5248 consenserunt
3156 5197 3443 5263 iniquitati.
3479 5200 3710 5255 Pm‘mle

2126 5283 2348 5352 judicati
2376 5283 2698 5339 seducentur
2725 5296 2781 5340 et
2822 5286 3025 5341 seducti
3052 5287 3450 5357 jmlieabuntur.
3485 5293 3594 5347 Sed
3622 5294 3705 5360 ju-

2130 5377 2288 5432 dicati
2341 5375 2704 5450 [seducentur]
2736 5378 3061 5433 seducuntur
3103 5379 3208 5435 illis
3234 5382 3449 5450 jadiciis
3497 5384 3591 5438 Dei
3624 5402 3705 5440 oc‘

2129 5468 2270 5523 culte
2308 5467 2466 5536 justis
2491 5508 2506 5532 ,
2534 5468 2678 5537 juste
2705 5469 2963 5533 occultis,
3002 5472 3192 5539 quibus
3223 5471 3290 5525 ab
3317 5471 3469 5526 initio
3504 5476 3701 5542 peccati

2129 5559 2405 5616 rationalis
2432 5569 2695 5615 creaturae
2724 5575 2994 5630 nunquam
3040 5560 3290 5630 judicare
3318 5566 3555 5620 cessavit
3584 5582 3598 5620 :
3630 5581 3701 5622 se-

2128 5652 2271 5708 ducti
2325 5658 2502 5707 auttm
2554 5651 3251 5721 iudicabunturnovissimo
3298 5655 3694 5728 manifestoque
