3990 6180
297 353 394 409 ἷ81

1516 350 1946 407 τιιεελυιξυδ.
1991 352 2143 408 CAP.
2186 356 2338 409 CXL.

3457 359 3562 415 ’ῖδὲ

291 467 493 541 judicio
525 481 620 534 per
648 466 917 521 Christum
950 467 1134 521 .Iesum
1162 466 1461 536 iustissime
1488 466 1871 534 judicaturum,
1907 469 1951 522 A
1984 475 2207 532 nantur,
2240 469 2363 536 quia
2394 480 2492 520 nec
2540 478 2668 521 euut
2700 468 2750 523 in
2784 476 3001 533 terram,
3038 482 3134 523 nec
3163 470 3409 537 redeunt,
3438 475 3556 527 sive

293 562 652 633 iujttstissittte
673 561 1000 630 iudicatum.

881 678 1106 733 CAPUT
1145 677 1300 732 CXL.

294 767 440 833 Quid
480 769 614 820 idem
646 770 922 837 Apostolus
951 772 1004 821 in
1036 772 1203 835 prima
1240 772 1307 823 ad
1335 772 1535 823 eosdem
1564 772 1783 837 epistola
1820 774 1884 824 de

367 839 755 894 liesurrectioue
784 849 1104 896 mortuorum
1145 842 1400 906 docuerit,
1440 858 1503 897 ea:
1531 844 1705 897 eodem
1750 844 1882 895 libro

364 925 456 963 XX.

363 1024 469 1081 Sed
522 1024 608 1081 hic
652 1023 942 1092 Apostolus
972 1025 1137 1083 tacuit
1178 1025 1247 1080 de
1296 1027 1687 1085 resurrectione
1741 1042 1881 1081 mor—

292 1131 523 1181 tuorum,
544 1119 612 1175 ad
639 1119 860 1175 eosdem
875 1128 1052 1174 autem
1077 1120 1318 1175 scribens
1347 1120 1397 1172 itt
1422 1120 1646 1189 epiStnla
1671 1122 1836 1186 prima
1861 1135 1877 1173 :

292 1209 588 1272 Nolumus,
641 1210 848 1277 inquit,
902 1225 998 1269 vos
1046 1211 1318 1276 ignorare,
1366 1210 1584 1274 fratres,
1638 1211 1705 1269 de
1754 1212 1879 1269 dor—

292 1300 581 1358 mientibus
602 1344 616 1366 ,
655 1310 713 1357 ut
761 1315 863 1354 non
893 1301 1302 1370 contristemini,
1336 1304 1475 1363 sicut
1502 1314 1558 1360 et
1584 1305 1761 1360 caueri
1790 1306 1878 1373 qui

290 1402 442 1455 spem
474 1404 579 1442 non
615 1389 831 1449 habent.
872 1389 1004 1446 Nam
1032 1391 1076 1447 si
1105 1391 1372 1447 credimus
1392 1393 1531 1462 quod
1558 1393 1713 1453 Jesns
1741 1412 1879 1448 nmr~

289 1486 418 1533 tuus
444 1490 525 1531 est
552 1487 608 1532 et
633 1480 944 1546 resurrexit,
984 1482 1050 1534 ita
1075 1489 1127 1534 et
1150 1480 1290 1536 Deus
1318 1496 1412 1541 eos
1440 1482 1527 1549 qui
1552 1483 1882 1537 dormierunt

290 1585 389 1635 per
406 1567 683 1623 Christum
711 1569 935 1628 adducet
962 1585 1082 1625 cunt
1118 1571 1231 1625 illo.
1265 1571 1376 1634 Hoc
1403 1572 1543 1629 enim
1564 1572 1715 1627 vobis
1746 1573 1877 1625 dici-

287 1677 413 1713 tnus
446 1661 496 1717 in
546 1661 715 1717 verbo
750 1662 983 1729 Domini,
1008 1663 1129 1731 quia
1178 1677 1275 1721 nos
1304 1664 1549 1719 viventes
1573 1665 1661 1734 qui
1692 1662 1882 1732 reliqui

284 1766 478 1809 sumus
511 1752 565 1807 in
610 1754 841 1809 adventu
876 1754 1087 1809 Domini
1118 1770 1221 1809 non
1249 1756 1637 1822 praeveniemus
1677 1770 1769 1809 eos
1789 1754 1877 1823 qui

1987 561 2181 612 nullam
2225 573 2445 628 prorsus
2473 559 2815 626 experiantur
2845 571 3070 614 mortem
3098 601 3112 625 ,
3140 561 3253 615 sive
3284 563 3555 630 paululum

1986 650 2037 705 in
2065 665 2191 704 aere
2236 651 2552 710 moriantur.
2586 650 2687 705 Sel
2720 650 2863 707 aliud
2911 667 3096 706 rursus
3136 654 3367 710 occurrit
3415 658 3559 725 quod

1986 742 2123 795 idem
2152 741 2285 795 dixit
2314 741 2601 810 Apostolus
2621 757 2739 795 cum
2766 743 2834 796 de
2862 744 3252 797 resurrectione
3272 759 3559 813 corporum

1984 834 2046 885 ad
2077 834 2382 887 Corinthios
2407 835 2717 902 loqueretur
2769 852 2782 890 :
2831 837 3030 891 Omnes
3079 852 3440 907 resurgentus,
3472 841 3558 894 vel

1983 924 2142 988 (sicut
2172 924 2261 977 alii
2293 924 2509 977 codices
2535 922 2753 992 habent)
2796 940 2985 983 omnes
3031 927 3380 983 dormiemus.
3424 929 3561 985 Cum

1985 1029 2113 1082 ergo
2141 1028 2237 1067 nec
2258 1013 2577 1070 resurrectio
2602 1014 2739 1077 ﬁeri,
2756 1015 2856 1070 nisi
2880 1031 3021 1075 mors
3048 1021 3408 1089 przecesserit,
3438 1036 3562 1089 pos-

1984 1103 2078 1167 sit,
2111 1118 2209 1157 nec
2257 1102 2634 1162 dormitionent
2666 1106 2930 1170 possimus
2960 1105 3054 1158 illo
3096 1107 3210 1163 loco
3260 1110 3560 1179 intelligere

1984 1199 2082 1253 nisi
2126 1211 2350 1259 mortem
2373 1241 2388 1267 ,
2419 1200 2686 1271 quomodo
2717 1216 2904 1257 omnes
2948 1204 3029 1265 vel
3060 1205 3328 1265 dormiant
3358 1212 3444 1265 vel
3474 1228 3558 1266 re—

1982 1298 2243 1360 surgent,
2271 1290 2317 1349 si
2348 1300 2453 1347 tam
2479 1292 2628 1346 multi
2656 1306 2791 1361 quos
2812 1293 2864 1347 in
2891 1308 3116 1362 corpore
3139 1297 3449 1359 inventurus
3476 1310 3563 1361 est

1982 1379 2247 1447 Christus,
2279 1394 2379 1435 nec
2407 1382 2698 1448 dormiant,
2731 1398 2830 1439 nec
2856 1386 3174 1455 resurgent?
3202 1387 3259 1447 Si
3287 1404 3418 1458 ergo
3437 1406 3563 1449 san-

1982 1482 2097 1523 etos
2128 1471 2217 1534 qui
2247 1471 2583 1545 reperientur
2612 1472 2825 1535 Christo
2855 1475 3105 1535 veniente
3135 1480 3376 1539 viventes
3398 1484 3561 1550 eique

1984 1566 2035 1621 itt
2065 1566 2274 1623 obviam
2299 1568 2593 1636 rapientur,
2618 1569 3066 1629 credeerimusin
3094 1574 3283 1633 eodem
3314 1586 3467 1644 raptu
3489 1578 3558 1631 de

1983 1657 2296 1716 mortalibus
2318 1658 2627 1725 corporibus
2645 1660 2901 1725 exituros,
2932 1669 2987 1717 et
3006 1663 3070 1714 ad
3101 1664 3285 1721 eadem
3312 1681 3435 1725 mox
3461 1667 3561 1729 ima

1984 1748 2225 1803 mortalia
2255 1748 2543 1815 redituros,
2574 1752 2745 1810 nullas
2768 1752 2819 1805 in
2842 1753 3018 1813 verbis
3041 1753 3279 1823 Apostoli
3298 1759 3559 1825 patiemur

283 1854 419 1895 ante
450 1843 809 1907 dormierunt,
842 1845 1092 1912 quoniam
1127 1845 1243 1914 ipse
1268 1846 1527 1904 Dominus
1557 1847 1607 1900 in
1625 1846 1797 1913 jussu,
1822 1846 1872 1901 in
1907 1834 1952 1897 Β
1978 1840 2268 1909 angustius,
2301 1841 2415 1897 sive
2443 1842 2527 1899 ubi
2572 1840 2701 1897 dicit
2744 1858 2757 1894 :
2787 1843 2867 1897 'l‘u
2905 1844 3045 1912 quod
3086 1846 3318 1903 setttinas
3342 1862 3447 1913 non
3478 1848 3557 1902 vi-

286 1948 423 1986 voce
451 1933 795 2002 Art-hangeli,
827 1945 877 1987 el
912 1939 962 1993 tu
1008 1936 1132 1989 tuba
1167 1936 1286 2001 Dei,
1313 1936 1601 1996 descendet
1629 1934 1696 1991 de
1718 1936 1875 2002 coelo,

283 2035 346 2081 ct
377 2028 574 2081 mortui
608 2026 719 2097 [qni
753 2030 805 2085 itt
833 2026 1050 2082 Christo
1081 2029 1226 2100 sunt]
1260 2028 1312 2084 in
1344 2028 1559 2089 Christo
1602 2038 1882 2097 resurgettt

290 2118 486 2186 primi;
514 2118 708 2175 deinde
754 2134 850 2173 nos
879 2120 1118 2179 viventes
1160 2120 1246 2188 qui
1275 2120 1461 2187 reliqui
1494 2136 1681 2177 sumus
1723 2121 1880 2181 simul

292 2224 419 2262 cum
444 2209 552 2264 illis
576 2208 846 2279 rapiemur
873 2210 925 2263 in
958 2209 1187 2269 nubibus
1215 2210 1423 2271 obvium
1453 2210 1667 2265 Christo
1693 2211 1801 2281 93
1828 2213 1877 2271 in

284 2315 444 2365 aeta,
476 2311 530 2353 et
563 2302 635 2355 ita
664 2315 877 2369 semper
905 2315 1025 2359 cum
1054 2301 1280 2354 Domino
1308 2303 1530 2360 erimus.
1564 2302 1688 2358 llam
1719 2304 1877 2359 verba

292 2390 593 2458 apostolica
668 2391 1117 2447 resurrectionem
1192 2403 1525 2449 mortuorum
1618 2392 1874 2455 futuram,

280 2484 509 2549 quando
540 2484 717 2537 veniet
760 2484 945 2553 utique
974 2482 1219 2538 Christus
1262 2484 1327 2537 ad
1360 2485 1508 2538 vivos
1547 2495 1599 2538 et
1641 2496 1879 2547 mortuos

278 2576 608 2642 judicandos
633 2618 647 2639 ,
682 2576 1090 2643 pra'elariSsime
1114 2577 1422 2637 ostendunt.
1454 2578 1558 2631 Sed
1587 2579 1754 2645 quatri
1786 2593 1879 2631 so—

285 2669 366 2719 let
411 2676 590 2720 tttrntu
624 2667 698 2721 illi
747 2683 881 2735 quos
908 2668 991 2725 hic
1014 2669 1250 2725 viventes
1279 2669 1591 2724 inventurus
1622 2678 1704 2727 est
1730 2668 1879 2723 Chri-

282 2770 440 2822 stus,
486 2774 711 2827 quorum
744 2776 1026 2827 personam
1067 2760 1119 2814 in
1159 2776 1219 2815 se
1259 2771 1419 2827 atque
1471 2762 1592 2815 illus
1623 2763 1711 2829 qui
1749 2771 1878 2816 tunc

281 2866 477 2906 secum
510 2851 760 2907 vivebant
796 2852 1207 2921 trausﬁgurabat
1256 2852 1570 2919 Apostolus,
1601 2867 1875 2922 numquam

280 2946 510 3002 rmnino
534 2944 783 3001 morituri
814 2945 920 3001 sint
941 2985 958 3009 ,
1000 2961 1067 2998 an
1099 2945 1214 3013 ipso
1246 2944 1499 3011 temporis
1549 2957 1743 3016 puncto
1770 2962 1875 3017 quo

278 3051 413 3091 cum
447 3035 845 3109 resurgentibus
892 3034 1168 3105 rapientur
1197 3035 1249 3091 in
1281 3037 1507 3095 nubibus
1532 3078 1548 3103 ,
1580 3037 1632 3090 iu
1663 3038 1873 3099 obviam

282 3126 508 3181 Christo
539 3126 591 3179 in
616 3140 738 3181 aera
768 3125 835 3179 ad
864 3127 1317 3181 immortalitatem
1352 3141 1444 3195 per
1485 3137 1709 3183 mortem
1741 3128 1872 3185 mira

1981 1932 2243 1998 viiicatur,
2277 1933 2376 1991 nisi
2408 1930 2598 2003 [prius]
2639 1934 2931 2000 moriatur;
2963 1936 3074 1991 sive
3105 1937 3191 1993 ubi
3222 1938 3352 1999 dicit
3382 1955 3396 1990 :
3427 1940 3559 1995 0m-

1984 2039 2080 2085 ncs
2108 2039 2467 2093 resurgcmus,
2485 2034 2601 2090 aut,
2624 2025 2822 2079 Omnes
2843 2027 3171 2083 dormiemus
3188 2030 3338 2100 :quia
3362 2046 3460 2089 nec
3485 2032 3559 2088 illi

1984 2131 2077 2189 per
2128 2116 2586 2179 immortalitatem
2638 2119 3068 2186 viviﬁcabuntur,
3116 2122 3216 2179 nisi
3264 2126 3564 2192 quamlibet

1984 2206 2257 2280 paululum
2282 2216 2459 2269 tamen
2490 2219 2614 2271 ante
2647 2211 2961 2275 moriantur,
2994 2226 3057 2266 ac
3086 2227 3179 2279 per
3204 2214 3305 2276 hoc
3334 2225 3389 2270 et
3417 2230 3446 2271 a
3478 2234 3564 2274 τες

1981 2304 2315 2359 sttrrectioue
2346 2317 2449 2361 non
2473 2312 2627 2363 erunt
2657 2303 2838 2366 alieni.
2872 2320 3032 2372 quam
3064 2307 3390 2366 dormitione
3427 2327 3565 2379 pra--

1982 2394 2203 2457 cedunt,
2237 2395 2482 2461 quamvis
2513 2393 2856 2457 brevissima,
2908 2410 3013 2449 non
3047 2408 3222 2453 tamen
3261 2401 3427 2457 nulla.
3458 2403 3563 2454 Cur

1982 2494 2161 2539 autem
2202 2485 2355 2543 nobis
2380 2484 2694 2545 incredibile
2717 2485 2959 2547 videatur
2989 2486 3131 2545 illam
3162 2490 3559 2546 multitudinem

1982 2590 2268 2638 corporum
2319 2576 2369 2628 in
2398 2590 2524 2637 aere
2552 2575 2947 2642 quodammodo
2975 2578 3263 2643 seminari,
3299 2590 3462 2650 atque
3490 2583 3563 2635 ibi

1981 2667 2232 2743 protinus
2280 2668 2660 2725 immortaliter
2706 2678 2868 2736 atque
2919 2670 3391 2740 iucorruplibiliter
3421 2676 3561 2729 revi-

1984 2760 2193 2819 viscere
2218 2800 2233 2822 ,
2265 2773 2386 2817 cum
2441 2761 2724 2819 credamus
2753 2760 2892 2828 quod
2941 2761 3081 2815 idem
3129 2763 3243 2832 ipse
3275 2766 3561 2833 Apostolus

1981 2847 2320 2917 apertissine
2345 2848 2512 2907 dicit:
2546 2849 2604 2907 lu
2632 2850 2734 2904 ictu
2762 2852 2924 2916 oculi,
2961 2851 3189 2909 loturam
3217 2858 3560 2909 resurrectio-

1983 2955 2100 2999 nem
2120 2981 2135 3005 ,
2161 2952 2217 2995 et
2247 2942 2297 2994 itt
2326 2943 2564 2999 membra
2596 2944 2711 2997 sine
2744 2944 2847 2999 line
2871 2944 3094 3010 victura,
3130 2955 3277 3005 tanta
3307 2946 3560 3002 facilitate

1975 3031 2194 3100 jamque
2226 3033 2587 3091 inmstimabili
2616 3034 2898 3091 velocitate
2930 3036 3223 3091 rediturum
3252 3039 3561 3108 antiquissi-

1981 3138 2188 3179 morum
2231 3123 2551 3183 (‘adJW’Hﬂll
2591 3125 2902 3193 pulverem?
2931 3141 3031 3181 nec
3069 3126 3136 3181 ab
3165 3128 3254 3182 illa
3297 3131 3560 3189 sententia

286 3216 577 3271 celeritate
608 3214 947 3274 transibunt?
976 3215 1155 3285 Neque
1170 3216 1309 3273 enim
1338 3188 1615 3273 dicendum
1648 3225 1732 3271 est
1760 3216 1876 3275 tieri
1901 3188 1950 3253 ο
1983 3230 2083 3285 qua
2117 3215 2317 3278 homini
2346 3216 2546 3273 dictum
2569 3226 2660 3275 est
2690 3234 2704 3271 :
2733 3217 2903 3273 Terra,
2929 3234 3007 3283 es,
3036 3228 3092 3274 et
3112 3219 3389 3276 interram
3420 3223 3559 3287 ibis;

285 3322 403 3363 non
440 3320 592 3375 posse
620 3316 676 3359 ιιι
707 3305 831 3359 dum
879 3319 975 3374 per
1004 3319 1126 3363 aera
1159 3304 1209 3362 in
1242 3306 1468 3363 sublime
1498 3315 1777 3377 portantur
1822 3307 1874 3362 in

284 3398 389 3449 illo
422 3396 591 3464 spatio
622 3405 677 3451 et
726 3394 1030 3454 moriantur
1074 3404 1129 3453 et
1175 3396 1512 3451 reviviscent.
1558 3397 1708 3464 Quod
1734 3398 1876 3454 enim

274 3490 383 3551 ait,
408 3490 474 3543 Et
503 3489 571 3545 ita
604 3504 815 3558 semper
845 3505 962 3545 cum
996 3490 1053 3549 ῡι
1077 3491 1221 3549 mino
1248 3492 1469 3557 erimus,
1499 3505 1603 3549 non
1635 3491 1710 3545 sic
1734 3490 1877 3549 acci-

277 3582 543 3654 piendum
586 3593 710 3653 est,
744 3592 991 3653 tanquam
1038 3585 1090 3641 itt
1122 3599 1245 3639 aere
1298 3598 1395 3641 nos
1425 3583 1621 3645 dixerit
1669 3597 1880 3653 semper

271 3690 412 3731 cum
447 3674 673 3733 Domino
703 3690 823 3730 esse
854 3691 1156 3740 mansuros,
1181 3676 1300 3746 quia
1332 3690 1430 3733 nec
1460 3676 1573 3743 ipse
1602 3677 1783 3743 utique
1808 3674 1874 3733 ibi

275 3764 528 3819 smnebit
555 3766 679 3835 quia
710 3767 930 3823 veniens
954 3769 1276 3823 transiturus
1292 3775 1396 3827 est.
1414 3766 1660 3825 Venienti
1684 3767 1878 3835 quippe

274 3857 454 3911 ibitur
477 3857 684 3913 obviam
714 3874 818 3913 non
848 3860 1105 3926 manenti,
1134 3859 1230 3914 sed
1262 3859 1335 3915 ita
1364 3874 1482 3919 cum
1518 3859 1745 3915 Domino
1770 3858 1877 3912 eri-

276 3966 433 4017 mus,
461 3951 510 4004 id
540 3959 645 4013 est.
676 3953 754 4007 sic
769 3952 968 4009 erimus
994 3952 1251 4009 habentes
1279 3966 1502 4017 corpora
1532 3951 1874 4021 sempiterna,

277 4041 614 4113 ubicumque
641 4058 762 4097 cum
795 4043 886 4101 illo
917 4042 1187 4099 fuerimus.
1239 4042 1319 4097 Ad
1367 4042 1505 4097 hunc
1532 4051 1710 4097 autem
1756 4056 1879 4101 sen-

291 4147 420 4187 sum
447 4149 552 4203 quo
579 4134 947 4191 existimemus
974 4135 1133 4187 etiam
1183 4134 1302 4188 illos
1331 4147 1462 4203 quos
1502 4132 1588 4189 ltic
1617 4131 1763 4189 vivos
1794 4132 1876 4185 in-

274 4236 547 4287 venturus
575 4239 659 4283 est
691 4229 950 4285 Dominus
976 4226 1027 4283 in
1063 4227 1180 4297 ipso
1210 4241 1373 4296 parvo
1400 4225 1572 4294 spatio
1603 4232 1659 4279 et
1685 4238 1875 4296 passu-

275 4334 380 4375 ros
407 4330 631 4374 mortem
660 4330 714 4375 et
734 4329 1048 4388 accepturos
1080 4318 1560 4383 immortalitatem,
1593 4316 1711 4387 ipse
1736 4319 1875 4386 Apo-

275 4409 460 4465 stolus
508 4423 605 4463 nos
635 4425 740 4469 non
772 4410 984 4469 videtur
1011 4424 1199 4478 urgere
1230 4408 1318 4463 ubi
1363 4407 1488 4465 dicit
1516 4446 1532 4469 ,
1574 4405 1628 4465 in
1658 4406 1871 4465 Christo

276 4515 481 4559 omnes
512 4499 947 4564 viviﬁcabuntur,
978 4515 1100 4555 cum
1125 4499 1227 4558 alio
1259 4499 1375 4552 loco
1404 4497 1472 4557 de
1498 4496 1610 4565 ipsa
1644 4497 1868 4566 loquens

278 4592 682 4651 resurrectione
706 4607 988 4665 corporum
1019 4592 1180 4655 dicat,
1209 4590 1288 4644 Tu
1313 4589 1455 4659 quod
1484 4590 1716 4649 setttinas
1759 4604 1865 4643 non

276 4683 591 4741 viviﬁcatur
644 4682 743 4739 nisi
793 4680 985 4757 [prius]
1031 4684 1327 4743 moriatur?
1377 4684 1660 4750 Quomodo
1706 4682 1870 4752 igitur

273 4790 432 4845 gnos
458 4774 703 4836 viventes
732 4773 817 4831 hic
837 4773 1083 4833 Christus
1111 4774 1342 4831 inveniet
1374 4789 1467 4842 per
1498 4774 1869 4831 immortalita-

278 4864 477 4919 temin
520 4862 1065 4931 illo'vivilicaltuutur,
1096 4869 1150 4921 et
1178 4861 1223 4915 si
1270 4860 1700 4935 nonrmoriantur
1746 4875 1866 4921 cum

274 4956 568 5013 videamus
595 4963 810 5025 propter
834 4954 934 5008 hoc
961 4969 1081 5014 esse
1103 4954 1321 5020 dictum,
1377 4954 1453 5015 'l‘u
1476 4954 1615 5024 quod
1635 4954 1869 5014 seminas

280 5063 398 5102 non
432 5045 730 5102 viviﬁcatur
753 5044 851 5103 nisi
884 5041 1072 5115 [prius]
1104 5043 1383 5111 moriatur,
1414 5052 1507 5097 aut
1533 5046 1577 5103 si
1602 5051 1744 5101 recte
1762 5057 1865 5101 non

278 5139 526 5195 dicimus
558 5137 815 5193 seminari
846 5135 948 5189 nisi
977 5150 1037 5195 ea
1067 5149 1290 5202 corpora
1315 5134 1589 5189 hominum
1613 5149 1728 5203 quae
1757 5147 1871 5187 mo-

279 5230 479 5289 riendo
528 5243 743 5298 quoquo
796 5226 957 5283 modo
988 5235 1329 5281 revertuntur
1376 5226 1429 5282 itt
1462 5234 1689 5291 terram;
1731 5225 1870 5283 sicut

275 5340 407 5381 sese
439 5323 597 5377 habet
624 5320 784 5375 etiam
818 5319 904 5373 illa
949 5319 1003 5373 in
1043 5328 1490 5389 transgressorem
1523 5325 1725 5389 patrem
1777 5332 1867 5388 ge.

279 5418 436 5471 neris
466 5413 683 5471 humani
712 5411 965 5467 divinitus
994 5411 1195 5478 prolata
1218 5410 1498 5477 sententia,
1522 5408 1685 5463 Terra
1721 5424 1782 5463 es
1814 5418 1868 5463 et

279 5509 341 5564 in
375 5517 575 5562 terram
608 5503 728 5569 ibis;
770 5500 1043 5559 fatendum
1070 5511 1153 5559 est
1195 5501 1324 5557 istos
1352 5515 1488 5573 quos
1528 5501 1761 5555 nondum
1802 5501 1868 5555 dc

280 5596 605 5667 corporibus
642 5608 891 5663 egressos
911 5608 1030 5654 cum
1063 5592 1502 5649 venietChristus
1533 5593 1789 5659 inveniet,
1813 5603 1867 5648 et

284 5692 403 5745 istis
433 5688 614 5745 verbis
666 5685 906 5753 Apostoli
956 5693 1010 5738 et
1038 5683 1143 5741 illis
1188 5682 1257 5739 de
1299 5682 1493 5737 Genesi
1539 5699 1643 5737 non
1670 5684 1863 5738 teneri.

285 5783 553 5849 Quoniam
586 5792 797 5833 sursum
823 5778 874 5831 in
908 5776 1132 5831 nubibus
1166 5775 1322 5843 rapti,
1357 5790 1459 5829 non
1485 5774 1665 5843 utique
1703 5778 1865 5831 scuti-

1984 3309 2189 3364 iuturos
2228 3310 2347 3367 illos
2377 3319 2594 3367 sanctos
2624 3310 2949 3365 arbitremur
2981 3312 3263 3379 immunes,
3295 3313 3343 3368 si
3369 3330 3561 3369 eorum

1983 3402 2322 3459 morientium
2355 3402 2405 3457 in
2434 3412 2629 3458 terram
2660 3417 2765 3457 non
2807 3404 3048 3459 recident
3069 3420 3332 3475 corpora;
3363 3409 3457 3462 Sed
3484 3411 3559 3462 si-

1980 3501 2068 3545 cut
2097 3494 2149 3550 iu
2180 3492 2296 3559 ipso
2324 3502 2480 3557 rapttt
2503 3494 2820 3553 morientur.
2851 3496 2919 3549 ita
2944 3505 3000 3549 et
3030 3508 3315 3566 resurgunt
3331 3498 3459 3557 dum
3492 3500 3560 3554 ἵει

1984 3594 2172 3641 runtur
2195 3584 2246 3637 in
2277 3599 2420 3643 aera.
2449 3585 2506 3641 In
2529 3594 2724 3641 terram
2757 3587 2951 3654 quippe
2981 3588 3104 3654 ibis,
3138 3588 3212 3658 [id
3240 3597 3346 3660 est]
3374 3597 3479 3654 est,
3509 3590 3562 3644 in

1983 3677 2082 3729 huc
2130 3676 2232 3738 ibis
2281 3677 2477 3730 amissa
2519 3677 2622 3731 vita
2679 3677 2820 3745 quod
2871 3694 2991 3733 erus
3044 3690 3327 3749 antequam
3382 3697 3565 3737 sumo-

1981 3784 2066 3827 res
2089 3770 2272 3834 vitam,
2305 3768 2359 3825 id
2388 3776 2493 3830 est,
2518 3768 2618 3823 hoc
2640 3768 2752 3822 eris
2779 3771 3120 3823 exanimatus
3146 3772 3289 3838 quod
3311 3786 3434 3824 eras
3458 3788 3558 3824 an-

1982 3867 2191 3926 tequam
2240 3871 2390 3915 esst-s
2432 3858 2720 3914 animatus.
2786 3856 2968 3911 Terrae
3021 3859 3216 3925 quippe
3268 3858 3559 3912 insufﬂavit

1982 3952 2124 4007 Dens
2156 3951 2208 4002 in
2240 3950 2428 4007 faciem
2459 3949 2646 4005 llatuut
2679 3949 2801 4002 vita!
2826 3992 2839 4013 ,
2887 3964 3008 4003 cum
3057 3949 3225 4002 factus
3253 3948 3443 4022 [.esset]
3473 3962 3558 4004 est

1981 4042 2140 4097 homo
2169 4041 2221 4097 in
2249 4039 2481 4097 animant
2510 4039 2683 4095 vivam
2708 4055 2723 4105 ;
2757 4048 3006 4107 tanquam
3031 4039 3300 4099 diceretur
3331 4055 3348 4093 :
3381 4040 3547 4094 Terra

1977 4147 2036 4193 es
2062 4132 2294 4189 animata
2322 4129 2462 4197 quod
2514 4145 2621 4187 non
2652 4144 2795 4194 eras,
2830 4138 2971 4183 terra
2998 4130 3104 4183 eris
3127 4130 3391 4184 exanimis
3418 4131 3559 4184 sicut

1978 4236 2117 4286 erus,
2152 4220 2299 4294 [hoc]
2324 4220 2463 4289 quod
2494 4231 2619 4277 sunt
2661 4228 3016 4289 etantequam
3047 4231 3354 4288 putrescant
3382 4225 3558 4280 omnia

1977 4327 2199 4382 corpora
2228 4323 2584 4377 mortuorum,
2615 4314 2755 4379 quod
2782 4320 2943 4368 erunt
2971 4320 3026 4369 et
3053 4313 3140 4369 illa
3165 4314 3209 4368 si
3241 4316 3560 4379 morientur,

1980 4406 2281 4475 ubicunque
2311 4406 2626 4470 moriantur,
2670 4418 2791 4459 cum
2820 4403 2929 4457 vita
2954 4404 3214 4460 carebunt
3236 4421 3395 4474 quam
3424 4420 3556 4461 eon-

1981 4498 2128 4559 tinuo
2182 4507 2460 4563 receptura
2509 4505 2654 4552 sunt.
2710 4495 2799 4551 Sic
2841 4510 2970 4564 ergo
3020 4497 3173 4551 ibunt
3220 4497 3273 4551 in
3322 4507 3553 4560 terram,

1979 4589 2234 4663 {quando}
2260 4591 2383 4659 quia
2411 4605 2478 4647 ex
2508 4588 2641 4645 vivis
2670 4588 2975 4649 hominibus
3003 4598 3141 4647 terra
3162 4598 3337 4654 erunt,
3366 4604 3559 4658 quem-

1981 4684 2266 4745 admodum
2319 4684 2355 4737 it
2383 4684 2438 4739 iu
2463 4684 2699 4738 cinerem
2730 4682 2869 4750 quod
2902 4681 3134 4744 titcinis,
3161 4682 3199 4733 it
3246 4680 3298 4734 itt
3323 4692 3560 4737 vetusta-

1982 4789 2089 4837 tetu
2115 4775 2255 4845 quod
2301 4775 2359 4832 tit
2407 4786 2588 4840 vetus,
2626 4773 2663 4828 it
2708 4772 2761 4825 in
2805 4782 2994 4826 testam
3045 4771 3186 4841 quod
3231 4788 3301 4827 ex
3337 4773 3449 4826 luto
3502 4774 3561 4827 iit

1979 4879 2137 4931 testa,
2166 4877 2220 4925 et
2240 4868 2287 4925 al
2297 4868 2345 4924 ia
2366 4864 2683 4937 [arescentia
2689 4864 2707 4934 j
2731 4873 2985 4917 sescenta
3008 4864 3088 4917 sic
3108 4862 3397 4934 loquimur.
3417 4864 3559 4932 Qun.

1978 4962 2138 5021 tttodo
2158 4972 2337 5021 autem
2364 4960 2437 5016 sit
2474 4960 2709 5015 futurum
2737 4957 2877 5027 quod
2918 4973 3060 5011 nunc
3089 4972 3186 5026 pro
3226 4967 3427 5019 nostra:
3472 4973 3563 5011 ra-

1981 5056 2233 5112 tiuncula;
2258 5054 2462 5108 viribus
2491 5060 2778 5119 utcumque
2804 5051 3144 5119 conjicituus,
3173 5061 3297 5105 tum:
3337 5049 3439 5105 erit
3461 5063 3560 5118 po-

1980 5150 2086 5205 tius
2156 5158 2214 5203 ut
2268 5162 2425 5207 nosse
2474 5160 2773 5216 possemus.
2829 5145 3293 5200 Resurrectionem
3359 5144 3558 5212 quippe

1979 5252 2307 5296 mortuorum
2331 5238 2590 5302 futuram,
2620 5253 2740 5299 esse
2779 5246 2833 5293 et
2861 5238 2916 5293 iu
2949 5252 3110 5292 carne
3148 5237 3365 5306 quando
3403 5232 3558 5288 Chri.

1976 5351 2090 5393 stus
2138 5346 2393 5389 venturus
2445 5343 2527 5388 Cal
2579 5334 2731 5387 vivus
2780 5333 3116 5402 iudicaturus
3166 5340 3219 5383 et
3276 5338 3542 5383 mortuos.

1978 5439 2207 5502 oportet,
2233 5431 2275 5485 si
2297 5426 2583 5484 Christiani
2609 5442 2728 5482 esse
2750 5425 3011 5489 volumus,
3038 5432 3093 5475 ιιι
3118 5421 3419 5478 credamus.
3443 5419 3552 5475 Sed

1980 5540 2085 5579 non
2116 5522 2234 5577 ideo
2260 5522 2327 5575 de
2352 5520 2448 5574 hac
2471 5536 2528 5575 re
2548 5519 2721 5574 inanis
2739 5528 2819 5572 eSt
2842 5516 2972 5571 ﬁdes
2998 5524 3199 5577 nostra,
3225 5530 3267 5567 st
3296 5513 3554 5581 quemad-

1981 5616 2193 5671 modum
2220 5615 2391 5671 futura
2422 5613 2492 5669 sit
2514 5610 2746 5685 perfecte
2786 5605 3233 5678 comprehendere
3264 5620 3367 5665 non
3397 5606 3542 5676 vale.

1981 5724 2118 5763 ntus.
