3990 6180
392 369 495 427 135

964 481 1188 537 CAPUT
1227 480 1405 535 CXLI.

395 594 474 650 De
502 596 720 649 adventu
748 592 915 648 llelite
943 602 1060 645 ante
1094 592 1353 664 judicium
1379 631 1395 656 ,
1438 594 1590 662 cujus
1616 590 1979 658 prmdicatione

468 665 855 731 Scripturarum
881 675 1075 717 secreta
1114 672 1393 720 reserante,
1425 664 1595 715 Juda'i
1627 671 1981 715 convertentur

467 738 536 789 ad
556 734 845 797 Christum,
875 749 937 786 ea:
963 734 1141 786 eodem
1168 733 1296 786 libro
1316 735 1379 786 de
1409 733 1621 785 Civitate
1655 732 1770 786 Itet'.

471 849 604 903 Cum
655 847 1022 902 admonuisset
1070 855 1130 900 ut
1194 844 1565 901 meminissent
1610 845 1740 913 legis
1793 841 1980 913 Moysi,

394 942 644 1010 quoniam
673 941 998 1010 prievidebtt
1026 939 1163 1012 [eos]
1194 939 1364 994 multo
1395 939 1572 994 adhuc
1592 947 1841 1007 tempore
1872 953 1981 992 non

395 1047 515 1086 eam
545 1030 861 1101 spiritaliter
890 1030 1036 1084 sicut
1078 1038 1392 1100 Oportuerat
1441 1038 1779 1098 accepturos,
1811 1029 1985 1082 conti-

398 1137 505 1176 nuo
526 1122 758 1192 subjecit
786 1138 800 1175 :
834 1121 903 1175 Et
949 1119 1112 1192 [Ecce
1142 1117 1265 1191 ego]
1308 1134 1435 1176 ecce
1462 1120 1667 1175 mittam
1700 1120 1852 1174 vobis
1878 1119 1982 1173 Ile-

396 1214 523 1268 liam
554 1214 846 1269 Thesbiten
872 1252 889 1280 ,
936 1224 1220 1283 antequam
1250 1214 1429 1267 veniat
1469 1212 1587 1267 dies
1620 1212 1835 1266 Domini
1867 1226 1983 1265 ma-

398 1312 601 1375 gnuset
629 1303 852 1359 illustris
876 1303 966 1373 qui
996 1312 1273 1358 convertet
1302 1317 1398 1358 cor
1426 1303 1595 1374 patris
1617 1303 1683 1357 ad
1715 1302 1904 1366 tilium,
1934 1309 1989 1355 et

398 1408 496 1450 cor
528 1394 759 1450 hominis
809 1393 875 1448 ad
926 1394 1226 1463 proximum
1257 1408 1436 1461 suum,
1493 1408 1560 1447 ne
1597 1391 1734 1447 forte
1765 1392 1988 1446 veniens

399 1486 692 1557 percutiam
744 1495 941 1540 terram
990 1480 1375 1556 [anathemate]
1420 1483 1655 1552 penitus.
1705 1481 1811 1537 Per
1850 1481 1989 1534 hunc

402 1577 610 1633 Ileliam
640 1590 887 1645 magnum
918 1573 1328 1643 mirabilemque
1367 1572 1713 1643 Prophetam,
1747 1572 1989 1641 exposita

405 1673 507 1729 sibi
540 1673 660 1744 lege
688 1670 880 1726 ultimo
919 1680 1165 1740 tempore
1208 1678 1333 1723 ante
1377 1667 1636 1737 judicium
1688 1666 1905 1723 Iudaeos
1935 1667 1987 1720 in

401 1766 673 1820 Christum
697 1779 908 1828 verum,
926 1761 980 1817 id
993 1772 1094 1828 est,
1119 1761 1172 1816 in
1192 1761 1465 1816 Christum
1483 1772 1721 1816 nostrum
1738 1774 1857 1816 esse
1874 1774 1991 1813 cre-

1471 368 1533 422 D.
1578 365 1895 423 EUGYPPII
1940 364 2231 421 ABBATIS
2273 359 2591 418 AFRICANI

2005 481 2052 539 Α
2081 474 2191 528 duli
2226 488 2384 541 posse
2430 471 2660 525 bmnzma
2692 483 2918 538 corpora
2970 467 3201 521 animata
3234 478 3393 536 atque
3431 464 3614 519 vivent
3636 481 3662 519 a

3561 354 3657 409 πει

2084 583 2190 621 non
2218 567 2396 619 solum
2438 578 2709 632 nunquam
2743 572 2917 614 morte
2945 559 3198 623 dissolvi,
3223 560 3317 613 sed
3348 559 3400 613 in
3430 567 3664 611 tulerun-

2083 675 2202 714 rum
2233 672 2447 726 quoque
2474 657 2673 726 ignium
2705 655 2897 707 durare
2930 650 3253 706 trrmentis?
3286 650 3486 705 Nolunt
3526 649 3667 704 enim

2085 738 2193 807 1»υὲ
2213 753 2278 803 ad
2308 748 2705 818 Otnnipntentis
2728 761 2826 800 nos
2855 744 3063 799 referre
3088 744 3406 813 potentiam,
3438 741 3535 797 sed
3562 742 3666 795 ali-

2084 861 2191 914 quo
2220 842 2469 910 exemplo
2502 837 2812 911 persuaderi
2840 836 2941 889 sibi
2972 835 3232 906 “.tgilalll.
3264 832 3471 900 Quibus
3502 832 3549 884 si
3584 846 3671 884 re-

2085 934 2470 1007 spondebimus
2524 946 2647 987 esse
2700 928 2954 983 animalia
3007 927 3245 996 profecto
3301 920 3670 991 corruptibilia

2086 1028 2207 1098 quia
2240 1024 2510 1088 mortalia,
2539 1037 2658 1092 qua:
2691 1030 2867 1074 tamen
2902 1020 2955 1073 in
2999 1017 3189 1073 mediis
3217 1016 3430 1086 ignibus
3461 1013 3670 1081 vivant,

2088 1119 2403 1174 nonnullum
2421 1116 2584 1170 etiam
2614 1128 2783 1184 genus
2805 1110 3067 1166 vermium
3096 1109 3150 1163 in
3176 1122 3437 1177 aquarum
3470 1104 3671 1161 calida-

2088 1226 2207 1266 rutn
2260 1191 2588 1276 scaturigine
2643 1203 2893 1274 reperiri,
2942 1216 3167 1272 quarum
3197 1199 3466 1254 fervorem
3512 1210 3675 1251 nemo

2090 1302 2308 1368 impune
2332 1302 2652 1358 contrectat,
2706 1292 2830 1346 illos
2859 1300 3037 1344 autem
3069 1304 3176 1343 non
3203 1288 3379 1342 solum
3417 1287 3535 1341 sine
3561 1286 3671 1339 ulla

2088 1395 2168 1446 sui
2198 1389 2419 1444 lmsione
2463 1388 2534 1441 ibi
2566 1400 2711 1450 esse,
2743 1383 2839 1439 sed
2887 1390 3038 1437 extra
3070 1395 3190 1435 esse
3219 1394 3324 1434 non
3356 1393 3515 1447 posse
3542 1394 3557 1442 ;
3583 1386 3677 1430 aut

2090 1481 2279 1535 nolunt
2307 1479 2531 1534 credere
2557 1475 2605 1531 si
2630 1474 2918 1530 Ostendere
2956 1489 3061 1528 non
3094 1473 3353 1536 valemus,
3384 1480 3474 1525 aut
3504 1470 3549 1525 si
3579 1484 3677 1521 va-

2090 1572 2354 1628 luerimus
2384 1569 2498 1623 sive
2524 1565 2697 1620 oculis
2725 1564 3100 1619 demonstrare
3131 1576 3217 1616 res
3246 1562 3409 1627 ipsas,
3438 1560 3554 1613 sive
3581 1572 3679 1627 per

2091 1672 2256 1717 testes
2282 1660 2507 1715 idoneos
2536 1655 2788 1719 edocere,
2820 1668 2926 1708 non
2956 1654 3085 1706 satis
3112 1667 3234 1707 esse
3260 1651 3362 1705 hoc
3388 1649 3454 1703 ad
3485 1664 3676 1703 exem-

2092 1759 2235 1827 plum
2266 1754 2343 1809 rei
2369 1754 2437 1809 de
2464 1767 2567 1821 qua
2600 1748 2823 1820 quaestio
2846 1758 2948 1812 est,
2982 1746 3168 1801 eadem
3199 1744 3518 1799 inﬁdelitate
3547 1757 3682 1796 con-

404 1857 634 1923 dituros,
658 1854 1072 1911 celeberrimum
1096 1861 1177 1907 est
1198 1852 1251 1905 in
1271 1850 1615 1907 sermonibus
1630 1850 1989 1920 cordibusque
2019 1847 2066 1908 B
2096 1846 2351 1908 tendent;
2383 1842 2508 1912 quia
2541 1843 2655 1896 haec
2702 1839 2953 1893 animalia
2989 1852 3088 1892 nec
3134 1850 3349 1904 semper
3377 1835 3584 1898 vivunt,
3626 1846 3682 1888 et

406 1947 664 2001 lidelium.
696 1945 812 2014 Ipse
839 1944 1037 2011 quippe
1079 1951 1205 1996 ante
1250 1940 1538 1995 adventum
1583 1939 1778 2010 judicis
1803 1940 1989 1994 Salva-

406 2042 541 2092 toris
590 2053 697 2091 non
747 2034 1020 2090 immerito
1074 2043 1327 2100 speratur
1373 2046 1496 2086 esse
1551 2042 1838 2098 venturus,
1898 2033 1987 2101 qui

405 2130 569 2184 etiam
611 2143 754 2183 nunc
802 2126 983 2181 vivere
1033 2139 1139 2179 non
1186 2123 1457 2178 immerito
1505 2123 1764 2179 creditur.
1819 2124 1988 2179 Curru

407 2233 639 2289 namque
688 2219 842 2287 igneo
890 2226 1073 2284 raptus
1120 2224 1202 2270 est
1245 2214 1311 2269 de
1339 2214 1499 2270 rebus
1549 2215 1819 2280 humanis,
1850 2216 1989 2285 quod

406 2309 806 2365 evidentissime
834 2317 1014 2363 sancta
1046 2304 1319 2372 Scriptura
1348 2313 1601 2361 testatur:
1635 2321 1755 2361 cum
1786 2308 1994 2363 venerit

407 2413 537 2469 ergo
559 2396 877 2467 exponendo
906 2397 1078 2466 legem
1104 2395 1439 2464 spiritaliter,
1468 2411 1628 2466 quam
1661 2414 1801 2453 nunc
1823 2399 1993 2454 Judaei

408 2489 697 2545 carnaliter
723 2488 967 2557 sapiunt,
1000 2496 1281 2542 convertet
1308 2502 1405 2542 cor
1430 2488 1595 2557 patris
1622 2489 1688 2544 ad
1723 2490 1911 2555 lilium,
1943 2492 1992 2547 id

409 2588 495 2635 est
519 2593 613 2633 cor
638 2586 844 2647 patrum
893 2576 958 2630 ad
990 2575 1157 2631 ﬁlios.
1195 2576 1529 2646 Siugularem
1553 2580 1752 2649 quippe
1778 2596 1875 2648 pro
1899 2598 1995 2636 nu-

414 2685 565 2726 mero
629 2669 820 2738 plurali
888 2667 1210 2737 interpretes
1273 2670 1603 2738 septuaginta
1670 2684 1993 2740 posuerunt;

420 2768 476 2815 et
500 2768 582 2815 est
610 2773 803 2813 sensus
848 2759 1096 2812 utetiam
1140 2757 1232 2812 lilii
1282 2759 1360 2813 sic
1389 2758 1686 2829 intelligant
1715 2761 1911 2830 legem,
1943 2761 1996 2817 id

416 2861 520 2920 est,
551 2850 719 2907 διισεὶ
766 2849 1217 2921 quemadmodum
1251 2860 1430 2919 patres
1472 2850 1815 2918 intellexere,
1839 2852 1888 2906 id
1915 2861 1999 2908 est

412 2941 717 3012 PrOpbetze,
748 2941 802 2995 in
842 2940 1039 3008 quibus
1063 2949 1179 2994 erat
1224 2953 1276 2995 et
1322 2942 1436 3009 ipse
1462 2940 1670 3011 Moyses
1702 2959 1715 2996 :
1747 2942 1825 2997 sic
1852 2943 1994 2999 enim

414 3047 509 3086 cor
538 3042 747 3102 patrum
776 3040 1122 3086 convertetur
1161 3029 1230 3085 ad
1284 3030 1443 3098 Illius,
1487 3047 1610 3086 cum
1650 3032 1995 3103 intelligentia

415 3132 623 3193 patrum
654 3122 973 3194 perducetur
998 3121 1066 3176 ad
1100 3121 1507 3193 intelligentiam
1533 3123 1793 3190 liliorum,
1825 3134 1879 3179 et
1904 3139 1999 3181 cor

2093 1938 2146 1992 in
2180 1936 2287 1991 illis
2317 1933 2620 1990 fervoribus
2648 1932 2765 1985 sine
2794 1928 3069 1984 doloribus
3099 1928 3302 1982 vivunt.
3333 1928 3457 1981 Sua:
3482 1925 3683 1994 quippe

2093 2040 2299 2082 natura:
2328 2023 2773 2080 convenientibus
2800 2029 3137 2091 vegetantur,
3164 2019 3269 2072 illis
3296 2034 3404 2071 non
3435 2018 3684 2071 crucian-

2096 2129 2180 2173 tur
2223 2116 2529 2182 ele.x.entis,
2571 2114 2724 2185 quasi
2769 2128 2874 2168 non
2925 2112 3291 2167 incredibilius
3341 2112 3413 2165 sit
3443 2110 3682 2181 vegetari

2093 2230 2253 2283 quam
2312 2211 2544 2266 cruciari
2604 2211 2797 2265 talibus
2856 2209 3036 2262 rebus.
3096 2205 3337 2261 Mirabile
3383 2214 3467 2260 est
3535 2205 3683 2259 enim

2096 2306 2279 2360 dolere
2309 2304 2362 2358 in
2394 2303 2606 2372 ignibus
2634 2311 2687 2357 et
2718 2312 2895 2355 tamen
2924 2302 3126 2362 vivere,
3157 2298 3250 2353 sed
3278 2298 3577 2353 mirabilius
3603 2299 3687 2352 vi-

2098 2413 2227 2452 vere
2270 2396 2322 2449 in
2375 2394 2584 2465 ignibus
2629 2407 2727 2449 nec
2753 2392 2959 2457 dolere,
2984 2392 3028 2445 si
3056 2398 3234 2445 autem
3272 2389 3373 2444 hoc
3418 2390 3685 2456 creditur,

2097 2502 2193 2542 cur
2224 2502 2328 2542 non
2357 2496 2411 2541 et
2440 2485 2609 2541 illud?

2635 2577 2862 2635 CAPUT
2899 2575 3124 2631 CXLIII.

2100 2676 2179 2729 An
2206 2688 2516 2743 consequens
2543 2671 2607 2725 sit
2644 2680 2697 2724 ut
2725 2685 2998 2750 corporum
3038 2667 3264 2721 dolorem
3293 2674 3540 2735 sequatur
3567 2680 3691 2720 car-

2710 2757 2789 2793 ms
2827 2748 3079 2793 interitus.

2169 2860 2276 2916 Sed
2324 2858 2527 2914 nullttm
2578 2865 2697 2923 est,
2751 2854 3014 2923 inquiunt,
3066 2866 3262 2922 corpus
3308 2851 3451 2920 quod
3493 2850 3693 2906 dolere

2102 2954 2295 3023 possit,
2347 2966 2448 3006 nec
2478 2949 2647 3020 possit
2676 2948 2834 3011 mori,
2866 2959 2920 3002 et
2950 2946 3052 3000 hoc
3099 2945 3240 2999 unde
3285 2943 3520 2998 scimus?
3550 2942 3692 2997 Nam

2105 3046 2173 3100 de
2199 3043 2520 3112 corporibus
2550 3040 2671 3109 quis
2716 3047 2898 3095 certus
2944 3044 3029 3091 est
3053 3035 3377 3100 daemonum,
3417 3040 3598 3088 utrum
3631 3033 3696 3087 in

2101 3137 2182 3191 eis
2209 3136 2428 3189 doleant
2454 3132 2667 3203 quando
2697 3145 2756 3184 se
2780 3129 2943 3199 allligi
2973 3127 3179 3197 magnis
3207 3125 3535 3181 cruciatibus
3555 3140 3699 3178 con-

415 3218 644 3271 tiliorum
666 3214 733 3270 ad
758 3226 935 3283 latres
955 3229 1141 3269 eorum
1165 3213 1291 3267 dum
1304 3201 1370 3267 'in
1395 3215 1452 3268 id
1482 3213 1626 3283 quod
1655 3229 1874 3271 sensere
1902 3214 1993 3280 illi,
2027 3216 2075 3279 Ο
2106 3224 2356 3281 manu"?
2385 3201 2537 3289 ρυω
2563 3221 2608 3275 δί
2639 3218 3014 3290 respondetur,
3046 3226 3322 3272 terrenum
3348 3228 3563 3285 corpus,
3597 3230 3700 3269 so.

415 3306 761 3361 consentiunt
804 3314 861 3360 et
906 3303 1041 3360 isti:
1075 3304 1164 3358 ubi
1219 3305 1561 3375 Septuaginta
1610 3304 1899 3376 dixerunt,
1935 3309 1998 3363 Et

415 3411 511 3452 cor
542 3394 777 3450 hominis
804 3394 871 3449 ad
902 3393 1203 3464 proximum
1231 3409 1409 3449 suum.
1443 3394 1580 3450 Sunt
1607 3397 1750 3450 enim
1784 3396 1922 3451 inter
1942 3412 2001 3453 se

418 3485 571 3542 valde
602 3485 829 3554 proximi
861 3493 1044 3555 patres
1095 3492 1150 3539 et
1199 3485 1338 3549 lilii,
1390 3493 1693 3554 quanquam
1739 3485 1795 3540 in
1827 3487 2005 3544 verbis

418 3577 758 3648 septuaginta
790 3577 1143 3646 interpretum
1188 3578 1280 3647 qui
1314 3578 1621 3648 prophetice
1664 3579 2000 3650 interpretati

418 3681 564 3737 sunt,
599 3679 775 3737 potest
804 3671 945 3725 alius
972 3684 1163 3725 sensus
1211 3670 1459 3741 idemque
1503 3672 1725 3727 electior
1755 3674 2001 3742 inveniri,

422 3773 479 3817 ut
500 3761 830 3831 iutell'gatur
862 3759 1041 3815 IIeIias
1082 3774 1178 3815 cor
1206 3760 1301 3817 Dei
1350 3761 1521 3816 Patris
1549 3778 1909 3821 conversurus
1936 3768 2002 3820 ad

422 3852 659 3907 Filium:
692 3866 799 3906 non
831 3850 1015 3921 utique
1042 3852 1252 3920 agendo
1296 3862 1355 3907 ut
1402 3863 1553 3921 pater
1578 3853 1759 3925 diligat
1804 3856 1838 3909 II
1862 3855 2003 3923 inm,

420 3944 516 3999 sed
563 3942 810 3999 docendo
853 3941 995 4012 quod
1039 3952 1190 4011 pater
1245 3942 1430 4014 diligat
1472 3944 1668 4010 tilium,
1722 3958 1780 4001 ut
1827 3958 1881 4002 et
1920 3948 2009 4004 Ju-

419 4037 521 4092 daei
546 4051 701 4104 quem
724 4036 870 4105 prius
898 4034 1142 4102 oderant,
1163 4033 1405 4104 diligant,
1428 4039 1675 4092 eumdem
1705 4038 1795 4109 qui
1825 4051 2009 4095 n'oster

419 4136 525 4193 est,
558 4126 860 4183 Christum.
890 4123 1093 4181 ludatis
1114 4126 1256 4178 enim
1284 4140 1426 4180 nunc
1451 4140 1697 4181 aversum
1729 4143 1822 4182 cor
1846 4129 2007 4185 habet

425 4220 586 4283 Deus,
617 4233 647 4270 a
676 4216 895 4271 Christo
939 4224 1132 4271 nostro
1161 4215 1305 4286 [quia
1338 4232 1442 4270 non
1475 4226 1659 4286 putant
1684 4234 1806 4274 eum
1840 4219 2006 4275 Deum

420 4328 545 4370 esse
574 4328 748 4382 neque
780 4313 874 4367 Dei
926 4310 1116 4381 lilium]
1156 4313 1281 4381 quia
1331 4313 1433 4369 hoc
1481 4324 1688 4382 putant.
1742 4316 1834 4372 Eis
1881 4334 2009 4391 ergo

423 4418 553 4461 tunc
595 4420 690 4458 cor
728 4405 846 4473 ejus
873 4412 1218 4458 convertatur
1247 4403 1312 4457 ad
1362 4405 1561 4471 tilium,
1594 4422 1714 4461 cum
1746 4408 1847 4478 ipsi
1888 4425 2011 4465 con-

424 4512 584 4554 verso
612 4495 775 4552 corde
806 4494 1086 4549 didicerint
1118 4493 1457 4549 dilectionem
1499 4498 1670 4553 Patris
1700 4498 1752 4553 in
1790 4500 2006 4556 Filium.

2104 3316 2270 3371 lidum
2297 3314 2506 3370 scilicet
2534 3323 2693 3383 atque
2734 3311 3085 3380 conspicuum
3118 3308 3324 3362 nullum
3355 3320 3495 3372 esse,
3524 3316 3702 3373 atque

2105 3418 2165 3463 ut
2193 3423 2297 3462 uno
2329 3407 2507 3477 potius
2538 3406 2757 3460 nomine
2786 3403 2838 3458 id
2869 3404 3151 3473 explicem,
3195 3401 3393 3455 nullam
3416 3414 3537 3454 esse
3561 3414 3701 3453 car-

2106 3515 2228 3552 nem
2283 3512 2404 3564 quae
2451 3496 2637 3552 dolere
2678 3494 2847 3565 possit
2890 3508 2978 3547 mo
3011 3494 3134 3562 ique
3175 3506 3280 3545 non
3314 3490 3519 3560 possit:
3553 3489 3696 3559 quid

2106 3590 2251 3645 aliud
2275 3590 2493 3653 dicitur,
2538 3587 2641 3641 nisi
2684 3586 2825 3656 quod
2878 3600 3038 3639 sensu
3071 3583 3314 3651 corporis
3362 3580 3605 3634 homines
3637 3591 3706 3634 et

2108 3682 2444 3750 experientia
2498 3676 2879 3749 collegerunt?
2930 3676 3142 3729 Nullam
3189 3687 3417 3742 namque
3471 3685 3701 3725 carnem

2109 3772 2209 3827 nisi
2240 3770 2523 3825 mortalem
2555 3769 2752 3833 sciunt,
2795 3776 2850 3823 et
2894 3767 3009 3821 haec
3051 3774 3136 3822 est
3182 3779 3368 3820 eorum
3396 3773 3501 3818 tota
3528 3763 3700 3828 ratio,

2110 3875 2170 3918 ut
2198 3862 2339 3932 quod
2366 3861 2571 3931 experti
2595 3874 2699 3914 non
2722 3866 2848 3913 sunt
2871 3870 3202 3927 nequaquam
3232 3869 3354 3911 esse
3376 3850 3575 3926 [posse]
3602 3867 3705 3905 ar-

2110 3958 2398 4012 bitrentur.
2456 3955 2587 4009 Nam
2634 3951 2789 4022 cujus
2841 3951 3062 4004 rationis
3106 3957 3191 4004 est
3228 3948 3467 4003 dolorem
3514 3947 3707 4000 facere

2111 4048 2302 4105 mortis
2331 4056 2730 4117 argumentum,
2764 4059 2885 4097 cum
2913 4042 3037 4097 vita:
3083 4042 3256 4111 potius
3286 4039 3354 4093 sit
3402 4037 3704 4093 indicium!

2113 4140 2225 4195 Etsi
2259 4139 2402 4193 enim
2449 4139 2761 4207 quaerimus,
2809 4143 2983 4187 utrum
3033 4147 3247 4200 semper
3278 4131 3443 4197 possit
3473 4129 3658 4182 vivere
3687 4144 3705 4180 :

2111 4240 2316 4286 certum
2346 4240 2521 4283 tamen
2549 4235 2632 4283 est
2656 4224 2837 4279 vivere
2866 4238 3027 4278 omne
3050 4222 3191 4293 quod
3228 4219 3396 4284 dolet,
3423 4218 3710 4273 dolorem-

2112 4336 2218 4392 que
2244 4334 2481 4384 omnem,
2513 4317 2614 4372 nisi
2648 4317 2701 4371 in
2729 4330 2788 4369 re
2817 4315 3048 4378 vivente,
3069 4326 3191 4368 esse
3231 4326 3337 4366 non
3371 4324 3546 4381 posse.
3587 4306 3711 4363 Ne-

2115 4424 2268 4465 cesse
2297 4417 2382 4465 est
2405 4424 2556 4478 ergo,
2590 4417 2644 4461 ut
2691 4407 2833 4461 vivat
2861 4405 3074 4467 dolens,
3107 4418 3213 4457 non
3236 4411 3341 4469 est
3386 4415 3604 4455 necesse
3638 4411 3712 4456 ut

2116 4500 2327 4556 occidat
2349 4499 2524 4565 dolor,
2557 4497 2683 4568 quia
2714 4511 2813 4553 nec
2851 4509 3078 4566 corpora
3108 4496 3204 4548 ista
3234 4493 3477 4547 mortalia
3502 4502 3557 4546 et
3588 4492 3710 4545 uti-

424 4586 579 4653 Quod
610 4599 740 4642 vero
766 4585 1028 4654 sequitur,
1087 4584 1150 4638 Et
1178 4598 1272 4638 cor
1320 4585 1552 4640 hominis
1593 4588 1658 4643 ad
1708 4593 2007 4659 proximum
2041 4593 2091 4653 D
2120 4607 2224 4663 que
2268 4591 2527 4647 moritura
2565 4589 2744 4643 omnis
2790 4586 2945 4641 dolor
2970 4585 3188 4651 occidit,
3219 4593 3274 4639 et
3319 4591 3377 4637 ut
3418 4582 3573 4637 dolor
3597 4582 3711 4634 ali-

424 4692 615 4742 suum,
642 4675 770 4746 quid
803 4675 995 4731 melius
1022 4672 1336 4743 intelligitur
1361 4690 1519 4743 quam
1548 4691 1643 4732 cor
1684 4677 1916 4735 hominis
1944 4682 2011 4736 ad

428 4769 698 4821 hominem
723 4765 991 4819 Christum
1007 4764 1029 4816 Ἰ
1045 4763 1178 4818 Cum
1201 4765 1346 4820 enim
1372 4765 1442 4820 sit
1464 4766 1515 4821 in
1537 4753 1710 4824 Iorma
1739 4769 1833 4825 Dei
1868 4771 2010 4827 Deus

428 4868 631 4922 noster,
678 4856 907 4910 formam
956 4856 1097 4911 servi
1148 4857 1440 4926 accipiens,
1488 4873 1610 4915 esse
1638 4860 1884 4931 dignatus
1912 4873 2014 4929 est,

425 4952 590 5007 etiam
625 4949 902 5019 proximus
928 4949 1148 5003 noster?
1188 4949 1314 5005 Hinc
1345 4964 1476 5020 ergo
1508 4950 1667 5009 faciet
1695 4955 1873 5010 Helias
1901 4998 1915 5021 ,
1949 4973 2018 5014 ne

427 5040 540 5113 94
570 5042 730 5107 forte,
764 5040 956 5109 inquit,
989 5041 1199 5096 veniam
1229 5052 1284 5095 et
1312 5042 1605 5110 percutiam
1637 5053 1834 5100 terram
1869 5049 2018 5117 peni-

430 5145 535 5189 tus.
558 5132 724 5188 Terra
746 5142 876 5186 sunt
893 5131 1038 5186 enim
1064 5133 1154 5202 qui
1178 5141 1388 5187 terrena
1410 5134 1646 5205 sapiunt,
1679 5137 1818 5193 sicut
1846 5140 2014 5195 Iudaei

430 5225 674 5283 carnales
717 5239 887 5293 usque
947 5239 1091 5279 nunc
1122 5264 1137 5287 ,
1188 5238 1252 5279 ex
1298 5240 1406 5294 quo
1456 5226 1586 5279 vitio
1624 5242 1812 5284 contra
1848 5232 2015 5286 Deum

431 5335 705 5376 murmura
735 5319 823 5373 illa
848 5327 1117 5374 venerunt
1138 5362 1152 5381 ,
1181 5319 1301 5387 quia
1352 5319 1482 5373 mali
1503 5321 1550 5376 ei
1585 5323 1813 5391 placent,
1845 5337 1899 5381 et
1929 5343 2019 5380 va-

434 5428 537 5469 nus
566 5422 651 5470 est
679 5412 768 5482 qui
796 5411 963 5467 servit
994 5411 1126 5465 Deo.

988 5522 1216 5580 CAPUT
1254 5525 1457 5583 CXLII.

442 5625 524 5680 An
543 5622 740 5693 possint
783 5635 998 5702 corpora
1034 5625 1086 5702 in
1125 5623 1324 5702 natione
1349 5623 1480 5702 ignis
1521 5641 1628 5679 esse
1670 5640 1932 5697 perpetua,
1959 5644 2021 5681 ea:

876 5693 1003 5744 libro
1029 5693 1091 5744 de
1120 5692 1333 5746 Civitate
1359 5695 1453 5748 Dei
1478 5711 1593 5750 ιιι.

506 5782 644 5852 Quid
691 5783 849 5853 igitur
878 5780 1175 5849 ostendam,
1225 5786 1365 5842 unde
1411 5789 1805 5847 convincantur
1840 5790 2013 5847 incre-

2122 4684 2243 4754 quis
2273 4683 2441 4752 possit
2471 4680 2723 4736 occidere
2768 4680 2855 4733 illa
2885 4692 3046 4732 causa
3090 4687 3192 4745 est,
3227 4675 3479 4746 quoniam
3508 4677 3585 4728 sic
3614 4684 3716 4729 est

2120 4778 2296 4831 anima
2342 4789 2582 4830 connexa
2615 4773 2739 4827 huic
2785 4773 3024 4843 corpori,
3072 4778 3131 4824 ut
3158 4769 3385 4825 summis
3419 4767 3713 4822 doloribus

2121 4866 2278 4924 cedat
2333 4877 2493 4935 atque
2545 4864 2785 4920 discedat
2820 4881 2833 4916 :
2867 4863 3116 4933 quoniam
3161 4868 3217 4915 et
3270 4858 3384 4929 ipsa
3443 4872 3718 4925 compago

2124 4959 2488 5015 membrorum
2533 4968 2694 5027 atque
2737 4957 2975 5011 vitalium
3004 4955 3083 5010 sic
3112 4954 3321 5009 intirma
3364 4963 3467 5015 εει,
3496 4960 3550 5003 ιιι
3583 4964 3717 5003 eam

2123 5051 2229 5105 vim
2271 5065 2390 5118 quae
2437 5064 2685 5119 magnum
2714 5048 2800 5103 vel
2854 5060 3120 5103 summum
3168 5043 3411 5099 dolorem
3443 5042 3568 5098 facit
3594 5056 3717 5094 non

2122 5144 2299 5199 valeat
2326 5143 2617 5199 sustinere.
2668 5142 2818 5197 Tunc
2858 5150 3041 5196 autem
3084 5139 3176 5194 tali
3203 5138 3420 5209 corpori
3445 5137 3618 5191 anima
3650 5147 3720 5189 et

2123 5251 2189 5291 eo
2230 5235 2570 5291 connectitur
2599 5234 2780 5298 modo,
2817 5243 2875 5288 ut
2903 5232 3031 5288 illud
3062 5232 3331 5286 vinculum
3377 5233 3517 5285 sicut
3556 5229 3713 5284 nulla

2125 5327 2384 5396 temporis
2416 5324 2747 5396 longitudine
2776 5325 3029 5390 solvitur,
3058 5323 3128 5378 ita
3162 5322 3311 5377 nullo
3338 5321 3525 5377 dolore
3559 5339 3715 5376 rutu-

2129 5429 2304 5487 patur.
2338 5417 2569 5473 Proinde
2610 5418 2773 5472 etiam
2820 5417 2864 5471 si
2899 5431 3026 5471 caro
3074 5430 3218 5470 nunc
3248 5414 3367 5470 talis
3413 5415 3554 5468 nulla
3602 5424 3723 5479 est,

2129 5527 2247 5580 quae
2271 5525 2486 5565 sensum
2516 5508 2721 5564 doloris
2747 5510 2953 5579 perpeti
2995 5507 3184 5577 possit,
3215 5515 3550 5575 mortemque
3598 5521 3720 5560 non

2132 5604 2318 5673 possit,
2351 5612 2455 5657 ent
2483 5612 2658 5658 tamen
2688 5611 2813 5657 tunc
2862 5603 2984 5657 talis
3023 5618 3171 5668 Caro,
3199 5600 3371 5671 qualis
3416 5614 3557 5655 nunc
3596 5614 3721 5656 non

2130 5704 2233 5761 est,
2265 5696 2405 5749 sicut
2447 5694 2567 5749 talis
2605 5694 2704 5746 erit
2749 5702 2805 5748 et
2850 5708 3016 5755 mors,
3064 5692 3238 5763 qualis
3268 5705 3409 5745 nunc
3452 5706 3559 5745 non
3588 5700 3719 5757 est;

2131 5802 2235 5843 non
2279 5786 2419 5842 enim
2454 5785 2615 5850 nulla,
2644 5787 2735 5839 sed
2768 5785 3095 5856 sempiterna
3139 5798 3282 5839 mors
3330 5783 3453 5851 erit,
3486 5781 3714 5853 quando
